2241 3473
587 173 712 204 stvss
739 173 792 200 AD
820 173 1015 201 EXCIDIVM
1042 173 1202 201 IMPERII
1230 173 1510 202 OCCIDENTALIS

138 237 379 279 Schismatici
399 237 489 283 rati,
507 237 579 275 sibi
594 237 764 275 maxime
775 236 1022 286 profuturum

89 290 330 343 imperatoris
352 290 613 339 patrocinium
627 320 636 336 ,
656 291 702 327 ad
734 302 823 327 eum
850 288 1022 326 libellum

87 346 284 389 miserunt,
304 355 380 392 quo
415 344 603 381 adversus
632 343 892 381 Caecilianum
922 342 1023 378 iudi-

86 400 185 438 cium
203 396 465 446 postulabant.
488 397 763 447 Constantinus
785 407 807 432 ‹<
819 406 892 431 non
910 406 1026 432 ansus

85 453 131 490 de
146 462 263 488 causa
284 449 452 499 episcopi
474 450 659 495 indicare,
681 448 805 497 inquit
825 460 854 485 s.
886 450 1022 495 Augu-

84 504 207 544 stinus
221 533 230 549 ,
250 513 336 540 eam
357 502 644 540 discutiendam
665 504 782 550 atque
813 500 1023 537 finiendam

83 555 268 606 episeopis
301 556 500 604 delegavit
522 553 532 574 ¹
554 566 588 592 ›>.
611 557 722 592 Anno
741 554 818 591 313
840 553 1022 590 Melchia-

82 610 148 647 des
164 610 232 658 Pp.
252 609 402 646 Romae
422 607 627 645 concilium
649 607 802 651 indixit,
823 607 900 651 cui,
919 617 1024 655 prae-

81 666 142 702 ter
169 662 365 711 episcopos
396 661 525 706 Italos,
545 672 566 697 e
595 659 732 697 Galliis
762 659 1025 696 interfuerunt

81 715 282 754 Maternus
309 713 628 764 Agrippinensis,
658 713 858 750 Rhetieius
886 713 1023 759 Augu-

79 768 326 807 stodunensis
354 770 395 805 et
431 766 609 804 Marinus
638 766 888 803 Arelatensis.
918 766 1023 802 Ade-

82 823 170 859 rant
189 833 239 859 ex
261 824 422 868 utraque
444 822 572 868 parte,
593 818 801 856 Caeciliani
821 821 861 856 et
881 819 1021 855 adver-

79 874 271 913 sariorum
290 874 371 910 eius
384 903 393 919 ,
413 872 578 921 episcopi
600 872 699 909 deni.
723 873 935 920 Postquam
956 882 1024 920 per

80 927 252 966 triduum
283 937 405 964 causa
440 925 578 963 fuisset
610 925 802 971 discussa,
830 924 1024 962 Caecilia-

80 992 150 1018 nus
169 992 192 1018 a
219 979 382 1017 coneilio
402 978 583 1016 innoxius
603 978 826 1016 declaratus
845 981 924 1024 est3
946 977 1022 1014 Do-

83 1035 197 1071 natus
219 1033 420 1082 episcopus
449 1032 637 1070 Casarum
667 1031 883 1080 nigrarum,
903 1030 1022 1068 totius

84 1086 174 1124 mali
204 1086 424 1135 instigator,
459 1085 684 1131 damnatus3
715 1084 925 1133 episcopis,
953 1084 1020 1132 qui

79 1139 237 1177 factioni
259 1142 521 1184 assenserant,
541 1138 578 1174 in
600 1138 761 1187 pristino
781 1138 927 1174 honore
946 1149 1024 1174 ma-

81 1204 171 1230 nere
199 1203 424 1230 concessum
446 1203 490 1229 ea
518 1191 616 1240 lege,
647 1193 690 1228 ut
723 1203 810 1228 eum
833 1190 1021 1228 Caecilia-

81 1258 128 1283 no
148 1244 493 1283 communicarent.
515 1244 665 1281 Verum
685 1244 922 1282 schismatici
938 1255 1021 1280 sen-

80 1299 244 1337 tentiam
255 1297 424 1336 Romani
440 1297 590 1334 concilii
606 1298 909 1343 contemnentes,
922 1296 1021 1345 apud

79 1352 356 1401 imperatorem
371 1351 498 1400 questi
514 1351 726 1399 sunt‚quod
741 1351 778 1387 in
795 1363 840 1387 eo
852 1362 929 1387 non
947 1349 1024 1398 ple-

81 1417 127 1442 ne
147 1407 186 1442 et
206 1417 229 1442 a
246 1404 380 1454 paucis
400 1406 555 1441 tantum
576 1404 764 1453 episcopis
784 1403 908 1442 auditi
924 1402 1022 1440 fuis-

79 1460 177 1496 sent.
195 1457 472 1496 Constantinus
487 1469 623 1494 eorum
639 1457 897 1506 pervicaciam
909 1468 1024 1505 aegre

79 1512 182 1558 tulit,
200 1513 373 1549 attamen
405 1515 447 1548 ut
467 1511 679 1547 multorum
700 1511 921 1548 interventu
938 1521 1024 1546 cau-

79 1577 123 1602 sa
133 1564 250 1602 finem
267 1565 521 1613 acciperet,et
537 1563 801 1613 perduellibus
813 1575 853 1601 os
870 1563 1024 1611 penitus

80 1618 363 1663 obstrueretur,
378 1629 439 1654 an.
457 1618 533 1655 314
549 1617 739 1666 copiosius
754 1616 959 1654 concilium
976 1628 1025 1653 ex

81 1671 183 1709 omni
217 1671 426 1709 Occidente
456 1670 598 1708 indixit
625 1670 786 1708 Arelate
815 1671 854 1706 in
883 1669 1022 1707 Gallia.

80 1724 313 1762 Silvestrum
329 1724 414 1772 Pp,
429 1724 495 1772 qni
513 1723 626 1772 paulo
641 1726 758 1760 antea
774 1735 803 1760 s.
815 1722 1024 1761 Melchiadi

80 1780 342 1823 successerat,
370 1777 486 1814 huius
514 1774 666 1814 concilii
687 1775 938 1814 celebrationi
958 1787 1024 1813 as-

81 1831 255 1874 sensisse,
276 1831 338 1868 vel
357 1841 405 1867 ex
426 1842 471 1867 eo
487 1831 608 1878 patet,
624 1830 725 1879 quod
744 1829 867 1867 eidem
882 1841 949 1878 per
964 1829 1024 1866 le-

80 1885 192 1933 gatos
207 1895 296 1921 suos
316 1883 566 1933 praesederit.

88 1977 92 1981 ,
133 1936 404 1974 Interfuerunt
437 1936 596 1973 concilio
620 1935 840 1973 Arelatensi
867 1934 1025 1972 circiter

79 1989 159 2028 200
188 1990 368 2039 episcopi.
391 1990 681 2027 Praesederunt
710 1989 794 2026 vice
825 1988 1024 2026 Pontificis

81 2043 264 2081 Claudius
293 2049 332 2080 et
351 2043 467 2080 Vitus
495 2042 730 2091 presbyteri,
760 2041 958 2090 Eugenius
986 2044 1024 2078 et

80 2096 272 2145 Cyrianus
288 2096 450 2134 diaconi.
477 2096 706 2133 Donatistae
723 2095 761 2131 in
777 2107 820 2132 eo
837 2094 1024 2132 Caecilia-

81 2160 172 2186 num
193 2150 416 2186 eorumdem
438 2161 483 2186 ac
501 2149 538 2186 in
560 2150 738 2186 Romano
758 2148 924 2185 concilio
943 2148 1023 2185 cri-

81 2202 226 2239 minum
248 2206 494 2248 aecusarunt3
511 2206 552 2239 at
567 2214 653 2239 eum
671 2201 798 2239 nullus
814 2202 1021 2239 accusandi

82 2256 228 2301 modus,
240 2256 422 2304 nullaque
437 2255 613 2305 probatio
630 2255 869 2300 conveniret,
880 2255 1023 2291 iterum

79 2309 274 2346 sententia
292 2309 396 2346 dicta
414 2313 474 2346 est
491 2320 562 2357 pro
582 2308 801 2346 Caeciliano
813 2337 822 2354 ,
843 2308 899 2344 illi
930 2319 1022 2344 vero

81 2361 253 2399 damnati
273 2365 364 2399 sunt
380 2360 405 2399 ².
423 2363 536 2398 Tunc
557 2362 667 2398 multi
698 2362 745 2398 ad
779 2360 1021 2398 communio-

83 2427 169 2452 nem
189 2415 398 2452 Caeciliani
417 2415 669 2452 transierunt.
707 2414 783 2452 Alii
819 2426 842 2450 a
871 2414 1021 2451 concilii

82 2468 274 2505 sententia
311 2469 358 2506 ad
393 2469 669 2517 imperatorem
708 2467 904 2516 appellare
938 2467 1022 2503 ausi

80 2523 181 2558 sunt.
198 2520 476 2558 Constantinus
497 2522 622 2569 primo
643 2522 781 2566 iratus,
811 2520 948 2557 deinde
975 2521 1021 2557 de

82 2574 199 2622 priori
229 2585 299 2611 sua
326 2574 593 2623 indignatione
623 2574 836 2619 remittens,
867 2585 930 2611 eos
960 2584 1018 2610 an.

83 2626 159 2665 316
180 2626 390 2664 Mediolani
410 2627 659 2674 audivit3sed
675 2627 927 2664 conciliorum
945 2638 1025 2664 sen-

83 2679 224 2717 tentias
244 2682 415 2725 secutus,
435 2680 697 2718 Caecilianum
718 2680 918 2717 innoxium
954 2680 1023 2716 (le-

84 2733 262 2778 claravit,
288 2733 531 2770 adversarios
559 2746 628 2771 ceu
659 2734 854 2782 improbos
883 2733 1026 2769 calum-

86 2785 255 2823 niatores
276 2785 427 2834 repulit.

136 2838 261 2880 Quum
300 2843 357 2876 tot
392 2838 543 2875 iudiciis
577 2839 747 2876 damnati
787 2839 1024 2876 schismatici

87 2892 253 2928 nondum
274 2892 581 2940 acquiescerent,
592 2892 658 2928 sed
673 2892 892 2929 Catholicos
904 2892 1025 2941 oppri-

126 2983 136 3005 ¹
153 2983 180 3016 E
203 2984 250 3016 ist.
269 2985 335 3016 162.

125 3026 139 3047 2
156 2993 267 3056 cgntra
283 3035 348 3062 eos,
365 3026 416 3066 qui
433 3025 554 3063 dicunt,
572 3028 676 3065 patres
693 3025 889 3058 Arelatenses
907 3037 963 3058 suo
981 3028 1026 3058 fa-

86 3070 134 3098 cto
150 3067 315 3107 probasse,
332 3069 364 3098 R.
383 3067 537 3098 pontificis
554 3068 735 3098 sententiam
752 3077 823 3099 esse
839 3069 1026 3100 reformabi—

86 3108 144 3139 lem
160 3112 189 3140 et
204 3108 242 3139 ab
257 3118 294 3139 ea
310 3109 348 3139 ad
365 3109 527 3139 concilium
540 3109 686 3147 generale
703 3109 851 3147 appellari
866 3119 968 3148 posse,
983 3112 1026 3141 vi-

87 3149 170 3180 desis
187 3149 270 3180 card.
287 3151 368 3186 Orsi,
384 3150 426 3181 De
443 3149 672 3189 irreformabili
685 3150 802 3181 iudicio
816 3149 848 3181 R.
864 3151 1026 3191 Pontificis

88 3190 122 3219 in
143 3190 327 3231 deliniendis
349 3190 437 3223 Fidei
458 3191 695 3228 controversiis,
719 3195 737 3221 l.
754 3191 793 3229 ΙΙ,
809 3191 827 3221 l.
845 3191 873 3229 3,
890 3202 915 3223 ο.
934 3193 1024 3231 1031.

89 3231 120 3262 Β.
137 3232 250 3271 Palma,
265 3232 416 3264 Praelect.
432 3233 502 3264 hist.
518 3232 593 3264 eccl.
609 3236 627 3263 t.
643 3233 665 3271 Ι,
684 3242 712 3272 p.
729 3232 767 3271 11,
783 3242 809 3263 c.
827 3233 854 3264 7.

1905 162 1956 201 83

1067 238 1236 284 merent,
1258 237 1461 286 ipsumque
1487 237 1760 286 imperatorem
1792 236 2008 286 reprehen-

1066 290 1214 336 derent,
1231 291 1505 328 Constantinus
1521 302 1656 328 eorum
1672 289 1912 339 pervicaciae
1924 301 2012 339 poe-

1068 354 1136 379 nas
1161 344 1406 392 opponendas
1428 346 1547 389 ratus,
1569 344 1616 381 iis
1637 343 1818 381 ecclesias
1847 343 1942 392 eripi
1971 344 2012 380 et

1068 407 1202 432 eorum
1227 396 1429 444 primarios
1449 397 1486 432 in
1508 397 1670 434 exilium
1694 397 1863 445 migrare
1884 396 2010 433 iussit.

1066 449 1117 484 At
1143 460 1211 485 nec
1232 449 1289 485 his
1321 449 1657 487 schismaticorum
1690 449 1855 488 audacia
1883 448 2010 486 fracta

1066 504 1142 546 est,
1164 503 1312 546 eontra,
1327 513 1607 550 saepenumero
1625 503 1661 539 vi
1682 502 1876 551 armisque
1897 502 2012 550 impe-

1066 554 1206 591 ratoris
1226 554 1377 602 legibus
1398 555 1640 593 restiterunt.
1661 555 1936 593 Constantinus
1956 555 2011 592 in-

1065 607 1349 655 dignabundus,
1365 619 1442 651 eos,
1460 616 1658 657 tamquam
1679 609 1855 646 homines
1875 608 1939 657 qui
1961 608 2008 645 ad

1066 659 1217 709 frugem
1238 660 1379 708 corrigi
1401 672 1473 696 non
1497 666 1660 708 possent,
1681 673 1740 699 an.
1762 662 1861 707 321,
1890 672 2008 699 revo-

1065 713 1160 750 catis
1179 713 1330 760 legibus
1350 713 1448 757 suis,
1469 714 1539 750 soli
1559 714 1713 751 divinae
1734 714 1927 752 vindictae
1949 725 2010 750 re-

1064 766 1188 814 liquit.
1207 766 1319 804 Unde
1339 765 1487 803 factum
1504 769 1574 812 est,
1593 771 1634 803 nt
1651 768 1888 815 Donatistae,
1904 767 2012 804 adhi-

1065 819 1153 857 bitis
1168 819 1287 857 etiam
1303 821 1439 856 contra
1453 819 1670 857 Catholicos
1683 820 1890 866 violentiis,
1906 820 2014 858 latis-

1065 873 1160 909 sime
1173 884 1213 910 se
1226 884 1295 921 per
1307 872 1482 909 Africam
1492 872 1756 921 propagarint.
1768 874 1890 911 Extra
1909 872 2011 910 Afri·

1065 937 1150 963 cam
1171 937 1264 962 vero
1285 937 1419 962 omnes
1448 925 1633 962 eeclesiae
1663 937 1753 962 eum
1786 926 2007 964 Caeciliano

1065 978 1415 1016 communicabant.
1447 978 1546 1015 Hinc
1573 978 1807 1016 schismatici
1829 991 2007 1017 asserue-

1065 1034 1168 1077 runt,
1196 1043 1331 1069 veram
1360 1032 1572 1069 Ecclesiam
1592 1032 1733 1080 ubique
1761 1032 2009 1070 traditorum.

1065 1085 1334 1122 communione
1364 1085 1568 1131 defecisse,
1593 1087 1633 1122 et
1660 1085 1762 1133 apud
1791 1096 1830 1122 se
1858 1087 2011 1122 tantum

1065 1139 1309 1187 perdurasse3
1326 1151 1371 1176 ac
1386 1139 1546 1187 proinde
1566 1139 1613 1176 ab
1630 1137 1767 1176 alienis
1781 1137 2009 1187 baptizatos,

1064 1192 1311 1229 confirmatos
1341 1194 1409 1229 aut
1439 1191 1637 1229 ordinatos
1665 1192 1696 1228 si
1718 1191 1847 1228 clerici
1867 1195 2009 1237 essent,

1064 1257 1199 1282 rursus
1217 1246 1472 1292 baptizabant,
1489 1244 1772 1282 confirmabant
1792 1246 1832 1281 et
1853 1244 2010 1282 ordina-

1065 1299 1170 1335 bant.
1182 1298 1246 1335 Sic
1258 1298 1486 1336 Donatistae
1497 1309 1584 1335 cum
1599 1298 1806 1335 schismate
1818 1297 2013 1335 haeresim

1065 1352 1355 1390 coniunxerunt
1367 1351 1391 1390 ¹.
1408 1352 1606 1390 Ulteriora
1626 1362 1761 1389 eorum
1781 1350 1865 1388 fata
1879 1353 2014 1400 postea

1064 1405 1294 1442 referemus.

1118 1460 1154 1496 4.
1176 1458 1237 1496 Ss.
1261 1458 1510 1495 Melchz‘acles
1530 1464 1567 1496 et
1586 1457 1806 1502 Sz'lvester,
1829 1458 2013 1506 Pontifi-

1066 1512 1237 1549 ces—S.
1259 1511 1497 1549 Melehiades
1513 1511 1583 1560 Pp.
1607 1523 1667 1548 an.
1698 1511 1774 1548 311
1809 1511 1848 1548 in
1882 1511 2012 1548 locum

1066 1578 1094 1603 s.
1117 1565 1274 1602 Eusebii
1300 1564 1500 1611 suffectus,
1530 1563 1743 1602 Ecclesiam
1773 1564 2015 1613 gubernavit

1067 1619 1218 1656 duobus
1235 1619 1345 1656 annis
1361 1618 1599 1666 totidemque
1615 1618 1821 1656 mensibus.
1832 1617 1937 1654 Obiit
1953 1617 2011 1654 IV

1066 1672 1153 1709 idus
1173 1673 1253 1709 dec.
1276 1684 1336 1708 an.
1358 1671 1715 1709 313.—Referente
1735 1672 1858 1709 Libro
1874 1671 2014 1708 Ponti-

1065 1725 1181 1774 ficalz‘
1197 1724 1259 1762 hic
1280 1724 1465 1762 Pontifex
1485 1723 1700 1769 constituit,
1721 1730 1769 1763 ut
1783 1725 2011 1762 oblationes

1066 1782 1322 1816 consecratae
1334 1790 1413 1827 per
1427 1778 1632 1815 Ecclesz'as
1645 1789 1694 1815 ea:
1706 1782 1950 1816 consecrata
1964 1776 2016 1814 E·

1059 1831 1526 1880 piscopiafficerentur,
1539 1831 1648 1879 quod
1667 1831 1908 1869 declaratur
1922 1831 2013 1879 ser-

1065 1889 1251 1923 mentum
1264 1882 1295 1922 ².
1317 1884 1505 1921 Similiter
1525 1884 1757 1932 decrevisse,
1777 1887 1821 1922 ut
1841 1884 1915 1922 duo
1931 1882 2013 1920 sal-

1107 2035 1117 2055 1
1134 2037 1167 2067 D.
1183 2035 1284 2074 Optat.
1301 2035 1477 2072 Milevitan„
1493 2033 1550 2066 LL.
1562 2035 1675 2065 contra
1691 2034 1858 2073 Parmen.;
1874 2044 1898 2065 S.
1913 2035 2016 2076 Augu-

1066 2078 1135 2107 stin.
1146 2102 1153 2116 ‚
1175 2075 1336 2108 Brevical.
1351 2076 1475 2112 collat.;
1492 2076 1577 2106 card.
1595 2077 1694 2115 Neris,
1707 2076 1856 2107 Historia
1872 2075 2013 2108 Donati-

1065 2124 1206 2156 starum,
1224 2119 1256 2148 Π.
1275 2118 1428 2155 Valesius,
1448 2117 1576 2148 Dissert.
1593 2116 1630 2148 de
1651 2118 1824 2149 schismate
1839 2117 2016 2156 Donatist.;

1065 2160 1260 2196 Schelstrat.,
1278 2158 1395 2190 Eccles.
1418 2158 1574 2197 African,
1591 2159 1715 2190 Disserl.
1736 2159 1788 2190 111.

1106 2201 1119 2221 '2
1135 2202 1210 2232 Huic
1227 2201 1352 2231 decreto
1368 2201 1480 2230 similia
1497 2203 1568 2230 sunt
1580 2201 1631 2230 illa
1647 2201 1746 2231 Siricii
1760 2204 1790 2231 et
1801 2201 1972 2232 Innocentii
1991 2203 2015 2232 I.

1065 2243 1190 2273 Siricius
1214 2243 1303 2280 enim,
1327 2246 1359 2272 ul
1380 2246 1427 2272 est
1449 2242 1478 2272 in
1502 2241 1607 2272 Libro
1629 2241 1838 2282 Pontificalz'
1855 2242 1914 2282 (ap.
1935 2243 2013 2273 Lab-

1066 2285 1112 2321 be,
1128 2285 1192 2315 t.11
1217 2283 1372 2322 Concz'l.)‚
1395 2283 1598 2321 constituit,
1622 2289 1664 2314 ut
1685 2284 1809 2314 nullus
1827 2284 2014 2325 presbyter·

1065 2326 1194 2356 missas
1216 2325 1408 2355 celebraret
1424 2334 1491 2364 per
1506 2335 1644 2356 omnem
1659 2325 1921 2364 hebdomadam,
1939 2326 2013 2356 nisi

1065 2372 1308 2397 consecratum
1339 2366 1502 2406 Episcopi
1528 2366 1594 2397 loci
1616 2367 1796 2406 designati
1818 2367 2014 2406 susciperet

1066 2409 1295 2445 declaratum,
1325 2408 1415 2447 quod
1436 2407 1650 2439 nominatur
1671 2410 1897 2447 fermentum.
1922 2410 2014 2439 Inno-

1066 2450 1184 2482 centius
1201 2451 1211 2480 1
1228 2454 1345 2487 autem,
1369 2450 1399 2479 in
1423 2450 1561 2488 Epistola
1577 2449 1618 2480 ad
1633 2449 1820 2481 Decentium
1836 2459 1861 2480 c.
1880 2449 1897 2479 5
1916 2449 2014 2488 (apud

1065 2492 1194 2522 eundem
1212 2491 1344 2530 Labbe),
1360 2490 1403 2521 De
1417 2489 1596 2529 fermento,
1613 2492 1720 2531 inquil,
1736 2490 1819 2532 qaod
1834 2490 1883 2521 die
1898 2490 2011 2521 Domi-

1067 2533 1138 2563 nica
1160 2541 1218 2572 per
1241 2532 1357 2563 titulos
1378 2532 1554 2570 mittimus,
1577 2533 1738 2573 superflue
1761 2540 1819 2562 nus
1841 2532 2009 2563 consulere

1066 2574 1206 2611 voluisti,
1229 2582 1302 2604 cam
1326 2581 1434 2604 omnes
1457 2572 1616 2605 Ecclesiae
1638 2579 1765 2604 nostrae
1781 2573 1867 2603 intra
1886 2572 2010 2604 Civita-

1067 2618 1129 2646 tem
1140 2616 1207 2646 sint
1216 2615 1420 2646 constitutae.
1438 2614 1583 2654 Qitaram.
1593 2614 1781 2654 presbyteri,
1790 2615 1864 2654 qaia
1878 2613 1926 2644 (lie
1940 2615 2012 2654 ipsa

1064 2662 1197 2697 propter
1206 2656 1329 2696 plebem
1341 2656 1400 2687 sibi
1412 2655 1569 2687 creditam
1583 2656 1745 2687 nobiscum
1760 2656 1931 2686 convenire
1949 2666 2013 2686 uon

1063 2704 1209 2738 possunt,
1233 2697 1350 2729 idcirco
1374 2697 1572 2737 fernientum
1594 2707 1612 2727 a
1635 2697 1723 2727 nobis
1745 2695 1925 2734 confectam
1954 2706 2014 2737 per

1066 2739 1242 2779 Acolytlios
1259 2739 1432 2779 accipiant,
1446 2744 1481 2769 ut
1492 2748 1524 2768 se
1537 2747 1554 2768 a
1569 2744 1680 2769 nostra
1692 2737 1926 2776 communione,
1939 2748 2009 2769 ma-

1067 2781 1153 2812 :cime
1176 2780 1231 2811 illa
1254 2780 1312 2817 die,
1335 2790 1398 2810 non
1417 2779 1563 2811 ,iudicent
1577 2782 1750 2819 separatos,
1769 2778 2008 2819 anclperpa-

1068 2823 1188 2853 roecias
1203 2822 1272 2862 fieri
1287 2821 1397 2852 debere
1409 2830 1472 2851 non
1485 2821 1656 2860 pato,quia
1670 2829 1725 2851 nec
1738 2820 1830 2860 lonae
1839 2820 2009 2860 portanda

1068 2869 1147 2894 sant
1158 2863 1376 2899 Sacramenta,
1389 2870 1443 2893 nec
1457 2871 1513 2892 nos
1523 2871 1581 2901 per
1592 2861 1782 2892 coemeteria
1795 2861 1921 2893 diversa
1934 2872 2014 2894 con-

1068 2905 1187 2936 stitutis
1209 2904 1405 2943 Presbyter-is
1426 2902 1633 2939 destinamus,
1650 2908 1681 2933 et
1697 2902 1879 2942 Presbyteri
1895 2913 2010 2934 eoram

1069 2945 1337 2986 conficiendorum
1356 2945 1404 2975 ias
1420 2943 1537 2974 habent
1551 2949 1643 2984 atque
1659 2944 1829 2975 licentiam.
1844 2945 1880 2975 At
1893 2945 1930 2976 de
1944 2955 2011 2975 sen-

1069 2997 1105 3018 su
1128 2990 1220 3026 atque
1242 2986 1446 3024 intelligentia
1470 2986 1577 3015 horum
1601 2987 1692 3016 trium
1715 2986 1910 3017 decretorum
1933 2987 2013 3017 Mel-

1070 3028 1201 3065 cbiadis,
1214 3028 1313 3059 Siricii
1330 3031 1421 3066 atque
1436 3026 1605 3056 Innocentii
1621 3036 1738 3057 summa
1755 3031 1801 3057 est
1813 3028 1891 3058 inter
1908 3028 2012 3066 Scrip-

1070 3073 1153 3100 tores
1178 3069 1340 3099 dissensio.
1364 3069 1446 3105 Sunt,
1470 3068 1580 3106 qnibus
1605 3068 1745 3098 videatur
1767 3067 1917 3107 fermenti
1933 3078 2011 3099 voce

1070 3109 1232 3150 designari
1248 3109 1480 3146 Eucharistiam,
1495 3113 1525 3139 ut
1538 3109 1664 3140 Claudio
1678 3110 1854 3148 Espencaeo
1869 3109 1924 3146 (De
1939 3109 2010 3140 aslo-

1071 3152 1195 3182 ratione
1211 3150 1444 3187 Eucharistiae,
1460 3150 1477 3180 l.
1496 3149 1534 3188 ΙΙ,
1551 3160 1576 3181 c..
1591 3150 1633 3188 4),
1648 3151 1809 3181 sirmondo
1826 3152 1868 3190 (in
1884 3151 2011 3191 Disqni-

1070 3194 1119 3223 sit.
1137 3192 1180 3223 De
1196 3200 1321 3231 azymo,
1338 3201 1364 3222 c.
1380 3191 1421 3230 5),
1437 3192 1520 3221 Ioan.
1538 3192 1625 3222 Card.
1643 3193 1746 3223 Bonae
1761 3191 1842 3228 (Her.
1857 3191 2012 3232 Litai-aie.

1070 3234 1087 3265 l.
1104 3233 1128 3272 I,
1143 3244 1169 3265 c.
1184 3233 1234 3272 ⁶33,
1249 3233 1265 3273 ξ
1284 3233 1343 3272 16),
1360 3233 1409 3263 ubi
1432 3235 1533 3264 tamen
1555 3232 1752 3272 fermentum
1767 3234 1858 3264 sumit
1873 3242 1929 3273 pro
1946 3234 2013 3265 fer-

1714 3285 1727 3300 t
