2241 3473
679 183 815 212 VSQVE
837 182 890 209 AD
911 180 1197 211 PRAESENTEM
1219 184 1424 211 ΑΕΤΑΤΕΜ

1887 172 1967 213 427

82 253 298 300 Episcopos
318 281 326 296 ,
353 255 422 292 500
449 256 701 304 presbyteros
736 257 962 293 saeculares
988 259 1027 292 et
1081 257 1281 294 Basiliano
1308 255 1494 298 Galiliae,
1515 252 1760 301 praecipiens
1776 255 1820 288 ut
1836 252 2024 291 Basiliani

87 307 175 344 1600
209 307 424 344 monachos
451 320 499 346 ex
537 311 674 357 regula
704 323 735 346 s.
770 310 929 346 Antonii
952 338 960 352 ,
988 314 1027 346 et
1079 323 1120 347 se
1147 313 1445 347 conformarent
1469 321 1499 344 s.
1530 306 1736 354 Iosapliath
1758 334 1766 349 ,
1797 306 1861 354 qui
1889 307 1951 344 die
1979 308 2023 345 12

82 360 238 402 500‚000
266 360 400 396 fideles
419 374 506 398 cum
526 363 595 400 320
621 364 812 405 ecclesiis,
847 364 913 401 109
939 374 1028 398 con-

82 413 258 449 ventibus
293 423 333 450 et
367 415 389 450 5
421 417 643 453 seminariis
678 417 1022 453 Pati-iarchalibus.

81 464 306 503 Maronitac
333 467 528 505 habebant
556 471 704 506 Romae
725 470 936 516 collegium
958 481 1026 516 pro

80 518 285 556 iuvenibus
303 522 581 559 ecclesiasticis
608 524 714 560 iuxta
741 535 830 559 suos
846 523 943 559 ritus
975 523 1028 558 in-

81 572 312 616 stituendos,
333 575 432 622 quod
446 576 663 623 Gregorius
690 577 777 612 XIII
813 576 1025 622 regendum

81 627 276 664 commisit
303 627 383 663 ΡΡ.
412 630 588 673 Iesuitis,
617 630 684 666 sed
713 641 799 665 cum
826 630 925 665 Galli
955 630 1028 664 Ro-

82 689 187 715 mam
217 680 446 718 invaserunt
472 684 541 719 sub
567 684 685 720 finem
713 683 862 720 saeculi
886 682 1026 725 XVIII,

84 733 297 781 collegium
325 735 397 771 hoe
423 737 609 773 abolitum
635 741 706 774 est.

130 787 191 824 98.
213 787 599 827 Graeci-,llelcltitae
619 812 658 818 —-
678 790 890 838 Postquam
911 789 1028 836 impe-

83 844 193 876 rator
219 841 448 879 MarcIanus
473 854 575 880 anno
600 845 669 880 451
697 844 824 880 edicto
851 843 946 885 lato,
975 843 1030 878 iu-

81 892 197 930 bebat
232 899 275 930 ut
312 897 537 932 executioni
578 897 831 934 traderentur
868 896 1030 932 decreta

80 947 243 984 Concilii
271 949 604 987 Chalcedonensis
631 951 767 988 eodem
800 961 900 986 anno
929 950 1026 986 cele-

83 999 185 1036 brati
216 1001 405 1039 adversus
438 1004 656 1051 Eutychem
691 1008 730 1040 et
764 1003 997 1039 Dioscorum
1018 1032 1026 1046 ‚

83 1053 219 1091 fideles
238 1055 278 1090 in
297 1055 461 1093 Oriente
477 1057 515 1092 in
534 1057 628 1094 duas
648 1062 782 1104 partes
795 1056 908 1092 divisi
924 1060 1026 1092 sunt:

84 1108 200 1144 alteri
229 1115 446 1146 renuerunt
470 1122 512 1147 se
539 1111 747 1154 subiicere,
767 1115 807 1147 et
832 1110 924 1145 dicti
942 1114 1030 1145 sunt

83 1161 298 1199 Mardaiti
320 1191 328 1207 ,
355 1175 425 1200 seu
460 1165 657 1207 rebelles;
685 1165 799 1201 alteri
833 1171 962 1200 autem
989 1175 1030 1199 se

80 1215 282 1253 subiecere
309 1221 349 1254 et
373 1217 468 1254 dicti
494 1223 583 1254 sunt
618 1217 934 1254 Cltalcecloniani
967 1218 1028 1253 vel

82 1269 335 1311 Memmiae,
377 1283 447 1307 seu
484 1271 713 1318 reyalistae.
753 1272 829 1307 Sed
865 1271 1028 1307 verbum

83 1323 276 1360 melclzita
309 1324 402 1372 ipsis
433 1325 470 1360 in
509 1325 722 1372 originario
758 1336 874 1361 sensu
912 1324 1032 1360 tribu-

82 1381 164 1413 tum
184 1377 307 1413 estad
325 1378 623 1425 significandum
637 1378 888 1417 catholicum,
913 1382 1028 1425 prout

81 1429 130 1467 de
163 1430 267 1467 facto
300 1432 374 1479 ipsi
407 1436 536 1468 erant.
569 1432 646 1468 Sed
685 1433 843 1468 saeculo
876 1431 1029 1467 decimo

85 1484 460 1522 Graeci-Melchitae
488 1486 526 1521 in
559 1486 730 1522 schisma
758 1485 1029 1530 offenderunt,

81 1538 229 1575 inducti
255 1550 279 1575 a
306 1539 549 1576 Patriarehis
575 1540 706 1587 Cpnis.
733 1540 835 1575 Hinc
864 1540 1030 1575 interru-

81 1596 149 1638 pta
175 1596 235 1629 est
253 1593 354 1640 apud
372 1604 440 1629 eos
458 1593 684 1629 hierarchia
703 1593 911 1636 catholica,
931 1603 1030 1639 quae

81 1646 236 1682 nonnisi
262 1657 364 1682 anno
386 1647 473 1684 1687
493 1648 713 1683 instaurata
731 1651 801 1683 est.
823 1647 910 1682 RR.
931 1646 1031 1681 Pon-

83 1699 211 1736 tifices
235 1700 299 1736 vel
327 1700 583 1736 Patriarchas
609 1706 648 1736 et
674 1701 889 1748 Episcopos
915 1699 1029 1735 huius

81 1753 250 1789 nationis
269 1754 541 1797 nominavere,
559 1755 621 1790 vel
641 1765 778 1790 eorum
797 1753 1030 1790 electionem

84 1806 390 1852 confirmavere,
416 1808 473 1843 uti
499 1807 682 1845 Clemens
712 1807 816 1850 XIII,
845 1806 935 1842 Pius
962 1807 1031 1841 VII

84 1870 148 1896 an.
167 1860 273 1904 1816,
294 1861 373 1897 Leo
400 1861 471 1897 XII
492 1871 554 1897 an.
575 1861 686 1904 1828,
706 1861 922 1907 Gregorius
939 1860 1031 1895 XVI

85 1924 148 1950 an.
177 1914 295 1957 1831,
330 1914 495 1961 denique
529 1914 622 1950 Pius
648 1915 703 1949 IX
737 1914 857 1949 Brevi
883 1914 905 1950 6
930 1918 1031 1959 sept·

86 1968 197 2010 1858;
224 1971 265 2003 et
289 1968 328 2003 in
354 1968 523 2005 Consist.
542 1968 587 2004 27
614 1967 745 2003 martii
775 1967 864 2004 1865
892 1967 1033 2002 confir-

83 2021 208 2058 mavit
231 2032 378 2058 novum
406 2021 682 2058 Patriarcharn
709 2021 826 2057 huius
853 2020 964 2056 ritus.
993 2021 1033 2056 In

85 2075 289 2122 praesenti
305 2075 680 2112 Graeci-Melchitae
696 2074 841 2110 habent
859 2073 1032 2109 Pati-iar-

87 2128 201 2164 cham
219 2128 455 2165 Antiochen.
475 2128 521 2163 M
529 2128 779 2172 elclzitarum,
797 2129 820 2164 5
845 2128 1033 2174 archIepi-

86 2193 228 2229 scopos
254 2186 295 2218 et
319 2182 341 2219 8
366 2182 584 2229 episcopos.

133 2236 193 2272 Ex
219 2246 364 2283 magna
394 2235 653 2272 sollicitudine
680 2245 796 2282 quam
830 2235 910 2270 Leo
941 2236 1030 2272 XIII

89 2289 153 2326 vel
179 2300 203 2326 a
229 2290 365 2337 primis
389 2289 587 2326 mensibus
612 2289 671 2325 sui
699 2288 860 2335 gloriosi
880 2289 1029 2334 pontifi-

85 2347 197 2380 catus
222 2343 394 2380 adhibuit
420 2355 490 2391 pro
517 2343 720 2379 catholicis
746 2343 1027 2386 Orientalibus,

85 2408 187 2434 nunc
213 2397 415 2444 provisum
449 2402 509 2433 est
542 2408 611 2443 pro
648 2396 891 2432 institutione
925 2397 1029 2433 Cleri

85 2450 189 2498 copti
207 2451 246 2486 in
264 2451 461 2499 Aegypto,
476 2450 562 2486 ideo
581 2451 619 2485 in
638 2450 755 2487 Cairo
775 2454 951 2486 erectum
972 2455 1032 2486 est

85 2504 304 2551 Collegium
339 2515 385 2540 ac
418 2504 683 2540 Seminarium
714 2503 823 2539 cuius
851 2504 1029 2550 regimen

85 2557 166 2593 ΡΡ.
188 2557 340 2594 Iesuitis
367 2558 616 2593 commissum
644 2561 715 2593 est.
738 2557 887 2601 Eadem
909 2557 1031 2593 anImi

87 2612 304 2648 intentione
343 2611 526 2647 Summus
553 2611 734 2646 Pontifex
763 2622 827 2646 an.
866 2611 956 2647 1882
989 2623 1030 2647 se

89 2665 345 2701 convertebat
359 2664 407 2700 ad
421 2664 839 2707 Graecos-Melchitas‚
853 2664 900 2700 ad
912 2665 1032 2713 Syros

88 2722 128 2755 et
153 2717 386 2762 Chaldaeos,
415 2723 453 2754 et
480 2718 742 2754 Seminarium
770 2724 946 2753 erectum
973 2724 1032 2754 est

84 2771 298 2808 Ierusalem
318 2783 389 2819 pro
408 2771 790 2808 Graecis-Melchitis
812 2771 880 2806 sub
900 2772 1031 2807 imme-

86 2824 192 2860 diata
210 2824 472 2872 dependentia
489 2836 512 2860 a
530 2825 568 2860 S.
587 2824 701 2866 Sede,
719 2824 766 2860 ad
787 2824 886 2870 quod
906 2824 1030 2861 mode-

87 2877 253 2914 randum
278 2878 392 2914 acciti
418 2883 508 2914 sunt
526 2878 767 2913 Missionarii
786 2877 965 2923 Algcrini
984 2889 1033 2914 ex

86 2932 407 2978 Congregatione
435 2931 482 2966 ab
509 2931 573 2966 illo
593 2931 890 2977 archiepiscopo
916 2931 1032 2967 Card.

87 2985 297 3031 Lavigerie
324 2984 499 3020 fundata.
519 2983 635 3019 Aliud
661 2983 923 3020 Seminarium
951 2996 1034 3021 ere-

88 3043 194 3074 ctum
209 3043 269 3075 est
282 3038 412 3074 Mosul
428 3037 639 3084 (Assyriae)
657 3049 725 3084 pro
741 3037 854 3084 Syris
873 3041 911 3074 et
925 3037 1033 3075 Chal-

89 3091 211 3135 daeis,
230 3091 331 3139 quod
351 3092 430 3127 FF.
453 3090 755 3127 praedicatores
781 3090 1035 3127 moderantur

88 3150 246 3182 servato
262 3145 338 3181 ritu
354 3146 554 3192 utriusque
572 3144 922 3180 nationis-Litteris
940 3147 1035 3191 Apo-

93 3199 243 3236 stolicis
257 3199 470 3246 Singulare
480 3197 741 3247 praesidium,
757 3197 801 3233 12
818 3199 908 3234 maii
931 3199 1035 3243 1882,

91 3253 169 3290 Leo
197 3252 267 3301 Pp.
296 3253 386 3289 XIII
414 3252 738 3290 reformationem
768 3251 874 3288 dedit
899 3252 1036 3289 Ordini

1081 365 1281 400 novembr.
1297 364 1386 400 1623
1402 360 1669 399 venerandum
1686 359 1907 396 institutum
1923 371 2028 397 mar·

1081 419 1180 464 tyrio
1208 417 1431 453 illustravit.
1462 414 1621 451 lubebat
1653 413 1812 460 insuper
1844 413 2026 451 Pontifex

1079 477 1122 507 ut
1158 470 1370 506 novitiatus
1403 470 1676 505 institueretur
1709 467 1746 502 in
1786 469 2026 504 monasterio

1082 524 1292 564 Debromil.
1317 534 1452 559 curam
1479 521 1643 568 Collegii
1663 521 1912 558 committens
1944 521 2025 557 ΡΡ.

1081 577 1298 620 lesuitis‚et
1324 577 1471 612 monita
1487 575 1607 612 dabat
1638 578 1681 610 ut
1708 574 1808 610 ritus
1834 574 2025 612 ruthenus

1078 635 1309 666 servaretur
1335 633 1358 664 ¹.

1124 684 1182 720 99.
1201 683 1408 719 Ecclesiae
1434 684 1560 718 status
1588 681 1694 730 apud
1719 681 2028 734 Slacos-Com-

1080 741 1235 784 pertum
1249 740 1309 773 est
1329 736 1522 784 certisque
1540 740 1725 772 testatum
1740 735 1930 772 historiae
1945 747 2026 772 mo-

1079 791 1274 827 numentis
1291 819 1299 835 ‚
1327 790 1471 839 Illyrici
1500 789 1723 837 provincias
1740 818 1749 834 ,
1775 800 1874 838 quae
1901 801 2025 838 usque

1077 844 1128 879 ad
1155 845 1296 880 Istrum
1322 844 1469 879 flumen
1497 843 1760 891 pertinebant,
1792 844 2027 890 evangelica

1079 897 1165 934 luce
1204 898 1251 933 ab
1286 898 1396 933 initio
1435 897 1555 933 fuisse
1594 897 1811 933 illustratas
1848 898 2027 944 Apostoli

1081 951 1258 998 gentium
1284 950 1516 994 ministerio,
1546 950 1609 998 qui
1635 950 1683 986 ad
1707 950 1909 987 Romanos
1934 952 2029 988 scri-

1079 1004 1174 1040 bens
1189 1015 1236 1040 ac
1251 1015 1475 1040 memorans
1494 1015 1555 1047 ea,
1574 1015 1673 1050 quae
1689 1015 1759 1051 per
1773 1003 1901 1050 ipsum
1921 1005 2031 1042 Chri-

1078 1062 1160 1093 stus
1187 1058 1427 1105 operabatur
1454 1057 1566 1093 eerbo
1594 1059 1629 1093 et
1647 1057 1780 1104 sactis
1814 1056 1854 1093 in
1888 1057 2030 1094 uirtute

1077 1111 1277 1157 sigynorum
1303 1112 1337 1147 et
1361 1110 1649 1158 prodigiorum,
1670 1109 1710 1145 in
1734 1109 1878 1147 uirtute
1902 1111 2029 1159 Spiri-

1078 1165 1138 1199 tus
1164 1164 1326 1208 Sancti,
1354 1164 1512 1208 aiebat,
1538 1176 1579 1200 se
1606 1164 1654 1200 ab
1681 1163 1934 1200 Hierusalem
1954 1177 2029 1212 per

1079 1217 1287 1253 circuitum
1325 1229 1442 1264 usque
1481 1218 1534 1252 acl
1571 1216 1785 1264 Illyricum
1823 1218 2031 1265 replevisse

1079 1270 1319 1317 eoanyelium
1357 1270 1508 1307 Christi
1531 1273 1560 1303 ⁴2.
1596 1271 1702 1311 Quas
1736 1276 1866 1307 terras
1895 1276 2032 1319 postea

1081 1324 1258 1371 discipuli
1295 1324 1407 1360 Pauli
1434 1331 1474 1361 et
1504 1324 1785 1371 Apostolorum
1819 1325 2030 1373 Principis,

1082 1379 1210 1414 Lucas
1237 1380 1266 1422 3,
1295 1378 1479 1415 Clemens
1505 1379 1532 1421 ⁴,
1561 1389 1606 1413 ac
1632 1377 1742 1414 Titus
1767 1380 1781 1402 5
1806 1378 1940 1415 sedulo
1967 1391 2030 1416 ex-

1082 1431 1301 1474 coluerunt,
1321 1432 1462 1467 mirum
1483 1431 1587 1467 dictu
1613 1435 1673 1468 est
1699 1436 1943 1479 quantopere
1963 1444 2028 1470 res

1083 1484 1297 1520 christiana
1323 1485 1566 1532 profecerit,
1593 1491 1817 1532 quant-aque
1850 1486 2032 1523 habuerit

1082 1537 1343 1581 incrementa,
1363 1538 1631 1574 ecclesiastica
1648 1538 1873 1575 hierarchia
1891 1541 2032 1576 consti-

1082 1595 1178 1635 tuta,
1208 1591 1245 1626 in
1273 1602 1349 1638 qua
1374 1592 1617 1639 episcopales
1646 1591 1760 1628 sedes
1787 1592 2032 1629 Thessaloni-

1084 1644 1226 1687 censis,
1248 1645 1493 1688 Salonitana,
1512 1656 1558 1680 ac
1585 1645 1813 1681 Sirmiensis
1839 1646 2029 1693 principa-

1084 1701 1165 1733 tum
1185 1698 1429 1741 obtinebant,
1447 1709 1546 1745 quae
1561 1698 1701 1734 merito
1718 1709 1741 1734 a
1754 1698 1902 1735 duobus
1921 1699 2035 1735 Prin-

1085 1751 1237 1798 cipibus
1262 1752 1542 1798 Apostolorum
1570 1752 1717 1799 primos
1736 1751 1924 1788 Pastores
1940 1764 2032 1789 suos

1082 1805 1284 1851 accepisse
1312 1805 1549 1852 gloriantur.
1575 1805 1711 1852 Neque
1738 1805 1966 1852 regionibus
1991 1807 2035 1842 il-
2067 1815 2069 1817 ’

1083 1858 1128 1894 lis
1166 1858 1293 1894 defuit
1319 1864 1537 1907 martyrum
1574 1859 1693 1895 decus
1722 1865 1790 1896 aut
1827 1859 2032 1896 doctorum

1086 1911 1295 1947 illustrium
1315 1941 1323 1956 ,
1357 1913 1395 1947 in
1427 1913 1562 1960 quibus
1596 1924 1820 1949 memorare
1853 1918 2031 1961 praestat

1082 1965 1342 2001 clarissimum
1362 1966 1453 2001 illud
1472 1966 1726 2003 occidentalis
1751 1967 1957 2003 Ecclesiae
1977 1968 2029 2003 lu-

1081 2030 1186 2062 men,
1213 2019 1512 2067 Hieronymum,
1534 2020 1597 2066 qui
1624 2020 1725 2066 apud
1751 2024 1910 2057 veteres
1934 2021 2034 2058 fines

1080 2072 1373 2108 Pannoniorum
1399 2077 1440 2110 et
1467 2074 1755 2119 Dalmatarum,
1776 2075 1946 2122 primam
1973 2076 2032 2111 lu-

1081 2138 1166 2162 cem
1193 2127 1335 2162 hausit.

1128 2180 1294 2215 Romani
1313 2184 1443 2217 autem
1462 2181 1672 2218 Pontifices
1691 2182 1837 2217 nullam
1861 2182 2030 2218 benevo-

1082 2233 1239 2276 lentiae,
1260 2234 1406 2270 nullam
1424 2246 1588 2271 suarum
1607 2246 1791 2271 curarum
1815 2240 1968 2282 partem
1983 2235 2032 2270 II—

1082 2287 1194 2334 lyrici
1215 2288 1424 2334 provinciis
1438 2300 1622 2336 uniquam
1639 2289 1775 2325 deesse
1792 2288 1896 2336 passi
1920 2292 2032 2333 sunt3

1082 2339 1159 2376 imo
1175 2341 1366 2377 infinibus
1382 2342 1551 2389 iis,quae
1571 2344 1764 2378 orientem
1791 2342 1917 2389 magis
1943 2354 2029 2388 spe-

1082 2395 1394 2441 ctant‚quosdam
1411 2396 1912 2431 constitueruntsacrorum
1923 2396 2032 2431 Anti-

1082 2447 1205 2491 stites‚
1218 2448 1282 2494 qui
1297 2448 1446 2484 vicaria
1456 2449 1705 2495 Apostolicae
1716 2448 1827 2484 Sedis
1838 2452 2033 2496 potestate

1082 2506 1328 2547 praeessent,
1347 2502 1526 2538 adhibitis
1547 2513 1687 2548 nempe
1711 2502 2032 2539 Thessalonicen-

1082 2554 1134 2589 sis
1161 2555 1362 2592 Ecclesiae
1390 2555 1606 2602 Episcopis,
1638 2555 1699 2602 qui
1718 2555 1790 2590 hoc
1810 2555 2031 2591 ministerio

1081 2607 1354 2654 fungerentur.
1382 2609 1441 2644 Ita
1460 2609 1687 2655 provinciae
1714 2608 1802 2644 illae
1835 2609 2034 2645 Romano-

1083 2672 1168 2697 rum
1190 2661 1422 2698 Pontificum
1449 2674 1525 2697 non
1554 2662 1788 2698 intermissis
1814 2663 1920 2698 curis
1945 2674 2031 2709 pro-

1083 2726 1197 2761 spere
1208 2711 1439 2759 floruerunt,
1452 2715 1550 2762 quod
1560 2715 1748 2751 Nicolaus
1759 2715 1830 2763 Pp.
1848 2716 1858 2751 1
1871 2715 1971 2751 datis
1982 2715 2030 2751 ad

1085 2768 1320 2804 Michaelem
1337 2771 1619 2814 Imperatorem
1637 2769 2033 2812 litteris,declarabat

1083 2821 1140 2857 his
1167 2823 1314 2858 verbis:
1344 2822 1575 2868 Illyricana
1602 2822 1790 2858 dioecesis
1805 2823 2032 2858 Antecesse-

1082 2886 1168 2910 rum
1200 2875 1443 2910 Nostrorum
1475 2875 1734 2923 temporibus,
1771 2875 1925 2911 scilicet
1950 2875 2032 2911 Da-

1084 2928 1196 2967 masi,
1227 2928 1382 2971 Siricii,
1414 2928 1652 2972 Innocentii,
1684 2928 1907 2976 Bonifacii,
1933 2928 2032 2966 Cae-

1136 3073 1143 3094 1
1166 3074 1235 3105 Vid.
1263 3072 1343 3114 Epli.
1372 3070 1417 3103 La
1445 3069 1585 3104 Scienza
1603 3081 1620 3104 e
1646 3073 1678 3105 la
1704 3073 1803 3113 Fede,
1822 3073 1888 3106 vol.
1905 3081 2032 3113 cxxvi,

1088 3132 1119 3165 p.
1142 3121 1221 3151 405.
1267 3117 1280 3138 2
1301 3118 1398 3150 Rom.
1421 3116 1483 3154 xv,
1504 3118 1558 3148 w.

1132 3166 1146 3185 ³³
1164 3165 1197 3198 S.
1219 3164 1377 3206 Epiplian.
1397 3162 1569 3195 Haereses.
1590 3162 1642 3195 LI,

1133 3205 1146 3227 ⁴
1167 3210 1287 3242 Farlat.
1308 3207 1434 3249 Illyric.
1455 3217 1542 3239 sacr.
1565 3213 1589 3240 t.
1609 3208 1636 3246 1,
1654 3209 1780 3249 Prolcg.
1802 3220 1832 3251 p.
1852 3210 1911 3248 111,
1928 3208 1972 3252 §1

1133 3249 1147 3270 5
1166 3255 1201 3289 S.
1221 3256 1353 3288 Hieron.
1372 3254 1409 3286 in
1429 3253 1465 3288 C.
1489 3253 1535 3287 IV
1552 3254 1657 3297 Epist.
1680 3255 1714 3288 11
1733 3254 1775 3288 ad
1796 3255 1940 3290 Timoth.
