2241 3473
743 183 871 213 VSQVE
890 182 943 208 AD
964 182 1103 210 ORTVM
1123 183 1335 211 ISLAMISMI

70 251 140 288 dus
154 249 195 286 et
213 247 414 285 Romanae
433 246 620 284 ecclesiae
644 247 845 284 diaconus.
867 247 919 283 At
938 247 1019 284 Fe-

71 304 167 343 stus,
181 302 339 337 senator
356 310 553 344 romanus,
569 299 635 347 qui
652 311 754 336 anno
774 299 1018 347 praecedenti

70 365 140 404 pro
159 352 399 389 Theodorico
429 364 522 399 reg-re
553 353 748 400 legatione
778 351 826 388 ad
847 352 1019 388 Anasta-

69 406 167 446 sium
185 406 459 452 imperatorem
476 405 649 447 functus,
666 405 755 441 huic
777 404 1019 451 promiserat,

69 471 112 497 se
131 457 375 501 effecturum,
398 462 441 494 ut
460 457 621 494 Zenonis
640 457 869 493 Heneticon
886 468 909 492 a
922 456 1018 492 Pon-

70 511 174 549 tifice
192 510 506 554 confirmaretur,
527 509 722 551 diffidens.
743 520 783 545 sc
805 507 840 544 id
861 520 884 544 a
903 508 1017 556 Sym-

69 563 207 602 macho
237 563 538 611 impetraturum
554 591 563 605 ,
584 561 789 598 nonnullos
810 572 830 596 e
851 560 956 596 clero
982 563 1021 597 et

70 616 208 666 populo
228 615 391 662 pecunia
411 614 596 662 corrupit,
612 617 652 650 et
671 613 893 661 cl‘gendum
913 624 1023 649 cura-

70 669 128 707 vit
146 667 404 706 Laurentium
427 667 826 715 archipresbyterum.
849 665 962 708 Hinc,
984 676 1019 701 a·

68 721 131 759 liis
150 721 189 758 in
209 720 286 758 alia
301 721 428 758 studia
451 718 662 762 distractiS,
679 718 861 763 schisma,
878 716 1021 754 tumul-

69 777 146 818 tus,
166 773 274 810 rixae
294 775 334 809 et
353 773 490 810 caedes
507 771 543 808 in
565 771 683 807 Urbe.
696 770 871 807 Maxima
890 772 1020 806 tamen

69 826 159 864 cleri
177 828 216 863 et
231 825 360 874 populi
381 836 470 874 pars
485 823 720 873 Symmacho
737 823 925 860 adhaesit.
944 823 1022 859 Res

68 880 300 916 Ravennam
321 879 368 914 ad
391 877 677 914 Theodericum
694 875 854 920 ,Italiae
875 886 1021 923 regem,

69 931 198 969 delata
207 930 293 975 fuit,
309 931 401 978 quia
414 930 587 967 Odoacer
607 928 813 972 rex,sicuti
831 928 1012 971 diximus,

69 983 343 1029 constituerat,
371 986 413 1020 ut
434 981 635 1019 Pontificis
654 980 793 1017 electio
814 992 890 1018 non
911 980 1022 1017 fieret

69 1037 150 1075 sine
169 1035 273 1084 regis
290 1036 426 1072 Italiae
448 1045 654 1072 consensu.
673 1034 938 1070 Theodoricus
958 1044 1020 1069 au·

68 1092 148 1128 tem
167 1100 234 1137 pro
249 1088 500 1137 symmache,
514 1088 647 1135 utpote
667 1086 777 1134 prius
797 1088 837 1123 et
858 1099 879 1124 a
894 1085 1021 1135 pluri-

69 1143 142 1179 bus
163 1142 302 1186 electo,
323 1140 559 1179 sententiam
581 1139 681 1176 dixit
704 1138 729 1176 ¹.

121 1195 336 1233 Laurentio
365 1196 494 1231 amoto
507 1222 516 1238 ,
552 1191 811 1240 Symmachus
846 1204 907 1229 an.
943 1189 1020 1228 499

70 1249 220 1285 Romae
239 1247 291 1284 72
310 1246 577 1296 episcoporum
609 1245 802 1292 synodum
822 1244 961 1293 coegit,
982 1245 1019 1280 in

68 1312 145 1349 qua
163 1301 211 1337 ad
232 1299 558 1348 praecludendam
581 1297 682 1334 schis
698 1298 781 1334 nati
804 1300 844 1334 et
863 1299 1022 1335 conten-

68 1353 238 1390 tionibus
267 1353 392 1397 viam,
412 1350 587 1389 cuiusvis
612 1350 758 1387 ordinis
785 1350 936 1399 clericis
955 1362 1019 1388 se-

68 1416 163 1443 vere
181 1405 416 1454 prohibitum
435 1406 506 1448 est,
526 1403 685 1440 vivente
707 1403 832 1440 adhuc
849 1403 1017 1441 Pontifi-

70 1469 126 1504 ce,
144 1457 377 1506 suffragium
398 1455 518 1494 alicui
545 1456 773 1504 promittere
799 1458 867 1493 aut
887 1457 933 1493 de
954 1456 1019 1493 fs.-

67 1511 144 1549 turi
165 1511 368 1548 Pontificis
389 1509 578 1546 electione
609 1508 648 1545 in
669 1508 834 1556 privatis
855 1521 1020 1547 conven-

67 1563 173 1601 tibus
200 1563 430 1607 deliberare3
451 1560 622 1599 secundo
653 1562 853 1598 decretum
874 1564 951 1608 est,
977 1566 1019 1600 ut

67 1617 155 1664 post
175 1615 376 1660 Pontificis
396 1614 560 1658 obitum,
580 1613 645 1650 ille
666 1614 930 1660 ordinaretur,
951 1616 1017 1664 qui

67 1668 187 1706 totius
219 1667 471 1706 ecclesiastici
506 1666 650 1703 ordinis
679 1666 877 1715 suffragiis
894 1697 903 1713 ,
938 1670 1019 1714 aut,

67 1721 128 1759 his
147 1721 294 1768 divisis,
305 1721 562 1770 plurimorum
576 1719 770 1756 sententia
785 1719 920 1757 fuisset
935 1721 1018 1758 ele-

67 1776 152 1812 ctus
171 1772 198 1812 ².

120 1826 314 1875 Synodus
334 1826 526 1864 Romana
546 1823 631 1874 (an.
652 1824 726 1862 501
734 1824 885 1865 )-Sed
909 1826 1018 1864 Lau-

71 1879 290 1916 rentianum
310 1878 493 1924 schisma,
512 1878 581 1914 vix
598 1889 875 1925 compressum,
892 1889 1021 1916 recru-

73 1931 169 1969 duit.
189 1931 378 1970 Nonnulli
393 1943 414 1968 e
434 1931 539 1968 clero
555 1930 594 1966 et
609 1932 762 1975 senatu,
782 1931 1017 1979 Symmacho

70 1984 218 2031 offensi,
235 1983 510 2030 Laurentium,
525 1982 603 2031 qui,
621 1994 668 2019 ne
684 1983 899 2021 Ecclesiam
916 1985 1020 2022 ultra

70 2037 248 2074 turbaret
263 2066 273 2082 ,
311 2036 508 2074 Nuceriae
547 2034 748 2084 episcopus
785 2036 1019 2075 constitutus

72 2089 213 2135 fuerat,
233 2089 334 2127 clam
362 2090 531 2126 Romam
559 2091 810 2135 revocarunt;
831 2091 1017 2139 Symma-

69 2142 184 2180 chum
204 2142 274 2191 Pp.
296 2142 400 2190 apud
428 2139 712 2179 Theodoricum
742 2153 875 2190 regem
896 2142 1017 2179 falso-

71 2206 158 2231 rum
175 2195 384 2232 criminum
398 2195 690 2239 accusarunt,et
700 2195 920 2233 temeritate
931 2196 1020 2233 huc·

72 2258 193 2295 usque
222 2259 297 2284 non
317 2248 414 2294 visa,
435 2247 680 2284 visitatorem
695 2276 703 2292 ,
724 2248 790 2295 qui
813 2248 859 2284 de
880 2248 927 2286 iis
948 2260 1017 2285 co-

71 2302 292 2348 gnosceret,
308 2300 566 2348 postularunt.
585 2299 725 2336 Petrus
741 2300 941 2349 episcopus
956 2302 1020 2338 Al-

69 2352 248 2398 tinensis,
269 2353 437 2390 Romam
460 2353 637 2402 legatus,
660 2352 709 2389 ad
733 2353 1018 2392 Laurentianos

68 2404 262 2453 digressus
278 2406 349 2450 est,
366 2417 524 2454 remque
539 2405 664 2454 magis
680 2405 869 2443 turbavit.
887 2406 1018 2448 Quare

70 2458 118 2494 ad
147 2460 432 2505 componendas
459 2460 608 2505 turbas,
637 2458 916 2505 Theodoricus,
945 2472 1017 2508 pe-

69 2511 177 2547 tente
197 2510 432 2558 Symmacho
462 2511 532 2559 Pp.
548 2541 557 2557 ,
576 2513 726 2549 Romae
748 2511 1017 2560 episcoporum

69 2562 275 2610 synodum,
301 2562 443 2600 dictam
474 2565 726 2609 Palmarem,
745 2563 887 2602 indixit
916 2577 1017 2602 anno

69 2613 158 2652 501.
181 2614 259 2651 Sed
278 2614 445 2663 episcopi
465 2616 643 2662 scientes,
663 2628 704 2653 se
725 2628 800 2653 non
826 2629 938 2666 posse
958 2618 1017 2655 iu-

70 2666 201 2704 dicare
220 2666 458 2715 pontificem,
473 2670 667 2716 synodum
688 2668 858 2717 incipere
879 2670 1017 2707 nolue-

69 2722 172 2765 runt,
193 2718 419 2767 priusquam
441 2722 536 2758 certi
558 2725 710 2767 essent,
730 2721 838 2759 illam
859 2726 1017 2761 auctore

69 2770 305 2819 Symmacho
333 2772 453 2809 fuisse
472 2773 670 2820 indictam,
692 2786 857 2823 eumque
877 2777 1017 2813 aucto-

69 2823 228 2861 ritatem
249 2824 296 2861 de
316 2835 434 2862 causa
450 2836 520 2862 sua
540 2828 795 2875 cognoscendi
825 2828 873 2864 ad
894 2840 1015 2877 syno-

71 2875 162 2912 dum
193 2876 389 2914 detulisse.
420 2877 484 2914 Sic
518 2878 564 2915 de
593 2891 779 2917 consensu
815 2880 1016 2918 Pontificis

72 2929 311 2977 congregati,
332 2929 612 2978 Symmachum
630 2932 678 2969 ab
694 2931 831 2969 affictis
851 2933 1019 2970 crimini-

71 2979 144 3018 bus
163 2981 409 3019 innocentem
427 2982 690 3030 declararunt3
706 2983 856 3022 clericis
872 2988 1016 3032 autem,

71 3032 134 3080 qui
145 3034 193 3070 ad
208 3033 474 3072 schismaticas
493 3038 624 3084 partes
644 3036 902 3084 desciverant,
912 3041 1017 3087 post-

112 3159 122 3180 ¹
139 3159 287 3192 Baronius
302 3165 332 3193 et
346 3163 430 3199 Pagi,
447 3163 485 3193 ad
503 3171 552 3194 an.
568 3162 637 3194 498.

112 3198 240 3239 ΞΙίἀεῐῐι,
253 3202 292 3233 ad
309 3203 637 3241 an.499;et1.abhe‚t.
653 3205 696 3241 iv,
710 3213 738 3244 p.
753 3204 840 3236 1312.

1895 174 1969 212 143

1064 259 1181 295 quam
1201 247 1381 285 Pontifici
1407 249 1703 296 satisfecissent,
1724 251 1908 288 honorem
1928 249 2013 300 pri-

1064 300 1208 337 stinum
1228 312 1316 337 cum
1333 303 1448 340 venia
1464 303 1720 340 reddiderunt
1737 301 1761 341 ¹.
1782 303 2018 341 Laurentius

1065 363 1158 388 vero
1178 353 1215 389 in
1234 354 1395 391 exilium
1416 356 1648 393 amandatus
1664 357 1733 394 est.
1802 353 1805 356 ’

1116 404 1257 442 Sedato
1292 407 1483 453 tumultu,
1516 409 1778 457 Symmachus
1811 419 1912 446 anno
1946 420 2012 446 se-

1064 457 1196 503 quenti
1217 458 1268 494 80
1283 459 1548 508 cpiscoporum
1566 462 1758 510 synodum
1788 462 1937 499 Romae
1958 473 2018 498 ce-

1065 508 1252 554 lebravit,
1280 510 1318 546 in
1341 523 1417 558 qua
1442 524 1561 560 supra
1588 515 1714 551 dictae
1736 514 1922 552 Odoacris
1950 525 2015 551 re-

1065 561 1122 608 gis
1162 562 1460 600 constitutiones
1498 566 1544 602 dc
1584 567 1785 604 Pontificis
1831 566 2021 604 electione

1065 617 1103 649 et
1124 614 1168 649 de
1191 614 1298 651 bonis
1319 616 1596 656 ecclesiasticis
1631 620 1841 667 abrogatae
1870 620 1962 657 sunt
1989 616 2016 657 ².

1066 666 1213 702 Deinde
1235 667 1492 705 constitutum
1515 673 1586 715 est,
1608 683 1656 708 ne
1674 671 1862 709 Pontifex
1879 674 1950 709 aut
1966 671 2019 709 ul-

1064 717 1123 754 lus
1143 718 1349 758 titulorum
1370 721 1474 757 urbis
1496 723 1646 759 Romae
1666 725 1875 773 presbyter
1900 723 2016 762 rusti-

1064 781 1109 807 ca
1129 771 1381 808 ecclesiarum
1404 775 1563 820 praedia
1583 777 1653 812 sub
1669 780 1861 824 perpetua
1875 777 2018 814 aliena-

1063 823 1167 859 tione
1194 827 1262 860 aut
1288 827 1589 863 commutatione
1619 829 1666 864 ad
1692 829 1903 878 cuiuslibet
1928 829 2018 867 iura

1063 876 1298 914 transferret
1318 878 1381 914 vel
1401 877 1438 914 in
1462 879 1752 918 usufructuario
1783 882 1870 918 iure
1899 882 2018 919 alicui

1065 928 1189 975 daret,
1211 929 1285 966 nisi
1308 929 1460 967 clericis
1474 960 1483 977 ,
1505 932 1671 979 captivis
1696 935 1814 980 atque
1839 934 2019 982 peregri·-

1065 980 1135 1027 uis3
1156 982 1194 1018 in
1215 982 1302 1019 aliis
1332 994 1401 1030 per
1430 985 1651 1032 provincias
1680 985 1848 1023 ecclesiis
1878 987 2017 1023 harum

1064 1036 1235 1071 rectores
1264 1047 1413 1072 morem
1443 1039 1643 1085 receptum
1673 1039 1885 1075 secundum
1918 1050 2015 1076 con-

1063 1086 1251 1124 scientiae
1272 1088 1467 1125 dictamen
1488 1092 1692 1127 servarent
1709 1088 1735 1128 ³.

1116 1139 1221 1177 Idem
1242 1140 1428 1178 Pontifex
1456 1142 1495 1178 in
1526 1143 1689 1191 epistola
1715 1144 1763 1180 ad
1794 1143 2019 1181 Caesarium

1063 1192 1334 1230 Arelatensem
1354 1195 1574 1243 praecepit,
1597 1198 1640 1232 ut
1659 1196 1915 1233 ecclesiarum
1935 1207 2020 1245 pos-

1063 1245 1253 1282 sessiones
1275 1246 1382 1283 nullo
1402 1247 1516 1284 titulo
1537 1249 1823 1295 alienarentur3
1855 1260 2018 1286 conces-

1062 1297 1114 1334 sit
1133 1301 1276 1344 tamen,
1294 1302 1336 1336 ut
1356 1299 1507 1338 clericis
1529 1301 1574 1338 de
1591 1301 1769 1338 Ecclesia
1787 1302 1886 1338 bene
1904 1301 2020 1339 meri-

1062 1350 1112 1387 tis
1134 1350 1219 1387 dari
1241 1354 1397 1399 possent
1417 1353 1540 1390 donec
1559 1354 1736 1391 vixerint
1756 1353 1782 1392 ⁴.
1801 1355 1916 1391 Unde
1936 1355 2018 1391 Ba-

1063 1402 1224 1440 ronius⁵
1252 1404 1397 1452 aliique
1426 1406 1704 1444 beneficiorum
1734 1407 2022 1445 ecclesiastico-

1062 1467 1149 1492 rum
1170 1457 1362 1505 originem
1383 1458 1593 1497 deducunt.

1118 1509 1176 1546 10.
1201 1510 1343 1547 Status
1368 1512 1556 1549 ecclesiae
1581 1514 1869 1550 Orz‘entalz's—
1885 1512 1930 1549 In
1961 1513 2019 1550 O·-

1062 1561 1187 1599 riente
1197 1563 1395 1601 Ecclesiae
1414 1564 1568 1601 tristem
1589 1566 1628 1602 in
1649 1566 1806 1602 modum
1826 1566 1939 1602 erant
1965 1565 2018 1602 di-

1062 1614 1182 1661 visae,
1201 1616 1241 1652 in
1262 1615 1348 1653 aliis
1368 1617 1578 1654 concilium
1608 1618 1919 1655 Chalcedonense
1943 1630 2017 1667 pa-

1061 1667 1139 1704 lam
1157 1669 1478 1716 praedicabatur,
1499 1670 1538 1706 in
1560 1671 1645 1708 aliis
1671 1671 1955 1716 damnabatur,
1976 1671 2017 1707 in

1062 1720 1146 1757 aliis
1168 1732 1294 1769 neque
1315 1722 1615 1770 praedicabatur
1646 1735 1772 1771 neque
1802 1723 2018 1760 damnaba-

1060 1774 1148 1820 tur3
1165 1774 1304 1811 harum
1324 1778 1457 1812 autem
1479 1776 1673 1813 antistites
1682 1776 1887 1813 Henotoeo
1899 1776 2018 1813 Zeno-

1062 1825 1121 1862 nis
1150 1826 1426 1874 inhaerebant,
1456 1828 1634 1876 quamvis
1663 1829 1766 1865 inter
1795 1839 1836 1866 se
1865 1829 1913 1865 de
1943 1839 2020 1865 una

1061 1880 1131 1915 aut
1150 1879 1301 1917 duabus
1330 1880 1369 1916 in
1391 1881 1543 1918 Christo
1572 1881 1722 1918 naturis
1750 1881 2019 1919 dissentirent.

1113 1932 1268 1969 Zenone
1288 1944 1350 1969 an.
1372 1933 1443 1970 491
1469 1934 1674 1979 exstincto,
1694 1934 1901 1983 imperium
1922 1945 2018 1970 con-

1061 1988 1216 2022 secutus
1232 1986 1291 2022 est
1306 1986 1539 2024 Anastasius
1552 2016 1561 2032 ,
1573 1986 1638 2034 qui
1659 1988 1750 2024 ante
1771 1998 1882 2023 suam
1900 1986 2018 2024 inau-

1062 2037 1309 2085 gurationem
1329 2049 1460 2076 coram
1481 2039 1696 2088 Euphemio
1712 2039 1937 2088 patriarcha
1949 2038 2018 2088 Cp.

1062 2089 1312 2127 iureiurando
1324 2092 1589 2139 spopondit,se
1604 2092 1719 2129 fidem
1735 2091 1968 2129 catholicam
1979 2092 2022 2128 il-

1062 2142 1225 2179 libatam
1241 2144 1540 2191 custoditurum,
1552 2157 1625 2182 nec
1642 2145 1850 2193 quicquam
1872 2144 1964 2181 novi
1982 2144 2022 2181 in

1062 2195 1278 2233 Ecclesiam
1298 2196 1366 2233 Dei
1387 2197 1650 2235 invecturum.
1677 2198 1825 2235 Verum
1846 2197 2016 2246 promis-

1062 2248 1113 2285 sis
1142 2260 1217 2285 non
1248 2249 1368 2286 stetit.
1400 2250 1604 2288 Prioribus
1633 2250 1785 2299 imperii
1822 2250 1881 2287 sui
1909 2250 2020 2288 annis

1063 2301 1276 2339 decessoris
1292 2302 1350 2338 sui
1362 2302 1595 2340 Henotz‘con
1616 2306 1773 2340 secutus
1789 2304 1860 2349 est,
1874 2303 1913 2339 et
1932 2304 2018 2341 tum

1062 2353 1149 2391 illos
1168 2353 1378 2403 episcopos,
1395 2356 1460 2403 qui
1477 2355 1790 2393 Chalcedonense
1806 2355 2016 2392 concilium

1063 2407 1352 2455 praedicabant,
1371 2409 1459 2444 tum
1479 2420 1556 2455 eos,
1572 2408 1637 2457 qui
1653 2408 1747 2445 illud
1764 2408 2017 2454 damnabant,

1064 2460 1313 2497 exturbabat.
1341 2460 1453 2497 Anno
1482 2461 1560 2498 494
1600 2461 1783 2499 Gelasius
1828 2461 1898 2509 Pp.
1934 2460 2016 2497 ele-

1063 2512 1334 2561 gantissimam
1388 2513 1591 2562 epistolam
1642 2515 1691 2551 ad
1739 2513 2016 2562 imperatorem

1062 2564 1230 2613 scripsit,
1249 2565 1289 2602 in
1310 2576 1385 2613 qua
1405 2577 1496 2603 eum
1516 2567 1728 2611 excitabat,
1746 2568 1788 2602 ut
1809 2565 1899 2602 Sedi
1915 2564 2016 2614 Apo-

1062 2617 1224 2655 stolicae
1253 2619 1564 2667 obtemperaret,
1586 2619 1717 2656 Aeacii
1745 2629 1885 2655 nomen
1912 2630 1932 2654 e
1954 2617 2018 2655 di-

1062 2671 1217 2719 ptychis
1251 2671 1371 2708 deleri
1404 2675 1444 2708 et
1472 2672 1729 2709 ecclesiarum
1762 2670 2010 2707 concordiam

1063 2724 1220 2761 restitui
1241 2726 1399 2761 curaret
1418 2722 1443 2762 ⁶.
1466 2725 1616 2762 Verum
1635 2722 1867 2761 Anastasius
1887 2722 2012 2760 consi-

1063 2776 1116 2813 lia
1145 2778 1185 2814 et
1214 2777 1363 2817 monita
1394 2777 1594 2814 Pontifieis
1629 2775 1805 2824 sprevit3
1845 2775 2018 2824 quinimo

1063 2841 1166 2867 anno
1195 2830 1272 2868 495
1301 2829 1561 2879 Euphemium
1589 2829 1879 2878 patriarcham,
1908 2827 2015 2866 falsis

1102 2964 1113 2985 1
1130 2963 1415 3035 Enn⁰d3zbcs¹²³⁰l⁰9
1434 2972 1503 3002 pro
1520 2961 1744 3004 Symmacho;
1762 2962 1875 3000 habbe,
1893 2960 2013 2993 Concil.

1103 3046 1117 3067 2
1133 3015 1196 3075 Vild⁴
1213 3055 1242 3084 p.
1259 3044 1327 3075 141.

1103 3087 1117 3108 3
1134 3086 1244 3123 Labbe,
1262 3086 1320 3116 loo.
1338 3085 1386 3116 cit.
1404 3094 1434 3125 p.
1453 3084 1542 3117 1334.

1102 3128 1115 3150 4
1131 3127 1208 3157 lind.
1226 3136 1253 3165 p.
1273 3125 1362 3157 1298.

1103 3169 1117 3190 5
1135 3168 1177 3198 Ad
1195 3176 1241 3197 an.
1257 3166 1326 3198 502.

1103 3209 1117 3230 ⁶
1133 3208 1243 3245 Labbe,
1263 3208 1321 3239 loc.
1337 3208 1399 3245 cit„
1416 3217 1444 3248 p.
1463 3207 1550 3239 1181.
