2241 3473
674 175 800 206 VSQVE
828 176 880 203 AD
908 174 1234 203 IANSENISTARVM
1262 176 1442 203 EXORDIA

1877 164 1950 202 197

86 242 236 290 peruut.
257 240 373 277 Brevi
394 243 568 289 tempore
598 252 758 277 numero
787 241 893 277 aucti
912 245 1018 287 sunt,
1062 241 1323 287 monitionem,
1343 253 1403 278 an.
1429 240 1527 278 1606
1553 240 1736 289 scriptam
1764 240 1999 277 sententiam

85 294 150 332 sed
167 293 305 331 exinde
321 305 343 330 a
360 293 688 331 characteristicis
704 293 901 341 religionis
922 295 1018 331 chri-
1061 297 1196 331 contra
1218 294 1509 342 Rempublicam
1549 293 1792 339 fulminavit,
1827 305 1906 342 qua
1936 305 2001 330 se-

84 347 232 385 stianae
243 347 428 384 doctrinis
442 347 560 396 magis
571 347 772 395 magisque
782 348 1018 392 recedentes,

84 402 123 437 et
133 400 427 437 Socinianorum
441 401 640 438 sententiis
650 400 888 448 appropinqu
896 410 1018 446 antes,

86 453 530 491 consubstantialitatem
555 453 644 490 Filii
665 456 703 490 et
717 453 885 501 Spiritus
915 455 1017 491 Sau-

83 507 134 544 cti
154 519 239 544 cuiu
263 507 380 544 Patre
395 537 404 553 ,
425 511 464 544 et
492 511 695 555 peccatum
725 506 917 555 originale
949 519 1018 543 ne-

86 564 246 607 garunt3
266 564 420 609 practer
440 571 583 609 paucas
604 560 793 596 veritates
824 559 1020 607 religionis

86 612 410 660 fundamentales,
422 613 796 660 caeteras,quamvis
815 612 854 649 in
875 625 903 650 s.
922 613 1020 649 Scri-

88 671 204 716 ptura
223 670 419 712 exaratas,
436 678 511 703 non
534 678 616 703 esse
636 666 684 702 ad
705 664 870 702 salutem
888 677 1020 702 neces-

86 720 209 758 sarias
228 721 457 763 docuerunt;
477 723 516 757 et
535 718 772 768 pedetentim
795 718 830 755 in
852 719 1020 755 rationa-

86 772 242 811 lismum
257 786 321 811 seu
334 773 699 810 indifferentismum
714 771 881 820 prolapsi
893 774 984 809 sunt
999 770 1022 808 ¹.

139 826 201 864 76.
226 827 303 864 Leo
323 827 394 871 XI,
415 827 578 864 Paulus
608 826 650 870 V,
679 826 900 874 Pontifices
932 825 1021 875 (an.

90 879 207 928 1605)
224 901 272 908 —
288 880 478 918 Clementi
509 880 577 928 Pp.
595 879 688 916 VIII
718 877 923 924 defuncto,
953 890 1022 915 ca-

87 933 211 970 lendis
238 934 372 982 aprilis
392 945 492 970 auno
516 932 633 978 1605,
653 931 839 969 suffectus
869 935 927 969 est
947 932 1023 969 Leo

88 986 158 1032 XI,
188 993 303 1024 antea
337 990 498 1024 vocatus
529 985 753 1024 Alexander
785 985 1024 1022 Octavianus

89 1040 303 1087 Mediceus‚
315 1039 652 1089 septuagenarius,
664 1038 872 1076 cardinalis
884 1039 1025 1087 episco-

91 1105 160 1142 pus
183 1093 442 1131 Florentinus.
473 1095 692 1140 Antequam
722 1091 946 1129 Cardinales
977 1092 1024 1129 ad

88 1146 288 1185 Pontificis
300 1147 529 1185 electionem
549 1145 858 1192 concurrissent,
874 1145 1024 1182 iureiu-

88 1201 210 1238 rando
238 1201 397 1250 obligati
427 1211 644 1237 convenere
665 1199 766 1236 inter
787 1210 847 1245 se,
872 1201 914 1235 ut
933 1196 1024 1247 qui-

90 1266 255 1303 cumque
280 1257 542 1302 cooptaretur,
575 1252 608 1290 is
642 1253 947 1289 controversiam
980 1252 1027 1288 (Ze

90 1308 274 1346 Auxiliis
311 1308 522 1345 dirimeret.
552 1307 623 1343 Ast
642 1306 719 1343 Leo
753 1305 810 1343 XI
839 1308 937 1354 post.
976 1305 1026 1342 26

90 1361 172 1399 dies
192 1373 215 1398 a
233 1373 305 1399 sua
333 1360 537 1406 electione,
556 1359 601 1396 v⁰
625 1359 776 1396 calend.
804 1359 896 1396 maii
928 1358 1028 1397 1605

92 1417 216 1452 morte
236 1426 440 1464 oppressus
462 1426 536 1451 non
557 1414 683 1463 potuit
707 1414 908 1461 praestare
928 1412 1028 1461 quod

91 1469 324 1518 promiserat
339 1467 366 1506 ².

144 1522 238 1560 Post
257 1534 345 1560 eum
375 1520 596 1558 Cardinales
629 1518 786 1557 comitia
824 1518 1030 1556 Pontificia

91 1574 311 1613 habuerunt
328 1587 401 1612 non
413 1574 496 1612 sine
512 1574 816 1619 contentione,et
828 1576 916 1610 ante
929 1573 1029 1610 diem

90 1635 208 1666 xviim
227 1629 376 1666 calend.
393 1628 489 1665 iunii
502 1626 667 1664 an.1605
683 1626 889 1675 elegerunt
897 1626 1032 1663 Camil—

91 1682 169 1720 lum
181 1681 425 1720 Cardinalem
441 1681 711 1729 Burghesium,
728 1681 877 1729 origine
890 1680 1032 1717 Senen-

91 1747 186 1782 sem,
206 1736 270 1784 qui
287 1735 437 1772 Paulus
453 1733 487 1771 V
508 1733 581 1771 dici
604 1733 742 1771 voluit.

146 1790 219 1827 Hic
238 1788 425 1826 Pontifex
445 1787 719 1836 gravissimam
745 1785 1033 1824 contentionem

94 1843 229 1880 habuit
266 1854 355 1879 cum
393 1841 609 1890 Republica
638 1840 891 1877 Venetorum.
920 1841 1032 1876 Anno

93 1897 233 1946 quippe
256 1895 356 1934 1603
376 1894 626 1944 Reipublicae
647 1897 808 1931 senatus
837 1893 913 1929 duo
943 1905 1033 1930 con-

95 1950 201 1988 sulta
215 1949 402 1995 ediderat,
414 1948 553 1997 quibus
567 1948 790 1993 vetabatur,
807 1959 854 1983 ne
874 1946 954 1983 sine
975 1958 1035 1983 se-

95 2008 210 2041 natus
230 2001 387 2040 licentia
408 2013 532 2039 novae
570 2000 767 2046 ecclesiae,
801 1999 1036 2037 monasteria

96 2061 166 2094 aut
182 2056 257 2094 alia
273 2055 448 2094 aedificia
467 2054 730 2092 ecclesiastica
746 2056 1034 2099 extruerentur,

96 2109 304 2148 societates
323 2108 547 2158 spirituales
566 2107 823 2156 erigerentur,
844 2107 943 2144 bona
962 2106 1034 2143 im-

96 2163 254 2202 mobilia
274 2164 378 2200 clero
399 2162 674 2207 venderentur,
695 2161 933 2198 donarentur
965 2164 1036 2197 aut

98 2219 330 2256 testamento
347 2215 585 2265 legarentur.
603 2214 813 2252 Praeterea
823 2213 848 2251 2
863 2213 1035 2259 clericos,

42 2310 50 2322 ι
99 2271 307 2308 criminum
328 2282 425 2315 reos,
455 2268 564 2306 nulla
582 2269 716 2305 habita
745 2270 870 2305 status
900 2279 1036 2304 eorum

99 2323 264 2369 ratione,
285 2323 435 2361 carceri
451 2322 703 2370 manciparat.
725 2322 780 2358 De
799 2321 858 2357 his
873 2321 1037 2358 decretis

100 2379 139 2414 et
158 2378 269 2422 actis,
289 2380 475 2426 tanquam
495 2374 778 2413 ecclesiasticae
796 2373 971 2412 libertati
998 2375 1038 2411 et

100 2429 338 2467 immunitati
352 2429 569 2474 contrariis,
586 2428 732 2466 Paulus
751 2428 787 2466 V
808 2428 910 2476 apud
930 2439 1039 2465 sena-

99 2488 187 2521 tum
217 2483 410 2521 Venetum
439 2485 672 2530 conquestus
706 2484 786 2525 est,
817 2484 937 2530 utque
971 2481 1038 2518 illa

101 2538 382 2574 revocarentur
403 2538 442 2572 et
465 2536 598 2572 clerici
617 2535 864 2572 sacerdotum
895 2534 1036 2571 iudicio

101 2591 368 2635 redderentur,
397 2588 619 2637 postulavit.
641 2588 770 2630 Quum
801 2599 892 2625 vero
925 2599 1038 2624 sena-

101 2646 166 2681 tus
187 2654 256 2692 per
275 2642 446 2691 legatum
465 2653 580 2679 suum
597 2642 754 2679 decreta
774 2653 821 2678 ea
851 2639 1036 2678 defende—

103 2700 175 2743 ret,
189 2696 369 2733 Pontifex
387 2695 609 2732 monitorias
627 2695 778 2732 litteras
794 2694 842 2731 ad
860 2695 956 2731 Rem
963 2705 1037 2742 pu-

101 2750 242 2788 blicam
265 2749 381 2794 dedit,
401 2748 539 2796 quibus
573 2748 641 2785 illa
660 2748 819 2785 decreta
839 2747 951 2785 irrita
971 2748 1038 2784 de-

104 2803 269 2841 claravit
296 2805 335 2840 et
366 2802 437 2839 sub
470 2801 882 2838 excommunicationis
917 2812 1039 2848 poena

103 2856 279 2894 revocari
313 2855 435 2892 iussit.
469 2854 638 2891 Senatus
670 2855 709 2891 in
741 2853 938 2890 sententia
967 2865 1039 2891 sua

102 2910 284 2959 perstitit.
306 2909 433 2950 Quare
450 2907 596 2945 Paulus
609 2907 657 2954 V,
673 2910 758 2956 post
773 2907 956 2944 iteratam
978 2907 1039 2944 ad-

143 3047 155 3068 ¹
177 3047 276 3079 Natat.
301 3046 382 3077 Alex.
405 3044 483 3076 [list.
509 3043 591 3075 Eccl.
616 3053 696 3075 saec.
722 3044 796 3081 XVI,
820 3052 846 3074 c.
862 3043 910 3080 11,
931 3053 957 3074 a.
981 3043 1042 3082 12;

105 3087 251 3130 Pluquet,
267 3088 403 3120 Diction.
426 3085 480 3117 des
495 3085 602 3117 Heres.
621 3089 690 3116 artt.
708 3085 893 3123 Arminius,
911 3084 1041 3124 Gomar‚

105 3129 323 3202 Hosllggrtsstfflus
347 3169 385 3200 ad
404 3179 453 3200 au.
470 3168 548 3199 1188
563 3194 570 3206 ,
585 3166 600 3208 ἓ
615 3167 671 3204 20;
689 3168 877 3205 Augustinus
894 3167 922 3198 le
939 3168 1043 3205 Blauc‚

108 3211 400 3286 'IliiacCpnyreyat
436 3223 448 3240 11
466 3210 508 3242 De
544 3209 686 3241 Auxiliis
716 3208 844 3240 divinae
872 3209 1043 3249 gli-aciae»,

121 3278 126 3285 .
164 3278 172 3294 ,
206 3277 212 3285 .
250 3277 258 3285 .

1063 352 1174 384 natus
1194 359 1282 384 cum
1305 348 1478 396 praeside
1501 350 1539 384 et
1560 347 1717 385 asseclis
1737 347 1816 383 suis
1838 358 1997 383 excom-

1063 401 1345 446 municabatur,
1367 402 1544 438 omnibus
1564 400 1792 449 privilegiis,
1814 400 1862 437 ab
1884 400 2001 436 ecclc-

1062 454 1117 491 sia
1139 455 1316 491 Romana
1335 455 1516 502 acceptis,
1539 455 1780 502 privabatur,
1800 456 1839 490 et
1865 453 1896 490 si
1919 464 2003 501 por-

1063 519 1104 544 ro
1125 507 1339 551 resisteret,
1357 511 1439 544 tota
1459 508 1694 556 Respublica
1714 518 1825 544 sacro
1846 506 2004 543 interdi-

1062 563 1124 597 cto
1151 560 1443 597 subiiciebatur.
1479 560 1643 598 Senatus
1677 560 1832 597 minime
1865 560 2003 605 flexus,

1063 612 1386 650 contestationem
1403 614 1451 650 ad
1463 625 1617 651 omnem
1634 614 1779 650 clerum
1795 613 1911 658 dedit,
1925 624 2001 661 qna

1064 666 1502 703 excommunicationem
1522 666 1757 703 immeritam
1773 666 2001 710 declaravit,

1065 724 1104 755 et
1126 731 1171 756 ne
1192 720 1279 766 quis
1299 719 1528 756 clericorum
1550 720 1802 757 interdictum
1827 720 2004 756 observa-

1066 775 1138 818 ret,
1160 772 1296 809 vetuit.
1320 772 1502 821 Plerique
1519 773 1671 810 senatui
1697 777 1921 820 paruerunt;
1941 772 2007 820 qui

1066 837 1158 862 vero
1180 825 1360 862 Pontifici
1394 826 1549 863 obedire
1579 826 1788 871 malebant,
1825 826 2010 872 Iesuitae,

1065 878 1257 924 Theatini,
1277 878 1473 927 Capucini‚
1493 879 1637 928 aliique
1667 892 1686 915 e
1716 880 1860 916 ditione
1885 879 2011 916 Vene-

1067 936 1124 977 ta,
1154 933 1424 969 discesserunt.
1456 932 1570 970 Pacis
1600 935 1797 980 sequester
1825 935 2007 980 acceptus

1067 985 1140 1023 fuit
1160 985 1349 1022 Henrieus
1371 986 1425 1023 IV
1446 998 1514 1023 rex
1537 985 1704 1032 Galliae,
1728 986 1838 1022 cuius
1867 985 2009 1034 legati,

1066 1039 1274 1076 cardinalis
1295 1039 1545 1088 De-Joyeuse
1579 1039 1680 1086 apud
1713 1042 1890 1076 senatum
1922 1038 2005 1076 Ve-

1068 1097 1200 1129 netum
1220 1096 1259 1130 et
1273 1092 1481 1130 cardinalis
1510 1092 1747 1130 Du-Perron
1777 1093 1876 1140 apud
1898 1092 2006 1128 Pon-

1068 1146 1226 1193 tificem,
1244 1158 1305 1183 an.
1329 1146 1429 1183 1607
1452 1158 1582 1195 pacem
1604 1146 1659 1183 ita
1691 1147 2009 1193 composuerunt,

1072 1204 1113 1236 ut
1142 1199 1204 1236 hic
1236 1211 1440 1246 censuras,
1461 1199 1525 1236 ille
1559 1200 1715 1237 decreta
1748 1202 1787 1236 et
1819 1201 1908 1236 acta
1937 1210 2009 1236 sua

1071 1253 1317 1290 revocaverit
1334 1252 1356 1291 ¹.

1123 1307 1333 1344 Damnavit
1352 1318 1503 1355 quoque
1514 1305 1660 1344 Paulus
1675 1305 1884 1344 formulam
1903 1305 2012 1342 iuris-

1073 1360 1227 1397 iurandi
1247 1373 1269 1397 a
1288 1360 1427 1397 Iacobo
1443 1361 1459 1397 Ι
1476 1360 1613 1409 Anglis
1631 1359 1833 1397 catholicis
1848 1359 2014 1408 proposi-

1074 1418 1154 1451 tam
1172 1414 1284 1451 cuius
1299 1425 1451 1451 summa
1467 1417 1564 1459 erat,
1579 1415 1620 1450 ut
1635 1425 1724 1451 eum
1742 1413 1930 1450 haberent
1945 1423 2014 1461 pro

1076 1479 1166 1516 rege
1187 1467 1417 1504 Britanniae
1437 1467 1610 1516 legitimo
1640 1479 1685 1504 ac
1712 1477 1905 1516 supremo,
1924 1477 2016 1514 pro-

1075 1520 1240 1566 fitentes,
1272 1533 1319 1558 ne
1349 1520 1575 1558 Pontificem
1610 1521 1766 1569 quidem
1795 1520 2016 1557 Romanum

1076 1586 1185 1623 posse
1205 1574 1241 1611 ei
1261 1586 1424 1623 regnum
1446 1575 1647 1622 abrogare.
1670 1574 1775 1611 Idem
1797 1576 1949 1610 coortas
1977 1572 2017 1609 in

1078 1628 1279 1665 Lusitania
1299 1628 1345 1665 de
1365 1628 1497 1664 Bulla
1519 1627 1775 1664 Sabbathz‘na
1797 1625 2017 1664 contentio-

1077 1693 1163 1726 nes,
1183 1683 1223 1718 et
1250 1681 1341 1718 inde
1372 1682 1421 1719 ad
1449 1684 1575 1718 totum
1595 1680 1856 1718 Christianum
1886 1680 2020 1716 orbem

1077 1734 1250 1781 diffusas,
1262 1734 1544 1783 sapientissimo
1562 1735 1725 1771 Decreto
1748 1733 1905 1770 tandem
1926 1732 2022 1769 dire-

1078 1788 1148 1825 mit
1167 1788 1266 1836 quod
1298 1788 1359 1825 vel
1386 1788 1468 1837 ipse
1490 1787 1689 1836 probavit,
1706 1786 2020 1835 collaudavitque

1081 1842 1277 1879 Launoius
1293 1839 1318 1880 ².
1339 1841 1629 1887 Constitutioni,
1650 1852 1764 1890 quam
1798 1844 1943 1877 vocant
1972 1841 2019 1876 in

1084 1895 1216 1932 Coena
1235 1896 1414 1942 Domini,
1424 1894 1646 1932 Comaclum
1674 1894 1838 1932 inseruit
1851 1891 1876 1931 ³.
1891 1893 2021 1930 Fran-
2049 1893 2051 1895 ’

1079 1948 1221 1986 ciscam
1250 1950 1468 1986 Romanam
1498 1950 1537 1985 et
1565 1947 1747 1985 Carolum
1777 1946 2022 1985 Cardinalem

1078 2003 1356 2040 Borromaeum
1369 2003 1530 2040 Sanctos
1546 2014 1629 2040 esse
1649 1999 1830 2039 definivit
1840 1999 1867 2039 4.
1881 2001 1939 2038 Ad
1961 2012 2021 2049 pe-

1119 2166 1129 2187 ¹
1146 2166 1300 2205 Spondan.
1311 2165 1348 2196 ad
1363 2174 1410 2196 an.
1423 2164 1609 2202 ’1606-1607ς
1624 2163 1724 2194 Andr.
1741 2162 1926 2199 Mnuroceni,
1943 2160 2024 2193 Hist.

1080 2217 1142 2239 rer.
1165 2206 1270 2239 Venet.
1295 2208 1314 2239 l.
1340 2206 1394 2246 17,
1419 2211 1448 2238 et
1471 2207 1623 2246 lgnatium
1649 2205 1851 2244 Hiacynthum
1875 2205 1964 2234 Amat
1986 2203 2025 2234 de

1080 2251 1236 2281 Graveson
1253 2250 1282 2279 in
1300 2248 1376 2280 Hist.
1393 2247 1476 2281 Eccl.
1493 2252 1510 2278 t.
1528 2248 1557 2286 8,
1571 2248 1682 2287 colloq.
1702 2246 1742 2283 ⁹2..

1118 2290 1132 2312 2
1149 2292 1261 2321 Harum
1278 2291 1503 2321 contentionum
1521 2290 1680 2320 historiam
1704 2287 1830 2318 tradidit
1849 2287 1961 2317 Paulus
1986 2287 2024 2316 ab

1079 2332 1388 2368 Omnibus-Sanctis,
1412 2333 1439 2362 in
1461 2329 1549 2362 Clavi·
1566 2333 1697 2370 Aurea,
1721 2340 1747 2367 p.
1771 2328 1789 2358 ⁹2
1803 2354 1810 2367 ‚
1834 2338 1858 2359 c.
1879 2328 1925 2359 15.
1952 2329 2025 2358 Vide

1079 2384 1200 2415 quoque
1218 2374 1329 2404 Bened.
1344 2374 1418 2412 XIV,
1434 2373 1470 2403 de
1486 2371 1593 2403 Festis
1606 2372 1638 2404 B.
1654 2372 1692 2404 M.
1714 2370 1742 2403 V.
1761 2380 1787 2409 p.
1805 2371 1833 2407 ⁹2,
1849 2374 1866 2404 ἓ
1884 2369 1930 2407 77;
1950 2371 2027 2400 Lau-

1079 2417 1167 2447 noius
1198 2417 1322 2446 Dissert.
1347 2415 1390 2446 De
1415 2413 1630 2446 Carmeltcani
1652 2411 1840 2453 Scapularis
1862 2411 2025 2449 sodalitio,

1080 2461 1098 2489 t.
1115 2457 1144 2495 ΕΖ,
1162 2467 1190 2497 p.
1207 2456 1236 2495 2,
1252 2467 1277 2488 c.
1294 2456 1320 2486 02.
1345 2468 1356 2485 11
1375 2458 1532 2487 Decretum
1549 2460 1659 2492 antem,
1677 2455 1779 2486 subdit
1804 2453 2027 2489 Lamberunus,

1079 2500 1210 2530 habetur
1226 2500 1254 2529 in
1270 2497 1421 2529 Bullario
1442 2496 1671 2533 Carmelitano,
1689 2502 1706 2526 t.
1727 2497 1753 2533 1,
1770 2505 1797 2534 p.
1816 2494 1897 2532 (huet
1914 2499 1932 2524 t.
1950 2494 1978 2531 ²2,
1997 2504 2025 2533 p.

1079 2541 1300 2572 GOl.Patrihus
1313 2539 1482 2570 Carmelitis
1510 2539 1703 2578 permittatur
1726 2536 1918 2576 praedicare,
1944 2536 2026 2576 quod

1080 2583 1207 2622 populus
1223 2582 1412 2612 Christianus
1430 2582 1528 2620 possit
1545 2580 1593 2619 pie
1608 2580 1732 2610 credere
1748 2579 1783 2609 de
1797 2578 1948 2608 adiutorio
1965 2579 2026 2607 ani-

1080 2633 1196 2655 marum
1206 2625 1345 2654 Fratrum
1359 2623 1588 2653 ctConfratrum
1602 2622 1629 2651 in
1643 2621 1790 2651 charitate
1805 2619 2027 2656 decedentium,

1080 2666 1176 2706 quiin
1195 2667 1252 2695 vita
1271 2665 1405 2695 habitum
1424 2664 1614 2703 gestaverint
1639 2667 1668 2692 et
1695 2662 1867 2692 castitatem
1893 2669 1947 2699 pro
1971 2670 2025 2690 suo

1081 2712 1163 2738 statu
1175 2707 1335 2744 coluerint,
1350 2705 1551 2744 Ol'ticiumque
1569 2713 1697 2743 parvum
1715 2703 1921 2738 recitaverint,
1936 2702 1982 2732 vel
1999 2703 2026 2731 si

1082 2750 1211 2780 recitare
1226 2748 1423 2784 nesciverint,
1436 2746 1591 2777 Ecclesiae
1608 2746 1718 2775 ieiunia
1736 2744 1980 2782 observaverint,
1999 2747 2027 2774 et

1081 2791 1168 2821 Feria
1185 2791 1231 2829 1V‚
1248 2794 1277 2819 et
1292 2784 1450 2819 Sabbatho
1467 2797 1483 2817 a
1500 2787 1643 2817 carnibus
1661 2786 1880 2820 abstinuerint;
1901 2786 1956 2815 nisi
1977 2785 2026 2814 ubi

1082 2833 1111 2863 in
1135 2831 1173 2861 iis
1197 2832 1304 2861 diebus
1322 2830 1491 2860 Nativitatis
1510 2829 1626 2858 Domini
1644 2829 1763 2858 Festum
1782 2827 1937 2863 inciderit;
1962 2828 2026 2855 suis

1082 2872 1354 2904 intercessionibus
1367 2870 1528 2906 continuis,
1542 2870 1668 2908 suisque
1682 2868 1839 2908 suffragiis
1856 2873 1885 2897 et
1898 2867 2029 2904 meritis,

1083 2920 1112 2946 et
1127 2914 1255 2953 speciali
1274 2913 1461 2952 protectione
1475 2915 1542 2949 post
1555 2920 1659 2940 eorum
1674 2911 1848 2946 transitum,
1863 2910 2030 2948 praecipue

1083 2958 1111 2987 in
1130 2958 1177 2986 die
1195 2955 1341 2986 Sabbathi
1365 2954 1427 2992 (qui
1446 2953 1510 2981 dies
1534 2952 1572 2981 ab
1597 2952 1732 2982 Ecclesia
1749 2952 1843 2981 eidem
1863 2952 1893 2981 B.
1913 2950 2029 2990 Virgini

1084 2999 1202 3029 dicatus
1219 3001 1274 3033 est)
1291 2996 1500 3027 adiuturam».
1516 2995 1556 3023 De
1574 2994 1630 3023 hac
1648 3002 1679 3023 re
1695 2992 1813 3031 loquuti
1830 3001 1934 3022 sumus
1950 3001 1977 3032 p.
1992 2991 2030 3021 91

1084 3041 1112 3070 in
1131 3045 1190 3070 not.
1209 3039 1244 3068 ct·
1257 3037 1347 3067 etiam
1366 3036 1529 3072 Balineum,
1547 3035 1586 3064 ad
1608 3033 1694 3064 diem
1712 3034 1748 3064 15
1765 3043 1835 3070 aug.
1852 3037 1869 3066 ,ξ’
1886 3034 1914 3071 6,
1931 3042 1960 3064 n.
1980 3032 2030 3062 31.

1085 3083 1193 3111 Verum
1211 3079 1324 3110 laudati
1343 3075 1553 3107 Lambertinus
1570 3079 1599 3105 et
1613 3075 1765 3106 Launoius
1779 3076 1853 3115 (Op.
1867 3074 1933 3110 cit.)
1953 3076 2030 3105 Con-

1083 3124 1279 3157 stitutionem,
1291 3128 1369 3159 quae
1386 3117 1575 3148 Sabbathina
1587 3117 1710 3155 dicitur,
1724 3117 1946 3157 supposititiam
1965 3116 2030 3147 exi-

1085 3165 1215 3195 stimant.

1125 3206 1138 3226 ³
1158 3202 1263 3235 Consc.
1281 3201 1329 3236 (33,
1349 3208 1364 3234 §
1379 3200 1428 3231 20.

1127 3246 1139 3269 4
1158 3245 1261 3278 Conse.
1279 3243 1358 3282 15,Ξέ
1374 3242 1411 3274 39
1429 3245 1457 3274 et
1476 3240 1583 3275 Consc.
1601 3241 1649 3282 67,
1669 3247 1683 3275 ἓ
1702 3242 1750 3274 55.
