2241 3473
607 170 732 201 VSQVE
761 170 814 196 AD
843 169 1138 215 PONTlfch'rvM
1166 171 1196 196 S.
1218 169 1413 197 GREGORII
1444 170 1515 196 vn.

80 237 205 276 nacho
233 234 390 275 transiit
409 236 458 273 ad
478 235 633 273 Suecos.
654 236 689 273 A
709 247 802 285 rege
824 235 1038 273 Succorum

80 290 177 328 bene
205 288 386 337 excepti,
411 288 675 337 Evangelium
696 288 814 325 libere
833 287 1040 336 praedica-

80 340 413 389 runt,multosque
430 342 709 378 converterunt
724 342 764 377 et
778 340 1037 387 baptizarunt.

130 393 261 435 Quum
280 394 506 431 Luilovicus
524 392 741 430 audivisset
752 393 852 428 hanc
864 392 1037 439 gentium

77 445 442 495 septentrionalium
471 446 519 483 ad
543 444 833 492 suscipiendam
854 444 1038 481 christia-

78 509 168 537 nam
197 498 441 547 Religionem
471 497 763 546 propensionem
778 524 788 541 ,
811 507 870 532 an.
893 495 971 532 830
991 508 1039 532 ex

78 550 347 599 episcoporum
368 554 408 588 et
429 561 633 599 procerum
653 547 812 586 consilio
836 547 1038 584 Hambur-

77 603 115 651 gi
135 605 263 641 erexit
282 604 412 641 sedem
434 600 805 650 archiepiscopalem
823 628 833 644 ,
853 600 901 636 ad
923 610 1039 646 quam

77 655 251 694 omnium
279 667 468 693 consensu
497 655 645 691 electus
673 656 713 690 et
743 651 944 689 ordinatus
965 651 1040 688 fuit

77 719 106 745 s.
127 709 376 746 Anscharius.
399 708 455 744 Ea
475 706 604 743 omnia
624 704 805 754 probavit
822 704 1037 752 Gregorius

79 761 149 808 Pp.
179 761 256 805 IV,
285 764 325 797 et
350 772 379 797 s.
401 759 618 796 Anschario
644 757 803 805 pallium
823 756 928 793 dedit
948 768 1035 792 cum

77 812 225 850 iuribus
240 812 376 861 Legati
399 810 598 859 apostolici
622 821 688 857 pro
711 809 866 846 cunctis
882 809 1042 856 Septen-

78 864 216 902 trionis
236 864 472 912 regionibus.
495 863 640 900 Eodem
660 864 837 908 tempore
858 861 1037 897 Anscha—

76 916 125 953 rii
146 917 304 954 adiutor
323 921 362 953 et
381 916 584 964 episcopus
602 914 817 950 Suecorum
834 913 1038 950 ordinatus

79 969 158 1006 fuit
188 963 429 1006 Gautbertus
457 968 555 1004 alias
575 967 707 1004 Simon
721 995 730 1010 ,
750 966 816 1014 qui
836 966 875 1002 in
899 965 1039 1002 Suecia

78 1032 285 1059 numerum
301 1021 614 1059 Christianorum
631 1018 840 1067 plurimum
857 1018 981 1055 auxit.
999 1018 1036 1054 S.

75 1074 318 1111 Auscharius
339 1075 423 1111 tum
443 1083 512 1121 per
527 1083 568 1109 se
585 1075 669 1108 tum
686 1082 755 1118 per
773 1070 1036 1107 missionarios

74 1137 163 1164 suos
196 1126 465 1175 propagandae
489 1125 629 1172 ubique
651 1123 764 1160 Fidei
787 1123 1036 1160 adlaboravit

78 1189 198 1225 usque
219 1179 267 1215 ad
288 1189 434 1215 annum
455 1177 546 1220 865,
567 1188 641 1224 quo
666 1178 797 1213 sancte
819 1175 950 1213 obiit¹.

129 1230 192 1268 32.
213 1230 420 1268 Ecclesiae
438 1234 572 1266 status
602 1230 643 1266 in
668 1229 807 1265 Gallia
820 1250 871 1255 —
886 1229 930 1264 In
951 1227 1038 1264 Gal-

74 1282 128 1321 lia
156 1294 220 1320 res
247 1282 382 1320 civiles
403 1285 520 1330 atque
541 1281 828 1318 ecclesiasticae
867 1280 1037 1318 dissidiis

74 1339 115 1372 et
142 1327 254 1372 Bellis
282 1335 449 1372 internis
479 1334 689 1381 plurimum
718 1334 974 1381 perturbatae
995 1345 1036 1369 e-

1910 158 1990 197 225

1081 235 1201 272 armis
1230 234 1452 284 compulsus
1479 236 1550 273 est.
1571 234 1818 286 Quapropter
1847 247 1947 273 anno
1975 246 2040 273 se-

1081 289 1223 336 quente
1242 288 1280 324 in
1301 289 1495 330 conventu
1516 287 1618 336 apud
1647 300 1676 326 s.
1699 287 1929 336 Dionysium
1957 288 2040 325 Lu-

1083 340 1242 377 dovicus
1261 351 1350 376 cum
1371 340 1500 377 Iudita
1519 341 1684 390 coniuge
1702 339 1866 389 imperio
1889 340 2041 378 restitu-

1084 397 1148 429 tus
1168 392 1257 437 fuit3
1274 396 1312 430 et
1330 393 1368 429 in
1385 392 1550 430 comitiis
1565 393 1826 440 generalibus,
1839 392 1886 430 ad
1902 392 2039 429 villam

1083 445 1301 482 Theodonis
1321 457 1382 482 an.
1401 444 1478 482 835
1496 445 1652 492 habitis,
1667 457 1800 483 omnes
1820 446 1930 482 actus
1955 456 2042 482 con-

1086 499 1225 534 ventus
1247 497 1564 545 Compendiensis
1594 498 1771 547 abrogati
1793 500 1898 535 sunt.
1921 498 2040 534 Post-

1083 548 1177 585 haec
1198 550 1422 587 Ludovicus
1442 549 1587 586 bellum
1621 551 1755 588 intulit
1774 549 2015 588 Normannis
2029 579 2039 595 ,

1082 600 1248 640 Frisiarn
1266 601 1524 646 vastantibus,
1545 614 1640 649 quos
1661 614 1804 652 magna
1820 602 1931 640 clade
1947 601 2038 639 affe·

1081 658 1162 688 ctos
1180 654 1334 703 regredi
1351 653 1682 702 iussit.1s‚Pipino
1699 667 1790 704 rege
1802 655 2040 703 Aquitaniae

1083 716 1143 741 an.
1163 706 1241 743 838
1258 706 1450 750 defuncto,
1471 706 1510 742 in
1540 710 1734 744 conventu
1757 704 2040 744 'Wormatiensi

1085 768 1147 794 an.
1165 758 1242 797 839
1260 769 1421 806 regnum
1443 758 1499 794 ita
1515 758 1658 804 divisit,
1677 762 1720 796 ut
1739 760 1949 796 Lotharius
1964 759 2039 796 Ita-

1082 808 1174 846 liam
1192 814 1231 847 et
1248 810 1461 848 australem
1481 812 1633 859 partem
1655 811 1804 849 Galliae
1825 812 1872 848 ad
1889 812 2039 849 Mosam

1083 861 1265 908 haberet,
1288 862 1511 900 Ludovicus
1527 862 1749 910 Bavariam,
1766 864 1928 902 Carolus
1943 864 2037 901 Cal-

1083 925 1154 951 vus
1171 916 1377 952 occiduam
1394 914 1546 951 Galliae
1561 919 1728 963 partem.
1740 918 1853 954 Anno
1864 917 2039 962 840,Lu-

1083 966 1219 1004 dovico
1250 969 1368 1015 padre
1394 967 1597 1012 defuncto,
1618 968 1721 1005 bella
1749 969 1878 1005 civilia
1906 980 2041 1006 recru-

1081 1019 1262 1058 duerunt.
1280 1020 1490 1057 Lotharius
1506 1019 1671 1057 ditiones
1693 1020 1858 1057 fratrum
1879 1033 2039 1058 suorum

1080 1071 1238 1109 invasit.
1262 1073 1486 1109 Ludovicus
1507 1075 1546 1109 et
1566 1072 1728 1109 Carolus
1749 1073 1893 1110 Calvus
1909 1102 1918 1117 ,
1939 1074 2036 1110 viri-

1082 1124 1152 1161 bus
1179 1127 1315 1163 contra
1344 1136 1587 1162 communem
1617 1125 1769 1162 hostem
1801 1125 2038 1172 coniunctis,

1081 1176 1304 1214 invasorem
1335 1177 1529 1214 vicerunt.
1561 1178 1736 1214 Tandem
1769 1188 1872 1214 anno
1892 1178 1969 1215 843
1997 1179 2037 1215 in

1080 1232 1274 1267 conventu
1312 1230 1577 1267 virodunensi
1615 1241 1692 1277 pax
1729 1230 1785 1267 ita
1823 1231 2039 1279 composita

1081 1282 1166 1327 fuit,
1188 1285 1230 1319 ut
1249 1282 1458 1319 Lotharius
1475 1285 1666 1330 augustus
1682 1281 1838 1319 Italiam
1856 1286 1895 1319 et
1910 1283 2039 1320 omnia

1080 1334 1191 1371 iuxta
1213 1335 1464 1380 Rhodanum,
1484 1335 1669 1372 Rhenum
1689 1338 1728 1371 et
1747 1334 1910 1381 Mosam,
1938 1335 2039 1373 idest

74 1390 177 1425 rant.
193 1384 295 1426 Cum
311 1388 413 1424 enim
431 1387 652 1424 Ludovicus
667 1386 891 1433 imperator,
904 1386 1037 1422 defun-
1056 1402 1059 1431 l
1080 1387 1335 1424 Austrasiam
1355 1390 1395 1425 et
1413 1387 1698 1435 Burgundiam,
1715 1387 1935 1424 Ludovicus
1952 1399 2038 1436 par-

72 1442 136 1477 cta
150 1440 395 1488 Irmingarda
407 1469 415 1484 ,
438 1451 600 1476 uxorem
621 1439 795 1475 duxisset
818 1438 1031 1481 ludaham,
1079 1447 1156 1476 tem
1173 1439 1400 1477 orientalem
1415 1452 1483 1477 seu
1501 1440 1763 1484 Germaniam,
1780 1440 1943 1477 Carolus
1954 1440 2036 1477 Cal·

73 1492 302 1540 Welphonis
323 1492 478 1529 comitis
497 1491 633 1537 filiam,
655 1496 694 1528 et
716 1494 897 1537 suscepto
919 1502 970 1527 ex
990 1502 1036 1527 ea
1081 1504 1150 1528 vus
1179 1496 1334 1540 partem
1363 1493 1565 1530 occiduam
1586 1505 1652 1530 seu
1675 1492 1842 1530 Galliam
1862 1493 2036 1530 haberet.

71 1544 219 1582 Carolo
230 1544 350 1582 Calvo
366 1548 519 1592 partem
537 1542 649 1592 reg'ni
665 1543 840 1580 tribuere
857 1543 1036 1579 nimium-

1130 1545 1288 1585 Quanta
1303 1557 1350 1582 ex
1368 1546 1428 1583 his
1444 1546 1610 1583 dissidiis
1626 1545 1812 1593 bellisque
1828 1545 2034 1582 detrimen-

71 1608 146 1646 que
175 1596 311 1634 favere
341 1597 556 1641 uideretur,
588 1596 753 1644 Pipinus
773 1607 843 1632 rex
864 1596 1033 1643 Aquita·
1078 1599 1119 1634 ta
1147 1597 1436 1636 ecclesiasticae
1464 1610 1509 1634 ac
1539 1597 1645 1634 civili
1665 1598 1721 1634 rei
1742 1597 1854 1634 illata
1874 1598 2034 1644 fuerint,

71 1649 180 1695 niae,
208 1649 432 1686 Ludovicus
453 1661 524 1686 rex
544 1649 742 1686 Bavariae
764 1650 804 1684 et
823 1648 1034 1684 Lotharius
1076 1650 1239 1698 quisque
1257 1661 1325 1698 per
1339 1662 1380 1687 se
1393 1650 1550 1699 colligit.
1568 1650 1748 1699 Episcopi
1763 1652 1811 1688 ad
1823 1650 2036 1688 reforman-

70 1701 223 1749 imperii
242 1713 414 1746 consors,
431 1701 619 1738 Ludovici
638 1701 698 1738 Pii
716 1713 736 1737 e
754 1700 871 1749 priori
894 1701 1030 1737 coniu-

69 1765 117 1802 ge
135 1753 230 1799 filii,
251 1754 439 1791 adversus
460 1757 613 1802 patrem
633 1765 748 1790 suum
770 1752 873 1790 bella
894 1764 1030 1790 move-

70 1808 182 1851 runt;
201 1817 368 1854 eumque
390 1807 715 1854 comprehensum
738 1817 800 1842 an.
824 1805 902 1842 830
922 1806 1031 1854 regia

71 1859 304 1896 auctoritate
323 1859 551 1907 spoliarunt.
572 1858 689 1895 Brevi
706 1860 792 1906 post
808 1858 1030 1896 Ludovicus

71 1911 110 1948 in
139 1916 334 1948 conventu
355 1911 663 1959 Noviomagensi
683 1911 842 1958 quidem
863 1910 1030 1947 restitu-

70 1966 135 2000 tus
153 1963 240 2009 fuit,
257 1964 326 2001 sed
346 1975 407 2001 an.
425 1964 502 2001 833
519 1964 686 2000 rebelles
706 1963 778 1999 filii
801 1974 940 2000 rursus
962 1962 1035 2000 ar-‘

72 2026 136 2052 ma
163 2019 299 2053 contra
327 2018 482 2064 patrem
519 2016 782 2053 contulerunt.
814 2016 1029 2063 Gregorius

71 2068 141 2116 Pp.
164 2068 231 2114 IV,
247 2069 347 2106 filios
364 2069 463 2117 patri
480 2068 804 2105 reconciliaturus
821 2079 1030 2115 pacemque

70 2121 352 2169 compositurus
381 2121 421 2157 in
450 2121 619 2157 Galliam
640 2120 840 2169 profectus
860 2124 942 2167 est,
962 2121 1029 2157 sed

69 2183 112 2209 re
133 2172 294 2219 infecta,
315 2174 482 2210 Romam
502 2173 671 2221 repetiit3
691 2173 770 2210 iam
791 2172 1028 2210 filiiadver-

68 2235 132 2262 sus
147 2228 295 2273 patrem
315 2226 443 2274 copias
460 2231 714 2273 paraverant,
730 2228 769 2262 et
786 2225 930 2262 Franci
946 2237 1031 2273 pas-

68 2277 140 2313 sim
169 2289 193 2314 a
213 2278 410 2315 Ludovico
441 2278 510 2314 Pio
532 2278 776 2315 deficiebant.
800 2277 873 2314 Hic
894 2277 1027 2326 itaque

67 2340 91 2365 a
104 2329 187 2367 suis
205 2330 393 2375 desertus,
411 2342 549 2368 manus
565 2331 684 2376 dedit,
696 2332 735 2367 et
744 2330 1027 2377 Compendium

69 2381 298 2429 perductus,
330 2382 473 2420 ibidem
503 2395 563 2420 an.
585 2384 662 2421 833
691 2383 730 2419 in
752 2383 919 2420 comitiis
939 2383 1027 2431 gla-

70 2433 176 2470 dium
197 2434 386 2482 deponere
400 2464 409 2479 ,
430 2447 469 2472 se
489 2447 621 2473 rerum
643 2435 742 2472 male
763 2435 1028 2472 administrati
1048 2441 1051 2484 ξ

70 2485 220 2533 imperii
240 2486 366 2531 fateri,
385 2487 558 2536 illudque
578 2488 657 2525 filio
678 2500 748 2525 suo
765 2488 951 2524 L'othario
967 2500 1028 2524 ce-
1049 2495 1050 2505 ¹

70 2538 162 2574 dere
175 2541 333 2575 coactus
352 2539 716 2585 fuit.1uditha,uxor
727 2539 864 2584 eius,in
874 2540 1026 2577 Italiam

72 2589 247 2638 relegata
268 2594 328 2628 est
341 2620 350 2637 ‚
369 2594 409 2628 et
428 2591 578 2629 iuvenis
598 2593 758 2630 Carolus
779 2592 921 2629 Calvus
941 2604 1026 2629 mo-

72 2641 250 2679 nasterio
272 2643 494 2680 Prumiensi
522 2655 640 2692 prope
666 2645 855 2682 Treviros
877 2644 1026 2682 manci-

70 2696 197 2742 patus.
228 2695 377 2732 Verum
407 2696 619 2745 Gregorius
640 2698 709 2744 Pp.
735 2697 791 2733 IV
811 2709 1025 2745 quaecum-

71 2757 147 2793 que
168 2747 206 2782 in
227 2750 421 2784 conventu
439 2747 735 2796 Compendiensi
752 2752 889 2786 contra
903 2750 1028 2787 Ludo-

73 2798 200 2835 vicum
231 2802 320 2836 acta
348 2799 527 2843 fuerant,
546 2799 751 2845 rescidit23
771 2801 887 2838 multi
908 2803 1027 2839 etiam

71 2861 249 2897 proceres
260 2851 329 2888 illa
341 2863 458 2900 aegre
474 2852 664 2898 tulerunt;
674 2852 776 2901 ipsos
784 2853 1025 2892 Ludox'ricum

71 2902 266 2940 Bavariae
296 2910 335 2941 et
364 2904 547 2952 Pipinum
568 2905 802 2952 Aquitaniae
821 2918 934 2954 reges
953 2907 1026 2943 ad-

72 2953 177 2991 missi
193 2955 232 2992 in
247 2959 398 3003 patrem
417 2956 600 2994 facinoris
616 2957 1027 3005 poenituit.Lotharius

1047 2706 1050 2722 l

1079 1703 1147 1739 dos
1163 1715 1290 1740 mores
1305 1703 1449 1741 multas
1464 1704 1630 1751 synodos
1641 1703 2035 1752 coegerunt.An.829

1078 1757 1248 1803 quatuor
1267 1756 1406 1803 synodi
1427 1756 1644 1793 celebratae
1663 1759 1774 1800 sunt,
1794 1768 1934 1804 nempe
1953 1756 2034 1793 Mo-

1076 1809 1249 1855 guntiae,
1262 1809 1456 1856 Lugduni,
1473 1808 1638 1845 Tolosae
1654 1810 1694 1845 et
1704 1809 1879 1855 Parisiis,
1895 1809 1933 1845 in
1951 1809 2032 1856 qui-

1075 1861 1145 1897 bus
1165 1862 1312 1906 multa,
1333 1861 1622 1909 componendae
1652 1861 1878 1909 disciplinae
1899 1861 2011 1898 utilia
2026 1892 2036 1909 ,

1074 1915 1286 1951 constituta
1306 1913 1476 1950 fuerunt.
1498 1916 1571 1950 An.
1589 1913 1666 1950 836
1688 1913 1726 1949 in
1747 1914 1896 1961 synodo
1916 1914 2033 1961 Aqui-

1073 1968 1275 2013 sgranensi
1296 1967 1408 2014 plura
1427 1978 1581 2015 quoque
1600 1965 1751 2002 sancita
1771 1969 1864 2002 sunt
1884 1966 1931 2003 de
1952 1966 2034 2004 vita

1074 2021 1112 2055 et
1135 2018 1270 2055 officiis
1299 2019 1567 2066 episcoporum
1581 2048 1590 2064 ,
1611 2018 1841 2055 clericorum
1856 2047 1865 2063 ,
1885 2018 2033 2067 princi-

1072 2082 1163 2119 pum
1183 2073 1222 2108 et
1242 2072 1526 2108 ministrorum.
1542 2071 1755 2108 Praeterea
1772 2083 1918 2109 novum
1934 2083 2034 2108 com-

1051 2118 1053 2130 ¹
1072 2123 1322 2161 monitorium
1344 2124 1505 2161 missum
1522 2124 1596 2161 fuit
1619 2124 1666 2160 ad
1687 2123 1885 2170 Pipinum,
1898 2135 2032 2172 regem

1070 2176 1319 2223 Aquitaniae,
1343 2180 1479 2213 contra
1498 2179 1677 2225 raptores
1700 2187 1831 2212 rerum
1851 2176 2032 2214 ecclesia-

1069 2229 1271 2266 sticarum.
1295 2229 1456 2276 Pipinus
1477 2229 1635 2278 aliique,
1657 2228 1927 2277 episcoporum
1950 2240 2030 2265 mo-

1072 2281 1161 2319 nitis
1183 2285 1378 2330 parentes,
1394 2294 1497 2330 quae
1513 2283 1704 2319 bellorum
1719 2283 1895 2329 tempore
1912 2282 2032 2318 eccle-

1069 2334 1136 2371 siis
1167 2338 1402 2383 rapuerant,
1424 2334 1694 2372 restituerunt.
1715 2334 1827 2371 Aliae
1848 2333 2027 2381 deinceps

1068 2388 1204 2435 synodi
1224 2390 1382 2424 coactae
1401 2391 1503 2433 sunt,
1524 2387 1708 2424 nimirum
1729 2397 1791 2423 an.
1812 2387 1889 2423 843
1904 2386 1942 2422 in
1961 2386 2028 2423 vil-

1068 2439 1106 2476 la
1127 2440 1286 2477 Colonia
1314 2451 1433 2488 prope
1453 2439 1717 2477 Cenomannos
1738 2442 1778 2476 et
1797 2439 1897 2486 apud
1917 2438 2026 2475 Lau-

1069 2493 1217 2529 riacum
1237 2493 1275 2529 in
1300 2504 1395 2540 agro
1415 2492 1703 2540 Andegavensi,
1723 2502 1784 2528 an.
1806 2491 1881 2527 844
1902 2490 1939 2526 in
1959 2490 2027 2527 vil·

1068 2545 1107 2582 la
1135 2543 1359 2582 Theodonis
1388 2547 1428 2582 et
1456 2545 1495 2581 in
1516 2545 1662 2593 palatio
1682 2544 1837 2588 Verno,
1866 2554 1927 2579 an.
1949 2542 2028 2580 845

1068 2597 1263 2634 Bellovaci
1283 2599 1321 2634 et
1342 2597 1492 2643 Meldis3
1513 2598 1551 2633 in
1572 2597 1710 2644 quibus
1731 2595 1858 2634 multa
1878 2595 2024 2631 consti-

1068 2652 1154 2688 tuta
1169 2650 1326 2687 fuerunt
1342 2651 1387 2686 de
1403 2649 1680 2686 conservandis
1697 2647 1950 2684 ecclesiarum
1966 2647 2026 2684 bo‘

1070 2703 1140 2748 nis,
1154 2703 1366 2751 privilegiis
1381 2705 1420 2739 et
1435 2702 1599 2746 iuribus,
1615 2702 1661 2736 de
1680 2711 1817 2747 regum
1830 2711 1925 2748 erga
1941 2700 2028 2736 sub-

1071 2756 1167 2792 ditos
1193 2755 1341 2792 iustitia
1356 2756 1583 2800 horumque
1604 2764 1698 2799 erga
1718 2751 1803 2788 illos
1820 2751 1911 2797 fide,
1931 2764 2023 2788 eon-

1067 2810 1130 2845 tra
1150 2808 1312 2845 iniustos
1342 2818 1474 2843 rerum
1505 2804 1861 2842 ecclesiasticarum
1881 2804 2022 2842 deten-

1068 2864 1173 2898 tores
1191 2890 1200 2906 ,
1219 2861 1266 2896 de
1287 2858 1526 2907 corrigendis
1554 2857 1594 2893 in
1616 2857 1718 2893 clero
1732 2885 1741 2901 ,
1763 2857 1962 2894 monachis
1984 2860 2024 2895 et

1070 2913 1208 2961 populo
1224 2912 1410 2949 abusibus
1421 2910 1598 2947 &Verum
1607 2909 1843 2957 synodorum
1856 2911 2019 2956 statuta,

1069 2969 1224 3013 propter
1252 2963 1474 3011 frequentia
1493 2962 1656 2999 dissidia
1676 2962 2017 2999 Normannorum-

73 3017 181 3052 vero,
197 3007 323 3045 adhuc
344 3009 510 3054 rebellis,
532 3009 578 3046 ad
600 3009 871 3057 POStUlandaffl
892 3023 1027 3058 pacem
1047 3015 1050 3058 l
1069 3030 1142 3065 que
1163 3016 1400 3061 invasiones,
1422 3025 1560 3062 parum
1589 3014 1808 3052 executioni
1831 3015 2018 3052 mandata

111 3108 122 3130 ¹
141 3110 174 3142 S.
194 3112 359 3150 Rembert.‚
383 3111 449 3142 Vita
466 3121 489 3142 ε.
506 3111 688 3148 Auscharit',
702 3113 781 3151 apud
796 3112 933 3143 Bolland.
947 3112 1027 3144 Acta

74 3148 127 3182 SS.
149 3150 167 3182 3
185 3152 277 3189 febr.;
293 3153 450 3189 Mabinon,
467 3153 547 3182 ΑεΙιι
563 3151 618 3183 SS.
633 3152 792 3184 Benedici
809 3157 828 3183 t.
846 3154 894 3190 lv,
909 3163 937 3191 p.
954 3153 1023 3184 401.

111 3190 126 3211 ²
143 3192 215 3222 Paul
236 3194 386 3230 AEmilius,
400 3192 442 3223 De
458 3192 551 3222 rebus·
567 3194 661 3233 yesle's
676 3194 828 3224 Francor.
839 3197 857 3223 t.
868 3193 920 3231 ΙΙΙ,
936 3194 1020 3233 p-5i.

279 3242 530 3292 WOUTERS,
557 3243 584 3283 1.

1070 3070 1194 3106 fuere.

1109 3195 1119 3216 ¹
1138 3195 1250 3232 Labbe,
1270 3194 1387 3226 Concu.
1405 3198 1422 3225 ί.
1443 3195 1508 3232 Vll,
1526 3195 1654 3234 passim,
1670 3204 1719 3234 pp,
1738 3195 1931 3227 1590-1813.

1351 3257 1355 3262 ’
1766 3248 1811 3283 16
