2241 3473
491 142 619 173 VSQVE
648 143 701 170 AD
731 139 931 168 PVBLICAM
958 136 1101 165 RERVM
1131 137 1175 164 IN
1203 137 1358 166 GALLHS
1387 136 1693 166 SVBVERSIONEM

113 210 255 249 librum
271 208 450 257 scripsit,
467 210 528 247 cui
549 209 687 247 titulus
709 209 826 246 Mars
849 207 1045 250 Gallicus,

113 265 152 301 in
183 274 257 312 quo
277 262 427 300 ardenti
450 262 539 300 stilo
560 262 760 300 Gallorum
784 262 940 299 foedera
959 270 1046 296 cum

113 315 349 366 principibus
378 316 664 364 protestanticis
685 316 896 364 redarguit,
917 317 956 351 et
975 314 1048 350 Au-

110 368 278 408 striacae
296 367 467 406 familiae
485 369 571 406 iura
590 369 628 406 in
646 368 822 418 Belgium
843 370 978 405 contra
998 365 1047 402 il-

113 422 239 460 lorum
284 422 588 460 machinationes
621 421 800 460 defendit.
836 421 920 458 Hoc
953 420 1049 456 libro

112 476 259 513 meruit
290 474 461 513 favorem
493 475 661 524 Philippi
691 474 757 521 IV,
787 475 891 523 regis
911 473 1049 522 Hispa-

113 529 213 574 niae,
243 540 265 566 a
283 540 358 577 quo
380 540 440 566 an.
464 529 564 567 1635
584 529 782 576 episcopus
802 527 969 576 Iprensis
991 537 1048 562 re-

114 581 318 620 nunciatus
347 581 432 620 suit.
462 583 572 620 Anno
592 581 768 630 sequenti
789 580 1049 624 consecratus,

116 638 290 674 mortuus
309 638 369 673 est
388 647 487 673 anno
512 634 622 672 1638.

164 688 328 726 Praeter
357 689 700 726 commemoratum
728 686 871 724 librum
892 684 1049 734 reliquit

112 741 312 780 Iansenius
341 741 638 779 commentarios
666 743 704 778 in
726 739 1048 783 Pentateuchum,

110 794 340 840 Proverbia,
351 794 627 841 Ecclesiasten,
635 793 886 843 Sapientiam,
898 792 1047 841 Sopho-

111 848 215 886 niam
249 850 289 886 et
316 849 354 885 in
383 848 613 898 Evangelia,
647 850 686 886 et
705 847 920 884 infaustum
940 857 1046 894 opus,

110 902 172 940 cui
191 901 326 939 titulus
342 903 619 950 Auyustz'nm,
635 913 701 939 seu
721 900 906 939 Doctrina
917 911 946 937 s.
959 901 1048 937 Au-

110 954 254 1005 gustini
283 955 330 993 de
358 959 523 993 naturae
542 955 738 993 humanae
765 954 956 1000 sanitate,
977 964 1047 990 ae-

109 1008 320 1058 gritudine,
336 1008 537 1055 medicina,
555 1009 741 1046 adversus
754 1007 986 1057 Pelagianos
1008 1008 1047 1043 et

111 1061 384 1100 Massilienses.
406 1062 449 1099 In
469 1063 594 1112 prima
615 1064 723 1111 parte
739 1062 855 1098 huius
870 1060 955 1098 libri
973 1072 1046 1097 ex-

111 1116 269 1165 ponitur
288 1115 463 1153 haeresis
484 1115 708 1165 Pelagiana3
720 1115 758 1152 in
775 1114 944 1152 secunda
959 1115 1046 1151 sta-

111 1173 172 1206 tus
192 1169 384 1207 humanae
406 1170 570 1207 naturae
599 1173 688 1207 ante
717 1172 756 1206 et
776 1170 862 1217 post
878 1167 1046 1216 lapsum,

110 1223 280 1271 adeoque
306 1226 507 1272 peccatum
541 1222 728 1271 originale
763 1223 922 1270 eiusque
952 1220 1044 1258 mali

110 1275 283 1322 effectus,
316 1276 516 1325 speciatim
546 1275 720 1314 defectus
747 1275 857 1312 liberi
879 1274 1044 1320 arbitrii3

110 1329 148 1366 in
169 1330 288 1367 tertia
307 1331 418 1378 parte
438 1331 610 1378 systema
630 1342 658 1367 s.
675 1328 883 1378 Augustini
903 1328 949 1365 de
970 1340 1045 1365 au-

109 1382 204 1420 xilio
224 1384 372 1432 gratiae
391 1383 635 1420 medicinalis
655 1385 694 1420 et
710 1383 755 1420 de
770 1382 1044 1431 praedestina-

108 1436 228 1483 tione;
262 1436 400 1484 ubique
433 1437 653 1474 sententiae
679 1435 949 1482 molinisticae,
970 1447 1042 1472 ve·-

108 1489 181 1527 luti
197 1490 510 1539 semipelagianis
531 1489 675 1536 affines,
694 1489 927 1527 refutantur.

161 1543 363 1581 Iansenius
393 1545 429 1580 in
459 1544 657 1580 exarando
673 1544 744 1581 hoc
765 1553 879 1591 opere
898 1542 949 1580 22
971 1554 1043 1579 an-

110 1596 169 1634 nis
200 1596 396 1634 laborasse
425 1597 586 1641 dicitur;
619 1597 686 1634 sed
725 1597 846 1645 ipsius
875 1595 1042 1633 auctoris

109 1661 217 1688 mens
246 1650 293 1687 de
327 1650 501 1688 doctrina
520 1651 559 1687 in
580 1650 676 1687 libro
696 1661 765 1687 suo
787 1649 943 1695 tradita,
967 1661 1038 1686 non

108 1715 247 1752 parum
276 1706 455 1753 suspecta
476 1704 650 1741 redditur
669 1715 718 1741 ex
739 1703 910 1752 epistolis
930 1703 1040 1740 eius-

109 1757 196 1794 dem
229 1757 277 1794 ad
311 1758 371 1794 ab.
404 1757 688 1806 Saneyranum.
724 1757 767 1793 In
805 1756 851 1794 iis
888 1757 1039 1793 scribit:

110 1821 132 1847 «
153 1811 241 1848 Non
269 1812 393 1848 audeo
413 1811 539 1848 dicere
567 1811 659 1860 quid
689 1810 814 1848 sentio
844 1811 890 1847 de
922 1821 1041 1859 prae—

108 1863 365 1901 destinatione
394 1868 433 1901 et
459 1864 598 1912 gratia,
632 1876 679 1901 ne
708 1863 808 1901 forte
829 1867 1039 1913 antequam

108 1918 237 1955 omnia
272 1920 409 1966 parata
441 1920 480 1955 et
501 1920 698 1955 maturata
718 1918 808 1961 sint,
828 1917 920 1954 mihi
939 1918 1039 1966 quod

107 1970 193 2008 aliis
211 1971 376 2016 accidat,
395 1971 543 2008 Romae
563 1972 736 2017 damner,
757 1971 857 2008 sicut
876 1971 1041 2008 damna-

110 2026 174 2061 tus
194 2023 324 2062 fuerat
338 2024 458 2062 Baius
473 2036 508 2062 ›>.
529 2025 659 2069 Addit,
676 2025 906 2069 doctrinam,
924 2036 1040 2073 quam

107 2077 146 2114 in
178 2078 414 2127 Auyustz‘no
434 2079 665 2127 exponebat,
685 2077 880 2127 plerisque
901 2079 1040 2126 stupo-

107 2142 189 2168 rem
223 2131 478 2178 ineussuram3
512 2131 691 2169 futurum
724 2131 852 2177 facile,
871 2135 915 2168 ut
934 2134 1042 2168 tam-

108 2195 226 2232 quam
255 2185 400 2222 delirus
419 2188 459 2222 et
479 2187 692 2223 somniator
711 2185 875 2234 insignis
896 2185 1041 2230 audiat3

109 2248 252 2286 magna
279 2238 496 2287 prudentia,
524 2239 895 2288 circumspectione,
925 2250 1041 2286 prae—

107 2290 239 2327 sertim
267 2302 470 2339 procerum
499 2294 538 2329 et
564 2292 832 2341 religiosorum
863 2296 1039 2329 coetuum

108 2343 301 2393 praesidio
329 2356 422 2393 opus
460 2357 555 2383 esse.
595 2345 676 2382 Sibi
701 2346 883 2383 obiiciens
916 2344 1041 2382 bullas

111 2396 169 2433 Pii
200 2396 234 2433 V
269 2399 307 2434 et
340 2399 514 2447 Gregorii
531 2398 627 2436 XIII
651 2401 786 2436 contra
805 2400 1041 2436 assertiones

109 2449 206 2495 Baii,
237 2449 444 2488 exclamat:
476 2463 497 2488 «
518 2453 686 2497 Haereo,
705 2452 842 2498 fateor,
864 2453 929 2489 sed
950 2451 1039 2500 quid

107 2503 154 2540 ad
175 2503 392 2541 doctrinam
413 2516 442 2541 s.
457 2505 688 2554 Augustini?
710 2505 720 2526 ¹
738 2518 760 2542 »
782 2505 1041 2543 Nihilominus

107 2556 220 2605 paulo
255 2559 343 2594 ante
367 2561 529 2594 mortem
563 2570 672 2596 suam
692 2559 732 2595 in
752 2559 895 2607 scripto
920 2562 1040 2596 testa-

107 2613 238 2648 mento
260 2622 368 2648 suam
390 2622 481 2659 erga
501 2611 639 2648 Sedem
659 2613 878 2649 Romanam
904 2614 943 2649 et
964 2612 1042 2648 Ec-

108 2662 265 2701 elesiam
287 2664 543 2701 obedientiam
560 2665 755 2714 professus
771 2668 841 2709 cst,
859 2677 1040 2714 opusque,

105 2716 173 2754 vix
196 2717 286 2754 dum
310 2716 544 2762 absolutum,
565 2719 711 2767 legavit
729 2718 943 2767 Reginaldo
960 2719 1041 2756 La-

107 2781 211 2816 meo,
243 2770 440 2819 capellano
471 2782 551 2816 suo,
581 2778 623 2808 ut
639 2772 733 2808 illud
755 2784 774 2807 e
795 2771 950 2808 consilio
971 2772 1041 2809 Li-

105 2822 214 2860 berti
238 2823 459 2867 Fromondi,
479 2835 529 2860 SS.
550 2824 786 2862 Litterarum
808 2825 845 2860 in
866 2824 1041 2862 Univer-

111 2876 230 2914 sitate
242 2876 469 2914 Lovaniensi
484 2876 718 2926 interpretis,
733 2880 771 2914 et
787 2877 943 2914 Henrici
964 2879 1042 2917 Ca-

116 2929 206 2974 leni,
229 2930 415 2976 canonici,
435 2930 573 2967 deinde
595 2931 854 2968 archidiaconi
874 2931 1041 2969 Mechli-

111 2982 269 3028 niensis,
288 2983 392 3032 typis
412 2983 671 3020 mandandum
692 2986 857 3021 curaret.
879 2984 935 3021 En
955 2986 1038 3024 eius

108 3036 244 3074 verba:
266 3048 288 3073 «
309 3037 390 3085 Ego
411 3035 622 3082 Cornelius,
643 3036 711 3073 Dei
741 3038 780 3074 et
795 3037 1040 3086 Apostolicae

146 3116 157 3137 ¹
175 3117 239 3149 Vid.
256 3118 429 3150 Naissance
445 3117 485 3149 du
496 3117 696 3150 Janse'nisme
708 3119 903 3155 cle'couverte,
920 3130 957 3152 ou
976 3121 1040 3153 Let-

103 3157 223 3231 {22³2ae
238 3159 406 3192 ‹lausenius
423 3158 442 3190 α’
468 3159 574 3192 l‘abbe'
597 3160 634 3191 de
661 3158 886 3201 Salat-Curari,
905 3163 1036 3194 Louvain

1901 126 1977 164 217

1095 204 1204 243 Sedis
1224 205 1351 255 gratia
1378 205 1578 255 episeopus
1598 202 1778 254 Iprensis,
1797 202 1844 240 de
1864 213 1950 240 mea
1976 201 2029 239 li-

1096 258 1188 296 bera
1204 259 1408 297 voluntate
1427 259 1525 297 dono
1545 258 1675 295 omnia
1695 267 1783 294 mea
1802 255 1960 304 scripta,
1979 255 2026 291 ad

1095 312 1393 361 explicationem
1422 325 1451 350 s.
1482 311 1689 361 Augustini
1710 309 1940 360 spectantia,
1960 320 2028 346 ca-

1096 366 1248 413 pellano
1266 378 1349 402 meo
1371 365 1587 414 Reginaldo
1600 365 1755 409 LameO,
1775 362 1917 412 partim
1937 362 2029 410 quia

1095 430 1234 468 magno
1263 418 1392 456 labore
1423 431 1468 456 ea
1488 418 1642 466 scripsit
1661 418 1721 454 vel
1741 416 1914 462 dictavit,
1935 427 2028 464 par—

1095 473 1166 509 tim
1200 472 1291 520 quia
1323 472 1405 509 sine
1436 471 1615 520 origiiiali
1650 470 1759 520 copia
1794 469 1935 518 corrigi
1952 481 2026 506 non

1097 527 1233 573 potest.
1255 524 1337 561 Hac
1359 527 1488 562 tamen
1511 527 1639 561 mente
1661 524 1760 561 hane
1780 523 2024 560 donationem

1094 577 1208 623 facio,
1243 579 1285 614 ut
1318 589 1407 615 cum
1441 577 1674 615 doctissimis
1691 577 1799 622 viris,
1820 575 2026 625 magnifico

1093 630 1244 667 domino
1264 630 1420 668 Liberto
1437 631 1653 668 Fromondo
1672 633 1712 668 et
1726 630 1938 667 reverendo
1955 630 2027 666 do-

1092 684 1194 720 mino
1215 683 1382 721 Henrico
1403 683 1545 722 Caleno
1565 683 1748 721 canonico
1769 683 2026 720 Mechlinien-

1091 737 1135 782 si,
1163 736 1337 774 conferat
1365 739 1404 774 et
1432 737 1610 786 disponat
1638 737 1684 774 de
1711 736 1879 773 editione
1908 747 2023 784 quam

1090 789 1323 828 fidelissime.
1350 790 1484 828 Sentio
1513 790 1615 827 enim
1645 789 1788 838 aliquid
1818 789 2025 827 difficulter

1090 843 1234 881 mutari
1253 855 1388 893 posse3
1405 843 1437 881 si
1457 846 1587 881 tamen
1608 843 1787 881 Romana
1801 842 1918 880 Sedes
1949 842 2025 880 ali-

1089 896 1179 945 quid
1214 896 1359 934 mutari
1397 896 1507 942 velit,
1541 908 1626 934 sum
1651 897 1831 933 obediens
1851 895 1966 942 filius,
1986 899 2025 934 et

1087 950 1190 988 illius
1217 950 1429 996 Ecclesiae,
1457 950 1495 987 in
1517 961 1594 998 qua
1613 961 1760 998 semper
1780 949 1883 995 vixi,
1904 961 2024 998 usque

1088 1004 1135 1041 ad
1155 1004 1258 1041 hunc
1292 1004 1434 1041 lectum
1467 1003 1604 1041 mortis
1638 1002 1816 1040 obediens
1845 1015 1942 1040 sum.
1965 1003 2025 1040 Ita

1088 1060 1284 1105 postrema
1312 1069 1400 1095 mea
1432 1056 1613 1094 voluntas
1641 1058 1710 1094 est.
1744 1058 1885 1093 Actum
1912 1060 2024 1093 sexta

1090 1110 1166 1147 mai
1203 1109 1355 1148 1638».
1391 1110 1526 1148 Simile
1556 1110 1646 1147 huic
1666 1109 1933 1147 submissionis
1954 1121 2022 1146 ar·-

1087 1165 1314 1212 gumentum
1335 1164 1507 1202 continet
1526 1163 1690 1213 epistola
1701 1162 1908 1200 aIansenio
1923 1174 2024 1211 pau-

1088 1217 1123 1254 lo
1139 1220 1231 1254 ante
1243 1217 1390 1255 obitum
1402 1217 1547 1265 scripta
1564 1217 1610 1254 ad
1626 1216 1831 1254 Urbanum
1844 1216 2023 1265 Pp.VIII,

1087 1272 1127 1307 et
1146 1273 1282 1319 postea
1312 1271 1411 1320 Ipris
1441 1272 1610 1319 reperta.
1645 1269 1788 1307 Fertur
1808 1273 2022 1319 praeterea,

1085 1336 1188 1368 eum,
1211 1324 1324 1361 morti
1344 1324 1578 1374 proximum,
1594 1324 1797 1360 mandasse
1809 1324 2023 1360 sanctimo-

1089 1377 1194 1423 niali,-
1225 1390 1322 1427 quae
1353 1377 1571 1427 aegrotanti
1595 1377 1852 1423 ministrabat,
1872 1375 2022 1414 adferre

1085 1430 1226 1468 librum
1256 1432 1427 1468 nondum
1448 1431 1552 1480 typis
1573 1431 1733 1475 editum,
1754 1430 1793 1467 in
1814 1430 1956 1479 ignem,
1979 1435 2022 1467 ut

1084 1484 1270 1530 creditur,
1299 1485 1595 1530 coniieiendum,
1616 1485 1680 1522 sed
1701 1484 1803 1521 hune
1824 1496 1899 1521 non
1920 1483 2021 1521 fuis-

1084 1550 1124 1574 se
1144 1540 1355 1586 repertum.

1134 1590 1170 1628 2.
1204 1591 1315 1628 Lites
1342 1590 1796 1629 &memmae—Anno
1829 1590 1927 1628 1640
1956 1590 2022 1627 in—

1084 1643 1180 1681 felix
1206 1644 1304 1681 liber
1337 1646 1600 1693 Auyustz'nus
1633 1644 1797 1681 Lovanii
1826 1645 1865 1680 in
1895 1645 2019 1681 lucem

1083 1698 1240 1746 prodiit.
1275 1697 1367 1735 Mox
1389 1698 1517 1746 plures
1540 1697 1795 1744 adversarios,
1814 1697 1882 1734 sed
1904 1697 2022 1735 etiam

1084 1751 1306 1788 defensores
1328 1751 1474 1789 habuit.
1495 1751 1682 1789 Nonnulli
1704 1763 1793 1788 eum
1814 1751 1936 1788 veluti
1959 1751 2021 1800 ip-

1083 1816 1167 1841 sum
1197 1805 1459 1852 Augustinum
1473 1835 1482 1851 ,
1503 1806 1549 1842 ad
1571 1804 1838 1842 debellandam
1859 1804 2021 1842 Melini-

1081 1860 1232 1895 starum
1253 1858 1481 1905 doctrinam,
1501 1871 1521 1895 e
1538 1858 1641 1895 coelo
1663 1858 1862 1906 delapsum
1879 1858 2020 1896 lauda-

1082 1912 1188 1948 bant.
1225 1911 1316 1958 Alii,
1338 1923 1454 1949 sanae
1490 1911 1686 1949 doctrinae
1716 1911 1871 1958 addicti,
1903 1924 2020 1960 prae-

1083 1965 1216 2002 sertim
1239 1965 1421 2010 Iesuitae,
1442 1964 1923 2014 illumpraedestinatiana
1943 1965 2020 2012 lue,

1085 2018 1124 2054 in
1145 2018 1230 2055 Baii
1260 2018 1583 2067 propositionibus
1612 2018 1810 2064 damnata,
1830 2018 2017 2056 infectum

1084 2072 1377 2120 impugnabant.
1426 2072 1628 2109 Contentio
1664 2072 1845 2109 continuo
1881 2074 2017 2110 crevit.

1084 2125 1244 2162 Interim
1260 2125 1359 2162 liber
1377 2126 1642 2171 Aaou-§tinus
1664 2126 1828 2162 Romam
1851 2125 2016 2172 delatus,

1084 2190 1144 2215 an.
1179 2178 1281 2216 1642
1311 2180 1358 2216 ab
1379 2179 1538 2216 Urbano
1560 2179 1628 2227 Pp.
1649 2178 1743 2216 VIII
1762 2178 1888 2225 Bulla,
1908 2179 1957 2216 In
1974 2191 2019 2216 e-

1084 2233 1272 2277 minenti,
1305 2233 1374 2269 sub
1407 2233 1590 2280 gravibus
1618 2233 1750 2282 poenis
1772 2235 1812 2269 et
1831 2233 2017 2278 censuris,

1085 2288 1198 2322 extra
1230 2286 1366 2323 mortis
1399 2285 1612 2323 articulum
1645 2285 1891 2334 Apostolieae
1926 2286 2015 2322 Sedi

1084 2340 1307 2383 reservatis,
1328 2339 1543 2387 prohibit-us
1572 2339 1659 2384 fuit,
1688 2342 1771 2376 tum
1791 2340 1891 2387 quod
1922 2351 2018 2376 con-

1084 2395 1144 2428 tra
1164 2392 1277 2429 Pauli
1297 2392 1332 2429 V
1352 2392 1678 2437 constitutionem,
1699 2404 1746 2428 ne
1767 2393 1833 2440 qui
1853 2391 1954 2437 libri,
1968 2393 2014 2430 de

1084 2445 1240 2483 auxiliis
1260 2445 1415 2483 divinae
1436 2446 1586 2494 gratiae
1605 2448 1833 2490 tractantes,
1850 2445 1932 2482 sine
1944 2445 2017 2483 Se·-

1083 2499 1140 2536 dis
1168 2499 1412 2548 Apostolicae
1441 2498 1627 2537 facultate
1643 2499 1861 2543 ederentur,
1881 2497 2017 2536 fuisset

1084 2551 1185 2601 typis
1215 2553 1435 2597 mandatus,
1464 2555 1545 2589 tum
1567 2552 1667 2600 quod
1687 2552 1905 2588 contineret
1925 2553 2015 2601 plu-

1083 2618 1145 2643 res
1178 2606 1472 2655 propositiones,
1504 2607 1579 2642 iam
1615 2605 1675 2641 Pii
1712 2605 1745 2641 V
1775 2608 1813 2642 et
1834 2605 2012 2654 Gregorii

1082 2659 1179 2697 XIII
1213 2659 1338 2696 Bullis
1372 2659 1658 2696 condemnatas.
1687 2657 1830 2694 Verum
1853 2664 2016 2696 eonten—

1083 2713 1206 2749 tiones
1227 2725 1302 2749 non
1322 2711 1411 2750 sunt
1432 2713 1589 2760 sopitae.
1611 2711 1927 2748 Iansenianilibri
1944 2713 2013 2750 de-

1083 2765 1255 2803 fensores
1276 2766 1594 2803 constitutionem
1616 2764 1764 2801 Urbani
1784 2767 1853 2802 aut
1872 2766 2016 2815 obrep—

1084 2819 1209 2856 titiam
1244 2821 1312 2856 aut
1342 2818 1609 2866 subreptitiam
1641 2818 1702 2854 vel
1731 2819 2013 2866 supposititiam

1083 2884 1166 2910 esse
1186 2872 1379 2917 dicebant,
1408 2874 1446 2907 et
1466 2870 1638 2907 conversi
1659 2871 1707 2908 ad
1729 2871 1955 2909 Pontificem
1976 2876 2016 2911 et

1083 2926 1132 2963 ad
1153 2937 1286 2974 regem
1306 2923 1529 2972 Hispaniae,
1543 2924 1752 2972 impetrare
1772 2926 2013 2974 satagebant,

1083 2993 1129 3017 ue
1164 2980 1211 3015 ad
1249 2977 1524 3025 acceptandam
1559 2977 1703 3014 bullam
1738 2978 1990 3026 adigerentur
2007 3009 2016 3026 ,

1082 3031 1371 3075 contendentes,
1406 3031 1443 3066 in
1472 3029 1571 3067 libro
1599 3031 1765 3068 Iansenii
1798 3044 1871 3068 non
1894 3032 1966 3070 nisi
1985 3045 2014 3070 s.

1083 3084 1286 3133 Augustini
1306 3083 1525 3120 doctrinam
1545 3095 1627 3121 esse
1647 3084 1874 3132 expositam.

1135 3138 1282 3175 Eadem
1312 3137 1531 3186 animorum
1559 3137 1755 3174 contentio
1784 3138 1868 3176 visa
1897 3141 1956 3177 est
1975 3139 2014 3176 in

1082 3191 1220 3238 Gallia,
1251 3189 1312 3227 ubi
1335 3190 1593 3239 Du-Verger,
1614 3190 1731 3228 abbas
1751 3191 2012 3242 Sancyranus,
