2241 3473
213 144 265 182 38

159 218 328 267 perculit
343 220 382 255 et
398 218 634 255 auctoritate
652 218 761 267 regia
778 218 976 265 privatum
995 219 1120 256 decla-

159 271 277 316 ravit,
298 271 456 319 eiusque
482 270 656 307 subditos
687 282 710 307 a
738 270 829 307 fidei
859 271 1117 309 iureiurando

158 323 341 369 absolvit,
359 323 496 359 deinde
512 322 690 371 confugit
705 323 976 361 Beneventum
996 323 1018 362 ¹.
1036 326 1114 362 Ro-

159 377 278 421 mani,
295 375 468 423 exceptis
487 375 752 423 magnatibus,
764 377 832 424 qui
849 388 888 414 se
905 377 944 414 in
962 379 1116 415 arcibus

157 429 236 465 suis
256 428 373 465 tutati
396 430 502 472 sunt,
524 428 572 464 ad
593 427 854 466 resistendum
872 429 1055 479 impares,
1074 443 1114 468 se

158 480 382 530 imperatori
399 480 643 527 dediderunt,
661 482 700 517 et
717 481 950 520 Paschalem
968 484 1116 532 antipa-

156 545 245 582 pam
267 535 548 580 susceperunt3
568 534 633 570 sed
655 534 994 573 schismaticorum
1012 548 1113 585 gau-

156 586 261 622 dium
280 597 365 622 mox
385 586 424 622 in
441 585 593 624 luctum
614 598 846 624 conversum
859 591 930 635 est3
945 590 1114 627 1101111111-

155 639 348 686 peratoris
378 639 578 676 exercitus
607 640 736 677 subito
758 644 868 678 tanta
889 642 1112 690 pestilentia

154 694 359 739 correptus
389 691 475 737 fuit,
507 696 548 729 ut
578 693 723 730 milites
745 696 1021 732 occumbentes
1042 696 1108 733 vix

153 743 308 791 sepeliri
340 747 510 792 possent.
542 745 730 783 Nonnulli
763 747 883 784 etiam
914 748 1111 797 episcopi,

153 797 217 844 11111
239 801 351 834 erant
370 797 409 834 in
425 798 615 836 comitatu
635 799 840 845 Friderici,
861 802 998 838 eodem
1013 814 1112 839 mor-

150 850 200 886 tis
221 861 366 898 genere
389 852 604 899 perierunt.
628 852 878 902 Quapropter
893 854 1106 902 imperator

150 903 333 951 postridie
364 916 485 941 nonas
515 906 688 953 augusti,
710 906 849 944 relicta
871 907 1022 954 Roma,
1044 920 1107 946 re-

149 967 305 1002 gressus
336 960 395 994 est
424 957 607 994 Ticinum
627 989 636 1001 ,
657 962 697 995 et
717 971 819 997 anno
845 960 945 998 1168
971 973 993 998 a
1013 973 1108 999 con-

150 1008 361 1046 foederatis
375 1010 642 1058 Longobardis
658 1012 800 1060 ubique
814 1013 995 1060 reiectus,
1007 1027 1110 1052 men·

150 1074 191 1098 se
213 1063 354 1099 martio
377 1063 522 1112 refugit
542 1065 580 1101 111
603 1065 856 1104 Germaniam
875 1066 901 1104 ².

202 1115 262 1152 Ex
292 1116 364 1153 hoc
395 1119 569 1165 tempore
599 1118 788 1155 Friderici
821 1120 1038 1158 auctoritas
1069 1123 1108 1158 et

149 1168 489 1207 schismaticorum
521 1171 626 1209 vires
646 1171 682 1208 in
705 1172 821 1210 Italia
842 1173 1104 1222 deperierunt.

148 1221 453 1268 Verumtamen,
484 1224 659 1261 extincto
691 1237 751 1262 an.
792 1226 892 1264 1168
923 1227 1108 1276 antipapa

148 1275 344 1322 Paschali,
357 1277 594 1315 schismatici
611 1278 682 1315 sibi
701 1279 904 1328 elegerunt
920 1280 1105 1318 Ioannem

147 1328 328 1365 abbatem
359 1330 628 1368 Strumensem
643 1360 651 1376 ,
682 1342 797 1379 quem
820 1332 1024 1371 Callistum
1047 1334 1104 1372 III

146 1381 405 1430 appellarunt.
427 1383 652 1420 Fridericus
675 1384 690 1420 Ι
720 1385 758 1421 111
780 1386 990 1423 schismate
1011 1399 1103 1435 per-

145 1434 270 1480 tinax,
290 1447 435 1472 novum
457 1439 684 1486 antipapam
710 1439 895 1487 suscepit,
918 1442 957 1476 et
975 1440 1013 1476 in
1035 1452 1105 1477 ve·

142 1488 282 1525 xandis
302 1488 361 1533 iis,
385 1489 449 1536 11111
472 1501 559 1526 011111
580 1491 807 1528 Alexandro
831 1492 901 1540 Pp.
924 1505 1102 1530 commu-

144 1541 351 1587 nicabant,
383 1544 558 1590 perrexit
580 1555 701 1592 11311110
723 1545 770 1581 011
793 1556 855 1582 an.
882 1545 1006 1592 1177,
1027 1558 1103 1594 quo

142 1594 303 1631 tandem
321 1596 569 1633 concordiam
586 1597 847 1635 sacerdotium
868 1598 972 1636 inter
987 1600 1102 1637 etim·

142 1647 291 1695 perium
314 1649 542 1686 restitutam
566 1650 796 1688 videbimus.

193 1700 256 1738 46.
279 1702 521 1740 Alexandri
547 1703 621 1739 III
647 1705 809 1741 litterae
837 1705 893 1741 ad
922 1705 1101 1743 Graeco-

140 1765 237 1790 rum
268 1755 561 1803 imperatorem
583 1757 811 1794 Sullanum
842 1763 882 1794 et
900 1758 1029 1796 Indos
1049 1781 1100 1787 —
1124 1793 1125 1804 ,

142 1806 228 1843 Non
251 1808 496 1845 obstantibus
514 1810 801 1856 vexationibus,
819 1822 916 1859 quas
934 1812 1101 1849 Alexan·

143 1861 212 1897 der
229 1860 299 1909 Pp.
318 1873 339 1898 a
358 1861 561 1899 Friderieo
580 1865 619 1900 et
635 1863 896 1901 schismaticis
914 1869 1101 1914 expertus

143 1916 200 1951 cst
217 1943 225 1957 ,
246 1914 292 1951 de
322 1915 495 1951 omnium
523 1916 663 1964 ubique
689 1916 946 1954 ecclesiarum
974 1919 1100 1956 salute

142 1966 335 2004 sollicitus
352 1968 496 2005 extitit.
516 1969 717 2017 Duplicem
735 1970 971 2019 legationem
989 1984 1100 2009 exce-

143 2020 198 2069 pit
220 2032 242 2057 a
263 2020 447 2058 Manuele
465 2021 700 2070 imperatore
717 2023 973 2070 Graecorum,
989 2026 1055 2073 qui
1078 2037 1101 2062 a

142 2073 335 2111 Pontifice
366 2085 549 2111 coronam
571 2075 720 2124 imperii
743 2076 1006 2115 Occidentalis
1027 2090 1098 2126 po-

141 2126 291 2164 stulans
313 2156 322 2172 ,
359 2128 538 2164 unionem
573 2129 759 2167 ecclesiae
794 2131 970 2168 Graecae
1009 2143 1098 2168 cum

142 2179 285 2217 Latina
323 2181 540 2228 spondebat
558 2211 567 2227 ,
601 2194 718 2230 seque
752 2195 904 2220 omnem
942 2184 1097 2222 Italiam

141 2233 322 2270 Pontifici
355 2233 661 2282 subiugaturum
699 2236 966 2283 pollicebatur.
1002 2238 1097 2275 Ale-

138 2286 288 2323 xander
307 2286 463 2334 quidem
487 2288 638 2336 legatos
660 2289 706 2325 ad
730 2288 955 2326 Manuelem
979 2291 1096 2328 desti-

141 2339 249 2376 navit
278 2339 530 2377 ecelesiarum
562 2342 811 2379 concordiam
834 2345 1096 2390 tractaturos,

138 2392 202 2429 scd
220 2404 310 2429 eum
324 2393 595 2430 Romanorum
610 2394 889 2443 imperatorem
903 2408 1094 2434 coronare

140 2446 351 2483 recusavit.
376 2446 536 2495 Accepit
562 2447 681 2484 etiam
703 2448 939 2496 legationem
964 2454 1003 2486 et
1024 2450 1094 2486 lit-

138 2503 245 2536 teras
274 2510 297 2536 a
325 2498 479 2537 sultano
509 2500 651 2546 Iconii,
672 2501 737 2549 11111
760 2501 941 2538 Pontifici
970 2503 1094 2551 signi-

140 2553 304 2598 tioabat,
326 2564 365 2589 se
398 2552 564 2602 legendo
596 2553 768 2599 Mosem,
790 2554 933 2592 Isaiam
948 2585 956 2600 ,
988 2555 1093 2592 Iere-

136 2605 269 2651 miam,
288 2606 551 2652 Matthaeum,
574 2607 760 2644 Ioannem
782 2610 820 2644 et
844 2608 1024 2653 Paulum,
1045 2609 1092 2645 ad

136 2659 374 2696 christianae
399 2659 619 2708 Religionis
640 2659 817 2697 studium
840 2660 958 2698 fuisse
981 2662 1092 2698 exci-

138 2714 264 2748 tatum
281 2741 289 2757 ‚
311 2713 552 2761 rogabatque
574 2712 808 2750 Pontificem
831 2716 874 2751 ut
892 2714 924 2750 is
945 2714 1095 2762 aliquot

137 2764 242 2801 viros
259 2765 415 2802 idoneos
432 2766 618 2811 mitteret,
636 2778 658 2803 a
674 2766 814 2815 quibus
830 2766 982 2815 plenius
995 2767 1096 2804 chri-

135 2817 263 2854 stiana
283 2818 460 2856 doctrina
481 2819 766 2857 institueretur.
789 2820 1015 2857 Alexander
1038 2821 1093 2857 111

135 2871 289 2907 adeum
308 2871 460 2909 litteras
477 2872 660 2918 reddidit,
673 2872 710 2909 in
729 2873 872 2921 quibus
888 2873 1092 2910 consilium
1144 2911 1151 2914 ,

135 2923 218 2959 01113
234 2924 503 2972 suscipiendae
520 2926 740 2974 Religionis
758 2926 997 2963 christianae
1015 2926 1093 2964 lau-

135 2976 266 3023 davit,
295 2988 487 3015 summam
519 2978 608 3016 fidei
639 2979 876 3017 christianae
898 2981 1090 3028 exposuit,

176 3132 184 3151 ¹
212 3133 296 3163 101111.
322 3132 540 3164 Salislieriens.
566 3134 647 3173 apud
673 3135 784 3164 nan-on.
810 3137 838 3164 et
864 3133 951 3172 Pagi,
974 3132 1013 3163 ad
1038 3141 1090 3163 au.

136 3172 229 3208 116&
249 3174 360 3211 bulthe,
379 3174 498 3205 Cmicil.
517 3178 533 3205 t.
554 3175 590 3211 X,
608 3185 637 3214 p.
656 3175 744 3206 1450.

176 3214 187 3232 '·'
206 3215 355 3244 baronius
372 3219 400 3245 01
419 3217 503 3255 Pagi.
522 3217 559 3246 :ul
578 3226 626 3247 an.
647 3216 795 3246 tlon—(38.

651 156 810 183 EPOCHA
839 156 908 183 vn.
939 157 967 183 A
995 156 1265 183 PONTIFICATV
1293 157 1324 184 S.
1345 157 1540 185 GREGORII
1571 160 1641 187 vn.

1164 232 1283 268 seque
1299 221 1405 258 viros
1415 221 1574 259 idoneos
1586 222 1798 261 missurum
1811 224 1989 273 promisit
2002 223 2025 262 ¹.
2039 225 2118 263 Lit-

1162 275 1268 310 teras
1290 285 1444 321 quoque
1462 275 1614 323 accepit
1630 276 1679 312 ab
1696 277 1879 314 Indorum
1896 289 1965 315 seu
1982 278 2123 317 Tarta-

1161 337 1296 363 rorum
1326 338 1444 376 rege,
1470 328 1586 376 vulgo
1617 328 1760 367 Ioanne
1791 331 2020 379 presbytero
2049 343 2119 370 seu

1162 378 1375 416 Petreiano
1405 380 1521 417 dieto.
1544 381 1725 419 Vidimus
1754 382 1880 428 enim,
1910 383 2119 422 Nestoria-

1161 443 1228 468 nos
1257 432 1598 470 Christianismum
1629 434 1668 470 in
1703 435 1972 474 remotissimis
2001 437 2119 474 Asiae

1160 484 1384 533 regionibus
1414 498 1649 535 propagasse
1669 485 1694 524 2.
1725 488 1807 525 Hoc
1835 490 2021 538 tempore·
2039 489 2120 527 illic

1158 537 1313 586 integra
1330 539 1437 575 natio
1449 539 1657 577 Tartarica
1673 551 1763 577 011111
1779 552 1870 589 rege
1883 553 1952 579 suo
1972 542 2117 580 Ioanne

1160 590 1388 640 religionem
1425 592 1680 630 christianam
1715 594 1930 631 secundum
1965 595 2117 632 doetri-

1158 655 1248 680 nam
1276 645 1555 682 Nestorianam
1578 645 1847 694 profitebatur.
1871 646 2002 688 Quum
2022 659 2116 685 vero

1157 696 1363 746 Philippus
1384 698 1570 744 medicus,
1588 699 1624 735 in
1648 699 1876 736 Tartaricas
1897 702 2024 737 terras
2044 712 2116 749 pe-

1156 750 1380 797 regrinatus
1394 780 1403 796 ,
1424 751 1560 788 Ioanni
1590 752 1671 800 regi
1694 753 1960 798 observasset,
1981 765 2047 790 eos
2076 754 2116 790 in

1157 803 1354 840 nonnullis
1385 804 1562 842 articulis
1589 816 1612 842 a
1634 816 1728 842 vera
1748 805 1892 842 Christi
1914 805 2115 852 doctrina,

1156 866 1272 902 quam
1303 857 1485 894 Romana
1514 860 1554 896 et
1583 858 1778 895 catholica
1808 858 1972 896 ecclesia
1992 858 2116 907 profi-

1154 909 1327 955 tebatur,
1345 909 1566 956 dissentire,
1587 911 1765 960 princeps
1783 911 1962 960 Philippo
1983 911 2022 948 in
2041 912 2117 950 Ita·

1154 961 1245 999 liam
1275 963 1466 1000 remeanti
1496 964 1652 1002 litteras
1679 965 1787 1001 dedit
1811 965 1860 1001 ad
1882 964 2115 1002 Pontificem

1157 1015 1401 1062 Romanum,
1431 1019 1627 1065 quatenus
1658 1029 1793 1054 veram
1823 1017 1968 1055 Christi
1997 1017 2114 1056 fidem

1153 1068 1397 1106 edoceretur.
1419 1070 1644 1107 Alexander
1660 1070 1718 1107 III
1739 1082 1809 1119 per
1825 1071 2007 1108 eumdem
2025 1071 2115 1108 Phi-

1152 1121 1303 1170 lippum
1325 1123 1480 1160 litteras
1501 1123 1549 1160 ad
1573 1123 1787 1172 principem
1807 1123 2000 1169 reddidit,
2024 1125 2113 1172 qui-

1153 1175 1225 1212 bus
1246 1176 1332 1212 eius
1353 1175 1588 1213 desiderium
1611 1176 1819 1213 discendae
1835 1176 2018 1215 veritatis
2034 1177 2115 1215 lau-

1151 1228 1289 1275 davit,
1319 1241 1409 1266 eum
1435 1229 1617 1267 hortatus
1649 1232 1729 1275 est,
1752 1232 1794 1267 ut
1822 1229 2027 1279 Philippo,
2047 1231 2113 1279 qui

1151 1293 1236 1318 eum
1254 1282 1292 1319 in
1313 1282 1504 1328 articulis,
1521 1283 1556 1319 in
1581 1283 1721 1331 quibus
1738 1295 1761 1320 a
1777 1294 1874 1320 vera
1889 1283 2034 1321 Christi
2050 1285 2113 1321 do-

1152 1336 1279 1373 ctrina
1300 1335 1581 1381 dissentiebat,
1602 1336 1838 1381 instrueret,
1858 1337 2112 1386 obtempera-

1151 1391 1232 1434 ret,
1263 1389 1522 1437 rogavitque,
1553 1391 1596 1426 ut
1617 1389 1723 1427 viros
1754 1390 1905 1438 aliquot
1934 1403 1954 1427 0
1985 1401 2108 1438 regno

1151 1453 1220 1478 suo
1238 1443 1406 1479 Romam
1429 1443 1618 1487 mitteret,
1635 1454 1730 1480 vera
1746 1443 1949 1480 Ecclesiae
1969 1443 2109 1480 doctri-

1126 1496 1128 1516 1
1151 1506 1200 1531 110
1220 1498 1260 1532 01
1282 1495 1486 1544 disciplina
1508 1496 1772 1533 instituendos
1795 1493 1823 1533 ³.

1203 1549 1234 1586 F.
1255 1549 1396 1586 litteris
1419 1560 1532 1597 porro
1554 1549 1710 1586 Ioannis
1726 1549 1947 1598 presbyteri
1965 1551 2004 1587 et
2019 1549 2107 1587 Ale-

1150 1602 1292 1639 xandri
1310 1603 1380 1650 Pp.
1399 1601 1660 1648 concluditur,
1682 1603 1798 1639 Indos
1818 1602 1914 1640 istos
1936 1613 1984 1639 ex
2005 1602 2112 1651 igno·

1149 1656 1280 1692 rantia
1300 1655 1426 1702 magis
1447 1666 1565 1702 quam
1585 1667 1633 1693 ex
1657 1655 1872 1704 pertinacia
1894 1655 2106 1693 Nestoria-

1149 1709 1208 1745 nis
1240 1708 1438 1745 erroribus
1460 1708 1695 1746 adhaesisse.
1718 1708 1825 1745 Idem
1857 1708 1905 1745 de
1926 1709 2110 1746 Armenis

1148 1761 1266 1799 huius
1279 1761 1480 1810 temporis,
1493 1764 1685 1810 quantum
1705 1762 1751 1798 ad
1766 1761 2034 1810 Eutychianos
2051 1773 2108 1800 er-

1147 1826 1255 1851 rores
1284 1818 1449 1864 spectat,
1472 1816 1682 1852 dicendum
1713 1817 1783 1852 est.
1806 1815 1952 1852 Eorum
1968 1815 2107 1853 catho-

1146 1868 1244 1905 licon
1276 1880 1344 1906 seu
1375 1868 1644 1916 patriarcham
1676 1879 1794 1916 supra
1814 1879 1903 1905 cum
1924 1868 2105 1906 Alberico

1148 1922 1297 1970 Legato
1328 1921 1541 1970 apostolico
1571 1922 1609 1958 in
1641 1921 1790 1970 synodo
1819 1921 2106 1970 Hierosolymi-

1122 1976 1124 1980 “
1146 1978 1254 2020 tana,
1275 1975 1416 2012 deinde
1438 1987 1506 2023 per
1526 1976 1699 2024 Legatos
1720 1975 1888 2012 Viterbii
1909 1986 1999 2012 cum
2021 1975 2106 2012 Eu-

1145 2029 1258 2077 genio
1290 2029 1359 2077 Pp.
1384 2028 1438 2064 III
1468 2029 1514 2065 de
1543 2028 1653 2065 Fidei
1681 2028 1861 2066 articulis
1891 2027 2106 2066 contulisse

1145 2083 1318 2119 diximus
1339 2080 1364 2118 ⁴.
1382 2083 1494 2118 Anno
1515 2081 1615 2118 1170
1632 2081 1881 2118 Theorianus
1899 2080 2105 2130 theologus

1145 2146 1322 2184 graecus,
1351 2146 1374 2171 a
1403 2133 1584 2171 Manuele
1605 2134 1843 2183 imperatore
1865 2134 1912 2171 ad
1934 2134 2103 2171 catholi-

1143 2200 1216 2225 con
1246 2187 1455 2225 Nersetem
1487 2187 1723 2233 destinatus,
1744 2187 1822 2225 suis
1843 2187 2101 2236 disceptatio-

1143 2242 1254 2278 nibus
1276 2240 1416 2285 effecit,
1441 2241 1531 2277 ntis
1549 2240 1873 2278 Chalcedonense
1891 2239 2100 2278 concilium

1142 2298 1182 2331 et
1212 2295 1353 2343 dogma
1383 2294 1430 2330 de
1461 2293 1612 2331 duabus
1641 2293 1786 2331 Christi
1809 2293 1962 2331 naturis
1983 2294 2103 2330 susci-

1141 2350 1250 2395 peret
1278 2347 1566 2396 sponderetque
1582 2376 1590 2392 ,
1612 2358 1652 2384 30
1674 2347 1875 2396 episcopos
1895 2358 1985 2384 suos
2007 2357 2103 2383 con-

1142 2403 1375 2437 vocaturum
1396 2429 1405 2445 ,
1441 2404 1484 2436 ut
1512 2411 1645 2437 omnes
1677 2412 1792 2437 unam
1824 2411 1914 2437 cum
1935 2399 2103 2437 eeclesia

1140 2454 1205 2501 Cp.
1245 2453 1360 2490 fidem
1391 2455 1511 2501 atque
1541 2453 1785 2502 disciplinam
1816 2453 2102 2502 amplecteren-

1145 2510 1208 2543 tur
1229 2505 1254 2544 ⁵.

1192 2559 1358 2596 Caetera
1397 2559 1615 2596 Alexandri
1653 2559 1709 2598 ΙΙΙ
1744 2561 1857 2608 gesta
1890 2558 1971 2597 suis
2004 2558 2100 2597 locis

1139 2612 1397 2650 narrabimus.

1192 2666 1252 2702 47.
1276 2666 1504 2713 Rele'ylom's
1534 2671 1670 2703 statas
1689 2666 1803 2715 apud
1824 2664 2097 2704 Slavos-Iis-

1137 2719 1222 2755 dem
1245 2718 1484 2766 temporibus
1505 2719 1661 2767 Religio
1682 2719 1897 2756 christiana
1918 2718 2098 2755 refloruit

1137 2772 1237 2820 apud
1268 2771 1406 2808 Slavos
1434 2771 1637 2810 Holsatiae
1673 2775 1713 2810 et
1748 2771 2013 2820 Megalopolis.
2047 2770 2096 2807 Hi

1136 2825 1212 2861 iam
1239 2824 1397 2862 sacculo
1417 2825 1453 2861 X
1471 2855 1480 2871 ,
1501 2825 1718 2874 imperante
1739 2825 1881 2863 Ottone
1901 2823 1968 2871 M„
1989 2823 2096 2861 chri-

1176 2967 1184 2987 ¹
1206 2968 1320 3005 habim,
1338 2967 1457 2999 (loncil.
1476 2972 1494 2999 1.
1518 2969 1551 3005 X,
1569 2978 1596 3008 p.
1622 2968 1714 2999 1213.

1174 3009 1188 3029 ‘²
1203 3009 1266 3038 vid,
1288 3013 1307 3039 1.
1332 3009 1486 3047 Ι,11.“;Ξ.”16.

1174 3050 1188 3070 3
1207 3050 1320 3086 Lahiw,
1344 3051 1402 3080 loc.
1427 3051 1478 3081 cit.
1507 3060 1534 3089 p.
1555 3049 1647 3088 12:27,
1666 3049 1820 3081 naronius
1837 3053 1866 3080 et
1883 3050 1967 3090 Pagi,
1987 3049 2025 3080 ad
2044 3058 2093 3081 an.

1137 3090 1277 3121 1171-
1291 3092 1302 3112 ⁴
1323 3091 1388 3122 Viti,
1407 3091 1496 3129 1131.

1173 3133 1186 3153 5¹
1204 3133 1367 3162 'l'heoriani
1399 3133 1544 3171 dialogus
1581 3142 1635 3163 seu
1659 3133 1846 3171 disceptatio
1868 3134 1952 3163 extat
1974 3131 2003 3162 in
2029 3131 2089 3163 Bi-

1133 3172 1240 3203 mmm.
1261 3173 1319 3204 ΙΨ.
1335 3182 1440 3212 yraec.
1459 3173 1547 3204 latin.
1568 3178 1584 3204 t.
1604 3175 1624 3211 Ι,
1641 3178 1670 3204 ct
1697 3174 1778 3212 apud
1804 3173 1893 3204 Card.
1920 3173 1987 3212 Mai,
2002 3171 2090 3204 Scri-

1131 3216 1214 3253 plor.
1235 3217 1292 3245 emt.
1312 3224 1392 3244 nuru
1409 3214 1531 3245 collect.
1551 3219 1569 3245 ῑ.
1589 3215 1732 3254 v{‚pa1·t.
1754 3215 1775 3245 Ι.
