2241 3473
760 202 887 233 VSQVE
916 202 969 228 AD
998 200 1139 228 ORTVM
1168 201 1374 229 ISLAMISMI

87 269 194 308 dium
223 268 392 317 redegit,
412 267 600 314 librisque
628 266 652 304 2
673 266 877 303 Socratem
899 276 1036 312 prose-

88 324 202 360 cutus
218 323 407 369 estusque
425 321 472 357 ad
492 319 601 356 initia
619 318 758 356 Iustini
776 318 1036 366 imperatoris.

91 373 332 423 Epiphanius
368 373 513 417 Italus3
535 371 728 409 Historias
757 371 1039 410 ecclesiasticas

90 426 262 464 Socratis
279 455 288 468 ,
317 425 519 463 Sozomeni
540 429 579 461 et
599 423 831 460 Theodoreti
855 436 875 460 e
895 435 1037 472 graeco

90 478 294 517 transtulit
314 479 352 515 in
374 478 555 514 latinum.
572 476 835 520 Cassiodorus,
853 479 938 524 post
959 489 1037 513 am-

87 530 260 580 plissima
288 531 422 568 munia
451 531 522 567 snb
549 528 791 565 Theodorieo
812 528 975 576 aliisque
998 530 1037 566 I-

91 584 209 622 taliae
238 584 397 632 regibus
427 582 623 619 Ecclesiae
654 584 770 628 atque
800 581 1039 628 reipublicae

91 637 189 674 bono
205 640 329 684 gesta,
344 634 582 673 monasticae
598 633 704 669 vitae
721 635 904 673 sectator:
915 634 1042 671 Histo-

91 689 170 727 rias
189 688 490 731 ecclesiasticas,
519 698 542 723 a
561 685 719 723 laudato
740 685 956 733 Epiphanio
977 687 1039 724 la-

89 742 172 779 tine
191 742 376 784 redditas,
394 742 430 776 in
452 750 569 775 unuin
587 750 726 786 corpus
742 739 911 786 redegit&
932 751 1039 788 prae—

91 798 203 831 terea
239 793 392 841 scripsit
421 791 633 829 Clironicon
664 803 686 826 a
716 791 848 827 mundi
879 792 1037 830 exordio

94 858 214 895 nsque
226 846 273 883 ad
292 857 352 882 an.
365 844 506 881 Christi
525 844 614 888 519,
625 843 808 880 historiae
823 844 1038 881 Gothorum

92 899 212 937 libros
230 899 290 943 12,
309 897 569 946 Epistolarum
590 896 708 932 libros
724 896 1042 940 12,Comnienta-

92 952 172 989 rios
199 952 238 988 in
269 950 418 998 aliquot
447 962 475 987 s.
496 949 725 996 Scripturae
754 947 895 994 libros,
922 949 999 987 alia
1018 949 1041 988 ¹.

92 1003 304 1052 Dionysius
312 1004 567 1051 cognomento
580 1001 769 1049 Exiguus,
780 1001 936 1039 natione
952 1003 1045 1051 Scy-

93 1056 163 1095 tha
182 1059 222 1094 et
242 1055 476 1104 professione
499 1054 723 1098 monachus,
739 1057 875 1090 auctor
891 1060 951 1092 est
969 1056 1044 1092 AE-

94 1120 160 1146 rae
180 1109 429 1153 christianae,
443 1106 549 1155 Cycli
568 1106 760 1154 paschalis
776 1106 826 1143 97
843 1119 1043 1154 annorum,

95 1166 136 1199 et
162 1161 399 1198 collectionis
419 1161 620 1198 Canonum
644 1162 760 1206 atque
781 1159 1041 1197 Decretalium

95 1214 183 1252 RR.
203 1214 439 1251 Pontificum
462 1225 484 1250 a
503 1212 643 1249 Siricio
667 1223 788 1259 usque
809 1213 856 1249 ad
872 1214 1045 1250 Anasta-

95 1268 198 1305 sium
219 1267 255 1303 II
271 1264 297 1304 ².

148 1320 212 1357 24.
236 1319 276 1356 S.
295 1319 537 1356 Benedictus
554 1317 848 1354 monachormn
866 1320 1047 1357 Occiden-

98 1375 150 1409 tis
162 1371 554 1421 patriarcha——His
574 1370 666 1418 ipsis
685 1371 926 1418 temporibus
949 1372 1047 1409 cele-

97 1425 291 1463 berrimus
321 1429 408 1461 erat
435 1436 463 1461 s.
495 1423 752 1469 Benedictus,
778 1425 843 1470 qui
864 1424 1046 1462 instituto

98 1477 324 1522 monastico,
346 1477 419 1514 iam
442 1476 583 1513 dudum
605 1487 676 1524 per
695 1475 944 1514 Occidentem
964 1489 1048 1526 pro-

99 1533 254 1579 pagato,
273 1530 338 1567 sed
360 1530 614 1566 barbarorum
631 1529 915 1567 incursionibus
932 1542 1048 1579 gran-

98 1583 145 1621 de
171 1583 448 1620 detrimentum
478 1592 672 1630 perpesso,
696 1593 835 1618 novam
867 1587 906 1618 et
935 1583 1047 1631 plane

97 1636 293 1685 egregiam
317 1636 483 1672 formam
502 1634 655 1671 indidit.
676 1634 711 1670 Is
733 1646 833 1670 anno
851 1635 927 1672 480
943 1635 1047 1673 Nur-

98 1691 178 1726 siae
198 1689 234 1725 in
256 1688 421 1725 Umbria
442 1687 558 1724 nobili
576 1686 805 1723 Aniciorum
821 1686 969 1726 familia
987 1701 1047 1726 na-

98 1744 180 1786 tus,
200 1741 422 1788 litterisque
444 1741 594 1777 Romae
611 1739 816 1776 institutus
830 1769 838 1785 ,
861 1740 960 1778 clam
983 1753 1046 1779 se-

100 1794 216 1831 cessit
246 1793 478 1839 Sublacum,
501 1793 566 1829 ubi
586 1792 626 1828 in
649 1791 835 1840 spelunca
856 1793 979 1830 vitam
1000 1807 1045 1831 a-

100 1846 283 1884 sceticam
305 1848 345 1882 et
366 1845 606 1883 eremiticam
624 1845 790 1882 triennio
808 1846 963 1893 ignotus
979 1848 1046 1884 du-

101 1899 171 1937 xit.
202 1899 434 1936 Sanctitatis
464 1898 546 1934 eius
576 1897 681 1934 fama
714 1897 1048 1945 increbrescente,

101 1952 215 1989 multi
237 1956 365 2000 spreto
386 1951 522 1988 mundi
542 1950 773 1987 commercio
786 1979 795 1995 ,
816 1952 848 1987 ei
871 1963 911 1987 se
931 1952 1046 1989 insti-

101 2005 267 2042 tuendos
289 2006 328 2041 et
349 2004 537 2052 regendos
557 2004 846 2040 commiserunt.
871 2003 1048 2053 Quapro-

102 2059 189 2107 pter
216 2057 257 2094 in
287 2056 433 2093 vicinia
461 2057 508 2093 12
536 2055 775 2092 monasteria
795 2068 864 2093 seu
886 2069 1047 2105 magnas

103 2110 220 2148 cellas
239 2109 437 2155 extruxit,
459 2109 497 2145 in
519 2120 686 2157 quarum
707 2108 871 2156 singulis
894 2110 942 2146 12
963 2122 1049 2147 mo-

104 2163 248 2200 nachos
268 2174 359 2199 cum
378 2162 597 2211 praeposito
618 2161 844 2208 collocavit,
867 2173 1049 2209 suprema

104 2215 344 2264 inspectione
361 2221 400 2252 et
419 2214 630 2251 directione
646 2214 718 2251 sibi
735 2215 960 2252 reservatis.
979 2216 1052 2253 Ve-

106 2271 328 2305 rumtamen
348 2279 410 2304 an.
428 2267 504 2304 528
525 2267 786 2315 quorumdam
807 2267 997 2304 invidiam
1013 2271 1053 2305 et

104 2321 355 2358 vexationem
383 2324 580 2368 expertus,
619 2318 729 2356 illam
767 2319 966 2367 regionem
1000 2333 1056 2358 re-

104 2373 217 2420 liquit
246 2375 285 2410 et
314 2385 401 2410 cum
430 2372 564 2420 paucis
593 2372 792 2409 monachis
821 2383 860 2408 se
886 2373 1055 2411 contulit

106 2425 309 2463 Cassinurn
338 2425 376 2462 in
407 2425 602 2462 territorio
634 2424 908 2473 Neapolitano,
930 2426 992 2462 ubi
1014 2426 1052 2462 in

108 2481 238 2515 monte
253 2478 431 2515 extruxit
446 2477 734 2522 monasterium,
751 2478 853 2525 quod
870 2490 1054 2526 progres-

109 2542 153 2568 su
173 2530 356 2578 temporis
376 2530 674 2567 celeberrimum
694 2530 831 2567 evasit.

162 2582 316 2631 Regula
354 2594 468 2630 quam
504 2583 737 2619 Benedictus
776 2583 1027 2631 praescripsit
1049 2612 1058 2628 ,

110 2635 291 2683 quamvis
311 2639 371 2671 sat
390 2646 543 2681 severa,
562 2638 648 2672 erat
668 2635 961 2683 Europaeorum
995 2636 1057 2672 in-

111 2687 206 2733 doli,
226 2687 452 2735 indigentiis
473 2690 513 2724 et
531 2687 733 2736 temperiei
755 2689 1057 2726 accommodata.

111 2739 202 2777 Sine
224 2740 470 2777 distinctione
491 2739 720 2777 conditionis
740 2740 971 2777 admittebat
988 2753 1058 2787 po-

112 2792 315 2837 stulantes,
335 2791 520 2840 parvulos
541 2792 659 2828 etiam
679 2805 699 2828 e
721 2794 925 2840 parentum
946 2793 1057 2830 obla-

111 2844 229 2882 tione.
260 2844 407 2889 Adulti,
428 2843 494 2891 qui
515 2844 656 2892 suscipi
677 2844 970 2891 desiderabant,
990 2857 1059 2893 per

113 2908 259 2934 annum
281 2897 566 2944 probabantur3
588 2908 663 2943 quo
682 2897 833 2944 elapso,
854 2899 885 2934 si
906 2897 945 2934 in
966 2909 1058 2945 pro-

114 2949 237 2997 posito
257 2949 574 2997 perseverabant,
591 2948 630 2984 in
648 2949 816 2985 oratorio
832 2960 959 2986 coram
977 2952 1059 2987 tota

114 3001 415 3050 congregatione
432 3000 691 3037 stabilitatem
708 3002 746 3037 in
762 3005 938 3049 suscepto
955 3003 1058 3040 vitae

119 3064 279 3102 genere,
315 3065 482 3102 quocum
521 3053 759 3090 continentia
787 3056 827 3090 et
854 3057 1062 3103 paupertas

156 3140 168 3162 ¹
185 3142 286 3172 Edidit
308 3141 413 3172 Garet.
437 3140 619 3179 Roihomag.
644 3138 740 3176 1679,
763 3144 791 3170 et
808 3140 912 3170 Venet.
932 3139 1023 3180 1720,
1040 3141 1058 3171 Ξ).

118 3182 176 3213 vol.
191 3183 221 3212 in
239 3183 300 3220 soI.;
316 3183 429 3222 Migne,
446 3180 618 3220 Patr-oloq.
636 3180 733 3211 latin.
752 3184 770 3210 t.
787 3181 883 3212 Lxlx.

159 3222 174 3244 2
190 3224 302 3263 Migne,
315 3223 372 3254 loc.
388 3223 444 3254 cit.
462 3226 481 3253 t.
498 3223 586 3253 xvii.

1862 202 1875 216 ·
1901 187 1977 226 149

1084 264 1232 312 alioqui
1269 264 1476 301 coniuncta
1508 264 1641 308 erant,
1661 272 1813 299 morum
1834 261 2024 298 emenda-

1084 317 1227 354 tionem
1249 319 1289 354 et
1309 315 1568 354 obedientiam
1585 314 1874 364 promittebant.
1891 314 2030 351 Secun-

1081 369 1174 405 dum
1210 370 1384 406 eamdem
1421 369 1598 416 regulam
1633 367 1814 405 monachi
1851 369 2028 404 contem-

1081 422 1450 469 plationi,1na1u1um
1473 421 1610 466 labori,
1625 432 1759 458 sacrae
1776 419 1932 457 lectioni
1950 430 2033 467 par-

1085 474 1155 510 tim
1178 474 1353 521 publicae
1374 474 1514 522 partim
1539 474 1728 521 privatae,
1748 475 1787 510 et
1807 471 2030 509 recitationi

1083 526 1204 562 divini
1236 526 1373 571 officii,
1401 538 1422 562 e
1451 525 1630 574 psalmis,
1652 525 1774 563 sacris
1798 524 2031 562 lectionibus

1084 582 1122 614 et
1138 578 1317 626 precibus
1334 579 1559 622 constantis,
1571 578 1689 623 horis,
1704 582 1747 615 ut
1761 580 1963 622 vocantur,
1973 588 2034 614 ca·

1086 631 1233 667 nonicis
1250 631 1450 667 nocturnis
1468 635 1508 667 et
1523 631 1671 668 diurnis
1684 631 1890 676 vacabant3
1901 631 1949 667 ab
1965 641 2032 666 esu

1083 683 1258 720 carnium
1287 683 1553 729 abstinebant3
1575 683 1773 720 silentium
1795 693 2033 732 magnopere

1084 736 1362 781 observabant3
1390 735 1484 772 nihil
1515 736 1713 783 proprium
1734 737 1949 780 habebant,
1969 734 2032 771 ni-

1084 788 1214 836 hilque
1230 788 1312 825 sine
1330 789 1482 824 abbatis
1500 788 1750 836 permissione
1767 788 1957 836 accipere,
1972 799 2034 824 ne·

1085 852 1158 889 que
1179 843 1293 878 extra
1313 840 1540 877 monasterii
1561 843 1670 888 septa
1691 842 1821 889 egredi
1839 841 2032 890 poterant.

1086 893 1351 930 lnobcdientia
1385 904 1479 941 erga
1513 893 1753 940 praepositos
1792 896 1831 930 et
1870 893 2033 941 regulae

1087 947 1420 995 transgressiones
1444 957 1510 993 pro
1531 945 1728 993 gravitate
1750 948 1788 983 et
1810 945 2036 994 frequentia

1088 999 1353 1047 puniebantur
1381 999 1537 1047 privata
1565 998 1853 1044 admonitione,
1882 998 2036 1047 publica

1087 1051 1574 1095 correctione‚exclusione
1594 1051 1642 1087 ab
1660 1051 1834 1088 oratione
1850 1054 1919 1088 aut
1935 1061 2039 1088 men-

1087 1116 1129 1142 sa
1158 1104 1367 1149 communi,
1387 1104 1555 1149 ieiuniis,
1576 1103 1818 1148 verberibus,
1837 1103 2038 1151 expulsio-

1088 1169 1148 1194 ne.
1181 1158 1420 1205 Supremum
1449 1156 1677 1193 monasterii
1701 1156 1875 1204 regimen
1905 1155 2036 1192 abbati

1089 1213 1174 1246 erat
1193 1210 1454 1254 commissum,
1471 1209 1535 1257 qui
1557 1209 1605 1245 ab
1626 1209 1802 1245 omnibus
1821 1208 1886 1245 vel
1907 1220 1929 1244 a
1948 1220 2037 1245 ma-

1090 1263 1162 1299 iori
1182 1265 1293 1311 parte
1312 1265 1398 1299 erat
1418 1262 1633 1308 etigendus,
1646 1264 1686 1298 et
1705 1262 1752 1298 ab
1773 1262 1952 1309 episcopo
1973 1260 2040 1297 vel

1090 1315 1176 1352 aIIis
1196 1316 1403 1352 abbatibus
1424 1315 1689 1351 ordinabatur.
1712 1314 1748 1351 Is
1770 1318 1980 1351 accuratae
2001 1313 2040 1349 in

1090 1368 1225 1416 primis
1247 1368 1406 1416 regulae
1427 1366 1690 1404 observationi
1711 1366 1930 1415 invigilare,
1945 1370 1985 1402 et
2003 1365 2044 1401 in

1091 1422 1218 1458 causis
1238 1419 1467 1457 monasterii
1483 1419 1723 1468 singulorum
1740 1419 1897 1467 quidem
1914 1417 2043 1455 consi-

1091 1474 1144 1510 lia
1164 1474 1368 1521 exquirere
1390 1473 1565 1519 debebat,
1587 1473 1652 1510 sed
1672 1484 1718 1509 ea
1746 1484 1844 1520 quae
1865 1472 1938 1509 sibi
1959 1482 2046 1507 me-

1090 1527 1187 1563 liora
1208 1526 1556 1573 videbantur,ipse
1585 1526 1794 1562 decernere
1822 1526 1987 1573 poterat.
2004 1523 2044 1560 I-

1091 1581 1178 1617 dem
1200 1579 1270 1616 sibi
1300 1580 1338 1615 in
1368 1578 1609 1616 adiutorium
1639 1578 1901 1615 constituebat
1931 1588 2046 1625 prae-

1092 1632 1256 1681 positum
1279 1633 1317 1668 et
1346 1633 1523 1677 decanos,
1543 1632 1596 1668 sic
1626 1631 1854 1680 appellatos,
1871 1630 1974 1678 quod
1998 1629 2045 1666 10

1092 1684 1290 1722 monachis
1314 1686 1530 1732 praeerant.

1146 1738 1274 1778 Quum
1296 1738 1392 1775 haec
1411 1737 1552 1785 regula
1571 1739 1610 1774 et
1631 1749 1654 1773 a
1670 1736 1858 1774 Romanis
1875 1735 2044 1773 Pontifi-

1093 1791 1201 1828 cibus
1230 1793 1268 1827 et
1296 1791 1342 1827 ab
1364 1790 1552 1838 episcopis
1574 1790 1830 1838 probaretur,
1850 1790 1888 1826 in
1909 1788 2043 1825 multis

1094 1843 1339 1881 monasteriis
1361 1854 1449 1879 mox
1469 1843 1543 1880 fuit
1563 1845 1777 1890 acceptata.
1794 1842 1965 1878 Vivente
1982 1842 2047 1878 ad-

1094 1898 1168 1933 huc
1188 1896 1412 1941 Benedicto,
1430 1895 1607 1932 eamdem
1622 1895 1800 1942 regulam
1817 1894 1855 1930 in
1873 1893 2046 1930 Siciliam

1092 1948 1313 1986 introduxit
1343 1948 1524 1985 Placidus
1554 1951 1593 1984 et
1621 1947 1659 1983 in
1681 1946 1849 1984 Galliam
1871 1946 2045 1984 Maurus.

1094 2001 1241 2039 Deinde
1262 2001 1300 2037 in
1321 2001 1418 2038 alias
1438 2001 1657 2038 Occidentis
1676 2000 1852 2048 regiones
1873 2011 1959 2036 eam
1979 1999 2044 2035 in·-

1095 2055 1355 2092 troduxerunt
1382 2054 1468 2099 alii3
1498 2054 1593 2090 adeo
1622 2055 1666 2090 ut
1695 2053 1839 2089 sensim
1861 2053 2044 2100 pleraque

1097 2107 1332 2144 monasteria
1363 2106 1401 2143 in
1422 2106 1635 2144 Occidente
1664 2117 1732 2154 per
1752 2115 1996 2142 communem
2017 2116 2046 2142 s.

1097 2159 1298 2197 Benedicti
1319 2159 1497 2207 regulam
1518 2161 1838 2196 consociarentur
1857 2157 1882 2195 ¹.

1148 2213 1210 2250 25.
1234 2213 1482 2259 Bonifacius
1503 2212 1553 2248 II
1568 2213 1767 2259 Pontifeoe
1788 2211 1873 2259 (an.
1895 2209 2048 2256 530)—

1097 2266 1225 2303 Felice
1246 2265 1303 2302 IV
1324 2276 1385 2302 an.
1408 2265 1485 2302 530
1505 2264 1705 2309 defuncto,
1722 2263 1760 2300 in
1779 2263 1888 2300 Petri
1909 2263 2047 2299 cathe-

1098 2319 1208 2355 dram
1237 2318 1410 2366 legitime
1449 2320 1608 2354 evectus
1639 2317 1716 2354 fuit
1747 2315 1970 2353 Bonifacius
1999 2315 2049 2360 II,

1098 2372 1311 2408 Romanus.
1324 2370 1526 2411 Quaedam
1543 2369 1637 2407 cleri
1656 2369 1775 2406 factio
1791 2369 1830 2405 in
1842 2368 1936 2405 aede
1946 2367 2049 2404 Con-

1099 2423 1340 2461 stantiniana
1360 2422 1579 2470 pontificem
1599 2421 1787 2459 salutavit
1802 2422 2031 2458 Dioscorum
2046 2448 2056 2464 ,

1100 2477 1167 2514 sed
1193 2488 1237 2512 eo
1259 2475 1393 2523 paucis
1415 2478 1501 2523 post
1522 2475 1655 2512 diebus
1676 2474 1759 2510 vita
1779 2473 1924 2516 functe,
1945 2471 2049 2508 schi-

1100 2541 1182 2566 sma
1212 2528 1449 2565 exstinctum
1479 2530 1548 2565 est.
1571 2526 1796 2565 Bonifacius
1817 2524 2051 2562 auctoritate

1101 2581 1313 2630 apostolica
1334 2580 1583 2617 confirmavit
1599 2581 1758 2616 decreta
1773 2577 1911 2626 synodi
1928 2578 2052 2614 Arau-

1101 2635 1255 2671 sicanae
1286 2633 1321 2669 II
1340 2662 1349 2679 ,
1379 2645 1440 2669 an.
1462 2633 1539 2670 529
1561 2633 1778 2669 celebratae
1796 2643 1805 2675 ;
1825 2629 1964 2677 quibus
1985 2639 2052 2666 se-

1104 2686 1275 2723 cundum
1296 2685 1488 2733 capitula,
1510 2697 1628 2733 supra
1648 2697 1670 2720 a
1689 2683 1819 2720 Felice
1839 2682 1908 2727 IV,
1926 2683 1971 2718 ut
1990 2681 2052 2718 di-

1104 2739 1245 2784 ximus,
1263 2738 1311 2775 ad
1329 2738 1555 2775 Caesarium
1571 2736 1842 2774 Arelatensem
1857 2733 2056 2771 transmis-

1102 2804 1171 2836 sa,
1201 2802 1352 2828 errores
1386 2789 1786 2837 Semipelagianorum
1815 2787 2054 2824 condemna-

1103 2846 1249 2881 bantur
1265 2872 1274 2889 ,
1309 2846 1348 2880 et
1367 2858 1370 2861 *
1388 2854 1479 2878 vera
1513 2841 1691 2878 doctrina
1719 2840 1986 2888 exponebatur
2007 2837 2022 2859 2
2041 2851 2051 2885 3
2075 2858 2078 2861 ·

1106 2899 1145 2933 et
1186 2896 1233 2933 ad
1277 2895 1554 2942 assequendam
1586 2892 1854 2941 perfectiorem
1889 2892 2046 2929 divinae

1105 2949 1255 2997 gratiae
1274 2946 1574 2994 intelligentiam
1587 2974 1596 2991 ,
1618 2957 1709 2993 prae
1725 2945 1943 2990 caeteris,s.
1959 2944 2046 2981 Au-

1104 3001 1304 3050 gustinum
1341 3002 1542 3047 tamquam
1570 2999 1818 3046 mayz'strum
1848 2998 2051 3046 optimum

1147 3140 1156 3161 1
1176 3140 1213 3170 Cf
1225 3140 1299 3169 Dom
1315 3137 1413 3174 Mege,
1433 3136 1494 3167 Vie
1509 3136 1549 3167 de
1561 3144 1586 3166 s,
1603 3135 1734 3172 Benoiss
1751 3134 2052 3173 Mabillon‚Annal.

1109 3181 1187 3212 ord.
1204 3191 1220 3210 s
1246 3177 1440 3214 Benedicti,
1457 3181 1475 3208 t.
1493 3177 1515 3207 I.

1148 3222 1161 3242 ‘2
1178 3221 1288 3258 Labbe,
1308 3219 1431 3252 Concil.
1450 3222 1467 3249 t.
1484 3219 1532 3256 IV,
1549 3227 1578 3257 p·
1596 3217 1686 3249 1687.
1702 3218 1739 3249 cf
1751 3227 1778 3257 p.
1797 3215 1944 3247 *128-1229.
