2241 3473
668 163 793 195 vSQvss
821 163 875 191 AD
903 163 1234 191 IANSENISTARVM
1262 163 1438 191 EXORDIA

77 233 244 284 gratiam
265 231 567 270 denominabant
585 232 781 271 efficacem
798 232 846 270 ab
862 231 1016 279 effectu,

79 288 174 325 adeo
198 288 241 325 ut
259 285 440 336 gratiam,
463 287 523 323 cui
548 287 720 324 humana
739 285 920 323 voluntas
941 298 1015 323 non

76 343 309 390 cooperatur
344 350 411 376 seu
442 340 602 386 resistit,
632 339 913 383 sufficientem,
942 351 1016 387 qua

76 405 168 432 vero
197 393 378 430 voluntas
407 392 531 430 utitur
550 397 590 430 et
610 394 704 441 agit,
725 393 921 430 efficacem
944 404 1015 430 vo-

75 448 238 490 carent;
269 446 306 483 id
336 448 469 482 tamen
501 459 575 483 non
597 446 651 484 sic
673 445 950 492 intelligebant
971 457 1015 482 ac

75 501 105 538 si
135 499 264 549 gratia
291 510 400 536 suam
429 499 636 536 efficaciam
667 499 862 546 acciperet
891 510 914 535 a
933 498 1015 535 solo

24 547 32 556 “
76 553 240 590 hominis
260 564 436 597 assensu,
457 553 538 595 sed,
561 552 723 589 exclusa
744 551 1019 600 praedetermi-

76 606 231 644 natione
252 606 423 654 physica,
444 605 705 642 admittebant
727 604 912 641 moralem
929 615 1016 652 gra-

75 659 154 698 tiae
184 660 386 703 influxum,
415 670 489 706 quo
521 659 704 695 voluntas
723 657 1017 706 praeveniatur,

75 713 283 757 excitetur,
312 712 524 748 adiuvetur
545 712 592 748 ad
615 714 747 748 actum
769 710 1016 748 eliciendum

77 767 287 804 Praeterea
314 764 516 803 scientiam
545 764 716 802 mediam
737 766 776 801 et
798 763 1016 811 praedesti-

77 820 287 865 nationem,
330 830 351 855 e
395 818 585 867 praevisis
630 817 780 855 meritis
828 816 1016 854 defende-

75 873 180 910 bant.

128 926 226 963 Cum
256 926 388 962 autem
419 924 686 962 contentiones
714 925 753 960 et
782 923 925 960 turbae
955 923 1016 959 ni-

75 979 193 1016 mium
217 978 422 1022 ferverent,
439 978 614 1015 Clemens
630 978 698 1026 Pp.
716 977 813 1014 VIII
833 988 895 1014 an.
917 977 1017 1014 1596

75 1044 232 1070 causam
252 1032 300 1069 ad
320 1043 361 1068 se
382 1033 574 1077 evocavit,
598 1032 751 1079 utrique
773 1031 875 1079 parti
894 1030 1018 1068 silen-

75 1086 175 1123 tium
209 1085 257 1122 de
290 1085 558 1134 praesentibus
587 1083 871 1122 controversiis
900 1095 1019 1131 prae-

76 1139 244 1188 scripsit,
257 1151 390 1175 omnes
410 1150 611 1188 processus
631 1141 670 1177 et
689 1137 856 1186 scripta,
876 1137 1019 1175 simul-

76 1205 151 1242 que
171 1191 456 1241 episcoporum,
478 1192 794 1238 Universitatum
815 1193 855 1227 et
875 1192 1018 1240 praeci-

78 1261 243 1299 puorum
264 1249 533 1298 theologorum
555 1248 770 1287 sententias
791 1247 838 1283 de
855 1248 1020 1285 materia

77 1305 331 1341 controversa
350 1302 576 1350 exquisivit.
590 1302 719 1343 Quum
743 1311 835 1338 vero
853 1301 1022 1338 Domini-

78 1356 166 1394 cani
194 1356 381 1394 iudicium
410 1355 521 1393 Sedis
551 1355 797 1404 Apostolicae
819 1357 1019 1403 urgerent,

80 1409 265 1448 Pontifex
313 1421 414 1447 anno
449 1409 629 1458 sequenti
667 1410 816 1446 Romae
848 1408 1022 1446 instituit

77 1463 250 1501 celebres
278 1463 537 1500 cardinalium
566 1464 606 1500 et
635 1462 848 1510 peritorum
866 1462 1019 1499 theolo-

77 1528 215 1566 gorum
252 1516 594 1565 congregationes,
623 1528 646 1553 a
682 1527 752 1552 suo
781 1518 931 1555 obiecto
962 1516 1021 1554 De

76 1571 254 1608 auxiliis
273 1569 445 1607 divinae
459 1571 629 1618 gyratz'ae
649 1568 1020 1618 appellatas,quate-

78 1640 150 1665 nus
159 1627 379 1675 disputatae
391 1627 639 1675 quaestiones
654 1626 1020 1665 dilucidarentur.ln

77 1681 137 1718 his
157 1680 358 1729 utriusque
373 1680 504 1729 partis,
520 1680 862 1718 Dominicanorum
884 1691 1020 1728 nempe

78 1736 118 1771 et
130 1734 380 1779 Iesuitarum,
392 1733 561 1782 theologi
578 1733 624 1770 de
640 1734 903 1771 controversis
919 1733 1018 1771 arti-

77 1787 175 1825 culis
190 1786 380 1824 acerrime
396 1787 654 1836 disputarunt.
670 1787 853 1825 Pontifex
869 1787 948 1835 ipse
960 1787 1020 1824 his

79 1840 446 1890 congregationibus
466 1840 654 1878 interesse
675 1841 813 1887 voluit,
831 1843 874 1878 ut
890 1852 930 1877 re
945 1852 1020 1877 ma-

78 1894 138 1944 gis
166 1895 388 1942 explorata,
409 1893 695 1932 controversiae
724 1894 841 1932 finem
870 1893 1020 1931 consti-

77 1949 220 1985 tueret.
229 1947 570 1996 Congregationes,
582 1959 682 1984 anno
694 1947 793 1985 1605
804 1949 926 1985 morte
937 1946 1019 1985 Cle-

78 2003 220 2039 mentis
234 2000 331 2038 VIII
346 2000 598 2049 interruptae,
614 2001 686 2038 sub
700 2001 822 2039 Paulo
837 2002 872 2038 V
883 2000 1018 2038 eodem

78 2068 181 2094 anno
210 2057 433 2105 resumptae
462 2058 565 2094 sunt.
595 2057 717 2103 Tunc,
748 2069 834 2094 cum
864 2056 1018 2094 Iesuitis

78 2110 195 2148 etiam
225 2112 497 2148 accusatorum
525 2112 657 2158 partes
676 2110 840 2148 fuissent
858 2121 1018 2147 conces-

79 2175 166 2208 sae,
199 2163 399 2200 ardentius
438 2164 678 2212 disputatum
707 2167 775 2202 est.
806 2163 954 2201 Paulus
983 2163 1018 2199 V

79 2228 254 2264 cernens,
275 2217 410 2254 ambas
431 2219 563 2266 partes
583 2217 622 2254 in
641 2218 797 2254 tuendis
820 2216 1018 2265 dogmati-

79 2270 167 2314 bus,
194 2270 242 2307 ab
271 2269 446 2308 Ecclesia
465 2269 646 2316 definitis,
666 2273 705 2308 et
723 2270 761 2307 in
782 2270 1018 2308 detestandis

81 2324 314 2371 haeresibus,
333 2326 381 2362 ab
401 2338 446 2363 ea
462 2325 669 2371 damnatis,
683 2326 916 2370 consentire,
933 2327 1020 2373 post

85 2377 132 2414 16
152 2378 471 2426 congregationes
487 2379 641 2417 habitas
662 2379 814 2417 nullum
830 2379 1017 2416 iudicium

83 2430 130 2466 de
157 2431 335 2468 articulis
355 2433 614 2470 controversis
635 2432 838 2470 ferendum
858 2433 1018 2478 censuit,

82 2485 121 2521 et
140 2495 202 2521 an.
226 2483 326 2521 1607
345 2496 425 2521 rem
455 2486 511 2522 ita
536 2486 789 2531 terminavit,
805 2488 849 2523 ut
866 2487 1019 2534 utrique

82 2537 184 2586 parti
213 2548 322 2574 suam
351 2538 584 2575 sententiam
614 2536 824 2577 defendere
853 2539 1018 2577 liberum

83 2592 205 2635 esset,
233 2590 299 2627 sed
335 2592 474 2628 neutra
501 2591 668 2630 alteram
697 2593 829 2642 aliqua
858 2605 1021 2631 censura

84 2645 218 2680 notare
238 2645 501 2690 praesumeret
520 2643 546 2681 ¹.

135 2696 199 2734 70.
221 2695 565 2745 Conqreyatz‘ones
580 2699 796 2746 relz'ffl'osae
806 2700 1020 2737 —Interea

83 2755 240 2798 praeter
269 2750 470 2798 religiosas
498 2750 714 2797 societates,
742 2764 860 2801 supra
878 2752 1018 2789 lauda-

84 2805 145 2839 tas
161 2801 176 2823 ²
190 2832 199 2848 ,
222 2802 322 2839 aliae
355 2803 490 2840 eodem
524 2804 596 2841 hoc
629 2805 784 2842 saeculo
818 2805 1020 2843 institutae

82 2858 184 2893 sunt.
206 2855 401 2893 Nimirum
423 2856 611 2894 Camillus
626 2857 672 2894 de
689 2858 818 2903 Lellis,
835 2870 896 2896 an.
922 2859 1020 2897 1550

83 2908 305 2946 Bucclanici
336 2909 375 2945 in
406 2910 569 2958 Aprutio
598 2910 768 2948 honestis
796 2912 1020 2960 parentibus

84 2966 209 3003 natus,
239 2962 363 3008 primo
393 2962 572 2999 militiam
602 2966 756 3000 secutus
777 2967 849 3010 est,
871 2967 910 3002 et
930 2977 1021 3002 sae-
1064 2974 1130 2977 ‘fi

82 3014 159 3051 culi
181 3014 514 3063 vitiisaliquandiu
534 3016 695 3053 indulsit
710 3030 719 3060 3
735 3018 871 3054 deinde
889 3019 935 3055 ad
948 3018 1021 3056 me‘-

82 3066 215 3105 liorem
246 3067 400 3116 frugem
429 3080 654 3115 conversus,
684 3070 834 3107 Romae
864 3073 1022 3120 propter

123 3160 130 3176 '
147 3161 356 3192 Theodoricus
375 3162 567 3192 Eleutlicrius
585 3170 636 3191 seu
653 3161 777 3192 Livinus
796 3162 833 3192 de
847 3164 958 3201 Mejsser
973 3163 1024 3194 Hi-

83 3201 184 3274 stozrfa
198 3202 500 3274 ppglpggersiarum
516 3202 553 3234 (le
567 3202 697 3235 divinae
711 3204 838 3244 qratiac
854 3196 998 3236 auh-iliis

241 3294 480 3336 WOUTERS
495 3328 504 3346 ,
532 3296 577 3338 11.

1876 151 1948 190 193

1060 230 1212 268 foedum
1237 231 1359 275 ulcus,
1380 241 1457 279 quo
1480 229 1516 267 in
1538 229 1634 269 tibia
1650 228 1865 273 laborabat,
1882 228 1918 265 in
1937 241 2001 266 va-

1059 283 1336 321 letudinarium
1358 285 1535 332 receptus
1553 283 1638 329 fuit,
1654 283 1763 320 cuius
1780 281 1896 331 paulo
1913 284 1998 331 post

1060 337 1369 385 procurationem
1388 337 1519 385 gessit.
1540 338 1681 374 Postea
1699 336 1915 374 sacerdotio
1931 336 1998 372 ini-

1059 391 1191 435 tiatus,
1207 391 1254 427 ad
1276 391 1488 427 subsidium
1510 391 1729 427 animarum
1751 390 1788 426 in
1809 388 2000 427 extremis

1061 444 1363 492 periclitantium
1382 444 1554 481 instituit
1565 443 1909 492 Congregationem
1921 442 2004 480 Cle-

1060 498 1227 534 ricorum
1261 495 1515 545 regularium,
1536 508 1629 544 quos
1649 499 1787 545 quarto
1808 498 1898 533 voto
1919 495 1998 532 ini-

1062 550 1250 587 nisti-andi
1273 549 1453 595 infirmis,
1475 549 1591 586 etiam
1616 552 1720 598 peste
1741 549 1906 593 infectis,
1927 549 1999 585 ob-

1059 603 1214 640 strictus
1235 602 1370 639 voluit.
1393 603 1745 650 Congregationem
1766 602 1999 651 approbavit

1061 656 1210 694 Xvstus
1241 656 1309 704 Pp.
1349 656 1394 693 V.
1422 656 1606 693 Camillus
1645 656 1750 693 vitae
1789 656 1999 693 sanctitate

1060 709 1188 746 clarus
1218 709 1313 745 obiit
1342 720 1404 746 an.
1442 709 1551 755 lol43
1582 712 1715 757 postea
1743 721 1766 747 a
1787 709 1997 746 Benedicto

1060 762 1156 799 XIV
1177 761 1285 799 fastis
1306 762 1373 799 5³1
1378 773 1438 798 um
1461 762 1722 810 alscriptus1.

1113 816 1156 852 Ei
1188 815 1362 864 aequalis
1391 815 1464 852 fuit
1492 815 1722 852 Iranciscus
1753 794 2000 861 Caracciolo,

1059 881 1119 906 an.
1144 868 1245 907 1563
1267 869 1384 905 nobili
1406 868 1518 905 loco
1510 881 1547 905 in
1569 869 1706 928 oppido
1727 881 1757 906 5.
1780 869 1930 906 Mariae
1951 869 1999 906 de

1059 922 1190 960 Villa
1182 934 1220 958 in
1241 921 1404 971 Aprutio
1425 922 1623 967 oriundus,
1644 922 1706 970 qui
1728 935 1751 960 a
1770 923 1903 971 primis
1923 934 1999 960 an-

1059 976 1117 1014 nis
1139 975 1304 1013 eximiae
1326 975 1481 1023 pietatis
1501 975 1610 1012 cultu
1631 976 1782 1013 enituit.
1805 976 1998 1013 Sacerdos

1059 1029 1198 1077 factus,
1228 1041 1269 1066 se
1299 1031 1424 1066 totum
1445 1028 1605 1066 devovit
1624 1028 1822 1066 lucrandis
1842 1028 1998 1066 Christo

1059 1083 1284 1128 animabus3
1306 1083 1443 1119 deinde
1463 1094 1537 1118 una
1553 1094 1642 1119 cum
1660 1082 1802 1119 Ioanne
1819 1083 2000 1132 Augusti-

1060 1149 1107 1173 no
1136 1137 1364 1186 presbytero
1387 1135 1553 1184 aliisque
1573 1135 1746 1172 instituit
1769 1135 1997 1185 Congrega—

1059 1191 1204 1228 tionem
1232 1190 1474 1227 Clericorum
1502 1188 1746 1237 regularium
1777 1189 1970 1226 minorum
1990 1219 2000 1235 ‚

1060 1244 1122 1292 qui
1144 1244 1270 1281 tribus
1286 1243 1480 1280 consuetis
1494 1243 1592 1280 votis
1608 1242 1797 1279 adderent
1812 1244 1999 1290 quartum

1061 1299 1106 1334 de
1125 1309 1198 1334 non
1213 1297 1427 1334 ambiendis
1443 1296 1698 1344 dignitatibus
1711 1295 1998 1333 ecclesiasticis.

1060 1350 1408 1400 Congregationem
1421 1349 1812 1398 approbavithstus
1825 1349 1870 1386 V.
1884 1349 2000 1386 Fran<

1061 1405 1186 1442 ciscus
1218 1405 1340 1441 vitam
1370 1403 1654 1441 sanctissimam
1682 1404 1742 1451 pie
1772 1402 2001 1440 terminavit

1062 1471 1124 1495 an.
1141 1458 1254 1502 1608,
1274 1457 1412 1494 deinde
1432 1469 1454 1494 a
1471 1456 1667 1494 Clemente
1679 1455 1776 1493 XIV
1791 1456 1893 1492 inter
1909 1456 2001 1493 Bea-

1061 1514 1121 1549 tos
1140 1514 1180 1549 et
1199 1523 1222 1548 a
1242 1512 1313 1548 Pio
1334 1510 1410 1547 VII
1430 1510 1532 1547 inter
1552 1511 1716 1547 Sanctos
1735 1509 1884 1546 relatus
1903 1507 1929 1546 ².

1116 1565 1159 1602 In
1181 1564 1310 1602 Gallia
1330 1575 1470 1612 magno
1486 1563 1642 1612 pietatis
1657 1564 1756 1600 bono
1774 1563 2001 1612 Congrega-

1061 1619 1205 1656 tionem
1227 1619 1438 1655 Doctrinae
1459 1617 1693 1654 christianae
1714 1616 1883 1653 instituit
1899 1616 2001 1654 Cae-

1062 1684 1126 1709 sar
1146 1672 1194 1708 de
1214 1672 1306 1718 Rus,
1327 1671 1390 1720 qui
1412 1683 1473 1708 an.
1497 1670 1597 1707 1544
1618 1669 1813 1707 Cabillone
1834 1672 1961 1716 natus,
1978 1682 2002 1707 a

1063 1724 1203 1763 laxiori
1225 1726 1319 1770 vita,
1335 1736 1454 1774 quam
1473 1723 1699 1771 aliquandiu
1720 1721 1890 1760 sectatus
1911 1723 1999 1760 fue-

1061 1782 1136 1825 rat,
1151 1781 1373 1823 revocatus,
1388 1789 1522 1815 sacrae
1537 1777 1702 1814 militiae
1725 1789 1863 1813 nomen
1883 1777 2001 1814 dedit.

1061 1833 1288 1871 Sacerdotio
1317 1832 1506 1876 initiatus,
1536 1830 1674 1879 oppida
1694 1832 1732 1867 et
1752 1842 1870 1879 pagos
1890 1833 2003 1867 cate-

1061 1887 1245 1924 chizando
1274 1887 1312 1923 et
1341 1884 1598 1934 praedicando
1628 1883 1865 1932 pertransiit.
1887 1883 2002 1921 Multi

1060 1941 1143 1978 eius
1169 1939 1390 1987 exemplum
1420 1937 1544 1975 secuti
1566 1939 1669 1982 sunt,
1689 1937 1919 1985 quibuscum
1941 1949 2000 1975 an.

1064 1994 1164 2032 1593
1179 1993 1379 2030 Avenione
1395 1991 1506 2028 initia
1522 1990 1841 2040 Congregationis
1861 1991 2003 2039 posuit,

1061 2047 1171 2084 cuius
1201 2046 1294 2084 socii
1324 2058 1363 2083 se
1383 2045 1650 2094 principaliter
1670 2045 1910 2081 devoverent
1929 2045 2001 2081 do—

1062 2101 1205 2138 cendae
1227 2111 1417 2149 pauperes
1437 2095 1637 2135 doctiinae
1648 2097 1895 2135 christianae
1908 2097 2003 2134 Con-

1061 2154 1324 2203 gregationem
1344 2152 1575 2202 approbavit
1592 2152 1768 2189 Clemens
1794 2151 1899 2188 VIII.
1921 2151 2003 2188 Ob-

1061 2208 1106 2245 iit
1131 2206 1365 2244 venerabilis
1387 2206 1530 2243 Caesar
1549 2206 1595 2243 de
1614 2205 1692 2242 Bus
1711 2217 1773 2242 an.
1797 2205 1897 2242 1607
1917 2202 1947 2241 ³.

1114 2262 1173 2298 Ad
1194 2260 1446 2298 christianam
1472 2258 1691 2308 puellarum
1711 2258 1829 2295 etiam
1849 2257 2002 2294 institu-

1060 2315 1204 2351 tionem
1224 2315 1295 2351 hoc
1324 2313 1480 2351 saeculo
1510 2313 1832 2361 congregationes
1851 2313 2002 2348 erectae

1062 2371 1162 2405 sunt.
1185 2368 1245 2404 Ex
1265 2367 1325 2405 his
1344 2366 1418 2404 fuit
1437 2366 1687 2415 congregatio
1707 2365 1892 2402 Sororum
1915 2366 2001 2401 An-

1062 2422 1292 2470 gelicarum,
1320 2432 1421 2469 quae
1441 2420 1560 2457 etiam
1581 2418 1851 2456 Guastallinae
1872 2417 1999 2455 dictae

1062 2477 1163 2519 sunt,
1184 2475 1286 2523 quod
1308 2485 1444 2511 earum
1465 2473 1663 2510 fundatrix
1685 2471 1803 2508 fuerit
1824 2471 2000 2508 comitis-

1063 2540 1106 2566 sa
1127 2528 1370 2565 Guastallae.
1393 2528 1500 2564 Haec
1520 2526 1746 2563 institutum
1768 2524 2002 2562 Barnabita-

1063 2594 1150 2619 rum
1171 2582 1336 2626 imitata,
1356 2581 1481 2618 socias
1501 2591 1591 2617 suas
1607 2579 1730 2627 primo
1752 2578 1924 2614 moribus
1945 2590 2001 2615 se-

1064 2648 1136 2673 xus
1156 2635 1216 2672 sui
1236 2634 1500 2677 emendandis,
1521 2632 1657 2670 deinde
1675 2631 1810 2679 puellis
1826 2631 1999 2668 erudien-

1062 2689 1120 2726 dis
1142 2690 1180 2725 et
1200 2688 1412 2726 educandis
1433 2685 1657 2729 destinavit,
1677 2687 1793 2732 atque
1815 2696 1873 2721 an.
1900 2685 1999 2722 1534

1063 2741 1386 2791 Congregationis
1413 2752 1504 2777 suae
1534 2738 1850 2787 approbationem
1872 2739 1920 2775 ab
1941 2741 2000 2775 Α-

1063 2795 1250 2844 postolica
1268 2795 1367 2832 Sede
1387 2793 1536 2841 accepit
1551 2791 1576 2828 ⁴¹.

1115 2849 1222 2885 Talis
1234 2849 1350 2885 etiam
1365 2847 1438 2884 fuit
1449 2844 1699 2894 congregatio
1711 2845 2000 2890 Ursufiuarum,

1064 2914 1159 2951 quae
1187 2902 1243 2939 ita
1263 2902 1388 2939 dictae
1409 2901 1520 2944 sunt,
1541 2898 1640 2947 quod
1661 2909 1689 2935 s.
1706 2899 1858 2948 Angela
1878 2899 2001 2936 Meri-

1105 2995 1114 3016 ¹
1135 2997 1162 3025 Ρ.
1180 2993 1340 3028 Citadello„
1364 2991 1430 3023 Vita
1445 3000 1468 3020 5.
1490 2989 1628 3028 Camilli,
1644 3000 1680 3021 ex
1704 2992 1807 3022 italico
1826 2992 1853 3022 in
1872 2991 1999 3022 latinum

1063 3046 1154 3067 versa
1177 3046 1194 3066 a
1211 3038 1240 3066 P.
1258 3035 1386 3071 11:1110ix,
1411 3035 1554 3071 Antuerp.
1582 3032 1675 3071 166&
1702 3033 1827 3073 Helyot,
1845 3033 1928 3065 Hist.
1947 3033 2000 3065 des

1066 3078 1156 3110 Orrlr.
1175 3077 1263 3116 reliq.
1281 3081 1300 3107 t.
1318 3077 1361 3111 lV,
1379 3084 1405 3110 p.
1423 3073 1492 3105 263.

1104 3120 1118 3141 2
1135 3122 1165 3150 Α.
1185 3118 1325 3148 Cencrlli.
1348 3116 1416 3147 l'ica
1433 3115 1466 3145 cli
1482 3114 1511 3146 S.
1530 3116 1705 3147 Francesco
1725 3115 1919 3154 Caraccioln,
1935 3117 1997 3147 Ro-

1065 3171 1131 3192 mae
1150 3160 1237 3196 1805,
1256 3159 1354 3190 in-40.

1105 3204 1119 3225 3
1137 3204 1166 3232 I‘.
1177 3202 1214 3230 du
1226 3202 1299 3236 Mas,
1315 3200 1371 3232 t'ie
1387 3198 1424 3230 n'e
1435 3198 1532 3230 Ce'sar
1548 3199 1585 3228 (Ie
1598 3199 1682 3235 Rus,
1697 3201 1782 3230 Paris
1797 3199 1882 3237 1703,
1895 3201 1924 3230 in
1938 3199 1974 3230 4⁰
1990 3209 1997 3236 ;

1066 3245 1086 3277 Ι,
1101 3243 1261 3280 beauvais,
1271 3243 1398 3282 idem,in
1414 3240 1793 3281 4⁰.-⁴11elyot‚llist.aex
1805 3241 1997 3285 Ordrmeliq.

1743 3296 1790 3335 13
