2241 3473
662 187 787 218 stvss
816 185 867 214 AD
895 183 1021 212 FINEM
1050 184 1209 211 IMPERII
1241 184 1394 212 GRAECI

71 256 174 292 tores
186 252 464 298 discessissent,
484 251 708 290 Alexander
726 251 761 288 V
779 250 872 289 illud
892 249 1000 287 remi-

70 306 122 345 sit
151 305 200 344 ad
228 305 404 343 futurum
438 306 618 355 generale
651 303 853 342 concilium
871 332 880 348 ,
915 304 999 350 post

69 358 278 398 triennium
298 358 587 402 celebrandum,
606 359 646 395 et
667 361 745 394 vu⁰
767 357 850 394 idus
870 367 997 405 augu-

68 412 118 450 sti
133 422 315 460 praesens
335 411 537 449 concilium
557 410 785 448 terminavit
803 409 827 446 ¹.

120 464 175 502 De
205 464 439 502 auctoritate
459 463 610 501 concilii
633 462 760 500 Pisani
781 462 884 499 inter
905 473 996 499 eru-

67 517 169 555 ditos
196 517 417 566 disputatur
432 546 443 564 ,
470 517 535 554 alii
564 515 657 553 illud
679 514 920 563 illegitimum
935 544 944 561 ,
964 527 998 552 a·

66 570 108 608 lii
128 569 221 608 illud
242 570 502 620 illegitimum,
522 568 586 606 alii
607 567 912 612 oecumenicum,
932 567 996 604 alii

66 622 204 661 melius
223 635 314 661 cum
332 623 444 661 docto
464 620 686 661 Muzzarelli
701 619 997 658 oecumenicum

67 676 226 715 dubium
245 675 380 714 dicunt
397 675 423 714 ².

121 728 181 767 14.
212 729 452 767 Schts-matis
471 733 604 765 status
619 748 669 754 —
685 726 855 764 Tantum
875 726 996 772 abest,

67 784 112 820 ut
141 782 309 820 schisma
341 793 408 831 per
440 779 648 818 concilium
673 779 860 817 Pisanum
880 778 998 816 fuerit

64 835 272 881 sublatum,
294 838 335 873 ut
356 834 479 883 potius
498 834 657 870 auctum
679 832 995 880 sit‚quemadmo-

65 888 156 925 dum
183 887 317 926 scribit
345 888 389 925 D.
419 886 662 932 Antoninus,
691 885 814 923 tribus
834 897 935 922 nunc
955 897 995 923 se

64 953 134 990 pro
163 952 263 990 papa
281 940 504 989 gerentibus
524 936 550 976 ³.
572 938 757 987 Gregorio
778 938 855 975 XII
886 938 993 975 multi

64 993 153 1031 Itali
181 998 221 1032 et
249 993 445 1038 Germani,
473 991 680 1029 Benedieto
701 992 797 1028 XIII
818 991 993 1040 Hispani,

64 1046 287 1084 Alexandro
307 1046 341 1082 V
360 1045 498 1094 reliqui
520 1044 758 1082 obedierunt.
779 1044 994 1093 Gregorius

63 1098 139 1136 XII
159 1099 197 1136 in
217 1099 378 1148 synodo,
398 1110 498 1136 anno
521 1096 620 1135 1408
640 1109 758 1147 prope
773 1097 993 1147 Aquileiam

62 1152 227 1199 indicta,
256 1153 388 1190 ambos
406 1163 495 1189 suos
515 1151 812 1199 competitores,
834 1151 994 1188 Benedi-

63 1208 165 1242 ctum
201 1207 241 1242 et
271 1205 537 1242 Alexandrum
554 1233 564 1251 ,
597 1208 780 1253 tanquam
802 1203 993 1250 intrusos,

60 1257 325 1296 schismaticos
337 1261 378 1295 et
400 1258 615 1306 pertinaces
631 1257 916 1303 condemnavit,
933 1257 994 1295 de-

61 1310 150 1348 inde
178 1311 336 1349 secessit
354 1311 590 1349 Ariminum.
610 1311 845 1348 Benedictus
865 1310 994 1348 soluta

59 1374 132 1401 sua
150 1364 296 1413 synodo
317 1363 623 1413 Perpinianensi,
635 1376 676 1402 se
692 1364 837 1412 recepit
852 1363 993 1401 Penin-

58 1415 181 1469 sulam
193 1417 232 1454 in
243 1417 809 1467 regnoValentiae.Alexander
827 1417 862 1453 V
873 1428 992 1465 quum

59 1470 239 1519 Regnum
271 1470 576 1520 Neapolitanum
606 1471 786 1509 Ladislao
823 1471 992 1519 abroga-

59 1525 143 1560 tum
186 1523 384 1561 Ludovico
416 1524 684 1573 Andegavensi
723 1523 993 1570 concessisset,

59 1576 225 1614 Romam
246 1577 294 1614 ab
308 1577 480 1615 eiusdem
495 1576 664 1615 Ladislai
679 1577 887 1626 tyrannide
905 1577 992 1614 vin-

59 1628 227 1667 dicatam
237 1641 308 1679 per
319 1630 484 1668 Paulum
500 1630 685 1669 Ursinum
703 1630 853 1679 redegit
866 1630 904 1667 in
923 1641 992 1679 po-

58 1684 251 1720 testatem.
271 1682 356 1721 Hac
376 1683 538 1721 victoria
557 1683 683 1721 laetus
698 1683 864 1721 Romam
884 1683 993 1732 cogi-

57 1734 260 1783 tavit;sed,
267 1747 317 1785 qu
324 1747 389 1774 um
399 1736 521 1786 prius,
530 1735 710 1784 Pistorio,
719 1736 782 1774 ubi
793 1739 877 1774 tum
885 1738 993 1785 dege-

58 1787 137 1835 bat,
152 1789 368 1827 Bononiam
387 1801 428 1828 se
448 1789 686 1835 contulisset,
706 1790 840 1827 morbo
859 1801 991 1827 corre-

57 1843 145 1890 ptus
163 1841 303 1879 ibidem
324 1850 385 1880 1v0
407 1854 526 1880 nonas
546 1843 638 1880 maii
659 1855 718 1881 an.
744 1843 842 1881 1410
872 1843 990 1881 vitam

58 1893 190 1940 edidit,
215 1906 371 1933 menses
393 1895 441 1933 10
461 1907 506 1933 ac
525 1896 609 1933 dies
628 1896 652 1933 8
674 1895 889 1934 Pontificali
905 1908 992 1933 mu-

57 1959 148 1984 nere
163 1947 331 1986 functus.
342 1948 527 1997 Sepultus
545 1952 603 1987 est
616 1948 749 1986 eodem
765 1948 848 1987 loco
863 1950 901 1987 in
922 1950 993 1987 Ec-

55 2000 174 2038 clesia
186 2001 370 2039 Fratrum
383 2001 591 2048 Minorum,
602 2014 764 2051 quorum
784 2006 823 2040 et
841 2003 921 2052 ipse
941 2003 991 2039 in-

54 2053 232 2091 stitutum
258 2054 452 2103 professus
482 2054 612 2092 fuerat
627 2054 652 2092 ⁴.
672 2056 938 2093 Alexandrum
957 2056 991 2093 V

54 2106 179 2155 carpit
211 2107 425 2146 maledicus
461 2109 700 2146 conviciator
731 2109 993 2160 Theodoricus

54 2159 228 2206 Niemus‚
240 2161 283 2199 at
297 2161 380 2198 iure
401 2161 624 2199 confutatus
645 2161 718 2199 fuit
734 2162 962 2211 aWadingo
979 2161 992 2184 ⁵

54 2213 284 2251 testimoniis
311 2214 566 2264 Scriptorum,
587 2216 651 2264 qui
671 2215 936 2252 Alexandrum
957 2217 992 2254 V

55 2267 452 2314 commendarunt,uti
474 2268 600 2306 virum
617 2268 744 2317 magni
760 2268 894 2316 animi,
910 2281 993 2317 pru-

94 2356 105 2377 ¹
122 2357 234 2395 Labbe,
251 2357 370 2390 Concil.
389 2363 409 2390 t.
426 2359 474 2397 xl,
491 2368 523 2399 p„
543 2359 639 2397 21114
663 2362 771 2399 Mansi,
795 2366 815 2393 t.
839 2362 939 2399 xxvi,
962 2371 990 2401 p.

56 2396 144 2434 1131,
160 2399 316 2438 etxxwl,
332 2410 360 2439 p.
373 2401 402 2432 1.

94 2439 108 2461 ²
125 2440 310 2479 Muzzarelli,
324 2441 368 2473 De
383 2442 576 2474 auctoritate
593 2442 624 2475 R.
642 2443 766 2483 Pontis.
783 2447 802 2475 t.
820 2445 851 2482 ll,
869 2455 894 2477 c.
915 2445 959 2477 17-

94 2480 108 2503 ³
125 2479 221 2512 Cron.
238 2485 315 2522 part.
333 2483 380 2520 111,
394 2484 436 2514 tit.
452 2483 501 2522 22,
517 2494 540 2515 c.
560 2485 592 2516 5.

93 2522 113 2568 4.
124 2522 263 2553 Omnium
280 2524 395 2562 primus
413 2525 584 2557 Alexander
605 2526 724 2558 Titulos
740 2529 866 2558 mutavit
883 2529 990 2559 Cardi—

53 2563 186 2610 nalibus,
193 2564 273 2595 unde
288 2564 434 2604 Optionis
447 2568 488 2597 uti
501 2567 657 2605 appellant
669 2569 836 2600 exordium.
846 2571 901 2601 Per
911 2570 988 2601 1200

53 2607 215 2635 continuos
231 2614 328 2636 annos
346 2607 535 2639 consuetudo
552 2609 581 2639 in
597 2610 629 2639 R.
654 2610 791 2640 Ecclesia
814 2611 988 2642 invaluerat

52 2650 83 2676 ut
100 2645 279 2677 cardinales
296 2656 395 2687 neque
411 2649 537 2680 Diaconi
551 2650 711 2681 Diaconias
724 2651 819 2682 semel
833 2657 988 2692 acceptam,

53 2696 152 2727 neque
169 2688 339 2726 Presbyteri
355 2690 482 2726 Titulos,
504 2699 602 2730 neque
625 2691 767 2730 Episcopi
784 2693 986 2733 Episcopatus

51 2738 126 2760 suos
142 2737 284 2768 umquam
301 2734 458 2761 mutarent
476 2731 562 2762 Nunc
577 2732 754 2763 cardinales
770 2735 902 2773 optionis
920 2736 987 2775 lege

51 2771 162 2801 multos
185 2771 300 2801 Titulos
322 2775 352 2802 et
375 2772 537 2803 Diaconias
565 2773 702 2804 obtinere
733 2780 872 2811 possunt.
895 2777 986 2808 Cuius

51 2813 94 2842 rei
110 2811 230 2842 initium
245 2817 344 2843 ortum
360 2817 406 2844 est
420 2817 557 2852 tempore
573 2814 737 2846 Alexandri
754 2816 776 2845 V
799 2817 830 2847 in
852 2817 986 2849 Concilio

51 2853 161 2884 Pisano
177 2861 226 2884 an.
245 2853 333 2891 1409,
349 2854 378 2884 in
395 2863 454 2893 quo
470 2863 560 2894 quum
574 2855 708 2886 schisma
725 2857 917 2897 contigisset,
931 2860 986 2890 Sa-

52 2895 191 2925 cerdotia
203 2895 400 2925 cardinalitia
414 2895 490 2925 duos
502 2896 538 2925 ad
553 2897 650 2927 minus
664 2897 778 2928 habere
793 2899 985 2939 CardinalcS,

50 2935 173 2967 sublato
189 2937 356 2967 schismate
372 2937 507 2975 unitiqne
524 2938 682 2977 utriusque
699 2938 825 2979 collegii
842 2941 986 2972 Cardina-

48 2976 140 3014 libus,
155 2981 185 3008 et
197 2977 428 3008 novoPontifice
441 2979 620 3015 creato,bas
634 2981 818 3011 mutationes
835 2981 898 3012 fieri
915 2986 986 3015 tunc

53 3027 179 3049 necesse
195 3019 262 3055 suit,
281 3024 311 3049 ut
329 3028 406 3049 unus
424 3028 459 3049 ex
476 3019 604 3057 duobus,
622 3021 671 3059 qui
691 3021 719 3050 in
737 3022 904 3053 schismate
916 3025 986 3063 Epi-

50 3064 209 3098 scopatum
227 3061 430 3091 Tusculanum
446 3060 612 3097 obtinebat,
628 3070 664 3091 eo
680 3062 767 3092 alteri
784 3063 920 3100 dimisso,
932 3068 985 3096 Sa-

49 3099 153 3130 binum
168 3105 239 3132 tuuc
255 3105 414 3132 vacantem
431 3105 601 3140 cooptaret.
616 3102 660 3131 lta
683 3104 712 3132 in
735 3104 842 3135 Titulis
857 3109 887 3136 et
912 3106 985 3136 Dia-

50 3141 145 3172 coniis
160 3142 272 3172 factum
288 3147 343 3174 est.
363 3142 416 3173 Vid
445 3143 618 3180 lenivimus,
632 3142 676 3174 De
690 3145 875 3185 praecipuis
895 3146 984 3179 Urbis

20 3184 33 3191 ⁵
49 3180 171 3214 Romae
185 3182 405 3215 Basilicus-etc.
419 3194 444 3214 c.
461 3183 488 3215 3.

89 3224 104 3245 5
118 3223 232 3255 Annal.
249 3224 360 3256 Mitior.
378 3225 417 3255 ad
430 3235 479 3256 an.
499 3224 582 3261 1410,
599 3224 614 3263 Ξ
631 3224 657 3256 4.

1865 171 1940 211 115

1045 247 1200 286 dentiae
1223 259 1410 295 summae,
1439 248 1478 286 ct
1505 246 1650 285 effusae
1671 246 1709 284 in
1732 258 1923 296 pauperes
1947 247 1988 286 li·

1043 301 1269 339 beralitatis.

1095 354 1188 391 Post
1220 354 1303 391 eius
1336 353 1482 391 obitum
1522 353 1569 390 17
1607 351 1826 390 cardinales
1853 352 1984 391 Bono-

1043 406 1128 444 niae
1158 418 1225 455 pro
1245 417 1350 443 moro
1372 406 1531 443 comitia
1552 406 1820 450 celebrarunt,
1838 408 1878 443 et
1899 411 1985 444 xvi⁰

1041 459 1110 497 cal.
1141 459 1268 497 iunias
1299 471 1359 496 an.
1396 458 1497 496 1410
1534 459 1572 495 in
1610 458 1738 496 locum
1767 455 1984 498 Alexandri

1040 511 1241 561 elegerunt
1273 511 1511 549 cardinalem
1529 511 1818 549 Balthassarem
1837 511 1954 551 cossa
1971 540 1980 557 ‚

1039 564 1356 614 Neapolitanum,
1376 564 1442 612 qui
1461 564 1624 602 Ioannes
1644 564 1782 602 XXIII
1802 565 1975 614 appella-

1038 620 1101 655 tus
1133 621 1204 664 est,
1224 619 1263 654 et
1292 622 1379 654 ν111ο
1409 616 1559 655 calend.
1581 617 1721 654 mensis
1742 617 1916 656 eiusdem
1938 618 1977 656 in

1039 670 1132 708 aede
1151 670 1190 708 S.
1208 668 1383 708 Petronii
1403 669 1630 707 Pontificias
1649 668 1822 718 insignes
1840 683 1975 710 susce-

1038 723 1106 772 pit.
1140 723 1177 760 Is
1211 723 1375 760 Romam
1410 733 1637 771 progressus
1669 726 1751 769 est3
1786 724 1973 762 rebellem

1038 775 1281 822 Ladislaum,
1301 786 1430 824 regem
1452 773 1647 824 Neapolis,
1669 774 1811 813 indicto
1830 776 1868 814 in
1889 790 1977 815 eum

1038 828 1136 866 bello
1156 839 1280 874 sacro,
1292 827 1330 865 in
1349 827 1522 865 ordinem
1542 827 1713 877 redegit3
1730 831 1815 877 post
1829 830 1977 868 obitum

1038 881 1205 931 Ruperti
1232 880 1483 930 imperatoris
1510 880 1660 929 legatos
1689 881 1899 921 destinavit
1926 885 1975 922 ad

1037 934 1225 972 electores
1246 933 1412 983 imperii,
1434 933 1532 970 utin
1549 933 1630 971 eius
1642 933 1769 972 locum
1785 935 1976 985 eligerent

1035 987 1328 1036 Sigismundum
1362 997 1498 1036 regem
1523 986 1770 1035 Hungariae3
1800 1000 1848 1025 an
1872 989 1972 1027 1412

1035 1041 1182 1078 Romae
1201 1041 1391 1089 synodum
1411 1039 1549 1089 coegit,
1566 1039 1605 1078 in
1622 1040 1863 1089 quanannis
1891 1043 1985 1081 Wi-

1033 1093 1124 1131 cleff
1156 1105 1308 1130 errores
1345 1095 1384 1130 et
1416 1093 1562 1142 scripta
1599 1093 1828 1140 damnavit,·
1859 1095 1966 1133 brevi

1034 1150 1130 1196 post,
1163 1145 1378 1195 foedifrago
1406 1145 1588 1184 Ladislao
1616 1157 1770 1184 rursum
1804 1148 1968 1186 Romam

1033 1199 1205 1249 aliasque
1231 1199 1386 1237 ditionis
1406 1197 1692 1236 ecclesiasticae
1713 1199 1894 1238 civitates
1915 1213 1976 1239 oc-

1034 1257 1212 1302 cupante,
1240 1264 1280 1290 se
1308 1252 1453 1300 recepit
1472 1252 1700 1298 Bononiam,
1720 1252 1886 1302 hincque
1907 1266 1969 1292 an.

1036 1306 1135 1344 1414
1182 1305 1335 1344 transiit
1381 1305 1647 1343 Constantiam
1691 1306 1968 1355 auspicaturus

1034 1359 1234 1396 concilium
1255 1358 1450 1408 generale,
1465 1358 1606 1396 ibidem
1622 1358 1822 1397 indictum.
1842 1360 1884 1396 In
1902 1360 1974 1398 hoc

1035 1412 1209 1458 concilio,
1230 1416 1273 1449 ut
1291 1424 1382 1449 mox
1403 1411 1632 1458 videbimus,
1649 1411 1814 1450 Ioannes
1833 1413 1977 1451 XXIII

1033 1470 1072 1505 et
1087 1465 1319 1503 Benedictus
1333 1465 1432 1503 XIII
1446 1463 1675 1514 pontificatu
1689 1465 1854 1513 depositi
1873 1470 1980 1513 sunt,

1034 1518 1247 1569 Gregorius
1288 1518 1366 1555 XII
1405 1530 1447 1555 se
1475 1517 1697 1564 abdicavit,
1725 1518 1870 1557 electus
1902 1519 1978 1558 fuit

1033 1573 1226 1611 Martinus
1247 1571 1296 1617 V,
1313 1573 1352 1608 et
1369 1571 1539 1609 schisma
1554 1571 1759 1610 sublatum.

1087 1625 1148 1664 15.
1173 1625 1404 1663 Concilium
1421 1624 1726 1662 Constantiense
1745 1623 1835 1675 (an.
1854 1625 1976 1677 1414)

1035 1701 1082 1708 —
1099 1679 1226 1721 Quum
1246 1677 1367 1726 igitur
1385 1677 1554 1716 schisma
1573 1678 1803 1726 perduraret
1817 1707 1827 1725 ‚
1847 1679 1980 1717 eccle-

1034 1733 1191 1771 siastica
1218 1730 1446 1769 reformatio
1473 1730 1784 1776 desideraretur,
1803 1734 1843 1770 et
1862 1744 1980 1782 prae-

1034 1788 1142 1824 terea
1161 1784 1411 1822 Hussitarum
1430 1786 1548 1831 secta,
1561 1784 1608 1822 de
1627 1795 1705 1832 qua
1723 1784 1827 1823 infra
1845 1785 1981 1834 loque-

1034 1851 1140 1885 mur,
1168 1839 1208 1875 in
1228 1837 1415 1875 Bohemia
1441 1838 1576 1875 turbas
1604 1849 1745 1886 graves
1775 1839 1981 1884 excitaret,

1035 1890 1196 1930 Ioannes
1204 1890 1353 1937 XXIII,
1363 1901 1517 1939 operam
1535 1891 1740 1939 plurimam
1754 1891 1979 1930 conferente

1034 1944 1281 1994 Sigismundo
1296 1943 1542 1993 imperatore,
1558 1944 1774 1981 Concilium
1794 1946 1978 1993 generale

1035 1997 1284 2037 Constantiae
1317 1997 1470 2034 indixit.
1500 1996 1714 2035 Concilium
1747 1998 1975 2036 inchoatum

1034 2054 1092 2090 est
1110 2049 1197 2089 xvi⁰
1217 2050 1397 2088 calendas
1417 2050 1611 2087 decembr.
1636 2051 1749 2096 1414,
1768 2054 1808 2089 et
1825 2053 1877 2089 45
1893 2064 1976 2089 ses-

1035 2104 1206 2142 sionibus
1234 2103 1456 2141 absolutum
1475 2102 1518 2141 x⁰
1539 2103 1686 2141 calend.
1707 2104 1829 2143 maias
1860 2105 1975 2143 1418.

1037 2159 1201 2196 Praeter
1216 2156 1434 2194 cardinales
1446 2158 1485 2194 et
1500 2157 1523 2193 4
1540 2156 1781 2205 patriarchas
1797 2157 1977 2195 interfuit

1037 2222 1199 2260 magnus
1220 2210 1501 2259 episcoporum,
1519 2210 1586 2247 sed
1607 2210 1728 2247 multo
1758 2211 1881 2248 maior
1900 2212 1974 2249 ab·

1035 2266 1192 2311 batum,
1210 2263 1436 2300 clericorum
1450 2293 1459 2310 ,
1479 2264 1755 2301 monachorum
1775 2267 1816 2301 et
1836 2265 1975 2301 docto-

1035 2329 1121 2355 rum
1141 2316 1360 2365 theologiae
1379 2316 1552 2365 iurisque
1574 2316 1749 2354 canonici
1773 2329 1968 2355 numerus.

1035 2370 1172 2409 Adfuit
1190 2370 1309 2406 etiam
1330 2369 1600 2418 Sigismundus
1628 2370 1852 2419 imperator.
1882 2370 1976 2407 Ses-

1033 2423 1207 2461 sionibus
1225 2420 1264 2460 Ia
1283 2424 1322 2460 et
1341 2423 1400 2460 11³
1420 2422 1557 2472 quibus
1585 2423 1777 2471 praesedit
1804 2424 1968 2461 Ioannes

1032 2477 1189 2523 XXIII,
1210 2476 1302 2513 ordo
1330 2475 1483 2513 concilii
1503 2476 1738 2524 compositus
1757 2475 1851 2523 fuit;
1879 2476 1966 2524 pla-

1031 2530 1124 2577 cuit,
1146 2532 1190 2567 ut
1209 2540 1342 2566 omnes
1367 2531 1447 2566 tres
1475 2528 1522 2566 de
1550 2528 1778 2577 pontificatu
1806 2532 1970 2566 conten-

1031 2584 1165 2621 dentes
1184 2595 1230 2620 eo
1250 2582 1452 2629 eederent3
1474 2583 1638 2619 Ioannes
1657 2581 1795 2619 XXIII
1816 2581 1970 2619 iureiu-

1031 2637 1151 2674 rando
1171 2635 1386 2685 spopondit,
1406 2646 1447 2672 se
1467 2635 1616 2683 Papatu
1638 2646 1854 2679 cessurum,
1873 2634 1971 2672 reli-

1029 2690 1115 2739 quis
1135 2690 1284 2727 duobus
1305 2700 1344 2731 se
1363 2688 1644 2725 abdicantibus.
1666 2687 1804 2735 Legati
1825 2688 1968 2736 Grego-

1029 2743 1077 2780 rii
1097 2743 1174 2780 XII
1194 2741 1473 2791 promiserunt,
1493 2752 1533 2777 se
1553 2751 1709 2789 operam
1729 2741 1903 2787 daturos,
1925 2743 1976 2778 ut

1030 2797 1077 2833 ab
1106 2807 1150 2833 eo
1180 2794 1392 2833 cessionem
1420 2793 1699 2842 impetrarent;
1720 2793 1851 2830 nuncii
1874 2805 1968 2831 vero

1029 2848 1228 2886 Benedicti
1250 2847 1346 2884 XIII
1368 2846 1461 2882 nihil
1481 2845 1587 2883 aliud
1614 2845 1840 2883 obtulerunt
1857 2875 1866 2891 ,
1894 2847 1967 2884 nisi

1031 2904 1072 2939 ut
1090 2901 1362 2950 Sigismundus
1395 2910 1485 2935 cum
1519 2898 1727 2936 Benedicto
1757 2902 1796 2936 et
1824 2898 1965 2936 Ferdi-

1029 2955 1155 2992 nando
1189 2965 1281 3002 rege
1315 2951 1532 2999 Aragoniae
1561 2951 1786 2989 conveniret
1814 2951 1967 2989 Niciam

1029 3007 1211 3057 Liguriae
1231 3006 1278 3042 ad
1307 3004 1598 3042 deliberandum
1628 3005 1674 3041 de
1703 3005 1856 3041 unionis
1886 3005 1965 3043 via.

1029 3061 1128 3098 Dum
1148 3061 1244 3096 haec
1263 3059 1502 3106 agebantur,
1523 3057 1686 3095 Ioannes
1706 3058 1843 3095 XXIII
1864 3058 1967 3096 clam

1027 3112 1253 3152 Constantia
1277 3110 1430 3158 aufugit
1449 3109 1742 3156 Schaffiusiam,
1764 3111 1898 3147 urbem
1927 3111 1966 3148 in

1025 3166 1169 3203 ditione
1180 3163 1366 3205 Friderici
1381 3163 1488 3200 ducis
1500 3163 1696 3201 Austriaci
1712 3163 1840 3201 sitam.
1854 3164 1966 3201 Tunc

1027 3220 1187 3256 Ioannes
1221 3217 1390 3262 Gerson,
1427 3216 1702 3255 Universitatis
1733 3217 1965 3256 Parisiensis

1695 3280 1708 3293 ί
