2241 3473
228 136 281 175 98

178 212 316 250 dactus
336 211 416 257 est3
436 208 503 246 ille
522 208 640 245 etiam
660 205 907 256 profligatus,
927 203 1000 241 sibi
1021 214 1128 239 mor-

178 269 256 302 tem
279 262 478 301 conscivit.
501 259 750 298 Constantius
769 259 902 295 autem
918 258 1043 294 totam
1062 255 1131 292 im-

179 317 274 366 perii
291 326 484 354 summam
504 314 543 350 in
560 312 768 350 Occidente
785 323 830 348 ac
845 310 885 347 in
901 309 1060 348 Oriente
1076 320 1131 346 so-

180 372 242 409 lus
262 369 424 417 accepit.

232 423 341 460 Tunc
359 419 516 458 Arianis
536 430 623 467 spes
638 417 775 463 crevit,
785 416 1000 464 maiorique
1015 416 1132 452 auda-

176 476 238 521 cia
263 475 477 513 Nicaenam
498 472 610 508 fidem
629 470 914 520 impugnarunt
933 475 973 506 et
992 469 1129 505 ortho-

177 530 298 566 doxos
310 525 511 577 praesules
524 524 701 562 insectati
713 527 816 568 sunt,
827 522 1052 561 Constantio
1062 521 1132 558 im-

175 584 355 631 peratore
371 579 416 616 iis
431 578 469 615 in
488 578 666 615 omnibus
682 577 854 626 impense
868 576 1037 614 favente.
1059 575 1128 623 Sy-

176 634 266 672 nodi
281 634 410 682 plures
426 633 583 668 coactae
597 642 641 667 su
649 633 703 676 nt,
719 630 756 666 in
774 630 925 678 quibus,
939 628 1130 666 catholica

177 687 352 725 doctrina
362 686 409 722 de
425 683 829 722 consubstantialitate
837 682 958 720 Verbi
974 683 1130 729 negata,

176 741 280 778 illius
302 736 525 777 defensores
541 737 714 775 damnati
731 736 907 783 fuerunt,
923 735 1129 772 orthodoxi

175 793 375 843 praesules
391 792 548 840 ipseque
564 792 612 828 R.
626 789 809 828 Pontifex
824 789 1004 827 Liberius
1017 788 1129 837 depo-

176 847 253 892 siti,
265 845 399 883 variae
418 846 458 882 et
472 844 633 882 fallaces
651 843 740 881 fidei
758 842 950 880 formulae
967 841 1128 878 conscri-

175 903 278 950 ptae,
295 899 436 948 quibus
465 897 611 935 incauti
641 896 930 945 deciperentur,
950 895 1129 933 Nicaena

175 954 273 991 fides
303 953 573 1001 abrogaretur,
593 953 631 988 et
651 951 787 988 ariana
806 949 981 987 haeresis
1001 948 1127 986 stabi-

176 1007 326 1045 liretur.

227 1060 289 1098 23.
310 1060 574 1096 Arianorum
599 1058 805 1106 sactiones
820 1056 932 1093 —In
954 1054 1128 1092 maximo

177 1115 250 1151 hoc
270 1112 472 1150 Ecclesiae
493 1110 721 1149 discrimine
737 1111 957 1159 opportune
974 1108 1129 1153 accidit,

178 1170 220 1205 ut
237 1167 340 1204 inter
354 1166 457 1215 ipsos
469 1166 623 1214 arianos
635 1164 834 1201 orirentur
847 1162 1128 1207 contentioneS,

177 1223 218 1259 et
236 1232 282 1257 ex
304 1220 365 1257 liis
385 1217 564 1256 diversae
585 1217 785 1263 factiones,
803 1228 903 1265 quae
918 1227 1126 1265 progressu

178 1273 362 1323 temporis
398 1272 469 1310 sibi
501 1272 669 1309 invicem
699 1270 864 1308 exitium
895 1269 1127 1307 intulerunt.

178 1327 417 1375 Praecipuae
432 1325 655 1363 arianorum
669 1323 859 1361 factiones
870 1324 944 1361 hae
960 1325 1039 1360 tres
1052 1322 1130 1360 fue-

178 1384 288 1418 runt:
309 1383 612 1423 Anomaeorum‚
628 1377 694 1426 qui
714 1377 860 1414 Filium
881 1376 992 1414 Patri
1014 1375 1128 1413 dissi-

178 1434 594 1482 milem,o'e-26poiov,esse
614 1431 913 1468 contendebant.
935 1429 1062 1468 Huius
1077 1428 1130 1466 fa-

177 1488 314 1525 ctionis
334 1488 615 1537 antesignanus
634 1484 709 1522 fuit
727 1485 865 1522 Aetius
879 1514 888 1529 ,
910 1495 1024 1531 quem
1045 1483 1128 1520 Eu-

178 1541 343 1588 nomius,
362 1542 527 1578 Euzoius
544 1538 687 1586 aliique
707 1538 828 1575 secuti
845 1540 946 1574 sunt.
971 1536 1127 1574 Semia-

177 1594 392 1641 rianorum,
403 1595 470 1643 qui
487 1592 630 1631 Filium
644 1592 753 1628 Patri
769 1592 808 1628 in
821 1591 1000 1628 omnibus
1011 1590 1127 1627 etiam

178 1651 321 1685 natura
337 1648 515 1694 similem,
528 1649 709 1696 ὁμοιὸσιον,
725 1657 801 1682 non
817 1647 947 1682 tamen
959 1644 1128 1681 consub—

178 1702 402 1740 stantialem
423 1701 721 1751 profitebantur.
739 1699 848 1736 Inter
868 1699 937 1735 hos
958 1697 1130 1735 celebres

179 1757 295 1792 erant
315 1755 483 1793 Basilius
509 1756 756 1803 Ancyranus,
774 1751 965 1800 Georgius
986 1751 1129 1788 Laodi-

179 1819 312 1854 cenus,
325 1808 554 1846 Eustathius
571 1807 819 1845 Sebastenus.
833 1805 1130 1849 Acacianorum,

180 1862 246 1910 qui
266 1861 321 1899 sic
348 1862 439 1899 dicti
462 1862 510 1899 ab
535 1860 677 1899 Acacio
698 1860 913 1896 Caesareae
933 1858 972 1895 in
996 1857 1132 1894 Palae-

182 1916 283 1952 stina
300 1915 490 1964 episcopo,
513 1925 647 1951 eorum
663 1914 834 1958 auctore,
854 1911 999 1948 Filium
1021 1911 1129 1948 Patri

182 1968 409 2017 simpliciter
423 1968 602 2013 similem,
616 1969 740 2015 ὅμοιον,
751 1965 1041 2014 praedicabant,
1057 1976 1131 2012 quo

183 2023 295 2059 modo
312 2022 458 2070 effigies
475 2023 535 2059 est
550 2021 686 2058 similis
701 2022 908 2070 prototypo
925 2016 1027 2055 suol.

235 2077 457 2113 Anomacos
478 2077 518 2112 et
542 2074 757 2112 Acacianos
776 2072 894 2109 fuisse
915 2071 1028 2120 plane
1047 2071 1134 2108 liae-

182 2128 343 2175 reticos,
363 2140 475 2166 nemo
496 2129 777 2166 catholicorum
799 2125 962 2163 dubitat.
980 2124 1132 2161 Semia-

181 2183 311 2219 rianos
342 2194 445 2227 vcro,
463 2183 526 2230 qui
544 2182 686 2218 Filium
709 2179 820 2217 Patri
841 2179 877 2215 in
900 2178 1075 2215 omnibus
1092 2190 1132 2215 c-

182 2235 277 2273 tiam
300 2237 442 2272 natura
467 2235 649 2280 similem,
671 2236 851 2283 &potem-2,
878 2232 1070 2276 dicebant,
1095 2234 1134 2269 et

182 2289 307 2326 solum
322 2289 551 2326 vocabulum
571 2291 726 2337 ὀμοὸο-ιον
739 2286 1055 2336 supprimendum
1070 2297 1134 2321 vo-

182 2341 453 2387 lebant,multi
474 2344 702 2391 praesertim
725 2340 959 2380 recentiores
979 2338 1136 2387 scripto-

184 2407 246 2433 res
267 2395 314 2432 ab
336 2396 487 2433 haeresi
510 2396 720 2434 absolvunt
735 2395 763 2432 ‘-’.

236 2449 298 2486 24.
323 2448 568 2487 Sirmz'enses
587 2450 796 2498 formulae
813 2469 861 2474 -—
878 2446 910 2483 E
930 2445 1135 2482 Scmiaria-

185 2513 323 2539 norum
352 2502 521 2542 factione
553 2506 667 2541 erant
696 2500 880 2551 episcopi,
901 2499 966 2548 qui
987 2511 1009 2536 a
1029 2500 1133 2536 Con-

185 2556 330 2593 stantio
350 2556 584 2604 imperatore
607 2569 656 2595 ex
671 2556 827 2593 Oriente
844 2553 1027 2590 Sirmium
1045 2564 1132 2589 con-

187 2617 248 2647 tra
286 2610 497 2647 I'hotinum
511 2639 520 2656 ,
551 2611 614 2658 qui
645 2610 720 2648 iam
752 2610 957 2646 damnatus
975 2636 984 2652 ,
1016 2618 1135 2643 novos

187 2662 336 2699 iudices
358 2663 404 2699 ab
422 2663 660 2712 imperatore
678 2663 854 2712 petierat,
871 2659 1038 2705 evocati,
1056 2659 1132 2696 illic

188 2728 287 2753 anno
314 2717 387 2753 351
412 2717 603 2766 synodum
625 2717 899 2759 celebrarunt3
924 2713 1132 2750 l'liotinum

187 2769 408 2818 episcopatu
433 2771 633 2809 Sirmiensi
662 2769 943 2819 deposuerunt;
971 2766 1134 2815 fideique

191 2823 409 2869 formulam,
438 2836 537 2871 quae
567 2827 625 2862 est
645 2822 865 2861 Sirmiensis
887 2820 1026 2869 prima,
1047 2831 1132 2856 cum

187 2876 239 2912 25
255 2876 594 2915 anatliematismis
615 2878 834 2915 ediderunt.
859 2875 968 2912 llanc
991 2874 1132 2910 sormu-

190 2930 267 2966 lum
285 2929 330 2965 l).
343 2929 513 2966 Hilarius
527 2931 686 2981 exponit
698 2943 766 2968 ceu
782 2928 1032 2972 catholicam,
1049 2938 1134 2963 cen·
1178 2949 1181 2951 >

189 2988 262 3028 tra,
292 2995 320 3020 S.
342 2983 578 3021 Athanasius
608 2998 694 3022 cam
717 2983 874 3033 perinde
896 2994 940 3020 ac
963 2980 1132 3028 reliquas

189 3036 237 3073 ab
267 3036 412 3073 arianis
444 3043 647 3085 exaratas,
678 3038 911 3075 condemnat
936 3036 975 3072 ct
994 3033 1132 3072 reiicit.

232 3141 240 3162 ¹
261 3143 358 3172 anal.
378 3143 469 3180 Alvx„
487 3141 559 3173 llist
586 3143 674 3174 Eaeel.
690 3153 769 3172 succ.
789 3143 832 3179 lv,
851 3151 878 3172 c.
893 3141 921 3178 3,
939 3150 964 3170 a.
982 3140 1008 3170 3.

231 3183 245 3203 '²
261 3185 297 3214 (Is
311 3185 374 3214 an.
394 3185 464 3214 Alex
480 3209 486 3218 ,
505 3184 586 3214 llist.
607 3185 690 3215 Ecel.
707 3185 782 3214 diss.
802 3185 850 3214 XV
868 3184 896 3213 iu
914 3192 995 3212 saec
1014 3182 1064 3218 1v;
1083 3182 1134 3211 Ρο-

194 3230 251 3256 lav.
270 3225 313 3256 Dc
334 3225 463 3257 Trinil.
481 3226 498 3257 l.
516 3227 541 3264 l,
559 3226 800 3264 c.‘.l;'l'0u1·ncl.‚
818 3224 861 3257 Dc
878 3224 1007 3255 Trinic.
1021 3233 1048 3263 q.
1063 3223 1134 3254 edu.

665 141 824 170 EPOCHA
851 141 910 168 111.
939 139 966 166 A
994 137 1276 166 CONVERSIONE
1305 137 1570 166 CONSTANTINI
1596 139 1641 166 M.

1174 203 1363 245 Quamvis
1384 203 1490 242 enim
1510 203 1587 242 ista
1605 203 1786 251 formula,
1804 203 1837 241 si
1856 205 1895 240 in
1916 215 1958 242 se
1976 205 2122 253 specta-

1172 257 1290 295 batur
1306 287 1316 304 ,
1342 270 1418 295 non
1440 258 1544 294 esset
1563 257 1777 303 haeretica,
1797 269 1869 294 nec
1883 257 2030 306 aliquid
2049 270 2119 296 ca-

1172 310 1341 349 tholicae
1360 310 1560 348 doctrinae
1582 310 1628 347 de
1648 310 1770 347 Verbi
1789 310 1994 348 divinitate
2008 323 2119 360 repu-

1172 375 1298 412 gnans
1318 364 1557 410 enuntiaret,
1576 365 1708 401 tamen
1728 363 1907 401 arianam
1926 364 2121 402 haeresim

1172 429 1248 454 non
1279 418 1542 464 excludebat,
1571 419 1612 454 et
1637 427 1715 454 vox
1735 417 2121 464 consubstantialis,

1173 481 1273 518 quae
1293 471 1510 509 catholicae
1531 469 1780 520 professionis
1798 471 1949 508 tessera
1969 472 2068 518 erat,
2082 470 2119 508 in

1172 535 1219 560 ea
1238 524 1534 562 desiderabatur
1550 523 1576 561 ¹.

1224 578 1338 614 Anno
1367 589 1460 615 vero
1480 577 1558 616 357
1577 576 1703 614 altera
1725 575 1812 613 fidei
1831 574 1999 614 formula
2017 577 2123 616 edita

1173 631 1232 667 est
1261 631 1365 680 apud
1395 631 1597 677 Sirmium,
1617 641 1717 678 quae
1733 630 1792 667 est
1813 628 2035 668 Sirmiensis
2055 642 2121 668 se-

1172 684 1313 721 cunda.
1341 684 1448 722 Haec
1469 687 1555 722 erat
1574 683 1687 733 plane
1710 682 1849 720 ariana
1865 712 1875 727 ,
1895 694 1986 719 nam
2006 695 2122 721 voces

1172 737 1534 776 consubstantialis
1551 740 1590 774 et
1604 738 1754 774 similis
1769 736 1940 774 substan
1947 737 2004 773 tia
2019 737 2059 774 in
2076 748 2124 774 ea

1172 790 1513 837 proscribebantur
1541 795 1724 839 tanquam
1757 801 1780 827 a
1799 789 2005 837 Scriptura
2019 789 2058 827 S.
2075 801 2123 827 a-

1171 842 1320 891 lienae;
1340 845 1463 882 Pater
1481 844 1583 882 Filio
1602 846 1641 881 et
1661 844 1806 881 honore
1821 845 1862 880 et
1877 842 2068 892 dignitate
2083 845 2124 880 et

1172 896 1316 935 deitate
1332 897 1468 944 maior,
1479 898 1678 946 Filiusque
1697 896 1821 943 Patri,
1837 907 1924 933 cum
1941 895 2124 935 omnibus

1171 962 1273 998 quae
1302 950 1361 988 illi
1390 951 1513 988 Pater
1541 951 1718 998 subiecit,
1739 950 1940 987 subiectus
1961 949 2124 989 diceba-

1170 1003 1271 1042 tur2.
1294 1004 1409 1042 Unde
1431 1005 1527 1042 haec
1542 1004 1712 1041 formula
1728 1003 1767 1040 in
1785 1003 1878 1051 ipsis
1896 1003 2123 1041 arianorum

1172 1057 1309 1095 castris
1335 1057 1584 1096 dissidiorum
1603 1056 1858 1096 seminarium
1880 1055 1965 1094 fuit.
1988 1056 2122 1094 Eudo-

1171 1111 1260 1148 xius
1278 1141 1287 1158 ,
1315 1111 1394 1160 qui,
1421 1111 1604 1149 defuncto
1633 1110 1811 1156 Leontio,
1838 1109 2124 1148 Antiochenam

1171 1165 1302 1202 sedem
1322 1165 1478 1211 invasit,
1506 1177 1567 1202 an.
1589 1164 1667 1203 358
1698 1163 1861 1201 collecto
1889 1163 2124 1201 Arianorum

1172 1218 1387 1266 rigidorum
1399 1217 1667 1264 conciliabulO,
1679 1229 1763 1255 eam
1777 1216 2037 1263 confirmavit,
2047 1228 2126 1255 om·-

1173 1283 1317 1320 nesque
1345 1271 1402 1309 illi
1430 1271 1676 1321 refragantes
1695 1270 1938 1308 Antiochena
1958 1270 2124 1308 ecclesia

1172 1325 1318 1373 repulit
1333 1323 1359 1362 ³.
1387 1325 1553 1371 Contra,
1582 1324 1749 1362 Basilius
1778 1325 2012 1373 Ancyranus
2032 1324 2123 1361 alii—

1171 1390 1245 1428 que
1275 1378 1522 1425 Semiariani,
1550 1379 1685 1416 eodem
1715 1390 1817 1415 anno
1843 1377 2120 1415 convenientes

1172 1434 1390 1481 Ancyram,
1414 1432 1522 1469 illam
1541 1431 1856 1481 proscripserunt
1872 1461 1882 1477 ‚
1901 1429 2124 1479 Filiumque

1172 1486 1282 1523 Patri
1304 1486 1524 1523 substantia
1545 1485 1715 1523 similem
1736 1485 1921 1522 dixerunt
1936 1483 1963 1522 ⁴¹.

1225 1539 1280 1576 Ut
1299 1540 1400 1577 inter
1422 1542 1631 1587 utramque
1651 1540 1802 1587 partem
1822 1538 2123 1587 transigeretur,

1171 1592 1284 1642 pauci
1305 1592 1487 1642 episcopi,
1510 1593 1574 1641 qui
1595 1595 1707 1630 erant
1725 1592 1764 1629 in
1785 1592 1974 1629 comitatu
1993 1591 2121 1640 impe-

1170 1646 1325 1692 ratoris,
1343 1658 1403 1684 an.
1425 1646 1502 1683 359
1518 1645 1650 1683 Sirmii
1667 1646 1778 1694 quasi
1793 1645 1966 1682 mediam
1981 1643 2126 1682 formu-

1172 1701 1251 1738 lam
1279 1700 1499 1746 ediderunt,
1525 1711 1625 1748 quae
1656 1701 1716 1736 est
1747 1698 1968 1736 Sirmiensis
1993 1698 2124 1736 tertia.

1172 1755 1279 1792 Haec
1300 1752 1533 1791 vocabulum
1550 1753 1817 1798 substantiae,
1829 1752 1932 1800 quod
1947 1751 1985 1788 in
2001 1750 2127 1801 Scrip-

1171 1808 1270 1846 turis
1290 1820 1365 1845 non
1385 1808 1487 1844 esset
1506 1806 1674 1855 positum
1690 1808 1729 1844 et
1743 1806 1883 1855 populo
1898 1804 2124 1843 scandalum

1175 1863 1349 1910 pareret,
1378 1860 1661 1906 interdicebat,
1682 1859 1903 1908 Filiumque
1925 1858 2036 1896 Patri
2056 1869 2126 1907 per

1172 1914 1303 1952 omnia
1332 1914 1499 1952 similem
1529 1913 1793 1962 praedicabat.
1831 1924 1853 1950 «
1879 1911 2124 1950 Vocabulum

1172 1979 1288 2016 porro
1309 1967 1572 2013 substantiae,
1594 1966 1731 2015 inquit,
1753 1966 1846 2014 quia
1868 1965 2082 2015 simplicius
2103 1977 2126 2002 a

1175 2021 1357 2058 Patribus
1374 2021 1539 2069 positum
1560 2022 1630 2066 est,
1647 2022 1686 2057 et
1703 2032 1725 2056 a
1742 2019 1892 2068 populis
1906 2018 2125 2067 ignoratur,

1176 2076 1215 2111 et
1247 2074 1473 2112 scandalum
1502 2073 1636 2119 affert,
1665 2085 1709 2110 eo
1730 2073 1830 2122 quod
1851 2073 1892 2110 in
1913 2072 2127 2121 Scripturis

1175 2140 1250 2166 non
1271 2128 1521 2165 contineatur
1538 2156 1547 2173 ,
1567 2126 1716 2176 placuit
1737 2130 1779 2164 ut
1795 2127 1842 2163 de
1864 2126 1989 2176 medio
2008 2125 2126 2163 tolle-

1176 2184 1299 2227 retur,
1330 2183 1370 2218 et
1397 2181 1544 2218 nullam
1566 2181 1727 2228 posthac
1749 2180 1795 2217 de
1816 2179 1886 2217 Dei
1907 2179 2127 2217 substantia

1176 2234 1412 2272 mentionem
1432 2246 1515 2271 esse
1532 2234 1764 2279 faciendam,
1780 2245 1824 2270 eo
1841 2233 1946 2281 quod
1962 2244 2010 2270 ss.
2027 2231 2126 2270 Scri-

1176 2292 1312 2337 pturae
1336 2299 1525 2336 nusquam
1546 2287 1758 2324 meminere
1779 2286 2022 2325 substantiae
2043 2286 2126 2323 Pa-

1175 2343 1247 2379 tris
1267 2344 1305 2378 et
1325 2341 1428 2378 Filii.
1451 2341 1595 2378 Filium
1617 2342 1748 2378 autem
1771 2340 1881 2378 Patri
1908 2351 1976 2388 per
1995 2339 2126 2377 omnia

1176 2395 1340 2433 similem
1362 2395 1540 2439 dicimus,
1557 2394 1884 2442 quemadmodum
1901 2406 1949 2431 ss.
1967 2393 2126 2431 Literae

1177 2449 1310 2486 dicunt
1330 2450 1369 2486 et
1389 2449 1528 2485 docent
1578 2460 1613 2485 ».

1228 2502 1358 2539 Tanta
1379 2513 1494 2550 porro
1515 2501 1739 2538 arianorum
1756 2501 1793 2538 in
1810 2500 2066 2539 immutandis
2082 2500 2126 2538 fi-

1175 2556 1235 2592 dei
1258 2555 1433 2592 formulis
1453 2555 1592 2592 levitas
1614 2555 1697 2604 ipsa
1717 2566 1786 2604 per
1806 2567 1847 2592 sc
1869 2566 2004 2592 eorum
2026 2566 2123 2592 cau-

1175 2621 1238 2645 sae
1265 2609 1499 2646 iniustitiam
1521 2611 1560 2645 et
1580 2608 1782 2646 doen-inae
1805 2608 2017 2647 falsitatem
2040 2619 2123 2657 pro-

1175 2663 1242 2708 dit,
1255 2663 1539 2709 confirmatque
1557 2674 1804 2699 communem
1821 2666 2056 2700 novatorum
2075 2661 2125 2698 ab

1178 2715 1349 2753 Ecclesia
1375 2715 1644 2753 dissidentium
1676 2727 1844 2763 morem,
1876 2718 1920 2753 ut
1937 2714 2124 2764 legitima,

1177 2782 1290 2818 quani
1326 2772 1552 2817 sequantur,
1583 2769 1821 2807 auctoritate
1842 2769 1997 2814 relicta,
2022 2767 2126 2805 iuter

1177 2836 1216 2860 se
1233 2823 1461 2860 scindantur
1477 2825 1509 2859 el
1533 2822 1570 2859 in
1589 2835 1708 2860 noves
1724 2834 1879 2860 errores
1893 2821 2120 2871 impingant.

1228 2877 1291 2914 25.
1314 2877 1548 2913 J'erxrcale'o
1568 2875 1969 2918 ariana—Quamvis
1991 2876 2122 2912 autem

1217 2973 1425 3043 ζίὸξὶΟΛΗιηιι.
1447 2975 1475 3002 el
1493 2971 1596 3009 llilur„
1616 2971 1682 3003 LL.
1699 2971 1740 3002 dc
1757 2971 1901 3012 Synod.;
1918 2970 2035 3001 Socral.
2054 2969 2071 3000 l.
2090 2970 2126 3009 ll,

1177 3026 1201 3047 c·
1215 3016 1290 3087 ἷζε,
1308 3040 1415 3087 fllium.
1432 3058 1460 3086 ct
1478 3055 1585 3093 hilar,
1602 3055 1719 3086 Socrui.
1732 3078 1740 3093 ‚
1755 3053 1824 3085 ibid.
1837 3063 1846 3094 3
1861 3054 2034 3093 Sozomen.,
2047 3053 2064 3084 l.
2078 3053 2125 3092 IV,

1176 3100 1402 3169 call-Sllzonwn.
1422 3138 1492 3168 ibid.
1511 3149 1535 3169 c.
1561 3137 1603 3168 1⁶2.
2092 3112 2099 3119 .

1217 3181 1228 3203 ⁴
1247 3183 1272 3210 S.
1293 3181 1395 3219 llilnr,
1413 3181 1448 3211 L.
1465 3181 1506 3211 dc
1523 3179 1651 3222 Synod.

1216 3224 1230 3245 5
1245 3225 1274 3255 S.
1291 3224 1408 3261 Alban,
1426 3222 1496 3253 ibid.
