2241 3473
236 101 315 141 346

179 197 280 230 mes,
299 185 339 221 in
354 182 625 222 Universitate
644 178 845 214 Bonnensi
870 176 1073 224 professor
1091 178 1132 211 et

181 240 392 277 canonicus
409 232 715 275 Coloniensis‚in
724 229 1042 267 demonstrandis
1056 229 1132 264 Re-

179 293 322 340 ligione
344 291 504 336 eiusque
532 284 783 332 dogmatibus
801 295 896 320 usus
923 286 984 318 est
1009 285 1133 330 syste-

179 350 300 388 mate,
317 343 416 392 quod
431 340 718 378 adversabatur
734 338 915 384 regulae,
929 347 1045 384 quam
1063 346 1132 382 pro

180 397 420 447 exponendis
446 407 492 431 ac
512 391 769 429 defendendis
788 391 879 427 fidei
900 389 1133 427 veritatibus

180 456 410 490 constanter
443 447 691 485 tradiderunt
725 446 794 482 SS.
825 444 968 480 Patres
994 447 1035 479 et
1061 443 1134 479 Ec-

181 507 316 544 clesia.
343 502 616 542 Constituebat
642 501 814 536 Hermes
848 499 1004 535 dubium
1034 497 1135 545 posi-

182 561 302 596 tivum
329 562 371 594 ut
394 556 518 593 basim
536 554 664 590 omnis
683 553 1001 600 investigationis
1027 551 1133 587 theo-

179 614 347 659 logicae,
376 616 415 647 et
433 610 632 646 rationem
650 612 692 644 ut
710 607 891 654 regulam
912 606 1133 653 principem

181 672 297 713 atque
315 665 476 700 unicum
504 662 692 705 medium,
713 661 853 709 quibus
869 661 986 696 homo
1005 660 1054 695 ad
1073 670 1134 694 co-

179 720 396 767 gnitionem
422 717 639 753 veritatum
666 714 1028 763 supernaturalium
1049 724 1136 760 per-

179 773 347 810 veniret.
376 771 483 808 Obiit
508 771 680 806 Hermes
713 779 814 804 anno
854 768 958 805 1831.
986 768 1136 813 Grego-

180 827 260 863 rius
288 826 360 874 Pp.
389 825 480 861 XVI
510 824 594 860 eius
621 833 766 870 opera,
794 822 982 858 nimirum
1015 822 1136 857 Intro-

180 879 404 916 ductionem
429 878 466 913 in
487 876 747 922 Theologiam
766 874 1136 911 christiano-catho-

182 934 297 969 licam
319 962 327 978 ‚
361 937 401 969 et
433 929 715 978 Dogmaticam
742 927 1136 965 christiano-catholi-

180 998 283 1030 cam,
317 984 592 1022 condemnavit
617 994 688 1029 per
714 982 955 1029 apostolicas
982 982 1135 1017 litteras

179 1041 283 1077 Dum
302 1038 582 1076 acerbissimas
594 1037 705 1073 datas
720 1037 766 1073 26
783 1036 1020 1084 septembris
1030 1035 1137 1078 1835,

181 1104 220 1133 et
246 1106 317 1142 per
342 1094 546 1130 decretum
575 1092 614 1127 S.
640 1090 975 1138 Congregationis
995 1089 1139 1125 Indicis

181 1149 257 1185 diei
283 1150 304 1184 7
340 1147 510 1184 ianuarii
537 1146 642 1183 1736.
670 1145 805 1187 Quare
840 1145 1026 1182 Clemens
1061 1145 1137 1178 Au-

183 1207 322 1250 gustus
351 1203 446 1238 baro
473 1201 520 1237 de
547 1201 690 1235 Droste
717 1199 765 1235 de
792 1198 1048 1244 Vischering,
1078 1208 1140 1233 ar-

182 1256 456 1304 chiepiscopus
470 1253 729 1296 Coloniensis,
747 1252 976 1288 ordinandis
991 1257 1034 1288 et
1048 1263 1138 1287 nco-

182 1309 448 1358 approbandis
466 1307 712 1356 presbyteris
731 1305 1035 1342 subscribendas
1053 1317 1137 1352 pro-

184 1364 313 1412 posuit
339 1367 471 1413 certas
491 1361 635 1404 theses,
665 1360 804 1408 quibus
830 1371 988 1395 errores
1015 1364 1137 1408 syste-

183 1419 298 1454 matis
324 1416 576 1454 Hermcsiani
604 1415 967 1462 proscribebantur,
988 1418 1027 1450 et
1050 1425 1137 1461 pro-

182 1472 395 1508 fessoribus
422 1471 460 1506 in
486 1469 757 1506 Universitate
783 1468 986 1504 Bonnensi
1013 1472 1053 1504 et
1080 1479 1139 1504 se-

183 1526 351 1562 minario
370 1523 597 1563 Coloniensi
616 1522 786 1571 praefati
805 1522 1036 1571 systematis
1055 1524 1139 1558 fau-

181 1581 343 1623 toribus,
359 1579 488 1615 officio
509 1577 722 1613 interdixit.
740 1577 869 1618 Quum
889 1581 1029 1623 postea
1045 1588 1140 1611 non-

182 1634 275 1669 nulli
313 1633 518 1668 doctrinae
558 1633 596 1666 in
631 1631 799 1678 epistola
838 1630 1045 1678 encyclica
1080 1630 1139 1665 Pii

183 1687 254 1735 Pp.
276 1688 331 1723 IX
358 1686 407 1723 ad
432 1697 571 1722 omnes
597 1685 802 1732 episcopos
829 1685 923 1721 data
940 1685 962 1721 9
981 1695 1140 1721 novem-

184 1742 264 1777 bris
284 1741 374 1778 1846
394 1741 567 1789 probari,
582 1740 685 1776 idem
706 1738 905 1782 Pontifex,
922 1750 994 1785 per
1010 1739 1140 1775 Breve

184 1795 345 1832 Summa
361 1795 515 1843 quidem.
535 1793 659 1829 animi
673 1793 720 1829 25
735 1793 816 1828 iulii
832 1793 923 1830 1847
941 1793 1076 1829 datum
1094 1793 1140 1829 ad

186 1850 526 1896 archiepiscopum
553 1848 845 1890 Coloniensem,
865 1847 1142 1893 praedecesso-

189 1904 243 1940 ris
268 1905 327 1939 sui
354 1904 519 1940 decreta
539 1909 677 1938 contra
697 1902 818 1938 libros
836 1902 1033 1937 Hermesii
1055 1913 1138 1937 con-

186 1958 376 2001 firmavit,
395 1962 435 1994 et
453 1957 612 1993 eosdem
632 1956 751 1992 libros
770 1955 897 1992 denuo
916 1956 1143 2004 reprobavit

186 2012 461 2059 damnavitque
478 2014 503 2045 1.

233 2066 427 2102 Antonius
453 2065 678 2108 Guenther,
707 2064 894 2100 sacerdos
915 2064 1142 2101 austriacus

185 2131 207 2157 c
234 2119 427 2156 Bohemia
452 2118 653 2162 oriundus,
674 2129 842 2154 erroneo
862 2121 979 2164 atque
1006 2118 1139 2164 perni-

186 2175 291 2211 cioso
319 2173 580 2209 rationalismi
599 2176 813 2220 systemate
841 2171 997 2215 ductus,
1019 2177 1136 2220 atque

186 2229 383 2264 humanae
412 2227 555 2263 rationi
583 2231 623 2262 et
651 2225 943 2272 philosophiae,
971 2237 1069 2273 quac
1098 2227 1137 2262 in

185 2282 391 2329 religionis
409 2281 525 2318 rebus
554 2292 628 2315 non
647 2279 858 2323 dominari,
875 2279 941 2315 sed
960 2281 1139 2317 ancillari

186 2337 344 2372 omnino
372 2336 516 2372 debent
534 2364 543 2378 ,
570 2334 789 2380 magisterii
816 2334 876 2369 ius
902 2334 1139 2380 attribuens,

187 2391 224 2425 in
245 2390 353 2425 libris
378 2389 459 2424 suis
484 2400 561 2423 non
590 2397 717 2435 pauca
735 2386 895 2433 scripsit
911 2398 1010 2434 quae
1032 2399 1055 2424 a
1076 2400 1139 2424 ca-

189 2445 330 2479 tholica
359 2443 433 2480 side
463 2447 503 2480 et
528 2443 685 2479 sincera
711 2442 972 2488 explicatione
991 2442 1038 2479 de
1059 2444 1138 2491 plu-

189 2498 296 2534 ribus
322 2497 572 2544 dogmatibus
599 2497 802 2532 aberrant·
821 2496 956 2536 Quare
977 2498 1015 2531 S.
1037 2498 1139 2534 Con-

189 2553 370 2597 gregatio
399 2551 538 2587 indicis
557 2551 640 2587 eius
667 2550 786 2586 libros
813 2555 1001 2586 accurate
1028 2556 1069 2587 et
1086 2551 1138 2587 di-

192 2606 360 2651 ligenter
385 2616 570 2642 excussos
597 2616 667 2650 per
693 2603 894 2640 decretum
922 2605 944 2639 8
971 2605 1138 2641 ianuarii

192 2661 281 2696 1857
302 2689 310 2702 ,
339 2659 556 2707 apostolica
582 2658 820 2694 auctoritato
848 2659 1108 2704 approbatum
1127 2689 1135 2703 ,

188 2713 387 2749 ‹laninavil
426 2719 542 2760 atque
576 2712 823 2759 proscripsit.
865 2711 976 2751 Quod
1013 2712 1136 2758 ipsum

188 2767 389 2803 decretum
407 2766 656 2803 confirmavit
674 2766 765 2801 Pius
794 2765 862 2812 Pp.
891 2765 944 2800 [Χ
962 2766 998 2801 in
1019 2767 1135 2803 Brevi

190 2821 392 2856 Elimiam
411 2825 534 2864 (actm,
562 2821 653 2856 dato
683 2821 727 2856 15
754 2820 846 2856 iunii
876 2820 962 2857 1857
985 2820 1034 2856 ad
1053 2833 1137 2856 car-

186 2874 355 2910 dinalem
392 2874 438 2911 ‹le
471 2873 624 2911 Goisscl
654 2873 997 2921 archiepiscopum
1025 2875 1138 2911 Colo-

237 3016 242 3036 ¹
265 3013 306 3043 lu·
325 3013 527 3054 expositione
544 3013 698 3045 llerincsii
719 3011 934 3054 philosophici
953 3014 1136 3054 systematis

189 3059 251 3089 vid.
274 3059 346 3100 rph.
363 3059 488 3091 Annali
502 3060 585 3091 delle
605 3058 741 3091 Scicnz-te
762 3059 929 3099 reliqiose,
951 3059 1013 3091 vol.
1038 3067 1084 3097 ix,
1105 3069 1135 3101 p.

193 3105 249 3134 3⁰2¹
275 3114 345 3146 sqq,
366 3104 463 3136 ltnnm
486 3106 568 3137 1839
604 3106 704 3136 lireio
733 3115 806 3136 rvr«)
827 3106 870 3136 Pii
893 3106 945 3145 l'p.
969 3106 1023 3144 lx,
1043 3106 1138 3137 Cnln-

194 3150 282 3181 n‘wn.
313 3151 452 3192 :trehit-p.
480 3153 600 3189 «lutum,
629 3151 794 3188 evulgavit
820 3151 863 3182 La
891 3150 1034 3183 Sciema
1059 3151 1136 3184 cLa

197 3195 292 3234 Fcae,
313 3206 342 3227 in
363 3197 428 3229 vol.
451 3205 520 3236 xiv,
542 3207 572 3239 p
593 3196 803 3238 401,Nap015
826 3197 924 3229 1⁸47.

525 110 691 138 EPOCHA
713 108 803 135 xm.
830 108 858 134 A
876 106 1059 134 PVBLICA
1080 105 1228 132 RERVM
1251 105 1294 131 IN
1314 104 1484 132 GALLHS
1503 103 1796 131 SVBVERSIONE

1181 174 1373 210 niensem.
1402 172 1653 209 Guentherus
1687 169 2051 219 obsequentissimis
2078 169 2139 206 lit-

1181 228 1279 264 teris
1307 228 1350 264 10
1377 227 1569 263 februarii
1597 226 1773 263 eiusdem
1805 225 1898 262 anni
1926 224 1976 261 ad
2008 223 2141 259 Ponti-

1182 282 1298 317 ficem
1325 280 1440 323 datis,
1469 292 1512 316 se
1537 280 1758 315 humillime
1785 280 2011 316 subiecerat
2032 288 2136 314 com-

1185 338 1408 370 memorato
1422 333 1585 370 decreto
1601 333 1648 370 de
1665 333 1745 369 suis
1762 332 1948 381 operibus
1967 331 2141 381 promul-

1184 392 1278 435 gato
1298 391 1325 420 1.

1231 442 1451 488 Regiminis
1477 441 1739 479 ecclesiastici
1766 442 2086 478 constitutionem
2113 451 2138 477 a

1183 496 1340 533 Christo
1368 496 1598 540 stabilitam,
1618 496 1825 544 speciatim
1842 506 1940 532 vero
1967 499 2139 543 potesta-

1185 553 1264 586 tem
1284 551 1455 587 Romani
1475 550 1680 586 Pontificis
1698 553 1738 586 et
1756 549 1961 586 Ecclesiae
1981 560 2005 586 a
2026 550 2142 585 Statu

1186 604 1291 640 civili
1316 604 1662 652 independentiam
1697 603 1855 651 scriptis
1880 603 1961 639 suis
1985 607 2138 639 temere

1185 658 1318 694 conati
1345 662 1438 695 sunt
1457 659 1648 694 demolire
1676 658 1916 693 Franciscus
1941 656 1988 692 de
2016 656 2143 692 Paula

1185 711 1230 747 G.
1261 712 1390 759 Vigil,
1418 712 1607 749 sacerdos
1642 712 1830 747 Limanus
1861 711 1902 746 in
1933 710 2140 757 republica

1188 764 1471 812 Peruviana,et
1490 767 1657 803 loannes
1672 766 1981 813 Nepomucenus
1993 764 2144 812 Nuytz,

1187 820 1387 865 professor
1425 820 1547 856 laicus
1582 820 1620 856 in
1658 819 1852 856 athenaeo
1885 817 2141 855 Taurinensi-

1185 872 1400 922 Utriusque
1426 874 1576 922 scripta
1601 873 1808 910 damnavit
1842 873 1936 909 Pius
1963 871 2034 919 Pp.
2071 872 2143 915 IX,

1188 927 1332 973 prioris
1364 927 1521 975 quidem
1549 928 1587 963 in
1614 928 1734 965 Brevi
1753 926 2006 975 Multiplices
2024 925 2144 968 inter,

1189 981 1232 1018 10
1260 981 1356 1017 iunii
1387 982 1490 1026 1851,
1510 982 1744 1029 posterioris
1762 993 1858 1018 vero
1886 981 1925 1017 in
1943 980 2065 1017 Brevi
2081 978 2145 1015 Ad

1188 1035 1459 1082 Apostolicae,
1486 1037 1534 1074 22
1561 1036 1720 1083 augusti
1748 1036 1838 1073 1851
1857 1038 1885 1070 ².

1235 1090 1294 1125 43.
1323 1090 1627 1127 Catlzolicoram
1652 1093 1781 1127 statas
1807 1090 1849 1126 in
1875 1089 2026 1138 An'ylia
2042 1110 2082 1117 —
2100 1089 2144 1126 In

1190 1144 1338 1190 Aug-lia
1365 1145 1442 1180 iarn
1472 1145 1561 1181 inde
1588 1156 1611 1180 a
1632 1144 1887 1191 praecedenti
1903 1143 2064 1180 saeculo
2083 1154 2146 1180 ca-

1193 1197 1430 1233 tholicorum
1458 1198 1629 1235 conditio
1649 1198 1891 1245 pedetentim
1910 1197 2042 1233 mitior
2061 1197 2148 1234 red-

1190 1249 1272 1286 dita
1298 1251 1472 1288 fueratss.
1501 1252 1596 1288 Post
1613 1253 1799 1289 unionem
1818 1252 2038 1288 Hiberniae
2057 1262 2146 1287 cum

1191 1304 1334 1352 Anglia
1361 1306 1430 1342 sub
1457 1307 1596 1343 eadem
1625 1307 1738 1343 curia
1756 1335 1764 1351 ,
1791 1317 1857 1343 an.
1893 1306 1986 1344 1800
2019 1305 2149 1342 sanci-

1192 1362 1288 1402 tam,
1316 1360 1507 1396 Catholici
1537 1361 1719 1404 Hiberni,
1747 1361 1871 1404 Scoti,
1890 1365 1931 1397 et
1955 1360 2074 1407 Angli
2092 1359 2147 1395 in-

1191 1417 1346 1449 stanter
1361 1414 1648 1461 supplicarunt,
1661 1419 1705 1451 ut
1718 1415 1791 1450 sibi
1807 1414 1951 1451 iurium
1968 1414 2144 1450 civilium

1192 1478 1284 1503 usus
1323 1468 1482 1515 integer
1521 1469 1816 1505 restitueretur.
1858 1469 1939 1505 Iam
1974 1467 2064 1505 inde
2096 1467 2147 1504 ab

1193 1530 1300 1556 anno
1329 1522 1422 1559 1805
1448 1522 1487 1557 in
1514 1522 1681 1558 concilio
1708 1522 1822 1569 regio
1847 1522 1896 1559 de
1922 1521 2147 1570 emancipa-

1194 1574 1303 1611 tione
1326 1604 1334 1618 ,
1363 1582 1405 1611 ut
1430 1577 1630 1613 vocabant
1650 1605 1658 1621 ,
1685 1576 1980 1614 Catholicorum
2013 1579 2146 1612 actum

1194 1632 1269 1664 est.
1300 1629 1544 1666 Gubernium
1573 1631 1621 1666 ad
1647 1630 1971 1667 satisfaciendum
1989 1630 2145 1666 illorum

1195 1682 1452 1729 petitionibus
1479 1685 1723 1727 inclinabat,
1751 1685 1867 1720 modo
1894 1684 1966 1720 sibi
1996 1684 2057 1720 ius
2082 1695 2148 1731 ap-

1195 1737 1387 1782 probandi
1415 1738 1693 1786 episcoporum
1719 1739 2010 1775 nominationes
2035 1741 2076 1775 et
2092 1738 2149 1774 in-

1193 1790 1385 1837 spiciendi
1412 1803 1550 1829 eorum
1580 1805 1668 1830 cum
1696 1793 1926 1841 Apostolica
1959 1792 2061 1830 Sede
2087 1803 2149 1829 re-

1193 1844 1361 1882 lationes
1380 1847 1680 1884 concederetur.
1702 1849 1813 1884 Haeo
1837 1859 1902 1884 res
1919 1847 2023 1884 inter
2041 1846 2148 1895 ipsos

1191 1899 1420 1937 Catholicos
1458 1900 1691 1939 divisionem
1726 1902 1944 1946 excitavit;
1971 1901 2147 1938 nonnulli

1193 1952 1290 1990 istas
1317 1955 1518 1991 clausulas
1546 1957 1774 1993 tolerandas
1801 1967 1890 1993 esse
1915 1956 2147 2000 censebant3

1193 2008 1275 2051 alii,
1303 2011 1541 2055 praesertim
1570 2011 1751 2056 Hiberni,
1770 2022 1839 2048 eas
1865 2010 2148 2058 reprobabant·

1192 2062 1308 2098 Anno
1338 2063 1428 2100 1808
1456 2065 1631 2112 episcopi
1660 2065 1827 2102 Hiberni
1853 2065 1892 2100 in
1918 2075 2038 2100 unum
2057 2075 2147 2100 con-

1193 2117 1352 2164 gregati
1380 2117 1542 2154 easdem
1569 2119 1790 2163 clausulas,
1818 2123 2006 2166 tanquam
2033 2117 2146 2155 liber-

1194 2170 1265 2205 tati
1294 2171 1592 2209 ecclesiasticae
1620 2173 1838 2220 oppositas,
1865 2172 2145 2219 reprobarunt.

1196 2223 1234 2259 ld
1252 2224 1379 2270 ipsum
1397 2226 1581 2262 fecerunt
1599 2226 1636 2261 in
1653 2226 1742 2262 aliis
1757 2225 2146 2273 congregationibus,

1195 2288 1258 2313 an.
1292 2280 1383 2316 1810
1410 2284 1451 2316 et
1480 2280 1571 2317 1815
1596 2280 1751 2317 habitis.
1781 2281 1822 2316 In
1841 2280 2015 2316 Camera
2035 2279 2147 2317 Com-

1192 2331 1380 2375 muniam,
1412 2338 1455 2369 ut
1482 2339 1639 2376 vocant,
1668 2334 1781 2369 multi
1807 2333 1984 2380 deputati
2013 2344 2145 2370 eman-

1192 2385 1377 2431 cipationi
1397 2386 1693 2425 Catholicorum
1714 2387 1994 2432 favebant;sed
2008 2387 2148 2424 Clerus

1191 2439 1423 2485 anglicanus
1457 2446 1497 2477 et
1530 2452 1719 2488 proceres
1749 2441 1878 2478 cidem
1907 2441 2055 2478 acriter
2081 2440 2147 2477 ad-

1193 2494 1471 2530 versabantur.
1489 2496 1548 2531 Ea
1566 2495 1723 2532 tandem
1743 2507 1847 2532 anno
1867 2495 1959 2533 1813
1981 2499 2022 2532 et
2037 2494 2145 2532 dein-

1192 2557 1285 2593 ceps
1305 2549 1489 2584 continuo
1510 2551 1548 2584 in
1567 2551 1750 2586 Cameris
1769 2551 1973 2598 proposita
1991 2554 2032 2586 et
2045 2561 2148 2586 sem-

1194 2612 1263 2647 por
1284 2602 1446 2646 reiecta,
1466 2602 1527 2639 die
1549 2603 1592 2639 12
1609 2604 1724 2650 april.
1744 2603 2146 2651 an.1820sinoprae-

1193 2655 1284 2690 fatis
1302 2655 1487 2692 clausulis
1513 2658 1737 2704 approbata
1755 2662 1793 2694 et
1811 2657 1966 2694 sancita
1985 2658 2070 2694 fuit·
2085 2657 2145 2694 Ex

1192 2707 1265 2743 hoc
1286 2712 1462 2756 tempore
1478 2711 1672 2748 Catholici
1692 2724 1767 2747 non
1786 2712 1912 2748 solum
1931 2711 2080 2747 iuribus
2094 2711 2145 2747 ci-

1192 2762 1332 2799 vilibus
1358 2765 1469 2810 potiti
1488 2770 1591 2810 sunt,
1611 2765 1680 2802 sed
1700 2777 1836 2803 eorum
1851 2776 2038 2802 numerus
2055 2775 2144 2802 cou-

1193 2816 1298 2852 tinuo
1318 2822 1457 2854 auctus
1482 2824 1556 2855 est.

1240 2922 1245 2942 ¹
1278 2925 1318 2955 012
1338 2925 1515 2957 Guentheri
1542 2927 1689 2960 ‹lnctrina
1716 2930 1748 2961 in
1779 2929 1872 2962 libris
1897 2930 1965 2962 suis
1989 2932 2143 2963 contenta

1191 2968 1329 3010 aliisque
1365 2981 1449 3013 quae
1488 2972 1563 3006 huic
1589 2975 1779 3016 philosopho
1807 2975 1998 3008 reseruntur
2025 2975 2143 3016 legesis

1193 3013 1235 3046 La
1270 3015 1411 3048 Scienza
1437 3026 1453 3047 e
1480 3017 1523 3049 La
1559 3019 1657 3059 Fede,
1689 3022 1755 3053 vol.
1776 3029 1896 3061 xxxiv,
1918 3031 1949 3064 p.
1979 3019 2044 3053 263
2069 3032 2140 3066 sqq,

1193 3067 1319 3100 xxxin,
1352 3063 1426 3102 1845,
1456 3062 1534 3101 284,
1564 3065 1638 3096 1390.

1235 3109 1246 3128 2'
1269 3107 1334 3140 an.
1354 3118 1484 3151 quoquc
1512 3110 1556 3142 La
1577 3111 1718 3144 Scienza
1743 3122 1759 3144 e
1786 3111 1830 3145 La
1857 3112 1955 3152 Fede,
1973 3112 2040 3147 vol·
2069 3121 2141 3153 xxi,

1191 3152 1320 3201 l‘·,·‘'7⁶3›
1343 3163 1430 3193 xxu,
1452 3155 1563 3188 35:314
1584 3158 1661 3197 505,
1683 3159 1797 3200 Napoli
1818 3159 1920 3192 1851.

1235 3197 1249 3216 ·‘
1277 3199 1343 3231 l'nl.
1372 3211 1402 3243 μ.
1424 3200 1487 3233 307
1510 3203 1687 3236 voluminis
1708 3205 1817 3237 huius.
