2241 3473
250 125 302 163 82
672 130 827 159 EPOCHA
856 129 911 156 111.
943 129 970 156 A
1000 125 1282 154 CONVERSIONE
1311 123 1579 152 CONSTANTINI
1606 123 1650 150 M.

183 211 245 236 mo
282 197 316 236 ei
349 197 493 235 bellum
528 194 762 239 suscitavit;
795 193 862 229 sed
896 189 1136 239 petulantiae

183 264 278 289 suae
300 263 440 300 poenas
456 250 540 287 luit.
557 248 668 296 Apud
692 245 864 283 Cibalem
881 245 929 280 ad
948 244 1093 281 Savum
1115 255 1137 279 a

185 304 436 342 Constantino
465 301 614 347 ingenti
646 298 792 348 praelio
824 298 973 342 victus,
1002 308 1137 345 pacem

183 358 295 406 petiit
309 348 621 405 impetravitque,
638 351 785 389 relictis
797 349 1049 388 Constantino
1061 361 1137 386 om-

185 412 295 447 nibus
308 408 512 458 provinciis
521 404 746 453 Europaeis.
759 403 892 441 Crevit
903 403 1041 440 exinde
1054 402 1137 440 eius

183 463 221 499 in
251 461 547 500 Constantinum
576 458 735 495 invidia.
766 457 895 498 Quum
925 458 1055 493 autem
1076 455 1137 493 liic

183 514 412 553 Christianis
433 513 597 557 faveret,
616 510 788 548 Licinius
810 509 1031 547 multifariis
1049 521 1134 545 mo-

182 569 240 606 dis
261 580 325 605 eos
346 578 493 604 vexare
522 567 560 603 et
581 565 789 613 exagitare
819 564 963 612 coepit;
984 562 1136 611 episco-

183 634 247 670 pos
269 621 369 658 inter
389 631 429 656 se
450 618 737 656 communicare
759 619 828 655 aut
847 616 1009 654 concilia
1030 616 1134 653 cele-

181 676 294 711 brare
331 672 548 722 prohibuit3
582 671 746 709 feminas
779 671 818 707 in
854 671 1008 707 easdem
1047 681 1133 706 eum

183 727 277 764 viris
307 725 491 763 ecclesias
521 725 570 762 ad
604 724 737 762 divina
770 723 895 761 officia
924 723 1134 760 convenire

181 779 328 824 vetuit;
350 779 494 816 milites
523 780 562 816 et
582 780 805 828 praetorum
825 776 1044 822 ministros,
1065 777 1131 825 qui

183 833 256 870 diis
289 832 514 870 sacrificare
549 832 757 877 nolebant,
791 830 1066 868 exauctoravit
1095 832 1134 868 et

181 886 403 923 muneribus
432 885 625 934 privavit3
644 896 777 922 omnes
797 883 1035 922 Christianos
1065 895 1133 932 pa-

179 939 273 978 latio
293 951 364 977 suo
387 939 559 988 expulit3
577 950 708 976 servos
722 950 825 983 suos,
843 937 907 986 qui
923 936 1133 974 Christiani

180 994 304 1036 erant,
334 994 404 1030 aut
433 992 549 1029 exilio
570 991 754 1029 multavit
775 993 843 1028 aut
863 990 972 1028 bonis
992 990 1131 1038 spolia-

182 1047 252 1084 vit.
272 1046 382 1088 Quod
412 1045 657 1095 imperatoris
682 1045 719 1081 in
741 1044 981 1082 Christianos
1002 1043 1133 1080 odium

181 1112 300 1149 quum
321 1100 568 1145 innotuisset,
593 1098 879 1147 provinciarum
901 1097 1131 1143 rectoribus,

183 1154 247 1202 qui
268 1153 501 1191 Christianis
520 1151 658 1189 infensi
677 1151 990 1197 erant,animum
1011 1151 1131 1188 adde-

182 1207 261 1252 bat,
285 1208 326 1244 ut
346 1206 487 1243 iterum
507 1205 709 1243 tormentis
731 1208 769 1242 et
786 1204 985 1254 suppliciis
1005 1204 1043 1241 in
1065 1216 1129 1242 eos

181 1260 553 1297 animadverterent.
585 1260 626 1295 Iil
656 1259 864 1307 praecipue
896 1258 1042 1295 factum
1073 1260 1132 1295 est

181 1313 220 1350 in
250 1314 374 1350 Ponto
399 1316 438 1350 et
457 1312 643 1350 Armenia
671 1312 832 1358 minori,
854 1311 918 1349 ubi
944 1311 1130 1349 ecclesiae

183 1366 283 1404 aliae
304 1367 548 1412 destructae,
570 1366 670 1403 aliae
696 1366 850 1403 clausae
864 1396 872 1412 ,
892 1365 1025 1414 plures
1046 1365 1129 1413 epi-

182 1419 286 1469 scopi
307 1420 445 1466 occisi,
468 1432 563 1468 quos
584 1420 686 1456 inter
707 1419 862 1456 Biasius
882 1419 1132 1464 Sebastenus,

183 1475 222 1510 et
243 1474 293 1510 40
311 1473 456 1510 milites
477 1474 546 1510 sub
568 1472 765 1522 praefecto
782 1472 988 1521 Agricolae
1005 1472 1042 1509 in
1059 1474 1133 1509 sta-

179 1538 299 1575 gnum
321 1527 410 1575 gelu
431 1531 658 1563 concretum
680 1526 842 1563 coniecti
864 1529 967 1563 sunt.

233 1580 338 1617 Talis
354 1580 491 1628 agendi
509 1580 609 1618 ratio
626 1592 720 1627 erga
735 1579 988 1622 Christianos,
1000 1579 1036 1615 in
1053 1578 1132 1626 qui-

180 1633 253 1670 bus
272 1633 547 1670 Constantinus
576 1633 655 1681 ipsc
675 1632 817 1681 despici
838 1633 1065 1677 videbatur,
1087 1644 1132 1668 a-

179 1686 311 1735 liaque
340 1698 363 1723 a
391 1686 541 1724 Licinio
571 1690 706 1724 contra
733 1685 838 1735 pacis
867 1697 986 1735 supra
1014 1686 1132 1723 initae

180 1740 418 1777 conditiones
438 1742 629 1778 attentata
642 1770 651 1786 ,
671 1752 732 1777 an.
752 1740 829 1777 323
850 1739 952 1778 inter
973 1740 1131 1776 utrum-

181 1805 255 1842 que
274 1804 410 1830 rursus
430 1793 573 1831 bellum
599 1794 833 1831 excitarunt.
856 1793 1133 1831 Constantinus

182 1846 309 1883 crucis
330 1846 475 1883 vexillo
492 1847 529 1883 in
550 1847 653 1883 omni
676 1846 892 1883 certamine
915 1858 1020 1891 usus,
1036 1846 1133 1883 Lici-

183 1900 290 1936 nium
312 1899 438 1936 tribus
460 1901 610 1948 magnis
633 1899 788 1948 praeliis
810 1899 923 1945 vicit,
945 1911 1035 1936 eum
1056 1899 1130 1936 Ni-

182 1952 379 1990 comediae
399 1953 593 1990 inclusum
610 1954 658 1990 ad
679 1952 915 1990 deditionem
932 1953 1132 2001 compulit,

182 2010 220 2044 et
240 2017 413 2055 purpura
427 2008 588 2044 exutum
605 2006 916 2044 Thessalonicam
938 2006 986 2043 ad
1008 2007 1131 2043 vitam

181 2059 377 2109 privatam
401 2059 607 2108 relegavit.
629 2060 802 2096 Tandem
834 2071 934 2095 anno
954 2059 1130 2107 sequenti

182 2124 301 2150 novas
321 2112 478 2151 insidias
500 2113 722 2151 molientem
738 2144 747 2160 ,
767 2112 894 2161 capite
917 2113 1031 2161 plecti
1052 2113 1131 2150 ius-

181 2166 230 2204 sit
248 2165 271 2203 ¹.

233 2219 342 2256 Tunc
361 2219 444 2256 solo
466 2220 680 2268 imperante
700 2219 972 2265 Constantine,
994 2218 1132 2256 Eccle-

181 2272 240 2309 sia
261 2284 327 2322 per
346 2276 474 2310 totum
502 2273 706 2321 imperium
730 2274 952 2310 Romanum
982 2273 1133 2322 accepit

184 2326 457 2374 principatum.
480 2327 758 2364 Constantinus
780 2325 883 2363 enim
904 2326 950 2363 ad
973 2338 1130 2374 promo-

181 2380 349 2416 vendam
370 2379 615 2427 Religionem
637 2379 888 2417 christianam
910 2382 948 2415 et
976 2380 1130 2428 suppri-

181 2433 359 2470 mendam
382 2433 577 2470 ethnicam
594 2433 704 2470 varia
720 2433 905 2470 decrevit.
925 2433 1130 2470 Neminem

182 2489 311 2523 tamen
334 2487 580 2523 ethnicorum
603 2488 648 2523 ad
672 2486 1010 2523 Cliristianismum
1034 2498 1130 2523 com-

182 2539 402 2588 pellendum
432 2544 500 2577 aut
520 2543 679 2589 propter
700 2539 971 2577 ethnicismum
1001 2540 1130 2587 aliqua

180 2593 324 2630 iniuria
355 2593 599 2630 alliciendum
635 2606 716 2630 esse
735 2623 743 2638 ,
765 2605 946 2641 expresse
981 2593 1129 2630 statuit.

181 2647 359 2694 Auguria
378 2651 413 2683 ct
431 2647 625 2684 sacrificia
642 2647 795 2685 ethnica
812 2646 1027 2694 prohibuit,
1044 2647 1129 2683 ‹leo-

182 2711 267 2735 rum
298 2703 448 2738 statuas
469 2701 577 2737 deiici
610 2705 648 2737 et
669 2700 815 2737 destrui
846 2700 957 2737 iussit
976 2704 1131 2748 praeter

181 2764 258 2797 eas,
279 2766 379 2801 quac
401 2754 620 2802 insignioris
637 2754 789 2791 artificii
808 2756 937 2790 essent
956 2753 1130 2802 specimi-

184 2818 252 2851 na,
271 2807 414 2854 templa
436 2808 573 2855 parlim
597 2807 722 2844 claudi
743 2807 882 2855 partim
904 2807 940 2843 in
964 2808 1042 2843 veri
1061 2807 1125 2843 l)ei

182 2859 362 2896 ccclesias
391 2861 565 2897 <converti
598 2861 820 2905 mandavit;
844 2860 1126 2908 provinciarum

183 2912 374 2960 praesides
396 2917 434 2949 et
457 2915 635 2962 praetorii
660 2915 876 2963 praefectos
899 2914 1127 2962 plerumque

179 2965 382 3002 constituit
402 2968 654 3014 Christianos,
672 2968 732 3005 vel
763 2968 791 3004 si
816 2967 959 3004 ethnici
983 2970 1128 3012 essent,

221 3117 230 3138 ¹
250 3117 370 3153 litusvh„
388 3115 462 3146 Ilixl.
481 3115 555 3147 eccl.
572 3116 590 3147 Ι.
609 3117 708 3154 ΙΧ-Χ,
726 3120 755 3147 ot
776 3115 842 3148 Vim
858 3116 1057 3149 Constantia.
1070 3118 1087 3148 l.
1104 3118 1125 3155 13

182 3160 331 3195 Lac-lant,
358 3158 400 3188 Ile
424 3160 518 3187 ταωνι,
542 3161 735 3197 persecutor.
760 3169 783 3188 c.
802 3157 913 3195 ‹is-ltu
931 3160 1073 3191 Socrati
1102 3160 1123 3196 1„

181 3210 205 3231 c.
223 3200 257 3238 33
273 3200 429 3231 sozomen.
448 3200 464 3230 l.
483 3200 503 3235 1,
520 3210 544 3230 c.
564 3199 596 3235 7;
613 3200 795 3231 'theodoret
815 3200 830 3229 Ι.
852 3200 875 3238 1,
893 3211 918 3232 c.
932 3201 959 3230 6,

1177 188 1224 226 iis
1245 188 1465 226 sacrificare
1488 187 1593 225 nullo
1613 188 1726 225 modo
1746 188 1905 236 lieebat;
1921 188 1967 226 iis
1987 187 2051 236 qui
2070 199 2127 225 re-

1178 242 1270 279 licto
1298 241 1524 280 ethnicismo
1556 241 1692 278 Fidem
1722 242 1975 279 christianam
1999 241 2127 279 susci-

1180 296 1360 344 piebant,
1381 295 1539 332 favores
1567 296 1607 331 et
1634 295 1931 345 praerogativas
1960 295 2126 344 largitus

1179 351 1256 395 est;
1276 348 1511 398 pauperibus
1532 359 1597 385 aes
1618 348 1795 394 donavit3
1815 348 1962 398 oppidis
1982 351 2052 386 aut
2068 359 2129 386 ur-

1180 402 1290 440 bibus
1309 414 1408 451 quae
1429 402 1581 450 integra
1602 402 1944 447 convertebantur,
1959 402 2021 439 ius
2037 400 2128 438 civi-

1179 456 1271 493 tatis
1300 457 1501 493 Romanae
1532 454 1594 491 vel
1621 454 1907 492 immunitatem
1927 466 1950 492 a
1969 454 2128 492 tributis

1180 509 1378 546 concessit.
1410 508 1523 545 Unde
1558 508 1707 545 factum
1736 510 1822 554 est,
1843 511 1887 544 ut
1915 520 1983 557 per
2001 511 2127 546 totum

1179 562 1386 610 imperium
1417 561 1691 610 quamplurimi
1720 573 1740 598 e
1771 561 1932 598 deorum
1960 561 2127 598 cultori-

1178 616 1260 662 bus,
1281 628 1356 653 non
1378 618 1532 652 tantum
1554 614 1708 663 singuli,
1726 615 1791 651 sed
1813 614 1988 663 integrae
2009 615 2128 652 etiam

1179 670 1293 706 urbes
1321 668 1435 706 simul
1464 669 1512 705 ad
1532 668 1748 705 christiana
1768 679 1882 705 sacra
1901 668 2126 706 transirent.

1176 722 1388 760 Praeterea
1407 721 1588 760 ecclesias
1610 732 1822 770 earumque
1843 721 2041 758 ministros
2061 733 2128 758 seu

1175 776 1332 813 clericos
1353 775 1474 814 variis
1495 775 1781 824 praerogativis
1802 776 1841 812 et
1862 774 2126 812 immunitati-

1174 830 1245 867 bus
1266 830 1441 875 ornavit;
1465 828 1696 877 patrimonia
1716 827 1981 866 ecclesiastica
2002 827 2129 875 auxit3

1175 883 1326 921 cunctis
1345 882 1509 921 subditis
1530 894 1550 919 e
1571 882 1680 920 bonis
1699 882 1798 930 quod
1821 881 1988 928 vellent,
2009 881 2132 919 eecle-

1174 937 1239 974 siis
1260 937 1413 985 legandi
1431 937 1665 984 potestatem
1688 936 1798 982 fecit3
1823 935 1978 983 aliaque
1999 935 2047 972 ad
2064 946 2130 972 au-

1175 991 1341 1039 gendam
1371 989 1590 1038 Religionis
1620 988 1854 1027 christianae
1884 988 2127 1026 maiestatem

1175 1043 1375 1082 constituit
1393 1043 1416 1082 ¹.

1227 1100 1262 1136 3.
1284 1098 1602 1135 Donatistarum
1631 1096 1807 1132 schisma
1825 1116 1873 1123 -
1891 1094 2023 1132 Partis
2045 1094 2129 1132 ubi-

1174 1164 1250 1200 que
1271 1163 1364 1200 pace
1381 1153 1419 1188 et
1429 1148 1730 1197 tranquillitate,
1747 1149 1937 1185 bonorum
1954 1147 2129 1186 omnium

1173 1205 1293 1243 hostis
1314 1204 1410 1242 alias
1440 1206 1478 1241 in
1502 1201 1676 1239 Ecclesia
1703 1204 1955 1250 tempestates
1976 1201 2130 1240 excita-—

1173 1260 1242 1305 vit,
1263 1258 1409 1296 scilicet
1429 1257 1639 1295 schismata
1659 1258 1698 1292 et
1718 1256 1910 1294 haereses.
1930 1256 1972 1292 In
1994 1255 2129 1293 Africa

1172 1314 1274 1350 tetro
1303 1311 1499 1349 schismati
1536 1321 1670 1347 ansam
1697 1309 1802 1346 dedit
1831 1309 1967 1347 electio
1989 1308 2129 1347 Caeci-

1173 1366 1265 1403 liani
1286 1363 1549 1403 archidiaconi
1571 1363 1619 1399 ad
1640 1362 1904 1412 episcopatum
1917 1363 2130 1412 Carthagi-

1174 1431 1343 1457 nensem.
1362 1418 1462 1455 Huic
1483 1415 1676 1463 electioni,
1692 1416 1871 1465 quamvis
1892 1416 2130 1454 unanimiter

1176 1473 1314 1514 factae,
1337 1470 1534 1508 adversati
1566 1474 1658 1507 sunt
1679 1471 1752 1507 duo
1782 1469 2027 1519 presbyteri,
2047 1471 2128 1508 Bo-

1174 1529 1257 1565 trus
1275 1528 1315 1563 et
1334 1524 1548 1570 Celeusius,
1568 1524 1668 1572 quod
1685 1523 1756 1572 ipsi
1774 1523 2037 1573 episcopatum
2058 1537 2130 1562 cu-

1174 1580 1341 1629 piebant.
1360 1578 1411 1615 lis
1431 1590 1472 1616 se
1492 1589 1583 1615 mox
1598 1577 1862 1614 adiunxerunt
1876 1578 2038 1626 quidam
2059 1577 2131 1616 alii

1176 1632 1417 1683 presbyteri,
1439 1644 1462 1669 a
1482 1630 1707 1669 Caeciliano
1735 1632 1781 1668 ad
1804 1631 2004 1668 reddenda
2034 1643 2130 1669 vasa

1176 1698 1314 1732 sacra,
1334 1686 1407 1723 sibi
1440 1684 1724 1734 persecutionis
1756 1686 1933 1734 tempore
1963 1684 2130 1734 depositi

1176 1741 1259 1778 loco
1279 1739 1440 1785 credita,
1457 1738 1598 1776 adacti.
1616 1737 1758 1775 Iisdem
1777 1751 1820 1776 se
1833 1737 1965 1776 iunxit
1983 1738 2129 1777 femina

1177 1794 1367 1844 quaedam
1389 1793 1555 1837 Lucilla,
1575 1791 1777 1829 nobilitate
1798 1794 1837 1829 et
1857 1791 2004 1830 divitiis
2021 1804 2132 1842 prae-

1178 1851 1325 1897 potens,
1346 1846 1564 1884 Caeciliano
1586 1844 1750 1889 infensa,
1771 1846 1873 1894 quod
1892 1857 1979 1884 ossa
1999 1845 2129 1884 cuius-

1176 1903 1265 1939 dam
1285 1899 1472 1946 hominis,
1494 1900 1540 1936 de
1569 1899 1679 1936 cuius
1708 1899 1898 1948 martyrio
1927 1911 2002 1937 non
2033 1911 2130 1937 con-

1176 1956 1319 2000 stabat,
1340 1957 1430 1991 ante
1446 1964 1596 1990 sacram
1617 1953 1797 2001 synaxim
1819 1953 1985 1991 osculari
2001 1953 2131 2000 solita,

1177 2009 1225 2045 ab
1247 2020 1291 2045 eo
1312 2007 1443 2044 fuerat
1472 2006 1718 2055 reprehensa.
1741 2006 1802 2043 Illi
1822 2006 1945 2055 igitur
1964 2019 2026 2045 an.
2052 2007 2129 2044 311

1177 2061 1438 2099 Caecilianum
1460 2062 1707 2106 recusarunt,
1728 2060 1831 2108 quod
1852 2061 2018 2098 durante
2037 2072 2128 2110 per-

1176 2115 1373 2152 secutione
1394 2126 1482 2150 eum
1504 2116 1607 2151 esset
1627 2113 1825 2160 diaconus,
1845 2114 2130 2152 confessoribus

1177 2169 1214 2205 in
1248 2179 1403 2205 carcere
1433 2167 1560 2204 cibum
1595 2166 1849 2215 denegasset,
1883 2168 2063 2217 quodque
2091 2170 2132 2205 et

1177 2223 1254 2270 ipse
1277 2222 1457 2259 traditor
1475 2224 1514 2257 et
1534 2221 1581 2257 ab
1602 2220 1780 2269 episcopo
1803 2220 2002 2258 traditore
2021 2221 2129 2258 ordi-

1176 2277 1289 2312 natus
1320 2275 1464 2312 fuisset.
1485 2273 1699 2319 secundus,
1720 2273 1918 2322 episcopus
1937 2274 2128 2323 Tigisita-

1175 2341 1256 2373 nus,
1281 2331 1320 2365 et
1350 2328 1497 2375 aliquot
1517 2327 1597 2371 alii,
1619 2327 1681 2374 qui
1704 2327 1850 2376 synodo
1871 2326 2037 2365 Cirtensi
2068 2328 2130 2364 in-

1173 2382 1391 2419 terfuerant
1408 2380 1435 2426 ⁴²,
1456 2394 1475 2417 e
1499 2380 1683 2418 Numidia
1712 2393 1734 2417 a
1765 2379 1934 2419 factiosis
1962 2381 2129 2419 Cartha-

1175 2435 1303 2483 ginem
1326 2435 1466 2480 vocati,
1483 2435 1691 2483 reprobata
1711 2433 1899 2472 electione
1915 2433 2128 2472 Caeciliani

1176 2491 1211 2525 in
1234 2488 1315 2525 eius
1335 2488 1461 2525 locum
1491 2487 1721 2525 ordinarunt
1741 2487 1975 2525 Maiorinum
2005 2488 2128 2526 lecto-

1175 2554 1269 2587 rem,
1293 2541 1463 2579 Lucillae
1484 2541 1751 2578 domesticum.
1776 2542 1868 2578 Inde
1885 2541 2073 2579 dissensio
2089 2545 2129 2580 et

1175 2595 1330 2632 initium
1354 2595 1574 2632 s‹·hismatis
1595 2596 1630 2631 in
1652 2595 1814 2632 eeclesia
1844 2595 2129 2644 Carthaginen-

1173 2649 1217 2694 si,
1238 2652 1277 2685 et
1298 2648 1411 2696 paulo
1432 2654 1517 2696 post
1539 2648 1574 2684 in
1598 2648 1700 2684 omni
1725 2648 1861 2686 Africa
1877 2648 2126 2698 proconsula-

1175 2702 1218 2747 ri,
1236 2702 1273 2738 in
1297 2702 1482 2739 Numidia
1502 2705 1539 2737 et
1559 2701 1814 2748 Mauritania,
1831 2702 1918 2739 aliis
1934 2713 2020 2739 cum
2036 2701 2130 2739 Cae-

1173 2755 1333 2799 ciliano,
1356 2755 1442 2792 aliis
1472 2767 1559 2792 rum
1582 2755 1768 2792 Maiorino
1799 2755 2122 2793 communicanti-

1172 2810 1254 2845 hus.
1279 2808 1483 2855 Maiorimi,
1497 2821 1556 2846 an.
1571 2809 1647 2846 3123
1670 2808 2034 2854 mortuo,suffectus
2052 2808 2127 2846 fuit

1176 2863 1360 2907 Donatus,
1382 2875 1404 2899 a
1425 2874 1499 2910 quo
1520 2863 1619 2900 sicut
1640 2863 1688 2899 ab
1709 2862 1834 2900 altero
1856 2862 2022 2908 Donato,
2042 2862 2125 2911 epi-

1172 2928 1285 2963 scopo
1307 2916 1490 2952 Casarmn
1509 2916 1724 2963 nigrarum,
1739 2915 1977 2953 schismatici
1997 2915 2129 2965 appel-

1174 2969 1241 3005 lati
1264 2972 1355 3005 sunt
1378 2970 1614 3007 Donatistae.

1214 3075 1220 3095 ¹
1242 3076 1367 3111 blason,
1391 3073 1458 3106 Vim
1485 3073 1682 3106 constantin.
1707 3074 1725 3105 l.
1751 3073 1866 3111 11-111;
1889 3074 2019 3113 Socrat,
2044 3073 2122 3106 nist.

1172 3116 1243 3147 rcrl.
1264 3118 1280 3147 Ι,
1302 3117 1324 3151 Ι,
1341 3127 1365 3147 c.
1383 3118 1417 3150 υς
1435 3118 1593 3147 Sozomuii.
1610 3117 1626 3147 l.
1645 3117 1668 3153 1,
1685 3126 1708 3146 0.
1727 3116 2118 3154 9,l.v,‹:.5;'1·ncod0ret.

1172 3159 1189 3189 l.
1210 3159 1230 3192 1,
1249 3169 1263 3186 r
1294 3158 1342 3195 17»;
1364 3157 1468 3189 (iader
1492 3158 1640 3190 Tneodos.
1659 3158 1677 3188 Ι.
1696 3159 1729 3196 X,
1749 3158 1794 3194 xl,
1812 3158 1883 3188 xvi.

1213 3204 1226 3225 '2
1245 3200 1306 3230 Viti.
1326 3210 1353 3240 p.
1373 3200 1418 3230 76.
