2241 3473
783 95 908 126 stVE
937 96 989 122 AD
1018 94 1141 122 lNthA
1170 93 1349 121 LVTHERI

121 166 313 208 texentes,
332 162 432 212 quod
453 161 575 200 Iulius
595 161 822 211 promissam
839 160 875 198 in
897 159 1054 198 concla-

121 219 161 257 vi
180 216 374 267 generalis
400 215 553 254 concilii
584 214 902 252 convocationem
929 213 1054 263 negli-

120 273 243 322 geret,
261 281 377 317 quum
399 275 528 306 tamen
548 268 644 305 illud
664 271 748 305 tum
769 268 817 305 ad
837 267 1055 304 reforman-

122 325 210 363 dam
231 321 472 370 disciplinam
488 326 570 358 tum
589 322 639 358 ad
654 320 936 368 componendas
955 320 1057 356 inter

121 376 356 415 christianos
377 374 570 424 principes
586 374 795 412 discordias
814 378 915 410 esset
934 384 1060 410 neces-

122 440 280 469 sarium.

174 481 298 520 Iulius
318 480 388 530 Pp.
409 481 456 518 ad
478 479 759 518 retundendam
779 480 928 515 tantam
950 489 1059 515 arro-

123 535 299 586 gantiam
320 537 392 571 ΧΨ)
413 532 594 571 calendas
615 531 764 569 sextilis
787 531 884 568 1511
907 531 1061 568 litteras

126 587 381 638 gravissimas
401 587 535 632 edidit,
555 585 695 634 quibus
716 585 856 621 horum
878 583 1059 620 cardina—

128 642 222 679 lium
243 639 504 678 temeritatem
522 667 532 683 ,
551 649 627 686 qua
647 637 850 674 concilium
870 635 1062 684 generale,

128 708 151 732 a
169 693 250 732 solo
273 692 466 731 Pontifice
485 690 777 728 convocandum
793 720 802 736 ,
825 690 1063 734 indixerant,

129 745 369 797 perstrinxit,
403 755 540 782 eorum
573 746 802 791 praetextus
830 742 1064 786 confutavit;

127 799 320 843 omnibus,
341 809 388 835 ne
407 809 447 835 se
467 796 709 834 conciliabuli
739 796 870 834 Pisani
901 795 1064 845 partici-

127 865 195 904 pes
213 851 430 895 redderent,
453 849 663 899 prohibuit,
683 849 839 898 ipseque
860 849 1064 886 concilium

128 904 331 956 generale,
354 914 455 940 anno
475 902 652 950 sequenti
673 905 767 939 xl11⁰
788 903 970 940 calendas
991 913 1067 939 ma-

128 960 185 998 ias
198 957 239 995 in
254 957 349 994 aede
361 955 614 993 Lateranensi
631 955 900 1000 inchoandum,
913 956 1064 993 indixit.

127 1010 392 1050 Nihilominus
407 1009 430 1047 3
448 1009 511 1046 isti
527 1008 756 1053 cardinaleS,
772 1009 797 1046 2
818 1009 1068 1057 archiepisco-

127 1065 180 1114 pi,
215 1063 263 1101 14
296 1062 476 1111 episcopi,
511 1073 676 1110 quorum
711 1074 896 1100 numerus
931 1063 1067 1099 deinde

129 1120 269 1155 auctus
287 1119 345 1154 est
364 1115 411 1152 ad
431 1115 495 1160 30,
515 1118 554 1152 et
572 1115 722 1163 aliquot
742 1116 914 1160 abbates,
936 1126 1069 1152 omnes

131 1169 246 1216 Galli,
266 1168 436 1206 calendis
466 1168 689 1205 novembris
726 1169 822 1206 1511
847 1169 958 1206 Pisas
979 1181 1068 1206 con-

131 1224 334 1267 venerunt,
354 1227 509 1269 tresque
525 1222 713 1258 sessiones
738 1222 972 1259 habuerunt.
999 1222 1071 1259 Idi-

131 1278 200 1314 bus
229 1275 444 1313 decembris
461 1274 582 1311 Iu1ius
607 1274 753 1312 bullam
774 1279 907 1312 contra
927 1279 1069 1312 aucto-

133 1341 193 1368 res
231 1327 477 1366 conciliabuli
508 1327 635 1372 dedit,
665 1339 742 1375 qua
779 1339 843 1365 eos
865 1329 1071 1366 canonicas

132 1393 316 1421 censuras
345 1381 553 1418 incurrisse
589 1380 819 1418 declaravit.
849 1381 910 1418 Illi
939 1385 1070 1420 autem

133 1435 262 1486 populi
283 1434 412 1471 Pisani
436 1433 666 1471 seditionem
689 1437 920 1480 metuentes,
942 1435 1071 1472 conci-

133 1488 319 1528 liabulum
341 1498 457 1524 suum
477 1487 762 1524 transtulerunt
791 1487 1071 1533 Mediolanum,

135 1542 197 1581 ubi
217 1541 341 1589 pridie
361 1552 480 1577 nonas
495 1540 662 1577 ianuarii
681 1541 780 1578 1512
796 1545 991 1589 quartam,
1012 1542 1076 1578 de-

134 1595 226 1633 inde
245 1596 422 1631 caeteras
456 1605 574 1641 usque
603 1593 651 1630 ad
672 1596 851 1631 octavam
885 1594 1073 1632 sessiones

135 1649 369 1686 habuerunt.
393 1646 435 1682 In
456 1646 517 1683 his
546 1646 670 1683 multa
699 1650 833 1684 contra
853 1648 1072 1684 auctorita-

136 1705 216 1739 tem
237 1701 285 1738 R.
307 1698 509 1736 Pontificis
542 1710 696 1736 summa
729 1712 814 1736 cum
849 1700 1076 1749 arrogantia

139 1755 398 1792 decreverunt
414 1781 423 1796 ,
459 1752 600 1789 Iulium
621 1764 691 1789 ceu
713 1753 905 1791 notorium
926 1754 1075 1790 concilii

138 1807 460 1857 perturbatorem,
480 1807 746 1842 contumacem
785 1808 824 1843 et
861 1806 1078 1844 schismatis

139 1863 353 1904 auctorem,
373 1859 421 1895 ab
441 1858 546 1895 omni
566 1858 761 1896 Ecclesiae
790 1860 979 1908 regimine
1008 1871 1077 1897 su-

139 1924 319 1962 spensum
348 1911 626 1957 declararunt,
665 1913 919 1961 omnibusque
948 1912 1078 1949 cuius-

139 1967 199 2004 vis
227 1965 458 2004 conditionis
487 1964 732 2010 christianis,
762 1978 810 2002 ne
838 1966 871 2003 ei
901 1966 1078 2014 deinceps

141 2019 344 2058 obedirent
374 2018 668 2067 prohibuerunt.
697 2017 928 2056 Huiusmodi
954 2019 1079 2056 schis-

140 2072 328 2111 maticum
357 2071 563 2108 decretum
583 2071 807 2109 Ludovicus
823 2084 894 2109 rex
913 2072 1001 2109 xvl⁰
1019 2084 1076 2109 ca-

142 2126 276 2164 lendas
303 2123 388 2162 iulii
407 2124 509 2161 1512
524 2124 562 2160 in
579 2124 682 2161 omni
699 2124 844 2162 ditione
864 2137 934 2162 sua
954 2125 1080 2162 obser-

143 2179 313 2216 vandum
340 2177 552 2214 mandavit.
590 2176 836 2225 Quapropter
869 2178 990 2216 Iulius
1010 2178 1079 2226 Pp.

143 2233 218 2269 Χιιο
239 2230 421 2268 calendas
446 2230 603 2278 augusti
629 2231 811 2268 universo
836 2231 985 2268 Galliae
1015 2243 1083 2268 re-

147 2295 222 2332 gno
250 2283 372 2320 sacris
391 2283 608 2320 interdixit.

198 2335 359 2373 Interim
378 2336 617 2373 Francorum
636 2348 700 2374 res
719 2336 757 2373 in
779 2337 893 2374 Italia
921 2337 1084 2375 collabe-

147 2389 302 2434 bantur,
332 2390 370 2425 et
403 2388 643 2426 conciliabuli
674 2393 856 2428 auctores
883 2391 985 2428 haud
1015 2393 1083 2427 tu-

148 2443 229 2480 tius
258 2440 466 2479 Mediolani
495 2453 611 2490 quam
640 2443 742 2480 Pisis
762 2446 935 2492 agentes,
956 2443 1085 2480 confu-

149 2497 292 2545 gerunt
321 2494 565 2542 Lugdunum.
594 2495 713 2532 Brevi
748 2498 834 2544 post
862 2496 1086 2534 Ludovicus

149 2560 233 2592 rex,
252 2546 494 2595 rebellesque
514 2547 730 2586 cardinales
759 2551 798 2586 et
827 2549 998 2598 episcopi
1019 2562 1085 2586 er-

150 2612 277 2639 rorem
297 2611 410 2637 suum
439 2604 699 2647 agnoverunt,
721 2602 871 2639 veniam
903 2614 926 2639 a
944 2603 1088 2640 Ponti-

150 2654 223 2692 fice
237 2653 851 2702 postularunt,etaLeoneX,qui
869 2667 968 2692 anno
988 2656 1086 2693 1513

150 2707 253 2744 Iulio
271 2705 476 2749 successit,
497 2707 692 2744 consecuti
711 2710 811 2745 sunt.
828 2708 1009 2747 Mortuus
1029 2713 1088 2746 est

151 2759 273 2798 Iulius
293 2757 402 2796 111x⁰
417 2757 565 2795 calend.
583 2760 711 2796 martii
729 2771 789 2798 an.
810 2761 922 2806 1513,
941 2773 1086 2799 annum

152 2812 302 2903 ἓᾳῐειῑὲει
321 2823 440 2885 agens
458 2810 509 2848 70
527 2840 537 2857 ,
557 2810 814 2850 Pontificatus
833 2813 858 2851 9
874 2843 883 2860 ,
903 2825 1022 2853 mens.
1044 2816 1087 2862 3,

177 2877 234 2903 1es
341 2893 350 2902 .

190 2957 201 2978 ¹
220 2955 372 2995 Baynald.
387 2954 503 2986 Anual.
522 2955 597 2986 eccl.
613 2966 620 2994 ;
646 2957 757 2994 nansi,
775 2956 924 2988 Ammtat.
942 2955 982 2988 αιί
998 2957 1088 2997 Ray-

150 2996 246 3034 nald.;
270 2997 378 3031 Audin,
395 2995 475 3027 mxc.
501 2996 539 3027 (le
562 2997 645 3028 Le'on
662 2997 697 3034 X,
719 3001 727 3027 t
759 2998 778 3032 l,
795 3008 822 3028 c.
837 2997 939 3028 ‘te-16.
960 2998 1088 3036 tabem,

150 3046 240 3078 quam
256 3039 347 3069 huius
359 3039 550 3068 Pontiticatui
571 3040 728 3075 imponunt
745 3038 840 3078 aliqui
856 3043 980 3078 propter
995 3040 1086 3077 bella,

151 3087 230 3118 quae
243 3087 354 3118 magno
365 3079 459 3109 animi
469 3080 581 3110 ardore
604 3080 756 3119 suscepit,
769 3081 904 3117 arsitque
913 3082 1088 3116 praesentia

154 3128 230 3158 sua,
245 3121 403 3158 absterget
422 3121 627 3151 Bellarminus
644 3120 701 3158 (De
716 3123 830 3160 potest.
847 3120 936 3152 Sum.
949 3121 1039 3152 Pons.
1055 3122 1089 3152 iu

1104 2546 1112 2597 l

1109 3156 1111 3166 i

1911 76 1985 115 143

1153 158 1212 196 16.
1229 158 1308 195 Leo
1337 155 1380 194 X
1402 151 1599 206 Pontifex
1618 151 1703 204 (an.
1734 149 1854 202 1513)
1872 173 1922 180 —
1936 152 2038 190 Leo-

1101 223 1186 249 nem
1196 213 1233 250 X
1242 209 1509 249 Florentinum
1521 206 1717 246 Laurentii
1728 205 1892 244 Medicei
1902 204 2040 251 filium,

1100 265 1164 302 cui
1175 264 1306 303 Ioanni
1318 266 1432 300 antea
1443 273 1595 307 nomen,
1609 271 1750 297 anuum
1766 258 1904 296 aetatis
1919 270 2040 307 agen-

1101 321 1180 355 tem
1202 318 1265 363 37,
1294 316 1462 353 iuniores
1491 313 1717 363 praesertim
1746 311 1970 350 Cardinales
1996 317 2041 348 νο

1102 371 1188 409 idus
1208 369 1338 408 martii
1360 381 1420 406 an.
1445 368 1593 406 15l3in
1608 365 1841 404 Pontificatu
1871 364 2040 402 colloca-

1104 427 1205 462 runt.
1218 424 1288 460 Vir
1299 421 1529 466 eruditione,
1541 431 1694 458 morum
1714 418 1952 468 integritate,
1980 417 2041 453 in-

1104 477 1205 525 genii
1220 476 1464 513 humanitate
1475 473 1728 519 ,liberalitate
1744 475 1783 509 et
1799 470 2044 520 magnificen-

1105 530 1159 566 tia
1179 528 1420 577 conspicuus,
1439 527 1505 575 qui
1528 525 1741 564 Ecclesiam
1762 523 2043 574 sapientissime

1105 583 1206 620 rexit
1227 592 1345 628 usque
1359 581 1406 617 ad
1419 591 1480 617 an.
1501 579 1612 617 1521.
1626 578 1661 616 Is
1672 578 1895 627 priusquam
1916 589 1936 614 e
1949 576 2043 614 Con-

1106 636 1206 672 clavi
1227 634 1540 680 exiret,Petrum
1551 631 1764 677 Bellum,et
1776 631 1956 668 Iacobum
1977 630 2044 667 Sa·

1107 689 1293 732 doletum,
1321 688 1383 735 qui
1414 686 1563 723 Romae
1591 687 1685 722 tunc
1705 690 1830 729 erant,
1850 683 1921 721 sibi
1941 683 1989 720 ab
2007 693 2043 719 e-

1109 741 1257 790 pistolis
1286 739 1462 777 adscivit.
1476 739 1624 787 Regem
1644 737 1794 774 Galliae
1814 739 1853 773 et
1871 735 2045 773 concilia-

1108 794 1187 832 buli
1222 793 1357 830 Pisani
1397 792 1570 829 fautores
1587 820 1596 834 ,
1631 795 1837 839 postquam
1872 800 2044 826 errorem

1109 859 1219 885 suum
1242 848 1373 884 essent
1401 844 1578 890 confessi,
1599 844 1637 880 in
1658 844 1823 891 gratiam
1836 842 1992 891 recepit,
2007 844 2047 879 et

1110 912 1193 938 cum
1215 900 1423 937 Francisco
1444 898 1476 944 I,
1503 896 1692 934 Ludovici
1709 896 1784 934 XII
1804 906 2022 933 successore
2038 923 2048 940 ,

1111 966 1172 992 an.
1191 953 1291 991 1516
1319 953 1358 989 in
1387 952 1516 990 locum
1546 949 1754 987 sanctionis
1774 948 2047 997 pragmaticae,

1110 1018 1227 1056 supra
1247 1003 1643 1043 conciliiBasileensis
1664 1005 1837 1051 tempore
1849 1000 2049 1039 consarci-

1111 1099 1243 1129 monitos
1259 1096 1411 1134 scribens,
1429 1097 1559 1128 lectores
1576 1105 1646 1128 esse
1663 1096 1905 1133 volo,Romanos
1922 1093 2050 1124 Pontifi-

1112 1149 1174 1176 ces,
1185 1139 1344 1179 qui.simul
1359 1140 1448 1169 etiam
1458 1139 1614 1177 Principes
1624 1141 1692 1168 sunt
1705 1136 1889 1175 temporales
1902 1143 1962 1165 non
1975 1143 2051 1166 con-

1114 1181 1269 1211 temnendi
1284 1181 1425 1219 Imperii,
1442 1189 1500 1210 non
1523 1180 1622 1210 minus
1639 1189 1673 1209 ex
1691 1179 1792 1209 officio
1809 1177 1940 1216 obligari
1958 1176 1996 1206 ad
2014 1184 2052 1205 ea

1113 1222 1428 1261 conservanda‚quae
1442 1221 1530 1252 Sedis
1548 1221 1740 1259 apostolicae
1751 1220 1816 1250 sive
1830 1217 1985 1249 Ecclesiae
1998 1218 2053 1248 Ro-

1114 1274 1222 1295 manae
1239 1269 1321 1301 sunt,
1339 1273 1429 1302 quam
1445 1263 1600 1301 Principes
1624 1266 1773 1292 caeteros.
1794 1262 1894 1298 Quare
1907 1259 2052 1299 quemad-

1114 1306 1236 1336 modum
1246 1307 1348 1345 Rrges
1363 1309 1391 1335 et
1409 1305 1566 1343 Principes
1585 1303 1821 1342 supremiceteri
1835 1310 1889 1340 pro
1905 1300 2054 1331 defensio-

1116 1357 1152 1378 ne
1166 1348 1342 1387 Regnorum
1360 1355 1491 1376 suorum
1508 1346 1572 1375 sive
1589 1345 1738 1375 ditionum
1753 1344 1881 1373 aliarum
1898 1342 1979 1372 bella
1996 1350 2054 1381 ge-

1116 1397 1183 1420 rere
1200 1391 1328 1428 possunt
1343 1393 1371 1418 et
1389 1388 1511 1423 debent,
1527 1391 1556 1417 et
1572 1387 1598 1416 si
1613 1387 1651 1417 ad
1669 1395 1703 1416 ea
1721 1383 1914 1415 defendenda
1928 1383 2055 1413 confoe-

1116 1431 1350 1461 dei-ationecum
1359 1430 1426 1459 aliis
1437 1429 1623 1467 principibus
1633 1437 1710 1466 opus
1720 1427 1916 1463 babent,iure
1925 1426 2055 1463 possunt

1117 1482 1184 1502 cum
1201 1472 1292 1502 sociis
1310 1471 1502 1509 Principibus
1521 1469 1626 1500 foedus
1643 1468 1730 1505 inire,
1746 1474 1775 1498 et
1788 1467 1962 1497 coniunctis
1978 1465 2053 1495 viri-

1117 1514 1173 1543 bus
1196 1514 1314 1543 hostem
1342 1512 1542 1551 propulsare,
1563 1511 1685 1550 quando
1709 1511 1820 1539 iustam
1836 1508 1909 1538 belli
1926 1506 2055 1547 gerendi

1119 1563 1264 1586 caussam
1291 1553 1419 1590 habent;
1447 1553 1491 1583 sic
1518 1553 1607 1583 etiam
1636 1551 1763 1582 Romani
1791 1550 1952 1580 Pontifices
1964 1572 1971 1585 ,
1995 1557 2057 1588 qua

1120 1595 1275 1634 principes
1298 1595 1435 1634 supremi
1459 1598 1540 1630 sunt,
1557 1595 1636 1624 omni
1661 1594 1725 1623 iure
1748 1595 1880 1631 possunt
1902 1594 1931 1621 et
1947 1589 2060 1620 debent

1119 1638 1250 1676 populos
1268 1636 1327 1666 sibi
1344 1637 1479 1666 creditos
1497 1635 1591 1665 armis
1609 1639 1782 1674 protegere,
1796 1637 1824 1663 et
1837 1633 1862 1663 si
1880 1641 1928 1662 res
1944 1631 1986 1661 ita
2000 1640 2059 1670 po-

1119 1679 1219 1714 stulet,
1237 1677 1387 1708 adversus
1403 1678 1507 1707 hostes
1523 1677 1603 1706 bella
1621 1685 1745 1716 gerere,
1763 1684 1819 1705 nec
1836 1683 1894 1704 uon
1912 1673 1950 1703 ad
1968 1673 2060 1702 auxi-

1118 1721 1200 1756 lium,
1214 1719 1260 1749 vel
1278 1718 1349 1749 belli
1366 1720 1542 1749 societatem
1559 1718 1713 1756 principes
1727 1717 1803 1746 alios
1817 1715 2060 1746 evocare—Nec

1120 1763 1235 1799 primus
1260 1761 1314 1790 t'uit
1336 1760 1430 1790 Iulius
1447 1760 1490 1795 ΙΙ,
1509 1761 1560 1798 qui
1578 1767 1632 1798 pro
1656 1757 1878 1796 recuperandis
1901 1755 2059 1786 Ecclesiae

1119 1804 1275 1834 Romanae
1295 1802 1462 1840 provinciis
1479 1801 1560 1832 bella
1576 1801 1683 1839 gessit,
1697 1800 1743 1829 vel
1757 1808 1823 1829 cum
1840 1797 1963 1837 magnis
1979 1797 2061 1835 prin-

1119 1844 1238 1883 cipibus
1262 1842 1369 1873 foedus
1385 1843 1549 1882 percussit.
1566 1843 1639 1872 Nam
1664 1841 1734 1871 Pius
1751 1840 1788 1879 11,
1804 1839 1897 1870 multo
1914 1841 2006 1868 antea
2028 1846 2061 1868 e-

1120 1886 1267 1915 xercitum
1291 1888 1441 1914 armatum
1466 1883 1582 1921 babuit,
1600 1888 1628 1912 et
1645 1882 1726 1912 bella
1742 1891 1809 1912 cum
1833 1880 1973 1911 hostibus
1991 1888 2060 1909 cum

1119 1926 1211 1956 laude
1229 1927 1336 1966 gessit,
1355 1929 1385 1955 ut
1405 1924 1575 1956 Nauclerus
1592 1929 1619 1954 et
1635 1924 1754 1954 Platina
1778 1923 1929 1960 referunt,
1945 1925 1975 1951 et
1991 1923 2061 1950 ante

1122 1967 1166 1998 Pii
1188 1968 1212 1998 ll
1236 1971 1377 2006 tempora
1401 1967 1593 1997 innocentius
1617 1965 1730 2001 V1,x·ir
1753 1963 1914 2003 prudentia
1936 1965 1966 1992 et
1981 1962 2062 1992 vitae

1120 2009 1297 2039 innocentia
1333 2008 1453 2047 clarus,
1485 2017 1538 2046 per
1562 2009 1709 2047 Legatum
1731 2014 1818 2036 suum
1849 2003 2060 2034 Albernotium

1122 2050 1315 2081 Cardinalem
1346 2049 1596 2080 Ecclesiasticam
1629 2048 1774 2078 ditionem
1802 2056 1820 2076 a
1852 2044 1989 2084 t5rannis
2017 2044 2063 2074 di-

1125 2092 1220 2121 versis
1250 2094 1433 2129 occupatam
1465 2090 1642 2121 felicissime
1670 2089 1764 2119 armis
1781 2086 1983 2126 recuperavit.
1997 2086 2066 2116 Cle-

1124 2141 1210 2163 mens
1223 2133 1258 2162 lv
1271 2133 1322 2172 qui
1340 2133 1547 2162 Innocentium
1565 2131 1600 2161 VI
1618 2131 1719 2161 multis
1734 2130 1823 2160 annis
1836 2127 2015 2168 praecessit,
2034 2130 2064 2157 et

1125 2173 1262 2205 Pontifex
1285 2178 1410 2204 sanctus
1426 2177 1473 2204 est
1499 2173 1632 2209 habitus,
1653 2171 1794 2203 Carolum
1810 2169 2062 2208 Andegavensem

1124 2217 1247 2252 Ducem,
1261 2215 1290 2245 S.
1305 2214 1451 2245 Ludovici
1468 2215 1560 2253 Regis
1576 2214 1762 2244 Francorum
1782 2213 1907 2243 fratrem
1926 2220 1942 2239 e
1958 2209 2063 2239 Galliis

1125 2257 1273 2293 evocavit,
1292 2260 1322 2286 ut
1339 2256 1529 2286 Manfredum
1546 2259 1707 2294 tyrannum
1724 2263 1740 2284 e
1755 2255 1862 2293 Regno
1878 2251 2062 2290 Neapolita-

1125 2307 1174 2335 no,
1193 2297 1350 2328 Ecclesiae
1367 2298 1523 2328 Romanae
1541 2296 1641 2333 sendo,
1655 2296 1746 2326 armis
1764 2294 1941 2334 expelleret,
1954 2294 2065 2331 ipsum-

1125 2349 1182 2378 que
1192 2339 1330 2369 Carolum
1346 2340 1459 2379 Regem
1473 2338 1613 2375 instituit,
1626 2337 1767 2376 imposita
1783 2334 1990 2375 quadraginta
2003 2333 2064 2364 mit-

1125 2382 1166 2411 lia
1189 2389 1380 2410 nummorum
1403 2389 1564 2411 aureorum
1578 2379 1724 2417 pensione
1741 2375 1904 2417 quotannis
1916 2374 2063 2405 solvenda

1126 2423 1156 2452 in
1179 2422 1422 2462 recognitionem
1444 2421 1541 2452 feudi:
1555 2425 1647 2452 testes
1664 2423 1734 2450 sunt
1751 2419 1918 2457 scriptores
1935 2417 2018 2447 citati
2034 2419 2064 2446 et

1127 2463 1178 2494 alii
1195 2463 1233 2493 ab
1249 2461 1325 2502 ipsis
1344 2463 1440 2493 relati.

1174 2516 1186 2532 (ι
1203 2504 1260 2535 Sed
1281 2509 1352 2534 ante
1369 2504 1445 2534 haec
1458 2505 1596 2539 tempora
1609 2503 1665 2532 Leo
1680 2500 1874 2539 lX,I‘ontil'ex
1886 2507 1947 2529 non
1965 2498 2064 2529 solum

1128 2546 1209 2576 vitae
1226 2544 1396 2584 probitate,'
1414 2544 1468 2576 sed
1486 2543 1576 2574 etiam
1600 2544 1708 2574 divinis
1724 2541 1879 2572 miraculis
1896 2540 1998 2571 clarus
2015 2544 2064 2570 at-

1129 2596 1188 2626 que
1212 2587 1288 2617 adeo
1312 2587 1343 2617 in
1366 2586 1547 2616 Sanctorum
1575 2593 1733 2615 numerum
1762 2583 1886 2620 relatus,
1912 2581 2064 2611 adversus

1128 2629 1319 2658 Normannos
1350 2637 1406 2666 pro
1437 2628 1651 2657 Beneventana
1688 2624 1815 2655 Civitate
1852 2622 2065 2660 recuperanda

1130 2678 1278 2708 praesens
1295 2668 1362 2708 ipse
1378 2669 1407 2699 in
1426 2668 1558 2698 exercitu
1572 2666 1666 2697 armis
1679 2665 1856 2700 decertavit,
1869 2667 1900 2693 ut
1916 2664 2065 2694 Herman-

1131 2720 1187 2741 nus
1211 2712 1392 2740 Contractus
1415 2709 1468 2748 [inv
1494 2707 1668 2744 Chronico)
1693 2711 1721 2737 et
1745 2707 1803 2736 Leo
1827 2704 1996 2735 llostiensis
2020 2704 2065 2742 (in

1128 2751 1208 2783 Hes-t.
1224 2750 1328 2783 Casiri.
1344 2750 1362 2782 l.
1380 2750 1410 2788 ⁹2,
1426 2760 1449 2781 c.
1468 2750 1516 2782 88,
1534 2753 1627 2780 testes
1644 2752 1721 2778 sunt.
1739 2747 1796 2779 Ubi
1820 2746 1894 2777 illud
1909 2754 2064 2776 memora-

1129 2794 1191 2824 bile
1214 2793 1338 2831 accidit,
1355 2794 1436 2832 quod
1453 2800 1518 2822 cum
1536 2789 1672 2821 Pontifex
1690 2798 1707 2819 a
1723 2788 1908 2819 Normannis
1928 2788 2025 2817 victus
2038 2791 2068 2818 et

1130 2837 1238 2874 captus
1260 2834 1381 2872 fuisset,
1405 2842 1441 2864 ea
1463 2831 1668 2862 submissione
1692 2835 1721 2861 et
1744 2828 1916 2860 reverentia
1934 2828 2065 2859 victores

1129 2884 1204 2915 erga
1227 2876 1338 2905 victum
1363 2875 1406 2904 usi
1429 2877 1507 2907 sunt.
1525 2877 1555 2902 ut
1578 2871 1713 2902 Pontifex
1735 2871 1829 2901 victus
1846 2874 1875 2901 et
1891 2873 2000 2908 captus
2018 2869 2066 2898 vi-

1131 2917 1266 2947 ctoribus
1282 2917 1435 2953 imperare
1453 2925 1488 2944 ac
1506 2912 1658 2944 dominari
1675 2912 1837 2943 videretur.
1850 2913 1942 2941 Porro
1955 2911 2014 2940 Leo
2032 2910 2067 2940 lV

1132 2957 1289 2993 Pontifex,
1307 2957 1374 2995 plus
1391 2956 1529 2986 ducentis
1555 2955 1641 2984 annis
1660 2954 1757 2983 Leone
1775 2954 1812 2983 lx
1831 2952 2004 2991 antiquior,
2022 2952 2068 2981 vir

1130 3000 1341 3029 sanctissimus
1370 3001 1401 3026 et
1419 2995 1574 3026 miraculis
1599 2995 1721 3034 clarus,
1745 2999 1820 3024 teste
1845 2993 2004 3023 Anastasio
2035 2993 2065 3022 in

1132 3041 1197 3070 eius
1215 3040 1285 3074 vita,
1301 3039 1466 3068 exercitum
1485 3037 1568 3067 duxit
1586 3036 1735 3067 adversus
1752 3035 1942 3072 Saracenos,
1961 3034 2011 3072 qui
2030 3034 2066 3063 ad

1132 3082 1216 3112 Ostia
1232 3079 1385 3119 'tyberina
1402 3088 1467 3108 cum
1491 3078 1606 3115 ingenti
1625 3077 1726 3107 classe
1743 3077 1883 3115 appulsi,
1901 3077 2067 3106 Romanam

1135 3123 1245 3154 Urbem
1263 3129 1374 3159 capere
1391 3124 1418 3149 et
1436 3120 1571 3158 spoliare
1587 3118 1764 3157 cupiebant:
1779 3120 1807 3147 ct
1822 3117 1966 3148 Oratione
1978 3125 2068 3155 prae-

156 3159 248 3192 rebus
261 3161 490 3202 temporalibus
513 3162 662 3194 adversus
684 3162 867 3193 Barctaium.
885 3173 912 3193 c.
929 3162 990 3200 ll),
1018 3174 1030 3190 «
1040 3163 1112 3198 ati-1
1134 3164 1229 3193 missa
1258 3161 1296 3191 ad
1325 3162 1438 3204 Deum,
1459 3164 1488 3190 et
1511 3160 1645 3191 exercitu
1662 3159 1838 3198 Apostolica
1855 3157 2066 3189 benedictione
