2241 3473
228 149 308 190 326

175 236 217 269 et
249 232 494 269 monasteria
519 231 711 268 dissoluta
732 261 740 276 ,
770 231 1016 268 electoratus
1043 232 1129 268 Mo-

173 286 630 334 guntinus,Trevirensis
641 290 679 322 et
689 286 933 322 Coloniensis
947 286 1128 330 extincti,

173 353 222 378 ex
249 340 538 389 episcopatibus
572 351 642 387 per
680 340 972 377 Concordatum
1000 340 1126 376 solum

172 394 396 431 conservati
416 395 687 441 Moguntinus,
706 394 974 437 Trevirensis‚
995 398 1035 430 et
1054 394 1126 430 Co-

171 448 355 484 loniensis
389 448 605 483 translatus
631 447 925 494 Aquisgranam
940 477 948 492 ‚
968 448 1031 495 qui
1050 459 1130 484 una

171 514 259 538 cum
278 501 501 545 Leodiensi‚
520 501 799 545 Namurcensi,
819 502 1064 538 Tornacensi
1089 505 1150 538 et·

171 555 420 592 Gandavensi
431 555 500 591 sub
516 555 858 603 archiepiscopatu
869 555 1128 592 Mechlinien-

168 609 200 645 si
228 610 429 646 constituti
457 612 562 645 sunt.
582 610 622 645 In
649 609 788 646 eadem
818 620 915 656 pace
936 612 1126 645 statutum

167 663 316 709 fuerat,
341 668 385 700 ut
412 664 611 711 principes
637 663 867 700 Germanici
893 664 1125 700 saeculares

166 728 238 764 pro
265 717 420 754 amissis
447 717 495 754 ad
521 717 650 753 Rheni
682 717 839 754 laevam
867 717 1050 754 dominiis
1077 729 1126 754 ex

167 771 294 808 altera
320 772 447 808 Rheni
474 771 563 819 ripa
590 771 639 807 ab
667 771 834 820 imperio
854 772 1125 818 possessiones

165 826 408 873 acciperent.
437 826 524 862 Hoc
549 826 756 872 negotium
775 837 839 862 an.
861 826 955 864 1803
976 827 1014 861 in
1034 837 1122 861 eon-

164 884 286 917 ventu
303 880 598 924 Ratisbonensi,
614 880 653 916 in
669 891 744 928 quo
764 881 867 917 Galli
888 881 1122 922 maximam,

163 933 381 982 imperator
400 934 636 971 Austriaeus
655 935 863 971 minimam
880 938 1122 983 potestatem

163 991 356 1034 exercuit,
372 989 595 1037 perfectum
614 992 674 1025 est
693 1001 762 1037 per
783 989 1005 1033 decretum,
1022 989 1122 1037 quod

162 1042 354 1079 Recessas
379 1043 537 1079 dicitur.
563 1043 642 1080 Per
670 1043 761 1079 illud
781 1044 915 1080 omnia
940 1044 1042 1079 bona
1061 1054 1122 1079 ec-

163 1099 388 1136 clesiastica
414 1102 498 1135 tam
517 1099 830 1147 protestanticis,
853 1110 971 1147 quam
991 1099 1121 1135 catho-

161 1152 248 1189 licis
268 1153 509 1201 principibus
525 1153 574 1190 ad
589 1154 954 1202 compensationem
973 1152 1120 1190 adiudi-

163 1211 253 1245 cata
279 1208 455 1255 fuerunt,
475 1214 557 1247 tum
577 1209 625 1245 ad
645 1221 782 1246 eorum
804 1208 953 1245 reditus
972 1219 1119 1255 augen-

161 1265 245 1312 dos,
263 1270 346 1303 tum
373 1266 422 1302 ad
441 1265 652 1302 utilitatem
674 1264 869 1312 publicam
885 1273 1118 1311 promoven-

160 1320 264 1364 dam,
285 1320 334 1358 ad
354 1324 532 1368 sumptus
551 1318 671 1354 divini
698 1318 827 1354 cultus
845 1323 886 1354 et
911 1316 1121 1353 institutio-

160 1376 220 1412 nis
247 1375 453 1412 literariae
481 1372 749 1415 sustinendos,
771 1371 820 1408 ad
846 1371 1040 1408 ecclesias
1059 1381 1121 1406 ca-

159 1429 360 1466 thedrales
378 1458 386 1474 ,
415 1439 515 1477 quae
544 1426 845 1463 conservandae
873 1429 1029 1470 essent,
1056 1425 1120 1461 do-

160 1483 301 1521 tandas
328 1488 369 1521 et
394 1483 444 1520 ad
471 1482 628 1519 clericis
654 1481 940 1528 monachisque
967 1489 1120 1516 annuas

158 1538 370 1586 pensiones
405 1536 681 1585 assignandas.
719 1536 778 1572 Ita
812 1534 860 1571 ad
895 1538 1118 1571 extremum

158 1591 315 1628 modum
350 1591 533 1628 Ecclesia
562 1591 602 1626 in
631 1588 860 1637 regionibus
878 1587 1119 1625 Germaniae

160 1645 354 1693 perducta
380 1649 460 1682 est!

204 1700 363 1736 Interea
378 1699 589 1747 principes,
606 1698 812 1735 indemnes
827 1697 936 1741 faeti,
959 1700 999 1734 et
1016 1697 1117 1733 bona

157 1754 430 1791 ecclesiastica
456 1756 718 1801 occuparunt,
746 1759 786 1789 et
810 1752 897 1799 ipsa
925 1762 1115 1798 corpora,

155 1818 179 1843 a
206 1808 344 1855 quibus
371 1808 566 1844 hactenus
593 1808 753 1843 fuerunt
779 1817 983 1854 possessa,
1013 1805 1117 1853 capi-

155 1862 251 1905 tula,
280 1862 464 1909 collegia,
484 1861 731 1897 monasteria
757 1860 1012 1896 sustulerunt.
1031 1860 1116 1897 Cle-

156 1915 264 1959 ricis,
293 1920 483 1959 attamen,
511 1915 796 1962 monachisque
825 1913 1036 1962 pensiones
1055 1917 1115 1949 sat

156 1973 297 2007 tenues
317 1970 545 2017 assignatae
574 1973 678 2013 sunt3
702 1968 898 2016 episcopis
926 1968 1114 2016 pristinae

156 2024 361 2062 dioeceses
377 2029 444 2061 aut
459 2024 643 2062 residuae
662 2035 803 2060 earum
818 2027 954 2071 partes
974 2033 1113 2070 regen-

154 2079 228 2116 dae
263 2079 516 2123 commissae,
542 2079 611 2116 sed
639 2079 801 2115 decreta
829 2077 1113 2114 cathedralium

155 2133 416 2171 ecclesiarum
437 2134 587 2170 dotatio
607 2133 742 2169 nullibi
757 2132 915 2169 effectui
931 2131 1024 2168 data
1039 2137 1113 2168 est.

155 2189 246 2225 Sola
265 2188 438 2225 ecelesia
455 2188 761 2224 Ratisbonensis
787 2187 938 2223 intaeta
957 2198 1115 2223 conser-

152 2248 276 2288 vata,
314 2244 392 2280 imo
426 2243 541 2279 novis
568 2242 863 2290 praerogativis
897 2245 935 2277 et
962 2252 1115 2288 posses-

153 2299 329 2336 sionibus
362 2303 480 2336 aucta
506 2298 593 2341 suit,
621 2297 806 2333 nimirum
826 2295 1017 2343 dignitate
1038 2296 1114 2332 ele-

154 2357 333 2390 ctoratus
352 2357 393 2390 et
412 2351 834 2389 archicancellariatus
854 2350 1113 2397 Imperii,pri-

154 2412 284 2444 matus
317 2411 356 2444 et
395 2405 628 2453 metropolis
666 2415 737 2452 pro
778 2408 860 2440 tota
899 2404 1113 2440 Germania

153 2466 267 2498 extra
294 2461 521 2510 provincias
549 2459 783 2496 Austriacas
807 2462 847 2494 et
867 2458 1111 2501 Borussicas,

154 2520 272 2564 atque
300 2515 529 2559 territoriis,
557 2525 658 2562 quae
678 2513 849 2550 ecclesia
878 2513 1112 2559 Moguntina

154 2571 202 2607 ad
229 2571 434 2608 dexteram
464 2570 592 2606 Rheni
621 2568 862 2617 possederat.
894 2568 1044 2602 Verum
1073 2572 1113 2604 et

155 2625 253 2662 haec
282 2625 452 2662 ecclesia
480 2624 540 2660 cui
569 2624 661 2660 Pius
681 2623 752 2670 Pp.
774 2621 845 2657 Vll
865 2621 903 2656 in
923 2621 1110 2657 consisto-

158 2680 230 2724 rio,
260 2679 433 2716 calendis
460 2678 647 2715 februarii
666 2678 758 2714 1805
778 2675 942 2712 Parisiis
962 2674 1108 2721 habito,

156 2734 410 2782 praefecerat
443 2733 629 2771 Carolum
660 2731 911 2768 Theodorum
945 2729 993 2765 de
1021 2731 1110 2766 Dal-

155 2790 364 2837 berg,post
382 2789 530 2836 aliquot
549 2799 674 2824 annos
693 2786 862 2834 spoliata
881 2787 954 2821 est.
977 2784 1111 2832 Napo-

154 2843 241 2880 lcon
269 2844 373 2881 enim
403 2845 488 2880 eius
518 2842 765 2880 territorium
786 2841 891 2876 intra
909 2839 1107 2877 Bavariae

155 2897 299 2935 limites
335 2899 453 2936 situm
497 2899 582 2946 regi
616 2897 815 2934 Bavariae
848 2895 1042 2939 subiecit,
1073 2901 1111 2932 et

155 2958 338 2991 caeteras
366 2955 651 3002 possessiones,
680 2952 793 2988 novis
814 2951 959 2998 aliquot
973 2953 1110 2986 auctas

155 3019 218 3043 an.
250 3009 339 3047 1810
368 3010 404 3045 in
434 3021 622 3056 magnum
647 3009 832 3044 ducatum
862 3005 1109 3043 saecularem

155 3061 553 3101 1·'rancos‹—›12diens0m
582 3061 763 3099 mutavit.

203 3117 402 3155 Eiusmodi
432 3131 564 3156 rernm
592 3121 718 3154 status
751 3115 950 3162 Religioni
980 3115 1110 3152 catho-

155 3168 253 3206 licae
272 3171 306 3206 in
329 3174 545 3210 Germania
565 3172 681 3209 nimis
700 3169 837 3205 obfuit.
860 3170 897 3204 ln
917 3169 1110 3218 plerisque

154 3222 398 3264 dioecesibus
412 3229 527 3265 sedes
541 3224 789 3275 episcopales
805 3224 913 3260 brevi
936 3227 1112 3272 tempore

154 3286 365 3325 vacarunt,
393 3286 433 3318 et
461 3293 623 3319 necesse
651 3279 724 3315 suit
750 3282 791 3313 ut
818 3277 1013 3314 ecclesiae
1043 3289 1112 3324 per

518 162 684 190 EPOCHA
703 161 792 189 xm.
817 163 843 188 A
864 161 1049 190 PVBLICA
1072 161 1224 189 RERVM
1247 161 1288 188 IN
1310 161 1484 190 GALLns
1503 162 1792 191 SVBVERSIONE

1179 232 1351 268 vicarios
1377 233 1592 279 generales
1618 235 1859 280 regerentur
1875 261 1884 277 ,
1912 232 1976 280 qui
2001 231 2041 268 in
2068 244 2135 269 ne-

1183 286 1359 322 cessaria
1384 298 1474 323 cum
1500 287 1706 324 Ecclesiae
1721 287 1850 334 capite
1869 286 2134 323 communica-

1181 341 1302 382 tione,
1329 340 1367 375 in
1383 341 1608 377 exercenda
1625 352 1696 377 sua
1715 340 2000 384 iurisdictione,
2021 340 2060 375 in
2079 339 2137 375 di·
2192 353 2194 355 ’

1179 394 1394 440 sponendis
1415 394 1532 430 rebus
1559 394 1608 430 ad
1622 394 1762 430 Fidem
1782 394 1979 441 bonosque
2006 404 2140 429 mores

1180 447 1474 483 conservandos
1494 448 1732 484 necessariis
1747 476 1755 491 ,
1774 448 2043 495 multipliciter
2069 447 2140 483 im-

1180 500 1456 546 pediebantur;
1471 502 1641 539 ministri
1659 501 1766 538 sacri
1792 501 2056 538 diversimode
2073 512 2139 538 ve·

1178 557 1376 592 xabantur
1394 585 1402 600 ‚
1431 560 1472 592 et
1497 556 1722 592 seminariis
1748 567 1826 591 non
1853 555 2046 592 restitutis
2062 584 2072 600 ,
2097 556 2138 591 in

1178 609 1322 646 scholis
1349 611 1618 658 superioribus
1651 615 1691 646 et
1716 609 1968 646 inferioribus
1993 608 2140 645 doetri-

1178 674 1252 699 nae
1262 665 1443 712 religioni
1456 665 1673 701 catholicae
1685 663 1912 700 contrariae
1924 663 2046 700 libere
2059 666 2137 700 tra-

1177 716 1388 755 debantur.
1417 719 1565 760 Quibus
1593 718 1772 754 omnibus
1789 717 1997 765 disciplina
2022 728 2139 753 ener-

1176 775 1271 807 vata
1297 773 1490 810 institutio
1524 774 1563 809 in
1591 773 1800 819 Religione
1828 775 1869 808 et
1895 771 2043 819 pietate
2068 771 2139 807 im—

1177 826 1514 874 pedita,impietas
1531 832 1571 864 et
1590 827 1752 863 licentia
1767 828 1987 873 propagata
1997 827 2091 861 sunt
2107 827 2136 859 1.

1228 880 1282 916 19.
1309 881 1523 929 Napoleon
1549 881 1771 930 imperator
1798 878 2137 923 (an.1804)—Na-

1177 934 1320 982 poleon
1338 936 1411 971 xv0
1431 936 1584 972 calend.
1605 935 1735 971 iunias
1754 934 1845 972 1804
1863 937 2026 970 senatus
2044 943 2138 968 con-

1179 989 1279 1025 sulto
1312 989 1532 1037 imperator
1556 990 1805 1026 Francorum
1835 987 2106 1036 proclamatus
2123 1014 2132 1031 ,

1176 1043 1290 1079 novis
1317 1043 1573 1090 petitionibus
1594 1043 1707 1079 Pium
1727 1043 1797 1078 VII
1816 1040 2032 1078 lacessivit.
2047 1040 2134 1081 Quo

1175 1097 1282 1133 enim
1316 1098 1510 1135 maiorem
1544 1101 1774 1145 assumptae
1806 1095 1989 1144 dignitati
2013 1094 2134 1130 firmi-

1176 1155 1297 1187 tatem
1318 1153 1565 1197 conciliaret,
1584 1152 1814 1189 unetionem
1834 1162 1993 1188 sacram
2011 1149 2132 1196 ipsius

1177 1205 1378 1242 Pontificis
1406 1218 1525 1243 manu
1552 1208 1734 1255 recipere
1756 1207 1976 1244 affectavit.
1995 1205 2050 1242 Ut
2068 1216 2134 1242 vo—

1177 1261 1224 1296 tis
1250 1262 1330 1297 suis
1355 1262 1595 1306 satisfieret,
1638 1274 1708 1310 per
1734 1262 1910 1309 legatum
1951 1261 2133 1308 Caprara

1175 1318 1214 1350 et
1233 1327 1306 1363 per
1323 1315 1566 1352 cardinalem
1586 1316 1729 1359 Fesch,
1751 1328 1864 1353 suum
1883 1315 1987 1363 apud
2006 1316 2047 1351 S.
2064 1316 2132 1352 Se-

1174 1368 1262 1404 dem
1291 1373 1508 1414 oratorem,
1535 1370 1756 1418 magnificis
1785 1370 1918 1407 verbis
1936 1369 2133 1416 signifiea-

1173 1422 1230 1458 vit
1264 1427 1411 1470 quanta
1446 1424 1548 1460 bona
1580 1436 1652 1471 pro
1684 1425 1869 1461 Ecclesia
1895 1434 2062 1471 sperare
2089 1423 2133 1459 li-

1176 1482 1325 1513 cereta
1340 1477 1519 1525 principe
1534 1478 1715 1514 beneficii
1730 1489 1924 1514 memore·
1936 1478 2030 1514 Pius
2043 1474 2133 1521 VII,

1173 1531 1354 1578 quamvis
1381 1531 1517 1576 sciret,
1543 1532 1580 1568 id
1599 1532 1687 1568 aliis
1706 1532 1949 1580 principibus
1968 1532 2129 1569 minime

1173 1590 1332 1633 gratum
1358 1586 1548 1631 futurum,
1581 1586 1831 1634 perpendens
1850 1591 2002 1631 tamen,
2021 1597 2045 1622 a
2063 1597 2129 1633 po-

1174 1644 1279 1677 tente
1309 1640 1501 1688 principe,
1530 1633 1607 1677 nori
1634 1642 1722 1677 leve
1749 1641 1909 1684 bonum,
1929 1651 2054 1688 aeque
2081 1651 2129 1676 ac

1171 1694 1371 1731 indicibile
1387 1695 1536 1731 malum
1553 1695 1860 1743 expectandum,
1875 1694 2130 1742 postulationi

1171 1749 1255 1785 eius
1282 1750 1491 1786 satisfecit.
1518 1750 1734 1798 Postquam
1753 1749 1876 1797 igitur
1894 1749 1953 1785 V1⁰
1973 1749 2125 1786 calend.

1171 1805 1400 1841 novembris
1428 1805 1693 1842 cardinalibus
1721 1805 1759 1841 in
1789 1804 2024 1841 consistorio
2052 1804 2130 1841 iter

1169 1871 1282 1895 suum
1306 1859 1344 1895 in
1364 1859 1514 1895 Gallias
1534 1859 1696 1907 eiusque
1717 1859 1892 1895 rationes
1909 1858 2128 1906 significas-

1168 1917 1241 1958 set,
1262 1914 1451 1961 postridie
1472 1914 1628 1951 calend.
1648 1913 1875 1950 novembris
1893 1913 2021 1950 Roma
2039 1924 2130 1961 pro-

1169 1968 1296 2005 fectus
1323 1972 1394 2005 est.
1426 1968 1579 2016 Ubique
1598 1968 1765 2005 summis
1783 1967 2055 2005 venerationis
2072 1972 2126 2005 te-

1167 2022 1362 2059 stimoniis
1388 2022 1623 2068 honoratim,
1651 2024 1711 2059 1v⁰
1739 2022 1891 2060 calend.
1921 2022 2123 2059 decembr.

1169 2076 1343 2114 Parisios
1371 2077 1542 2114 advenit.

1216 2131 1309 2168 Pius
1341 2132 1412 2168 VII
1445 2132 1623 2169 assensui
1658 2143 1729 2169 suo
1756 2132 1804 2170 de
1831 2131 2027 2170 sacrando
2055 2131 2125 2168 im·

1167 2190 1355 2235 peratore
1381 2185 1479 2223 duas
1498 2186 1742 2224 conditiones
1761 2187 1977 2230 adiecerat,
1997 2186 2124 2234 primo

1167 2244 1209 2276 ut
1236 2240 1426 2288 episcopi,
1455 2253 1476 2277 e
1504 2241 1886 2278 constitutionalibus
1913 2240 2125 2289 assumpti,

1168 2295 1232 2342 qui
1259 2294 1422 2331 subdola
1452 2295 1702 2333 obedientiae
1722 2296 1993 2333 declaratione
2012 2295 2122 2332 insti-

1167 2348 1358 2385 tutionem
1391 2349 1624 2386 canonicam
1653 2361 1677 2386 a
1705 2350 1836 2398 legato
1863 2353 2118 2398 acceperant,

1166 2414 1208 2439 se
1234 2402 1406 2440 decretis
1428 2403 1540 2440 Sedis
1560 2405 1813 2452 Apostolicae
1831 2405 1987 2442 sincere
2006 2404 2124 2441 subii-

1166 2461 1328 2503 cerent,
1364 2458 1538 2495 secundo
1570 2463 1613 2495 ut
1647 2460 1864 2507 imperator
1895 2459 1958 2507 qui
1987 2459 2124 2496 civiles

1168 2515 1319 2548 tantum
1348 2513 1506 2560 nuptias
1527 2542 1532 2555 ,
1553 2513 1826 2551 ecclesiastico
1853 2517 1988 2563 spreto
2017 2513 2093 2549 ritu
2112 2541 2121 2559 ‚

1165 2578 1252 2603 cum
1273 2567 1481 2614 Iosepliina
1499 2567 1618 2603 vidua
1635 2567 1852 2605 Alexandri
1872 2567 2120 2605 vicecomitis

1164 2621 1211 2657 de
1247 2621 1521 2657 Beauharnais
1556 2622 1731 2666 inierat,
1766 2633 1901 2659 coram
1937 2621 2115 2660 Ecclesia

1165 2675 1460 2711 matrimonium
1496 2676 1765 2714 contraheret.
1794 2677 1978 2725 Episcopi
2006 2687 2117 2725 prae-

1165 2730 1258 2767 dicti
1285 2741 1326 2767 se
1345 2730 1627 2774 submiserunt3
1647 2731 1866 2779 imperator
1884 2731 1982 2767 hora
1999 2730 2118 2767 unde-

1165 2784 1269 2820 cima
1300 2785 1531 2832 vespertina
1558 2797 1692 2821 coram
1712 2786 1914 2822 avunculo-
1928 2784 2117 2822 cardinali

1167 2839 1306 2882 Fesch,
1318 2838 1561 2875 adstantibus
1572 2839 1744 2876 Pertalis
1754 2840 1932 2877 ministro
1942 2840 2116 2877 cultuum

1165 2898 1204 2929 et
1233 2894 1365 2930 l)uroc
1393 2905 1538 2941 magno
1568 2895 1771 2941 praefecto
1799 2895 1956 2943 palatii»,
1985 2893 2120 2931 matri·

1165 2948 1340 2983 monium
1369 2960 1457 2984 cum
1488 2948 1695 2996 losepliina
1722 2949 1936 2993 contraxit;
1960 2952 2001 2986 et
2017 2947 2041 2986 2
2057 2947 2122 2985 de-

1165 3001 1336 3038 cembris
1362 3001 1562 3046 Pontifex,
1590 3014 1678 3039 eum
1707 3002 1917 3039 cardinalis
1936 3002 2063 3040 Feseh
2082 3002 2118 3039 ei

1165 3055 1425 3103 responderat
1446 3084 1453 3098 ,
1495 3056 1780 3104 imperatorem
1821 3056 2116 3094 matrimonium

1165 3120 1251 3143 curn
1281 3109 1489 3157 Iosephina
1511 3111 1771 3156 contraxisse,
1792 3111 1830 3146 in
1850 3109 2020 3148 ecclesia
2037 3121 2119 3148 me-

1214 3194 1217 3211 ¹
1248 3191 1323 3228 llos,
1346 3190 1411 3221 lius
1431 3190 1595 3223 lunisone
1614 3192 1703 3224 reich
1724 3201 1786 3226 von
1800 3191 2048 3225 Franw'sichen
2065 3200 2117 3224 re-

1166 3236 1319 3268 volution
1345 3235 1415 3268 und
1435 3237 1519 3268 inach
1539 3236 1602 3269 (len
1628 3237 1760 3277 [rieden
1776 3237 2038 3278 vonLitnev1'1123
2053 3237 2116 3271 Ga-

1166 3283 1265 3324 spnri,
1288 3281 1351 3313 Der
1369 3281 1585 3323 ‹Ieputalious
1602 3292 1741 3317 recesse.
