2241 3473
728 118 854 149 stvss
882 118 935 145 AD
963 115 1093 144 FINEM
1121 116 1278 146 IMPERII
1306 118 1452 147 GRAECI

125 190 191 226 tea
219 197 346 235 neque
374 184 514 234 aliquis
542 185 761 223 nostrorum
789 184 1066 233 praedecesso-

127 252 212 279 rum
253 239 366 283 fecit,
387 250 513 286 neque
552 239 600 275 ab
622 238 698 275 ullo
727 237 879 275 exstitit
899 236 1066 286 requisi-

126 297 210 331 tum
233 290 244 313 ¹
267 304 303 330 ».
325 292 525 333 Testatur.
545 290 762 329 Cardinalis
781 290 827 327 dc
848 291 1065 328 Turrecre-

126 348 247 391 mata,
267 345 333 394 qui
356 344 517 382 concilio
538 343 764 382 Florentino
784 343 974 389 interfuit,
994 344 1065 380 Eu-

125 398 283 449 genium
324 397 394 446 Pp.
425 397 463 434 iu
494 397 565 435 hoc
599 396 760 434 concilio
789 396 834 433 de
863 407 1064 445 progressu

127 450 277 490 concilii
297 450 533 488 Basileensis
549 450 603 488 ita
621 448 740 487 fuisse
755 448 942 486 locutum:
956 448 1066 487 «Nos

127 505 282 554 quidem
306 515 552 553 progressum
572 502 722 540 concilii
754 501 1066 550 approbavimus,

126 557 301 595 volentes
316 585 325 602 ,
353 560 394 593 ut
415 556 660 605 procederet,
681 557 723 592 ut
750 554 970 602 inceperat,
990 566 1065 591 non

127 613 259 649 tamen
280 609 581 658 approbavimus
602 607 683 645 cius
713 607 868 644 decreta
890 605 904 628 ²
924 619 960 644 ».

179 664 243 701 24.
267 662 437 700 Sanctio
451 661 738 709 praymatz·cae
761 660 1064 698 Gallicanae—

127 716 257 758 Quum
285 716 362 753 iam
392 717 482 752 ante
510 712 731 751 confectum
760 712 926 750 schisma
954 712 1065 750 Basi-

125 769 276 807 leenses
305 769 463 805 decreta
482 778 553 803 sua
574 766 621 803 ad
643 765 824 803 Carolum
841 765 876 802 V
880 766 915 803 II
936 777 1065 814 regom

127 821 278 860 Galliae
298 820 505 864 misissent,
521 830 592 857 rex
611 830 672 856 an.
694 818 793 856 1438
812 818 905 856 cleri
926 822 965 856 et
985 830 1066 867 pro-

125 885 256 912 cerum
278 875 511 910 conventum
534 901 544 918 ,
565 872 627 909 cui
650 872 730 920 ipse
751 871 973 920 praesedit,
993 872 1065 909 ha-

126 927 213 965 buit
237 925 644 974 Avarici-Biturigum
662 955 671 971 ,
691 924 728 962 in
758 936 832 973 quo
865 925 1065 962 Basileen-

126 981 227 1019 sium
243 979 412 1023 decreta,
430 977 750 1028 reformationem
767 978 1065 1016 ecclesiasticam

127 1032 345 1083 spectantia
358 1061 368 1077 ,
405 1031 596 1080 aliquibus
631 1031 878 1079 temperatis,
905 1032 1068 1080 probata

128 1088 239 1130 sunt,
267 1088 307 1122 et
332 1096 381 1123 ex
409 1084 546 1122 iisdem
575 1083 754 1122 confecta
781 1084 946 1122 celebris
974 1096 1066 1122 san-

129 1139 205 1177 ctio
225 1137 482 1188 pragmatica,
502 1137 539 1174 in
562 1137 743 1175 universo
771 1149 891 1187 regno
914 1138 962 1175 ab
983 1149 1068 1175 om-

129 1192 241 1230 nibus
261 1192 331 1229 sub
358 1191 471 1239 gravi
488 1202 610 1239 poena
638 1190 890 1228 observanda.
913 1191 1068 1229 Consta-

128 1246 196 1284 bat
209 1245 306 1282 haec
324 1243 470 1282 sanctio
490 1244 540 1282 ‘23
561 1243 734 1281 articulis
755 1241 780 1280 ³.
803 1243 929 1285 Quum
951 1244 988 1280 in
1009 1244 1068 1282 his

129 1298 393 1347 episcoporum
421 1297 556 1334 electio
577 1297 888 1334 committeretur
907 1297 1068 1345 collegio

133 1351 423 1396 canonicorum,
453 1350 667 1388 auctoritas
696 1350 844 1387 concilii
872 1350 1068 1399 generalis

131 1406 434 1454 praeponeretur
455 1403 684 1440 auctoritati
705 1402 919 1449 Pontificis,
939 1415 1069 1441 anna-

134 1463 197 1496 tae
215 1460 256 1495 et
273 1457 548 1507 expectativae
568 1456 718 1505 gratiae
733 1459 852 1504 atque
868 1456 1070 1494 beneficio-

131 1523 220 1548 rum
240 1511 525 1548 reservationes
557 1510 844 1558 abrogarentur
861 1539 870 1555 ,
891 1510 1065 1558 appella-

131 1564 254 1602 tiones
273 1564 321 1601 ad
347 1563 609 1612 Apostolicam
638 1562 776 1599 Sedem
806 1562 1069 1600 limitarentur

133 1617 286 1664 aliaque
305 1616 487 1665 dignitati
507 1614 725 1664 pontificiae
745 1615 910 1654 adversa
928 1618 1069 1654 statue-

134 1673 283 1714 rentur,
303 1669 501 1718 Eugenius
519 1669 588 1717 Pp.
604 1669 840 1706 sanctionem
860 1669 976 1706 istam
996 1681 1066 1707 me·

134 1723 208 1760 rito
227 1722 477 1770 improbavit,
499 1722 730 1770 litterasque
750 1722 798 1759 ad
820 1733 952 1770 regem
972 1724 1068 1760 scri-

135 1775 221 1825 psit,
244 1778 287 1813 ut
306 1776 441 1813 eadem
462 1775 682 1824 abrogaret.
705 1777 756 1812 At
776 1786 846 1812 rex
869 1775 1070 1813 Pontificis

135 1828 235 1866 votis
256 1828 412 1866 restitit.
433 1828 642 1865 Caeterum
662 1831 745 1864 tum
767 1839 850 1871 rex,
865 1830 948 1865 tum
969 1828 1068 1866 Galli

133 1882 172 1919 in
194 1881 415 1918 obedientia
434 1881 599 1930 Eugenii
633 1883 857 1918 constanter
885 1893 1068 1929 perman-

133 1937 267 1972 serunt
280 1964 289 1980 ‚
309 1937 348 1972 et
366 1933 652 1972 Basileensium
681 1934 846 1971 schisma
875 1946 1069 1983 nunquam

133 1988 409 2035 probaverunt.
433 1987 596 2036 Eugenii
617 1998 865 2031 successores,
885 1987 1070 2026 Nicolaus

131 2040 181 2087 V,
201 2040 385 2079 Callistus
401 2041 457 2078 III
474 2045 513 2078 et
530 2040 623 2077 Pius
638 2040 675 2077 ΙΙ
690 2041 854 2077 eundem
876 2052 1006 2089 regem
1022 2042 1069 2078 ad

133 2093 396 2142 abrogandam
414 2094 528 2131 istam
545 2094 784 2131 sanctionem
805 2094 949 2131 hortati
969 2098 1069 2132 sunt.

132 2148 208 2185 An.
229 2146 329 2184 1461
362 2147 583 2184 Ludovicus
611 2147 681 2191 XI,
711 2146 835 2184 Caroli
866 2147 940 2184 VII
967 2147 1070 2185 filius

133 2203 173 2237 et
198 2211 418 2246 successor,
449 2199 627 2247 precibus
656 2197 720 2237 Pii
750 2200 818 2248 Pp.
848 2200 885 2237 II
913 2201 1068 2249 praedi-

133 2255 234 2290 ctam
254 2253 491 2290 sanctionem
513 2265 580 2289 ceu
601 2251 781 2290 Pontifici
802 2252 960 2302 eiusque
981 2254 1069 2291 Sedi

132 2305 337 2351 infensam,
355 2309 394 2344 et
422 2305 460 2342 in
489 2306 679 2343 seditione
707 2309 824 2354 atque
852 2307 1069 2344 schismatis

131 2361 305 2407 tempore
334 2361 465 2396 natam
486 2357 668 2397 abolevit.
689 2360 835 2397 Verum
856 2360 1067 2408 quadrien-

132 2411 193 2448 nio
223 2414 308 2460 post
334 2423 516 2460 suprema
545 2412 652 2449 curia
679 2412 910 2450 Parisiensis
939 2413 1063 2450 eidem

130 2463 210 2512 regi
233 2464 374 2502 obtulit
403 2464 665 2502 defensionem
685 2466 921 2511 libertatum,
943 2470 984 2503 ut
1004 2479 1068 2503 vo-

133 2518 293 2562 cabant,
314 2517 501 2555 ecclesiac
522 2518 746 2556 Gallicanae
762 2548 771 2562 ,
799 2521 838 2555 et
866 2518 1065 2557 declarare

129 2572 400 2619 praesumpsit,
412 2583 459 2608 ex
473 2571 723 2619 abrogatione
737 2571 944 2609 sanctionis
957 2575 1065 2622 prag-

129 2623 295 2660 maticae
318 2623 526 2660 innumera
560 2625 710 2673 utrique
742 2624 974 2673 reipublicae
995 2626 1066 2663 ob-

130 2676 269 2713 venire
289 2676 545 2722 incommoda;
567 2688 616 2713 ex
637 2689 710 2725 quo
739 2680 912 2726 tempore
932 2679 1064 2715 eadem

128 2729 294 2775 sanctio,
316 2729 621 2767 reclamantibus
641 2730 732 2768 licet
752 2731 838 2768 RR.
861 2731 1065 2769 Pontifici-

170 2830 181 2851 ¹
198 2831 306 2862 Exstat
327 2831 403 2862 haee
420 2830 554 2870 epistola
571 2832 650 2871 apud
670 2832 817 2872 Raynald.
842 2833 880 2864 ad
904 2843 952 2865 an.
977 2833 1066 2873 1433,

129 2871 257 2944 aym
289 2912 451 2949 Ecclesia,
478 2913 496 2943 1.
528 2913 610 2947 11,c.
642 2913 707 2945 100.
740 2915 778 2946 Cf
799 2916 887 2946 Card.
913 2917 1062 2948 Sfondrat.

131 2954 301 2986 Dissertat.
321 2955 360 2986 ΙΙΙ
376 2957 487 2985 contra
504 2954 757 2995 Mainburyum,
784 2958 956 2995 Marcheui,
977 2958 1068 2991 Criti-

130 3004 190 3035 que
218 2995 255 3027 de
285 2995 455 3027 l'Hislm're
471 2996 544 3026 eccl.
564 2996 601 3026 de
625 2996 757 3036 Fleury,
782 3002 800 3028 t.
825 2999 858 3037 ll,
881 3008 910 3037 p.
938 2999 1011 3038 147;
1034 3001 1064 3031 F.

131 3039 164 3069 Α.
179 3038 335 3075 Zaccaria,
360 3036 555 3076 Antifebrcn.
586 3042 662 3076 part.
685 3039 718 3076 Η,
743 3039 763 3070 l.
786 3039 812 3075 4,
829 3050 853 3070 c.
878 3039 912 3079 3;
937 3042 967 3072 C.
984 3042 1064 3072 Ron-

131 3079 254 3126 caglian
268 3077 546 3110 Animadversion.
569 3079 597 3110 in
621 3078 699 3110 Diss.
731 3079 800 3113 VIII
813 3082 910 3114 Natal.
925 3081 1014 3114 Alex.
1032 3083 1065 3114 in

130 3119 293 3200 sagcssuig.
304 3160 415 3200 Larte,
434 3160 551 3194 Concu.
568 3165 588 3193 t.
604 3161 666 3200 κη,
682 3172 710 3203 ρ.
732 3162 816 3195 1129.

1917 107 1992 148 125

1110 184 1193 231 bus,
1217 196 1351 224 rursus
1372 185 1449 224 vim
1470 185 1567 236 legis
1586 185 1625 224 in
1652 184 1779 225 Gallia
1798 186 1950 235 accepit
1978 198 2045 226 us-

1111 249 1185 287 que
1206 238 1254 275 ad
1274 239 1547 278 concordatum
1562 269 1571 286 ‚
1601 239 1703 288 quod
1732 251 1794 278 an.
1813 238 1914 278 1516
1942 241 2047 279 Leo-

1111 302 1195 328 nem
1225 291 1295 340 Pp.
1324 292 1363 329 X
1399 295 1438 330 et
1474 292 1726 330 Franciscum
1762 304 1897 342 regem
1925 294 1942 332 I
1970 294 2048 332 ini-

1109 346 1191 381 tum
1213 346 1283 382 est.

1163 397 1226 435 25.
1246 397 1453 436 Ecclesiae
1473 402 1606 436 status
1627 399 1671 435 in
1695 398 1923 438 Germania
1938 400 2047 438 —In

1111 449 1321 488 Germania
1361 450 1564 489 dissidium
1602 451 1842 490 Basileenses
1877 452 1981 492 inter
2009 455 2050 492 et

1110 502 1330 552 Eugenium
1363 504 1433 552 Pp.
1466 503 1651 541 maiorem
1682 504 1952 545 confusionem.
1974 518 2049 545 ex-

1109 555 1260 593 citavit.
1281 556 1392 593 Anno
1414 557 1514 594 1438
1535 558 1620 604 post
1648 557 1799 596 obitum
1827 559 2048 609 Sigismun-

1109 607 1147 644 di
1168 608 1359 657 principes
1379 608 1567 647 electores
1581 621 1651 658 pro
1667 610 1853 649 electione
1874 613 1963 651 novi
1983 613 2051 651 im-

1111 661 1302 709 peratoris
1323 661 1627 700 Francofordiae
1655 666 1897 713 congregati,
1925 668 2051 704 conte-

1108 713 1200 751 stati
1227 716 1329 759 sunt,
1348 726 1388 752 se
1411 715 1629 764 Eugenium
1660 717 1732 765 Pp.
1762 729 1840 755 una
1858 721 1898 756 et
1915 720 2048 757 conci-

1110 766 1202 804 lium
1232 767 1460 806 Basileense
1489 769 1693 815 venerari,
1724 770 1901 809 neutrius
1928 773 2050 820 partis

1110 822 1245 857 contra
1274 820 1441 858 alteram
1478 822 1635 859 decreta
1663 823 1875 872 suscipere,
1894 826 1933 862 et
1953 825 2052 864 velle

1111 872 1327 911 deliberare
1356 886 1477 923 usque
1512 875 1559 912 ad
1589 877 1743 913 sextum
1775 888 1967 925 mensem,
1990 879 2051 916 cui

1110 926 1211 975 parti
1251 928 1354 964 esset
1391 928 1708 966 adhaerendum:
1738 929 1890 968 interea
1919 943 2052 970 omnes

1113 982 1389 1027 permanerent
1418 981 1454 1018 in
1485 981 1707 1018 obedientia
1727 981 1836 1020 Sedis
1864 984 2051 1032 Apostoli·

1110 1044 1178 1070 cae
1198 1034 1238 1070 et
1257 1033 1420 1080 praelati
1443 1035 1624 1073 ecclesias
1651 1034 1723 1072 sibi
1754 1036 1976 1074 commissas
1996 1038 2053 1076 iu-

1117 1097 1159 1122 re
1179 1085 1374 1123 ordinario
1394 1087 1671 1136 gubernarent.
1693 1087 1777 1126 Hoc
1795 1088 1871 1126 fuit
1898 1089 2054 1128 initium

1113 1139 1375 1177 neutralitatis
1392 1170 1402 1184 ,
1432 1143 1476 1178 ut
1503 1140 1723 1189 appellatur
1740 1171 1749 1184 ,
1787 1141 2054 1191 Germanicae,

1112 1204 1212 1239 quae
1243 1193 1469 1231 concordiae
1498 1196 1704 1242 praetextu
1726 1206 1794 1244 per
1814 1205 1882 1233 sex
1903 1208 2053 1235 menses

1111 1245 1308 1290 instituta,
1337 1247 1564 1295 perduravit
1593 1249 1679 1284 octo
1701 1248 1812 1286 annis
1829 1278 1839 1292 ,
1858 1251 1897 1286 et
1922 1251 2002 1287 tam
2031 1263 2055 1289 a

1111 1298 1400 1336 Basileensibus
1421 1312 1535 1348 quam
1564 1301 1613 1339 ab
1632 1300 1809 1347 Eugenio
1829 1301 1900 1350 Pp.
1920 1314 2053 1352 repro—

1110 1352 1203 1389 bata
1221 1351 1305 1389 fuit.
1336 1352 1498 1390 Interim
1529 1353 1716 1391 Germani
1746 1355 1793 1391 ad
1822 1355 2053 1394 Pontificem

1111 1406 1150 1442 et
1175 1405 1222 1442 ad
1245 1405 1488 1444 Basileenses
1517 1407 1712 1446 miserunt
1731 1409 1908 1446 oratores
1927 1412 2054 1458 postu-

1111 1457 1248 1503 latum,
1265 1461 1309 1496 ut
1324 1460 1371 1496 ad
1388 1460 1667 1498 restituendam
1684 1461 1930 1499 concordiam
1947 1462 2050 1501 aliud

1111 1511 1374 1549 indubitatum
1413 1513 1616 1551 concilium
1652 1517 1936 1552 convocaretur
1956 1545 1966 1562 ‚
2005 1517 2054 1554 ad

1112 1565 1212 1612 quod
1223 1564 1465 1603 Basileenses
1478 1566 1593 1604 simul
1606 1569 1646 1604 et
1657 1566 1929 1606 Ferrarienses
1941 1580 2053 1618 prae-

1112 1617 1218 1655 sules
1238 1618 1491 1657 convenirent
1512 1618 1537 1658 ¹.

1165 1670 1396 1709 Germanica
1416 1672 1521 1710 natio
1539 1672 1617 1710 iam
1638 1686 1661 1711 a
1681 1673 1803 1711 multo
1818 1675 1993 1723 tempore
2014 1686 2055 1714 se

1112 1726 1319 1770 gravatam
1348 1726 1586 1774 querebatur
1613 1728 1772 1776 propter
1799 1726 1959 1777 papales
1987 1740 2054 1767 re-

1111 1777 1356 1815 servationes
1385 1781 1423 1815 et
1452 1779 1676 1818 collationes
1693 1809 1702 1826 ,
1731 1783 1891 1830 propter
1918 1793 2055 1821 anna-

1115 1834 1174 1866 tas
1187 1831 1225 1866 et
1237 1832 1363 1876 taxas;
1376 1843 1570 1880 quumque
1580 1833 1826 1872 Basileenses
1841 1834 1952 1882 plura
1968 1847 2052 1873 con-

1111 1885 1172 1920 tra
1192 1884 1487 1930 reservationes,
1516 1891 1724 1933 armatas,
1755 1887 1904 1935 gratias
1932 1900 2054 1938 expe-

1111 1935 1280 1974 ctativas
1299 1938 1339 1974 et
1358 1938 1474 1976 taxas
1503 1939 1773 1983 sancivissent,
1792 1941 1888 1978 haec
1918 1941 2054 1979 decre-

1111 1990 1152 2026 ta
1172 1988 1363 2038 principes
1391 1991 1577 2029 Germani
1605 2004 1667 2030 an.
1700 1993 1800 2031 1439
1828 1994 1868 2031 in
1889 1994 2055 2033 comitiis

1112 2041 1354 2090 Moguntinis
1385 2048 1665 2092 susceperunt,
1703 2057 1793 2084 cum
1822 2046 2054 2096 quibusdam

1112 2096 1243 2132 tamen
1273 2096 1590 2136 restrictionibus.
1610 2098 1670 2137 Ea
1696 2098 1782 2148 ipsa
1808 2101 2053 2149 gravamina,

1116 2149 1158 2185 ut
1169 2148 1411 2197 dicebantur,
1421 2150 1568 2189 animos
1581 2151 1866 2191 Germanorum
1886 2166 1961 2191 non
1980 2166 2053 2204 pa-

1113 2212 1199 2238 rum
1220 2202 1267 2238 ab
1287 2202 1462 2252 Eugenio
1484 2204 1647 2249 alienos,
1667 2205 1705 2242 in
1727 2206 1971 2245 Basileenses
1992 2219 2056 2245 ve-

1110 2265 1152 2290 ro
1173 2265 1382 2302 propensos
1402 2257 1667 2295 reddiderunt.
1684 2259 1812 2301 Quum
1835 2262 1969 2298 autem
1989 2273 2051 2299 an.

1112 2307 1214 2344 1445
1245 2308 1441 2357 Eugenius
1471 2310 1755 2349 Theodoricum
1785 2312 2051 2351 Coloniensem

1109 2361 1148 2396 et
1169 2361 1349 2398 Iacobum
1371 2362 1650 2402 Trevirensem
1672 2365 1978 2415 archiepiscopos
2006 2379 2050 2404 e-

1112 2413 1294 2460 lectores,
1323 2415 1461 2453 Felicis
1490 2417 1696 2466 antipapae
1725 2420 1764 2455 et
1790 2419 2052 2457 schismatico-

1108 2477 1194 2502 rum
1223 2467 1510 2506 Basileensium
1548 2470 1726 2519 partibus
1755 2471 2051 2520 addictissimos,

1108 2519 1357 2567 deposuisset,
1375 2522 1518 2559 caeteri
1536 2523 1730 2571 principes
1747 2524 1934 2562 electores
1952 2537 2055 2563 com-

1106 2572 1218 2619 moti,
1249 2585 1295 2610 ac
1322 2574 1354 2612 si
1383 2586 1474 2612 suae
1507 2575 1686 2624 dignitati
1716 2577 1885 2615 iniuriae
1913 2578 2051 2617 fuisset

1106 2625 1229 2672 illata,
1251 2638 1312 2664 an.
1336 2627 1436 2665 1446
1464 2628 1503 2665 in
1535 2629 1700 2667 comitiis
1721 2629 2051 2669 Francofordien-

1106 2678 1214 2716 sibus
1241 2691 1384 2718 arcana
1412 2680 1584 2718 inierunt
1614 2682 1774 2719 consilia
1811 2683 2048 2732 suscipiendi

1106 2728 1366 2770 obedientiam
1376 2733 1518 2771 Felicis
1531 2734 1748 2783 antipapae,
1761 2735 1834 2774 nisi
1851 2736 2052 2786 Eugenius

1106 2785 1325 2832 praedictos
1354 2787 1660 2835 archiepiscopos
1699 2788 1926 2827 restitueret
1943 2819 1952 2835 ,
1981 2802 2050 2828 ra·-

1107 2837 1222 2875 tionis
1251 2838 1508 2877 Germanicae
1538 2840 1769 2888 gravamina
1796 2842 1979 2889 tolleret,
2010 2846 2050 2882 et

1105 2891 1381 2929 auctoritatem
1403 2892 1654 2929 conciliorum
1674 2895 1916 2942 generalium
1937 2908 1957 2933 e
1972 2897 2046 2934 de-

1104 2946 1208 2980 creto
1231 2944 1537 2982 Constantiensis
1557 2947 1710 2983 concilii
1730 2948 1955 2997 susciperet3
1976 2950 2042 2988 sed

1102 2996 1327 3035 Fridericus
1346 2997 1401 3034 III
1420 2997 1634 3046 imperator
1661 3000 1951 3040 schismaticum
1972 3014 2041 3040 eo-

1143 3131 1153 3153 ¹
1174 3132 1284 3168 Labbe,
1301 3132 1360 3162 loc.
1377 3132 1426 3163 cit.
1445 3142 1472 3172 p.
1492 3133 1669 3167 '1550-1602
1685 3146 1693 3174 ;
1712 3137 1888 3177 Raynaldus
1904 3141 1932 3170 ct
1950 3138 2055 3178 Spon-

1103 3172 1171 3204 dan.
1190 3174 1228 3204 ad
1245 3182 1292 3204 an.
1311 3172 1451 3206 1438-4-2.
