2241 3473
526 186 653 216 VSQVE
681 186 734 212 AD
765 184 1077 212 CONVERSIONEM
1106 183 1371 211 CONSTANTINI
1399 183 1443 210 M.

1847 172 1899 209 63

11 241 165 302 tyribus
175 251 215 288 et
225 247 510 287 confessoribus
521 247 800 286 communionis
810 245 958 284 libellos
1002 247 1068 292 tis,
1088 246 1334 284 schismatico
1354 245 1593 284 Felicissimo
1612 243 1772 292 eiusque
1793 243 1953 282 fautori-

13 303 307 351 extorquebant,
328 302 468 350 quibus
488 303 668 348 obtentis,
681 299 960 339 reconciliatio·
1002 300 1072 337 bus
1093 299 1542 337 excommunicationem
1562 295 1739 335 inflixit&

15 368 102 396 nem
123 357 166 392 ut
185 355 255 392 sibi
277 355 446 392 debitam
459 355 541 392 sine
553 349 958 402 morupostulabant¹3

14 420 111 460 quos
130 410 260 445 autem
281 408 349 451 sic,
387 408 494 445 nulla
527 406 687 456 praevia
717 404 958 453 poenitentia

12 463 201 512 purgatos
216 464 282 497 aut
307 461 499 507 probatos,
511 459 669 506 quidam
680 455 957 504 Carthaginen-

13 515 66 553 sis
80 513 268 551 ecclesiae
292 513 509 560 preslwtmd
528 513 565 548 in
581 509 774 548 Ecclesiae
791 519 960 545 commu-

13 567 169 605 nionem
189 565 442 613 recipiebant,
465 576 533 613 pro
553 563 644 613 ipsis
666 562 900 606 offerebant,
922 564 960 597 ct

13 630 79 658 eos
99 619 148 656 ad
167 629 216 655 ss.
237 617 526 655 Eucharistiam
543 615 814 653 admittebant.
831 614 870 651 S.
889 613 961 660 Cy-

14 671 186 721 prianus,
215 670 281 719 qui
308 668 584 718 persecutionis
613 670 787 716 tempore
809 666 856 703 ad
878 666 959 702 sal-

15 723 182 762 vandam
203 723 324 760 vitam
347 721 613 770 flagitantibus
627 720 807 757 fidelibus
823 718 962 755 disces-

15 780 132 821 serat,
148 776 206 812 his
221 775 416 818 abusibus,
429 784 506 821 qua
522 772 661 821 potuit,
676 771 841 815 restitit3
857 781 961 807 cum-

15 840 92 877 que
111 828 160 866 ad
179 826 379 864 ecclesiam
402 836 512 862 suam
534 825 702 862 necdum
714 822 860 861 reverti
874 834 961 870 pos-

18 884 92 925 set,
111 880 159 917 ad
179 878 418 916 confessores
439 880 478 914 et
499 878 546 914 ad
564 877 710 914 elerum
731 887 843 913 suum
861 875 961 912 litte-

16 944 82 970 ras
101 931 220 976 misit,
240 931 278 967 in
299 930 438 978 quibus
461 933 697 966 memoratos
713 930 857 966 abusus
877 938 963 975 gra-

16 982 751 1032 viterperstringebat,mouebatque,ut
765 981 962 1029 lapsorum

15 1047 132 1075 causa
160 1034 395 1079 differretur,
426 1035 560 1080 donec,
589 1034 743 1072 reddita
762 1032 961 1070 Ecclesiae

15 1100 110 1138 pace
126 1117 136 1134 ‚
155 1087 362 1125 concilium
383 1086 573 1124 celebrari
594 1090 737 1135 posset,
764 1085 802 1122 in
824 1097 898 1133 quo
915 1085 962 1122 de

15 1142 63 1180 iis
90 1142 349 1185 tractaretur,
368 1144 408 1177 et
427 1140 565 1188 cuique
586 1151 654 1188 pro
675 1138 806 1176 delicti
827 1137 963 1186 gravi-

15 1196 98 1232 tate
114 1191 348 1230 conveniens
363 1192 601 1240 poenitentia
618 1192 895 1241 imponeretur;
908 1191 963 1227 ita

16 1248 159 1291 tamen,
180 1248 225 1282 ut
244 1245 304 1290 iis,
323 1245 391 1292 qui
411 1245 654 1282 infirmitatis
670 1243 843 1293 periculo
862 1243 964 1280 labo-

16 1301 154 1336 rarent
172 1301 211 1335 et
231 1309 254 1334 a
273 1298 517 1346 martyribus
537 1297 687 1335 libellos
703 1295 965 1344 accepissent,

18 1351 314 1396 occurreretur,
344 1357 384 1387 et
413 1350 518 1387 facta
538 1351 642 1399 apud
663 1350 938 1399 presbyterum
955 1377 964 1394 ,

18 1403 93 1449 vel,
108 1414 153 1440 eo
169 1402 374 1441 deficiente
391 1406 431 1440 et
450 1403 562 1440 exitu
580 1406 755 1451 urgente,
769 1404 869 1449 apud
886 1401 964 1437 dia-

22 1467 164 1494 conum
198 1455 326 1492 delicti
361 1455 636 1504 exomologesi,
666 1466 802 1492 manus
835 1453 883 1490 iis
917 1454 965 1490 ad

22 1508 329 1547 communionem
350 1513 389 1545 et
408 1520 542 1556 pacem
563 1510 830 1557 imponeretur
841 1505 867 1543 ².

70 1561 134 1599 68.
153 1561 338 1598 Schisma
352 1561 769 1598 Felicissimi—Hanc
777 1559 966 1607 regulam,

19 1626 43 1653 a
52 1626 81 1652 s.
94 1613 291 1662 Cypriane
302 1614 351 1650 ad
361 1616 515 1661 tempus
531 1613 824 1662 praescriptam,
836 1623 967 1648 omnes

19 1666 240 1715 generatim
258 1665 418 1703 Africae
444 1666 634 1714 episcopi,
657 1666 862 1712 clerusque
884 1664 967 1700 Ro-

21 1720 176 1764 manus,
195 1729 330 1766 quem,
351 1722 518 1755 vacante
540 1719 654 1763 Sede,
678 1718 896 1766 Cyprianus
922 1716 968 1752 de

20 1775 105 1810 toto
131 1771 287 1819 negotio
317 1771 580 1815 consuluerat,
609 1767 863 1819 probarunt3.
896 1769 970 1805 Re-

21 1823 122 1862 stitit
144 1827 348 1871 protervus
369 1822 650 1869 Felicissimus,
671 1823 737 1871 qui
758 1833 848 1858 cum
870 1833 969 1869 pau-

19 1877 75 1914 cis
95 1875 308 1921 contendit,
329 1887 462 1912 omnes
481 1876 697 1924 promiscue
719 1875 846 1922 lapsos
859 1903 868 1919 ,
889 1875 970 1910 sine

23 1940 146 1974 mora,
168 1928 286 1965 venia
305 1931 345 1965 et
364 1928 637 1965 communione
657 1940 741 1966 esse
760 1927 969 1964 donandos.

23 1981 71 2020 Ei
88 1980 186 2029 lapsi
205 1980 332 2026 multi,
354 1981 514 2028 quidam
535 1981 654 2017 etiam
676 1980 916 2017 confessores
932 1981 972 2014 et

22 2033 196 2082 quinque
216 2033 540 2082 Carthaginensis
560 2033 749 2070 ecclesiae
770 2032 973 2080 presbyte-

21 2086 56 2124 ri
75 2086 356 2123 adhaeserunt.
378 2086 439 2123 Ex
458 2086 517 2123 his
536 2085 779 2134 presbyteris
794 2084 870 2121 fuit
885 2084 971 2121 No-

20 2141 152 2184 vatus,
172 2149 196 2175 a
215 2149 292 2185 quo
322 2138 602 2184 Felicissimus‚
621 2138 763 2186 spretis
783 2137 972 2174 ecclesia-

22 2191 131 2229 sticis
160 2190 314 2239 legibus
328 2221 338 2238 ,
360 2191 547 2229 diaconus
567 2192 822 2235 constitutus,
842 2201 870 2227 s.
890 2190 972 2237 Cy-

23 2243 148 2292 priani
189 2244 501 2281 communionem
538 2244 681 2281 abiecit
697 2272 706 2289 ,
736 2246 774 2280 et
803 2242 973 2279 schisma

26 2295 264 2344 Carthagine
299 2297 499 2334 excitavit.
520 2296 755 2345 Cyprianus,
775 2296 835 2332 his
856 2294 973 2332 audi-

67 2422 75 2443 ¹
94 2423 166 2454 Erat
188 2431 226 2453 ea
248 2427 426 2463 marta-rum,
449 2432 503 2453 seu
520 2432 624 2453 eorum
641 2423 692 2462 qui
708 2431 764 2463 pro
782 2423 903 2453 Christo
920 2431 977 2461 pa-

25 2464 190 2501 tiebantur,
212 2465 443 2503 praerogativa,
462 2468 494 2494 ut
509 2464 616 2502 lapsos
632 2465 671 2494 ad
688 2465 842 2502 privatam
858 2463 976 2494 oratio-

24 2513 96 2536 num
119 2512 245 2534 suarum
261 2505 507 2535 communionem
524 2505 734 2541 admitterent3
751 2505 860 2544 iisque,
877 2506 901 2535 si
919 2512 977 2535 ex-

25 2545 133 2585 pedire
155 2544 338 2583 iudicarent,
359 2546 516 2584 supplices
532 2545 653 2576 libellos
670 2546 780 2576 darent
796 2545 834 2575 ad
852 2546 977 2584 episco—

24 2595 93 2625 pos.
106 2588 137 2616 ut
151 2593 204 2616 cos
218 2586 309 2616 etiam
323 2586 360 2615 ad
376 2586 531 2624 publicam
544 2587 716 2617 orationum
731 2587 976 2617 communionem

25 2626 208 2664 reciperent,
232 2628 413 2665 partemque
435 2636 613 2666 poenarum,
637 2636 717 2666 quae
739 2627 841 2657 adhuc
858 2628 978 2666 persol-

25 2667 125 2698 venda
142 2666 230 2702 foret,
246 2667 322 2703 ipsis
338 2667 557 2698 condonarent⁴
576 2668 698 2705 Tertul,
711 2667 741 2699 L.
759 2667 799 2698 ad
814 2671 976 2706 martyres

25 2711 55 2738 et
77 2707 108 2739 L.
131 2705 169 2737 de
189 2706 354 2746 pudicitia,
378 2717 403 2738 c.
420 2707 474 2744 2-2;
498 2718 523 2739 s.
540 2709 709 2748 Cyprianus
723 2734 730 2746 ,
754 2708 852 2748 Epist.
871 2708 975 2745 1344,

0 2772 2 2775 ,
25 2746 190 2820 iii-20:302&
206 2747 256 2786 229,
268 2751 324 2778 etc.
338 2747 480 2779 Cfxatal.
495 2749 642 2780 Alexand.
655 2749 734 2781 Just.
749 2749 822 2781 eccl.
837 2759 919 2780 saec.
931 2750 977 2788 111,

57 2797 98 2820 ss.
135 2813 142 2819 .
814 2808 821 2813 ·

64 2828 80 2850 ‘2
95 2828 126 2860 S.
143 2828 287 2869 cyprian.
313 2827 409 2868 Epis-t.
433 2829 472 2859 16
494 2830 586 2861 (2130.
604 2831 704 2861 Verba
729 2841 752 2862 S.
771 2832 913 2871 Cypriani
938 2832 975 2862 de

25 2869 168 2901 facienda
183 2869 395 2909 exomologesi
412 2871 494 2908 apud
511 2871 683 2908 diaconum,
702 2873 830 2904 absente
845 2873 974 2912 presby-

27 2913 107 2948 tero,
125 2920 186 2942 non
203 2911 240 2940 de
256 2911 555 2949 Sacramentali,sed
573 2913 805 2951 Caeremoniali,
820 2923 880 2953 qua
898 2923 976 2952 poe-

28 2952 128 2982 nitens
144 2960 163 2982 a
178 2951 337 2982 canonicis
356 2952 562 2989 poenitentiae
578 2953 720 2991 publicae
732 2954 857 2994 legibus
871 2955 974 2985 absol-

30 2992 160 3023 vebatur
181 2995 212 3023 et
239 3000 308 3022 cum
339 2992 478 3022 Ecclesia
506 2993 748 3032 conciliabatur,
772 2995 973 3033 intelligenda

31 3041 115 3070 esse;
131 3032 334 3072 diaconisque
348 3033 525 3063 facultatem
537 3034 758 3072 impertiendae
771 3036 975 3067 absolutionis

30 3074 264 3105 sacramentalis
287 3082 438 3113 nusquam
461 3082 531 3105 esse
546 3083 738 3114 concessam,
754 3080 877 3114 practer
893 3077 972 3107 alios

30 3113 98 3145 fuse
113 3115 279 3146 ostendunt
293 3115 392 3145 Natal.
408 3114 491 3145 Alex.
502 3139 509 3152 ,
525 3114 604 3146 Diss.
621 3114 642 3145 4
657 3115 690 3145 in
705 3124 786 3148 saec.
802 3117 856 3154 III;
874 3118 972 3148 Bene-

31 3153 103 3185 dict.
126 3155 201 3193 xiv,
213 3154 257 3186 De
270 3154 382 3195 synod.
398 3154 527 3186 dioeces.
543 3156 563 3187 l.
580 3156 638 3195 VII,
656 3155 740 3195 c.16;
756 3157 971 3190 card.Blasch.

31 3193 110 3226 Diss.
127 3195 148 3226 l.
160 3212 198 3219 —
213 3196 227 3217 ³
241 3197 270 3227 S.
286 3197 428 3236 cyprian.
443 3195 540 3236 Epist.
556 3195 604 3228 31.

1054 354 1116 389 69.
1140 352 1301 400 Synodc'
1315 354 1360 390 in
1379 363 1506 389 causa
1526 351 1739 400 lapsorum
1755 371 1804 377 —
1820 349 1858 387 S.
1876 349 1952 399 Cy·

1002 404 1160 452 prianus
1190 405 1468 453 Carthaginem
1489 404 1624 448 redux,
1645 413 1706 440 an.
1734 402 1808 440 251
1831 414 1953 451 syuo-

1004 457 1094 493 ‹lum
1117 458 1167 493 -12
1186 460 1455 505 episcoporum
1476 455 1704 500 celebravit,
1727 454 1765 491 in
1782 466 1858 502 qua
1874 455 1952 492 Fe-

1004 509 1209 545 licissimus
1231 510 1498 546 schismaticus
1521 509 1631 556 eique
1650 508 1907 545 adhaerentes
1927 508 1952 545 5

1005 560 1221 609 presbyteri
1233 560 1653 598 excommunicationis
1668 559 1862 600 sententia
1869 571 1953 609 per-

1004 613 1100 650 culsi
1129 615 1242 658 snnt3
1272 616 1311 651 et
1330 613 1530 662 lapsorum
1550 624 1716 662 quoque,
1738 624 1858 650 causa
1878 613 1956 650 dis-

1003 677 1127 711 cussa,
1139 667 1335 703 statutum
1355 665 1430 703 fuit
1451 668 1493 702 ut
1513 665 1573 712 iis,
1593 665 1696 703 facto
1716 665 1819 702 inter
1838 665 1956 703 sacri-

1003 718 1150 763 ficatos,
1171 717 1429 763 thurificatos,
1449 720 1488 755 et
1507 717 1738 755 libellaticos
1757 717 1953 755 discrimi-

1006 783 1052 807 ne
1068 800 1077 816 ,
1107 770 1297 818 condigna
1326 770 1567 818 poenitentia
1587 770 1859 818 imponeretur
1878 781 1952 808 ex-

1005 822 1144 871 plenda
1174 823 1404 871 priusquam
1432 822 1471 859 in
1493 822 1805 859 communionem
1825 822 1955 860 eccle-

1005 875 1204 912 siasticam
1237 876 1521 923 reciperentur,
1551 874 1623 912 nisi
1639 875 1826 912 'obstaret
1845 875 1952 913 vitae

1005 927 1234 976 periculum.
1253 927 1361 964 Haec
1377 927 1460 975 ipsa
1477 928 1637 964 decreta
1651 926 1852 965 Cornelius
1867 927 1952 976 Pp„

1005 980 1054 1017 ad
1082 992 1198 1028 quem
1225 992 1302 1017 una
1329 991 1417 1017 cum
1446 979 1612 1028 epistola
1631 979 1820 1028 synodica
1838 979 1956 1018 missa

1005 1032 1179 1079 fuerunt,
1199 1033 1239 1069 in
1259 1033 1442 1070 Romana
1456 1032 1507 1069 66
1525 1032 1795 1080 episcoporum
1811 1033 1959 1080 synodo

1005 1085 1251 1133 approbavit.
1282 1085 1497 1122 Praeterea
1524 1083 1564 1121 in
1595 1084 1667 1120 hac
1688 1084 1866 1121 Romana
1886 1096 1957 1133 sy-

1006 1138 1105 1175 nodo
1142 1137 1397 1176 constitutum
1430 1139 1511 1183 est,
1539 1138 1582 1174 ut
1609 1136 1827 1174 sacerdotes
1859 1136 1955 1185 lapsi

1006 1193 1092 1239 post
1112 1192 1312 1238 peractam
1328 1189 1610 1238 poenitentiam
1630 1189 1679 1226 ad
1699 1188 1841 1226 laicam
1862 1191 1954 1226 tan-

1007 1247 1093 1280 tum
1114 1243 1426 1280 communionem
1446 1242 1716 1290 reciperentur
1736 1242 1776 1278 et
1794 1253 1818 1278 a
1833 1253 1958 1279 sacer-

1007 1296 1127 1333 dotali
1146 1295 1345 1333 functione
1367 1296 1608 1332 abstinerent
1626 1293 1652 1330 2.

1061 1349 1121 1385 Ad
1142 1348 1324 1385 eumdem
1351 1347 1470 1384 finem
1503 1358 1533 1384 s.
1562 1346 1785 1395 Cyprianus
1813 1346 1959 1383 librum

1007 1400 1163 1449 scripsit
1183 1401 1229 1438 de
1248 1400 1380 1449 lapsis,
1402 1401 1441 1436 in
1464 1412 1538 1448 quo
1554 1399 1874 1447 intempestivam
1889 1411 1959 1436 eo-

1006 1465 1094 1491 rum
1111 1453 1469 1490 reconciliationem
1485 1453 1703 1500 redarguit,
1716 1463 1861 1500 eosque
1871 1452 1958 1488 hor·

1007 1507 1168 1543 tabatur
1183 1507 1231 1542 ad
1253 1506 1444 1542 sinceram
1463 1504 1743 1552 poenitentiam
1767 1507 1806 1541 et
1822 1505 1954 1541 humi-

1009 1560 1086 1597 lem
1103 1558 1235 1595 delicti
1249 1557 1542 1595 confessionem.
1561 1559 1632 1594 An.
1647 1557 1725 1594 25⁶2
1741 1557 1843 1594 idem
1857 1568 1966 1605 prae-

1011 1612 1084 1656 sul,
1112 1611 1254 1648 divinis
1279 1610 1436 1647 monitis
1457 1622 1524 1647 seu
1547 1609 1666 1658 signis
1685 1609 1966 1646 instaurandae

1012 1663 1294 1712 persecutionis
1306 1663 1375 1700 sub
1388 1662 1501 1699 Gallo
1511 1662 1747 1709 imperatore
1755 1661 1964 1710 praescius,

1013 1728 1220 1763 omnesque
1250 1716 1297 1752 ad
1326 1718 1525 1752 certamen
1562 1714 1784 1751 confortare
1812 1714 1965 1751 deside-

1014 1780 1118 1812 rans,
1130 1769 1297 1805 alteram
1313 1768 1364 1805 66
1379 1767 1647 1816 episcoporum
1665 1767 1858 1815 synodum
1874 1767 1964 1804 Car-

1013 1821 1172 1869 thagine
1194 1820 1343 1858 habuit.
1366 1821 1409 1856 In
1430 1821 1501 1856 hac
1523 1822 1721 1856 statutum
1738 1819 1826 1865 fuit,
1844 1821 1888 1856 ut
1903 1819 1965 1864 iis,

1014 1873 1079 1921 qui
1100 1885 1122 1909 a
1143 1873 1205 1910 die
1227 1873 1357 1920 lapsus
1377 1872 1584 1908 Dominum
1606 1882 1693 1908 cum
1710 1871 1806 1908 fletu
1823 1872 1964 1919 depre-

1015 1926 1092 1963 cati
1123 1925 1303 1970 fuerant,
1331 1927 1488 1972 propter
1515 1924 1727 1961 instantem
1749 1924 1967 1961 necessita-

1015 1982 1094 2015 tem
1116 1978 1312 2025 reliquum
1328 1976 1596 2026 poenitentiae
1614 1977 1915 2022 condonaretur,
1927 1979 1967 2013 et

1016 2031 1121 2080 pacis
1143 2030 1273 2079 gratia
1289 2033 1408 2078 atque
1426 2029 1616 2077 protectio
1632 2029 1805 2078 corporis
1821 2040 1866 2065 ac
1879 2041 1968 2066 san·
1983 2035 1986 2037 ’

1015 2083 1145 2132 guinis
1158 2082 1313 2120 Domini
1325 2082 1709 2119 concederentur.De
1725 2082 1865 2130 quibus
1880 2092 1968 2118 rur—

1016 2148 1083 2174 sus
1099 2135 1329 2184 congregati
1348 2134 1548 2183 praesules
1569 2135 1796 2183 synodicam
1819 2134 1968 2182 episto-

1017 2191 1094 2226 lam
1114 2189 1163 2225 ad
1183 2188 1408 2226 Cornelium
1429 2187 1498 2235 Pp.
1513 2188 1715 2234 dederunt,
1728 2188 1812 2225 eius
1828 2199 1965 2236 appro-

1017 2242 1214 2278 bationem
1234 2240 1486 2288 exquirentes
1496 2239 1523 2277 3.

1069 2294 1132 2331 70.
1156 2293 1196 2330 S.
1234 2293 1454 2330 Cornelius
1480 2293 1683 2340 Pontz'feoe
1703 2290 1788 2342 (an.
1809 2291 1904 2341 251)
1921 2313 1969 2319 —

1017 2347 1167 2383 Romae
1195 2345 1413 2394 persecutio
1449 2345 1545 2382 adeo
1572 2344 1793 2389 saevierat,
1822 2346 1865 2381 ut
1883 2345 1971 2392 post

1017 2398 1254 2447 martyrium
1274 2397 1312 2435 S.
1334 2397 1511 2443 Fabiani,
1533 2398 1635 2445 quod
1656 2396 1822 2445 contigit
1841 2397 1880 2433 X
1900 2408 1970 2433 ca-

1018 2452 1153 2489 lendas
1169 2450 1331 2488 martias
1350 2462 1410 2487 an.
1425 2450 1515 2495 250,
1525 2449 1749 2497 Apostolica
1763 2449 1882 2486 Sedes
1894 2460 1971 2485 am-

1018 2504 1117 2553 plius
1151 2504 1197 2540 16
1225 2502 1423 2540 mensibus
1453 2502 1618 2540 vacarit,
1650 2502 1779 2543 Quum
1798 2501 1968 2549 primum

1020 2558 1161 2594 Decius
1192 2556 1239 2592 ab
1263 2556 1357 2592 urbe
1381 2555 1569 2592 adversus
1591 2555 1737 2591 Gothos
1758 2552 1967 2590 dimicatu-

1021 2621 1088 2646 rus
1108 2607 1357 2653 discessisset,
1379 2607 1539 2644 comitia
1558 2607 1605 2644 ad
1628 2606 1849 2655 eligendum
1867 2618 1967 2653 pon-

1019 2662 1163 2698 tificem
1193 2663 1332 2697 coacta
1352 2663 1455 2703 sunt,
1475 2660 1700 2706 electusque
1720 2657 1794 2695 fuit
1814 2657 1963 2695 Corne-

1019 2715 1107 2759 lius,
1127 2715 1343 2751 Romanus.
1365 2725 1388 2749 ‹<
1408 2712 1552 2749 Factus
1572 2713 1632 2748 est
1648 2710 1862 2755 Cornelius,
1882 2711 1971 2758 epi-

1021 2778 1170 2814 scopus,
1190 2766 1316 2813 inquit
1336 2777 1365 2802 s.
1387 2764 1617 2812 Cyprianus,
1637 2764 1683 2800 de
1703 2763 1775 2799 Dei
1795 2765 1833 2800 et
1849 2762 1967 2800 Chri-

1021 2820 1070 2857 sti
1090 2820 1175 2855 eius
1193 2817 1347 2862 iudicio,
1367 2818 1414 2854 de
1434 2816 1662 2853 elericorum
1678 2827 1773 2864 pene
1790 2815 1964 2852 omnium
2008 2834 2011 2835 ν

1019 2870 1254 2915 testimonio,
1274 2871 1319 2906 de
1340 2869 1460 2917 plebis
1480 2880 1581 2916 quae
1600 2869 1697 2905 tunc
1717 2867 1858 2913 adfuit,
1878 2867 1963 2905 suf-

1018 2924 1155 2971 fragio,
1175 2925 1214 2959 et
1235 2923 1281 2958 de
1302 2922 1547 2958 sacerdotum
1567 2920 1816 2970 antiquorum
1837 2923 1876 2958 et
1896 2921 1964 2958 bo-

1019 2987 1157 3014 norum
1178 2975 1354 3012 virorum
1377 2972 1541 3021 collegio
1557 2971 1571 2994 ⁴
1592 2984 1629 3011 ».

1057 3079 1067 3100 ¹
1085 3079 1182 3119 Epist.
1200 3078 1303 3110 411-1-3.

1055 3119 1069 3141 2
1085 3120 1198 3157 Lahbe‚
1217 3118 1335 3151 Concil.
1351 3122 1370 3149 t.

1054 3161 1068 3182 3
1084 3161 1198 3197 Labbe,
1217 3160 1334 3192 Concil.
1353 3163 1372 3191 t.

1054 3202 1067 3224 ‘¹
1083 3201 1181 3242 Epist.
1198 3200 1246 3231 5-2.

1387 3119 1402 3191 D—Qb-

1405 3144 1412 3198 us·
