2241 3473
763 132 891 163 vsovn
918 131 972 158 An
991 116 1198 158 ἈΕΤΑΤΕΜ
1226 129 1372 157 CAnom
1399 129 1441 156 M.

126 199 341 239 Wilfridus
375 198 637 247 Apostolicam
680 196 819 234 Sedem
852 194 1078 245 appellavit,

127 253 376 300 Romamque
396 251 591 299 profectus
607 253 677 288 est.

181 305 238 342 Ex
259 303 402 352 Anglia
418 303 572 341 solvens
593 303 700 339 venit
720 302 757 339 in
779 301 958 345 Frisiam,
974 299 1038 336 ubi
1057 311 1078 336 a

128 369 220 406 rege
240 357 373 406 Algiso
400 357 498 393 bene
519 358 707 404 exceptus
722 354 911 398 ,hiemem
932 351 1077 400 exegit.

125 410 261 448 Frisiis
289 409 415 446 adhuc
445 409 612 446 ethnicis
640 410 750 445 tanto
780 417 869 444 cum
899 416 1076 442 successu

126 461 385 509 Evangelium
410 461 669 510 praedicavit,
692 462 732 496 ut
752 459 956 507 plerosque
974 457 1078 494 viros

126 514 320 564 principes
340 518 379 551 et
400 526 584 562 magnum
600 512 705 560 vulgi
727 522 931 549 numerum
948 509 1077 558 bapti-

127 567 236 604 zarit.
254 567 382 608 Quum
406 567 647 616 pervenisset
668 566 849 609 Romam,
870 576 898 601 s.
921 561 1076 611 Agatho

127 619 197 668 Pp.
237 631 299 656 an.
329 620 406 657 679
436 620 629 668 synodum
660 618 710 655 50
738 617 1005 665 episcoporum
1040 616 1079 651 et

127 672 447 721 presbyterorum
487 671 640 720 coegit,
670 670 707 707 in
738 680 813 718 qua
842 681 870 706 s.
899 667 1073 705 wilfridi

126 736 244 762 cansa
264 726 449 770 discussa,
470 725 500 762 is
521 725 560 761 in
581 724 710 762 sedem
731 732 841 759 suam
858 721 1077 764 restitutus,

126 780 166 814 et
181 778 258 815 alia
277 778 461 815 nonnulla
477 789 545 826 pro
561 778 671 814 recta
685 773 935 812 ecclesiarum
953 772 991 809 in
1004 774 1079 809 An-

127 830 207 878 glia
232 831 568 868 administratione
595 828 806 866 constituta
834 829 926 863 sunt
943 825 967 862 ¹.
993 824 1076 862 Ve-

126 886 345 920 rumtamen
370 894 398 919 s.
421 882 633 919 wilfridus
663 881 700 917 in
721 879 902 928 Angliam
930 878 1076 922 redux,

126 935 258 972 sedem
274 946 382 972 suam
399 947 474 973 non
493 935 651 983 recepit,
663 933 806 981 quippe
826 932 928 979 quod
944 931 1079 968 adver-

125 988 219 1024 sarii
239 988 322 1025 eius
342 989 423 1037 regi
445 987 731 1036 persuaserant,
748 986 948 1021 Romanae
964 995 1080 1031 syno-

126 1040 164 1076 di
189 1040 374 1077 iudicium
404 1040 522 1078 fuisse
547 1038 712 1088 pecunia
732 1039 944 1075 extortum.
967 1037 1076 1077 Qua-

127 1097 286 1141 propter
304 1095 464 1130 sanctus
482 1092 637 1141 praesul
659 1091 823 1128 divertit
838 1090 886 1128 ad
903 1090 1078 1126 Saxones

127 1145 332 1190 australes,
353 1146 477 1182 adhuc
499 1144 660 1193 paganis
676 1143 816 1181 ritibus
838 1142 1076 1191 implicatos3

126 1199 175 1234 ab
208 1210 340 1235 eorum
370 1210 462 1246 rege
488 1197 738 1242 Edilvachio,
765 1196 830 1244 qui
851 1195 966 1244 paulo
987 1198 1078 1232 ante

126 1250 362 1298 baptismum
384 1252 620 1299 susceperat,
642 1249 787 1298 optime
808 1250 1012 1296 exceptus,
1033 1248 1077 1285 E-

127 1303 349 1352 vangelium
370 1303 490 1340 libere
506 1301 770 1346 annuntiavit,
790 1301 988 1349 signisque
1003 1312 1080 1337 ser-

127 1367 278 1392 monem
290 1355 768 1401 confirmans,australium
778 1354 975 1391 Saxonum
990 1365 1080 1402 gen-

125 1411 202 1445 tem
224 1409 273 1445 ad
293 1408 545 1445 christianam
567 1408 796 1456 religionem
817 1406 1025 1443 convertit.

178 1460 241 1498 Sic
261 1461 399 1509 religio
419 1461 635 1498 christiana
656 1461 726 1497 hoc
747 1459 904 1497 saeculo
926 1459 964 1495 in
994 1461 1078 1495 tota

123 1513 290 1561 Augliae
315 1514 542 1562 heptarchia
562 1515 743 1561 suscepta
764 1513 837 1549 fuit
856 1512 1075 1559 floruitque.

176 1566 338 1603 Interim
358 1566 539 1604 chridus
555 1566 812 1604 Northumbri
820 1577 865 1602 ae
882 1576 953 1602 rex
969 1564 1077 1609 obiit,

123 1617 236 1666 eique
264 1619 452 1657 successit
481 1619 698 1665 Alcfridus,
724 1619 795 1655 sub
821 1630 896 1666 quo
917 1629 978 1654 an.
1000 1617 1077 1661 686

123 1682 153 1707 s.
183 1670 393 1709 wilfridus
426 1672 661 1709 Eboracensi
689 1671 878 1708 ecclesiae
901 1669 1076 1706 redditus

123 1722 210 1760 fuit.
240 1724 326 1771 Ipse
348 1724 576 1761 Theodorus
605 1723 897 1761 Cantuariensis
922 1722 1077 1759 litteras

124 1787 194 1824 pro
227 1776 405 1813 wilfridi
439 1777 685 1814 restitutione
720 1776 768 1813 ad
795 1787 926 1824 regem
958 1775 1076 1812 dede-

125 1832 205 1874 rat,
226 1832 266 1865 et
287 1841 443 1875 eorum,
464 1841 561 1878 quae
589 1830 629 1866 in
658 1832 835 1866 sanctum
857 1828 1076 1877 praesulem

126 1883 241 1918 antea
261 1886 411 1930 egerat,
431 1883 585 1920 veniam
605 1883 840 1930 deprecatus
860 1879 953 1919 est2.

178 1934 241 1972 29.
269 1935 570 1972 Constantinus
590 1935 830 1983 Pogsonatus
852 1936 1078 1983 imperator

130 1987 422 2024 Orientis—In
462 1987 642 2031 Oriente,
669 1987 878 2024 interfecto
907 1999 968 2023 an.
999 1986 1077 2023 668

125 2039 350 2086 Constante,
372 2040 581 2089 imperium
609 2041 777 2077 obtinuit
797 2039 1077 2077 Constantinus

122 2091 248 2137 filius,
276 2094 508 2141 cognomine
530 2094 769 2141 Pogonatus.
792 2092 865 2129 Hic
885 2091 1074 2140 religione

124 2145 374 2193 moribusque
410 2158 432 2182 a
467 2148 576 2195 patre
606 2146 797 2190 diversus,
828 2144 923 2181 nihil
952 2144 1078 2193 magis

124 2197 230 2234 cordi
252 2198 433 2245 habebat,
458 2210 577 2246 quam
597 2201 640 2235 ut
663 2198 825 2236 sublatis
846 2197 1036 2242 dissidiis,
1056 2209 1079 2234 a

126 2249 396 2288 Monothelitis
416 2251 614 2297 excitatis,
633 2262 765 2299 pacem
783 2251 982 2288 Ecclesiae
998 2250 1080 2287 red-

126 2301 255 2348 deret;
274 2303 341 2340 sed
361 2304 648 2341 Saracenorum
667 2307 707 2341 et
726 2303 988 2351 Bulgarorum
1005 2303 1080 2340 bel-

124 2353 174 2390 lis
201 2356 466 2403 praepeditus,
497 2357 654 2394 differre
691 2359 852 2393 coactus
888 2358 948 2392 est
976 2356 1079 2403 quod

125 2407 296 2444 maxime
317 2408 484 2447 habebat
502 2409 542 2446 in
563 2409 674 2446 votis.
696 2409 871 2445 Tandem
893 2409 1078 2445 Saraceni

126 2461 209 2496 tum
228 2460 472 2498 Graecorum
486 2464 571 2498 tum
587 2462 888 2506 Maronitarum,
900 2462 963 2509 qui
977 2473 1079 2498 mon-

127 2513 210 2548 tem
241 2512 435 2550 Libanum
464 2514 708 2560 incolebant,
739 2515 858 2551 armis
882 2514 1079 2559 lacessiti,

126 2576 264 2613 pacem
291 2577 377 2602 cum
407 2566 642 2614 imperatore
671 2569 914 2615 pepigerunt.
936 2567 1079 2604 Durio-

128 2617 161 2653 ri
181 2616 266 2665 lege
287 2618 565 2656 Constantinus
584 2623 740 2657 coactus
760 2620 834 2657 fuit
854 2620 902 2656 ad
923 2631 1080 2667 compo-

127 2670 299 2706 nendum
323 2670 464 2707 bellum
485 2683 574 2708 cum
595 2671 788 2720 Bulgaris,
809 2672 872 2720 qui
892 2672 1080 2709 torrentis

128 2721 254 2759 instar
272 2734 321 2759 ex
341 2723 558 2760 Sarmatiae
577 2723 719 2761 finibus
739 2725 777 2761 in
799 2725 1010 2761 Thraciam
1033 2725 1080 2761 ir-

128 2775 309 2821 ruebant,
332 2777 445 2812 urbes
466 2778 505 2812 et
524 2776 665 2824 oppida
681 2777 898 2823 diruentes;
913 2777 961 2814 iis
977 2777 1078 2814 enim

127 2829 286 2875 praeter
304 2840 478 2865 annuum
499 2829 690 2865 tributum
705 2829 894 2867 concessit
909 2829 1078 2878 Mysiam

130 2880 169 2915 in
195 2881 301 2925 Asia,
323 2884 457 2929 postea
476 2880 702 2929 Bulgariam
723 2882 879 2918 dictam.

177 2931 240 2970 30.
267 2933 497 2971 Concilium
524 2933 590 2981 Cp.
603 2933 685 2977 III,
699 2936 893 2981 yenerale
921 2935 976 2971 VI
989 2933 1074 2983 (an.

125 2982 403 3034 680)—Tun0
442 2985 721 3024 Constantinus
749 2986 962 3034 imperator
990 2987 1079 3024 ani-

171 3086 181 3107 ¹
199 3089 313 3127 Labbe,
333 3089 452 3121 Concil.
469 3094 488 3121 t.
505 3090 551 3126 Vl,
567 3099 596 3128 p.
615 3089 685 3120 579.

168 3128 415 3168 2Beda,!11'st.1.
441 3132 492 3169 1V;
510 3130 585 3161 Eddi
601 3129 758 3169 Stephani,
785 3128 854 3162 Vita
877 3139 901 3162 3.
923 3129 1085 3172 wilfridi,

71 3180 78 3186 ·
129 3170 211 3208 apud
226 3171 382 3212 Memnon,
398 3172 489 3204 Saec.
504 3171 519 3203 1
525 3170 549 3205 V
562 3170 757 3203 Beneclictin.

1946 116 2019 154 181

1122 204 1230 231 mum
1247 192 1457 242 applicavit
1473 191 1748 241 componendis
1769 191 1884 228 rebus
1898 189 2078 228 ecclesia-

1122 245 1238 283 sticis.
1262 246 1304 283 In
1326 246 1427 282 hunc
1447 245 1563 282 finem
1581 257 1644 282 an.
1659 244 1737 282 678
1753 243 1905 281 litteras
1921 243 2076 291 scripsit

1122 299 1169 336 ad
1191 299 1340 336 Donum
1363 298 1446 347 Pp„
1468 297 1678 346 postulans,
1717 298 1760 334 ut
1787 295 1973 333 Pontifex
2006 294 2075 332 ali-

1122 353 1215 399 quot
1244 353 1348 389 viros
1379 351 1550 389 eruditos
1580 353 1619 387 et
1648 349 1870 387 necessaria
1898 347 2076 385 auctori-

1122 407 1204 441 tate
1216 405 1398 450 munitos,
1411 402 1783 452 Constantinopolim
1796 401 1998 450 dirigeret,
2010 399 2076 447 qui

1121 468 1208 493 eum
1229 457 1389 504 eiusque
1410 456 1600 503 synodum
1622 455 1979 503 repraesentantes,
1998 463 2077 489 una

1121 521 1209 546 cum
1225 509 1415 557 episcopis
1432 508 1696 545 Orientalibus
1713 507 1884 551 dissidia,
1900 518 1921 543 e
1939 505 2077 543 litibus

1122 561 1421 599 monotheliticis
1455 560 1557 597 inter
1586 560 1847 609 Apostolicam
1873 559 2011 596 Sedem
2039 562 2078 594 ct

1121 614 1305 651 ecclesias
1334 613 1554 650 Orientales
1593 616 1753 659 exorta,
1783 613 2074 660 componerent.

1124 666 1358 714 Priusquam
1379 665 1470 702 illae
1490 665 1646 703 litterae
1667 666 1833 702 Romam
1854 665 1985 702 essent
2002 663 2074 700 ad-

1120 718 1235 764 latae,
1252 719 1402 756 obierat
1416 719 1547 755 Donus
1565 718 1633 766 Pp.
1652 739 1703 745 —-
1717 718 1873 766 Agatho
1889 717 1972 754 eius
1993 727 2078 753 suc-

1121 782 1262 816 cessor,
1275 771 1338 820 pia
1349 770 1593 808 Constantini
1610 770 1856 818 imperatoris
1878 771 1970 806 vota
1987 780 2075 806 cum

1121 823 1435 861 Occidentalibus
1456 823 1644 872 episcopis
1664 822 1984 867 communicavit,
2005 833 2076 858 eo-

1121 888 1286 925 rumque
1302 876 1519 914 sententias
1535 876 1574 912 in
1592 877 1663 912 hoc
1679 876 1835 923 negotio
1852 874 2076 923 postulavit.

1121 929 1330 966 Confestim
1360 930 1398 966 in
1426 929 1563 974 Italia,
1594 928 1724 965 Gallia
1752 930 1791 965 et
1821 927 1965 976 Anglia
1993 927 2078 974 epi-

1121 982 1226 1031 scopi
1247 984 1526 1027 convenerunt,
1543 983 1583 1017 et
1602 981 1649 1017 de
1670 980 1965 1017 condemnanda
1979 980 2077 1016 hae-

1121 1037 1196 1072 resi
1217 1035 1509 1072 monothelitica
1525 1033 1825 1078 consentientes,
1855 1044 1944 1069 suos
1965 1033 2075 1080 lega-

1121 1090 1179 1125 tos
1200 1088 1248 1125 ad
1276 1088 1496 1124 Romanam
1521 1087 1714 1135 synodum
1741 1085 1944 1122 miserunt.
1967 1086 2076 1133 Aga-

1121 1141 1187 1177 tho
1208 1141 1278 1189 Pp.
1296 1153 1356 1178 an.
1375 1141 1452 1177 679
1468 1141 1618 1177 Romae
1642 1139 1836 1187 synodum
1857 1137 1984 1185 coegit
2001 1137 2077 1175 125

1121 1193 1404 1242 episcoporum,
1426 1194 1464 1230 in
1485 1204 1564 1240 qua
1585 1203 1716 1229 omnes
1731 1191 2016 1228 consenserunt
2031 1190 2078 1226 de

1122 1246 1416 1283 condemnando
1437 1257 1570 1283 errore
1589 1244 1882 1282 monothelitico
1900 1273 1909 1289 ,
1936 1243 1983 1279 de
2004 1254 2079 1279 ex-

1123 1300 1300 1347 ponenda
1315 1299 1490 1336 doctrina
1505 1298 1700 1335 catholica
1716 1299 1755 1334 et
1771 1295 1974 1334 mittendis
1985 1295 2084 1331 Con-

1120 1351 1413 1401 stantinopolim
1435 1351 1587 1400 legatis.
1611 1350 1755 1388 Selecti
1769 1349 1931 1386 fuerunt
1946 1348 2077 1385 Theo-

1122 1405 1239 1442 dorus
1268 1410 1307 1442 et
1337 1405 1531 1453 Georgius
1561 1403 1783 1453 presbyteri
1813 1413 1900 1439 cum
1930 1401 2074 1437 Ioanne

1122 1458 1302 1502 diacono,
1322 1458 1387 1506 qui
1408 1457 1626 1506 Agathonis
1649 1456 1733 1505 Pp.,
1751 1458 1789 1493 et
1804 1455 1969 1492 Ioannes
1990 1453 2074 1501 epi-

1122 1522 1258 1559 scopus
1286 1510 1514 1548 Portuensis
1528 1541 1537 1557 ,
1558 1508 1834 1548 Abundantius
1854 1507 2079 1544 Paternen-

1122 1563 1174 1600 sis
1203 1567 1242 1600 et
1262 1563 1425 1600 Ioannes
1445 1562 1653 1612 Regiensis
1666 1592 1675 1608 ,
1697 1562 1762 1610 qui
1782 1561 1984 1597 Romanae
2007 1571 2080 1607 sy-

1122 1616 1212 1653 nodi
1232 1616 1385 1653 vicibus
1405 1615 1676 1664 fungerentur.
1696 1615 1822 1651 Datae
1842 1612 2006 1650 fuerunt
2025 1613 2077 1648 le-

1122 1669 1224 1717 gatis
1245 1669 1344 1706 duae
1365 1669 1552 1717 epistolae
1576 1669 1624 1706 ad
1644 1666 1946 1705 Constantinum
1962 1665 2081 1712 impe-

1122 1724 1295 1758 ratorem
1311 1722 1469 1770 eiusque
1480 1721 1621 1759 fratres
1634 1723 1835 1768 augustos,
1847 1717 2077 1756 Heraclium

1122 1779 1161 1811 et
1180 1775 1405 1821 Tiberium3
1426 1775 1583 1811 illarum
1604 1774 1709 1822 prior
1730 1773 1884 1809 nomine
1900 1770 2079 1819 Agatho-

1124 1828 1183 1865 nis
1204 1829 1290 1876 Pp.,
1310 1828 1437 1864 altera
1457 1827 1629 1864 eiusdem
1651 1825 1857 1863 Pontificis
1878 1826 1917 1861 et
1936 1824 2079 1860 Roma-

1123 1892 1196 1917 nae
1225 1880 1363 1929 synodi
1382 1881 1536 1917 nomine
1556 1880 1703 1927 scripta
1723 1879 1820 1915 erat.
1844 1877 1888 1914 In
1910 1879 2078 1923 utraque

1121 1934 1286 1981 epistola
1306 1933 1484 1970 doctrina
1506 1933 1552 1969 de
1573 1932 1724 1970 duabus
1741 1931 1885 1968 Christi
1903 1929 2077 1966 volunta.

1122 1986 1224 2023 tibus
1251 1988 1290 2023 et
1309 1985 1602 2034 operationibus
1622 1984 1890 2033 exponebatur
1904 2011 1913 2028 ‚
1934 1984 1973 2018 et
1991 1993 2012 2017 e
2032 1981 2082 2017 S-

1121 2038 1349 2087 Scripturae
1370 2039 1614 2087 Patrumque
1633 2035 1870 2075 testimoniis
1890 2034 2077 2084 probaba-

1121 2093 1206 2129 tur:
1238 2103 1348 2129 error
1376 2103 1470 2128 vero
1501 2092 1534 2128 ei
1556 2091 1755 2140 oppositus
1776 2088 2077 2133 confutabatur3

1122 2145 1259 2181 deinde
1284 2144 1499 2192 imperator
1520 2143 1864 2193 interpellabatur,
1885 2143 1928 2177 ut
1953 2140 2078 2176 eidem

1123 2197 1335 2243 doctrinae,
1348 2198 1396 2234 de
1412 2209 1488 2245 qua
1507 2209 1639 2234 omnes
1655 2196 1877 2233 Occidentis
1892 2192 2080 2231 ecclesiae

1122 2250 1431 2295 consentiebant,
1451 2250 1491 2287 in
1513 2250 1691 2287 omnibus
1711 2248 1883 2285 Orientis
1904 2244 2080 2284 ecclesiis

1123 2303 1381 2340 stabiliendae
1398 2306 1438 2340 et
1454 2303 1695 2352 extirpandis
1710 2301 1908 2339 erroribus
1921 2308 2077 2347 operam

1123 2354 1272 2394 daret¹.

1175 2409 1316 2457 Legati
1337 2408 1711 2457 Constantinopolim
1734 2406 1998 2456 pervenerunt
2014 2402 2073 2439 1v0

1122 2461 1208 2498 idus
1244 2464 1340 2510 sept.
1373 2473 1434 2500 an.
1465 2462 1554 2499 680.
1584 2462 1731 2498 Eadem
1767 2460 1828 2497 die
1864 2458 2078 2506 imperator

1123 2514 1327 2551 mandavit
1344 2515 1512 2563 Georgio
1532 2514 1780 2563 patriarchae
1798 2514 1915 2560 Cpno,
1934 2512 1976 2546 ut
1991 2509 2076 2545 sub-

1124 2567 1246 2604 iectos
1262 2567 1334 2604 sibi
1352 2567 1618 2615 metropolitas
1637 2569 1676 2603 et
1697 2566 1896 2614 episcopos
1917 2562 1956 2599 in
1979 2562 2075 2598 urbe

1124 2622 1394 2668 congregaret,
1404 2620 1584 2668 idemque
1597 2619 1823 2656 mandatum
1837 2614 2074 2664 significaret

1125 2672 1299 2710 Macario
1319 2672 1566 2720 patriarchae
1588 2671 1847 2713 Antiocheno,
1867 2673 1960 2704 tunc
1980 2667 2077 2704 Con-

1125 2725 1374 2772 stantinopoli
1388 2725 1534 2773 agenti.
1548 2723 1757 2761 Concilium
1776 2721 2002 2758 inchoatum
2016 2721 2076 2756 est

1125 2777 1203 2814 vn⁰
1225 2777 1311 2814 idus
1329 2777 1545 2814 novembris
1563 2789 1621 2813 an.
1641 2775 1719 2812 680
1734 2778 1772 2811 et
1791 2774 1838 2811 18
1857 2772 2074 2811 actionibus

1125 2830 1346 2867 absolutum
1373 2828 1462 2866 xvi⁰
1482 2829 1562 2865 kal.
1593 2828 1739 2864 octobr.
1761 2826 1851 2863 681.
1872 2826 2074 2863 Numerus

1124 2883 1405 2931 episcoporum,
1427 2882 1492 2929 qui
1513 2881 1549 2917 ei
1570 2879 1842 2924 interfuerunt,
1860 2878 1966 2916 haud
1984 2874 2073 2914 cer-

1123 2938 1186 2972 tus
1207 2938 1277 2980 est,
1298 2934 1364 2972 alii
1384 2934 1475 2978 289,
1491 2933 1556 2970 alii
1581 2932 1655 2969 170
1672 2934 1742 2969 aut
1760 2931 1834 2969 150
1850 2932 2074 2974 numerant,

1124 2987 1423 3035 subscriptiones
1443 2996 1536 3022 vero
1556 2985 1629 3021 166
1646 2985 1842 3022 exhibent.
1861 2985 1970 3021 Inter
1986 2982 2072 3018 illos

1124 3042 1237 3078 erant
1261 3038 1508 3087 patriarchae
1529 3037 1594 3086 Cp.
1615 3039 1655 3075 et
1673 3037 1960 3081 Antiochenus,
1980 3035 2076 3072 Ale-

1151 3171 1163 3193 1
1183 3172 1297 3212 Labbe,
1313 3175 1332 3202 t.
1350 3171 1395 3209 VI,
1411 3179 1442 3210 p.
1460 3168 1612 3201 576-677.
