2241 3473
250 155 329 195 374

200 240 304 272 ctam
331 237 499 283 undique
526 237 833 272 innumerabiles
852 237 1072 284 presbyteri
1101 248 1147 273 ac

197 290 333 326 fideles
359 291 460 326 laici.
482 290 554 325 Die
582 290 603 326 8
630 290 722 325 iunii
753 290 842 326 1862
860 302 947 326 cum
968 291 1149 327 Ecclesia

194 344 370 379 solemne
411 343 671 379 pentecostes
709 344 851 379 festum
891 344 1148 387 celebrabat,

195 397 391 436 Pontifex,
410 397 657 432 adstantibus
674 397 721 432 44
735 398 1007 433 Cardinalibus
1027 403 1067 433 et
1081 398 1148 434 243

192 451 401 497 episcopis,
422 451 583 497 aliisque
611 451 708 486 viris
735 452 1021 489 innumeris,26
1041 452 1147 487 Mar-

192 508 298 551 tyres
326 505 581 550 Iaponienses
612 516 769 551 nempe,
789 505 981 542 «Petrum
1017 507 1149 553 Bapti-

197 566 299 593 stam
323 586 331 600 ,
362 557 578 593 Martinum
607 557 653 594 de
681 559 925 595 Ascensione
948 588 956 603 ,
987 560 1145 595 Franci-

194 622 302 646 scum
333 612 498 654 Blanco,
527 611 750 659 Philippum
776 613 823 649 de
850 613 957 656 Iesu,
985 613 1147 649 Franci-

188 676 297 700 scum
325 665 372 702 de
399 678 431 700 s.
455 666 667 709 Michaele,
688 666 968 703 Gondislavum
988 668 1143 711 Garzia,

537 169 704 197 EPOCHA
725 168 814 196 XIII.
839 169 867 194 A
887 168 1036 195 RERVM
1057 168 1239 196 PVBLICA
1261 169 1304 195 IN
1325 167 1495 197 GALLIIS
1515 168 1809 198 SVBVERSIONE

1199 237 1437 285 fundamque
1456 249 1568 275 suam
1588 249 1685 287 erga
1703 251 1899 276 summum
1918 240 2153 278 Pontificem

1198 292 1496 329 venerationem
1524 304 1572 329 ac
1592 293 1782 340 pietatem
1800 298 2094 340 contestantur;
2111 296 2154 332 il-

1198 345 1276 380 lum
1304 356 1428 382 sanae
1455 346 1660 383 doctrinae
1688 347 1760 383 sibi
1787 359 1873 384 esse
1901 349 2152 396 magistrum,

1196 400 1359 435 unitatis
1387 405 1567 436 centrum
1583 430 1591 445 ‚
1611 402 1818 437 Ecclesiae
1836 401 2150 446 fundamentum,

1198 452 1366 488 alterum
1396 454 1558 489 Petrum
1589 454 1839 500 profitentur.
1859 454 2025 491 Ciuilem
2050 455 2153 492 San-

1196 508 1284 541 ctae
1311 505 1428 542 Sedis
1460 507 1733 555 principatum
1770 519 1840 543 ceu
1873 508 2060 555 quiddam
2091 520 2154 545 ne-

1195 560 1414 596 cessarium
1440 572 1486 596 ac
1509 561 1743 609 procidente
1760 561 1843 597 Deo
1862 561 2074 608 manifeste
2094 561 2152 598 in-

1193 611 1370 649 stitutum
1401 616 1631 661 agnoscunt,
1654 614 1956 662 declarantque,
1981 615 2022 650 in
2035 627 2152 663 prae-

1193 665 1294 701 senti
1321 678 1454 703 rerum
1471 667 1736 704 humanarum
1759 670 1867 704 stata
1879 697 1887 712 ‚
1906 667 2032 716 ipsum
2049 669 2152 705 hunc

190 718 355 755 Paulum
384 721 570 767 Suzuqui‚
595 720 820 757 Gabrielem
849 734 869 757 e
891 723 1030 770 Regno
1050 723 1144 766 Izes,
1189 718 1463 768 principatum
1490 721 1645 758 civilem
1658 734 1734 769 pro
1755 722 1850 758 bono
1870 733 1918 758 ac
1937 721 2060 759 libero
2079 721 2154 757 Ec-

188 772 375 809 Ioannem
403 773 583 817 Quizuia,
613 774 804 810 Thomam
833 787 855 811 e
882 776 1021 823 Regno
1049 777 1143 819 Izes,

188 826 446 862 Franciscum
482 829 778 874 laminensem,
803 829 997 865 Thomam
1027 832 1144 867 Cosa-

191 880 253 927 qui
271 910 279 924 ,
308 881 478 917 Ioachim
507 882 689 928 Saquiior
710 912 718 927 ,
738 883 1061 919 Bonaventuram
1088 885 1142 919 Ia-

188 934 438 980 poniensem,
466 936 638 972 Leonem
667 936 917 980 Garazuma,
947 938 1141 974 Mathiam

186 989 480 1036 Iaponiensem,
505 991 720 1026 Antonium
748 992 1041 1037 Iaponiensem,
1069 992 1142 1028 Lu—

185 1043 365 1079 dovicum
386 1043 556 1090 Ibarqui,
567 1043 732 1080 Paulum
745 1046 956 1093 Ynaniqui,
969 1046 1142 1082 Michae-

183 1097 261 1132 lem
282 1099 468 1145 Cozoqui,
487 1098 650 1133 Petrum
678 1100 934 1146 Suqueixein,
956 1100 1139 1137 Cosmam

182 1151 350 1199 Raquia,
370 1152 628 1188 Franciscum
661 1153 943 1200 Carpentens.‚
971 1154 1034 1201 qui
1060 1167 1142 1191 om—

183 1217 254 1242 nes
278 1206 437 1242 fuerunt
464 1217 513 1242 ex
540 1206 688 1242 Ordine
714 1207 902 1243 Fratrum
922 1209 1137 1254 Minorum;

181 1258 351 1295 Paulum
380 1260 480 1295 Miki
499 1289 507 1303 ,
536 1261 721 1296 Ioannem
743 1262 846 1297 Soan
865 1261 913 1298 de
940 1263 1055 1307 Goto,
1082 1265 1139 1300 Ia-

186 1313 326 1349 cobum
355 1314 469 1349 Kisai
488 1326 508 1350 e
525 1314 724 1351 Societate
744 1315 830 1351 lesu
850 1318 879 1359 1,
908 1320 947 1353 et
964 1317 1138 1354 Michae-

179 1367 255 1403 lem
276 1368 323 1403 de
338 1368 530 1404 Sanctis»
549 1369 828 1406 Confessorem
856 1371 1022 1408 Sanctos
1050 1384 1137 1409 esse

179 1421 378 1465 definivit,
406 1433 452 1458 ac
488 1423 681 1470 Catalogo
709 1424 946 1460 Sanctorum
976 1426 1137 1462 Domini

178 1474 314 1511 Nostri
333 1476 420 1512 Iesu
439 1476 584 1513 Christi
611 1477 834 1524 adscripsit.

227 1529 368 1565 Altera
395 1530 472 1574 die,
499 1531 521 1566 9
546 1531 663 1574 iunii,
684 1530 871 1568 Pontifex
889 1532 1134 1577 cardinales,

180 1583 456 1630 patriarchas,
485 1585 705 1632 primates,
744 1586 1064 1635 archiepiscopos
1098 1592 1137 1625 et

180 1638 402 1685 episcopos,
420 1639 483 1686 qui
504 1639 655 1675 Romae
675 1645 962 1685 convenerant,
975 1641 1014 1677 in
1033 1643 1135 1680 Con-

175 1691 334 1727 sistorio
366 1698 646 1739 congregatos,
679 1694 873 1731 allocutus
907 1699 969 1732 est
1001 1695 1131 1743 deplo-

175 1745 301 1782 randa
326 1748 433 1783 mala
462 1758 508 1783 ac
538 1747 685 1784 damna
710 1749 850 1796 quibus
868 1751 1052 1786 Ecclesia
1071 1762 1134 1787 ca-

176 1799 336 1844 tholica,
370 1802 605 1849 praesertim
641 1802 679 1837 in
708 1803 830 1847 Italia,
860 1805 1133 1851 premebatur,

176 1865 302 1900 prava
321 1867 504 1891 errorum
525 1861 722 1903 portenta,
740 1868 840 1904 quae
859 1858 982 1894 variis
998 1870 1045 1895 ac
1063 1859 1134 1895 fal-

178 1909 388 1945 lacissimis
422 1910 560 1947 formis
594 1923 785 1957 expressa
811 1912 851 1947 in
879 1913 1130 1958 animarum,

177 1962 214 1997 in
243 1963 463 2010 Religionis
510 1965 631 2012 ipsius
660 1965 786 2001 civilis
813 1966 1016 2004 societatis
1043 1979 1131 2015 per-

176 2017 319 2053 niciem
348 2019 687 2066 propagabantur.
724 2020 944 2057 Adstantes
972 2033 1133 2068 praesu-

175 2071 232 2107 les
252 2070 430 2107 hortatus
449 2078 577 2113 est.ut
596 2074 701 2109 omni
717 2085 813 2109 cura
830 2079 870 2110 et
887 2075 1024 2111 studiis
1046 2088 1132 2123 per-

177 2130 321 2172 gerent
355 2127 586 2163 commIssos
613 2128 684 2163 sibi
711 2128 847 2164 fideles
875 2139 899 2164 a
924 2131 1130 2167 venenatis

177 2179 336 2227 pascuis
373 2191 545 2225 arcere,
586 2193 867 2229 perversarum
903 2183 1126 2230 opinionum

175 2239 355 2270 monstra
372 2264 380 2279 ,
407 2246 484 2282 qua
509 2247 627 2278 voce,
657 2247 733 2283 qua
759 2236 917 2284 scriptis
944 2238 1129 2286 profliga-

177 2299 220 2324 re
242 2317 250 2330 ,
287 2289 540 2337 omniumque
577 2291 781 2327 Ecclesiae
808 2295 848 2327 et
875 2292 1129 2337 Apostolicae

178 2342 290 2378 Sedis
320 2343 490 2380 hostium
527 2344 732 2381 conatibus
766 2349 998 2382 constanter
1029 2347 1131 2384 obsi-

176 2399 321 2433 stere‘2.

223 2451 474 2489 Allocutione
502 2453 625 2496 finita,
646 2453 867 2490 Cardinalis
896 2454 1052 2499 Mattei,
1072 2467 1132 2492 sa·

175 2505 231 2539 cri
258 2505 422 2553 Collegii
444 2507 642 2547 Dec-anus.
667 2507 858 2550 omnium,
879 2508 943 2555 qui
962 2510 1128 2546 Romam

175 2565 461 2605 convenerant,
478 2561 752 2608 episcoporum
776 2562 948 2605 nominc,
965 2575 1130 2600 numero

173 2612 242 2649 205
260 2642 268 2657 ,
296 2614 450 2651 litteras
476 2616 723 2663 conscriptas
753 2620 793 2652 et
819 2616 868 2651 ab
900 2628 1129 2665 unoquoque

175 2678 311 2704 eorum
341 2668 587 2716 subscriptas
615 2670 711 2717 legit
736 2674 775 2706 et
804 2669 983 2706 Pontilici
1015 2673 1133 2708 tradi-

173 2720 240 2756 dit.
272 2722 311 2757 In
341 2723 400 2759 liis
427 2724 572 2761 litteris
603 2724 788 2772 Episcopi
821 2724 1016 2760 sinceram
1048 2738 1133 2773 pro-

175 2852 213 2875 cx
235 2845 303 2876 suis
324 2846 479 2878 fratribus
494 2847 660 2889 lipiscopis
681 2846 910 2885 nonnulli‚vel
932 2855 970 2878 cx
993 2845 1130 2887 ipsoEc-

173 2891 293 2923 elesino
313 2896 439 2929 senatu,
460 2894 506 2924 nti
527 2895 585 2926 iam
617 2892 958 2930 commemoravimus,
989 2901 1027 2924 ex
1047 2892 1133 2925 hisce

174 2937 359 2974 regionibus
387 2943 534 2971 extorres
553 2966 560 2978 ,
597 2940 716 2972 Romae
751 2943 1042 2976 commorarentur,
1078 2947 1134 2979 per

177 2981 286 3014 literas
311 2993 445 3025 quarum
471 2987 596 3018 initium
631 2985 742 3027 Quam
772 2985 913 3023 bonum,
950 2984 1132 3016 mandatum

174 3027 253 3068 ipsis
271 3030 454 3071 «tenorum,
476 3035 510 3063 ut
529 3033 624 3065 etiam
653 3033 782 3065 nomine
800 3031 980 3063 absentium
996 3031 1131 3063 Antisti-

176 3077 240 3104 tum
258 3075 411 3118 Neapolis
434 3082 505 3110 vota
526 3087 703 3122 precesque
719 3078 862 3110 Romano
890 3077 1038 3110 Pontifici
1057 3077 1133 3110 sub-

174 3120 356 3153 initis-rent.

222 3163 227 3183 ¹
252 3167 318 3199 vid.
338 3168 381 3199 La
402 3168 543 3202 Scienza
564 3181 579 3202 c
598 3172 630 3203 Iu
651 3171 755 3207 Fede‚
782 3169 861 3201 voli·
883 3179 961 3203 XMV
981 3175 1014 3204 el
1032 3179 1109 3203 XLV-

217 3211 228 3228 ‘⁵'
249 3213 412 3246 Allocutio
433 3215 731 3258 Mna-imaquidcm
748 3217 853 3248 hahita
871 3216 902 3249 in
923 3217 1129 3250 Consistorio

172 3255 236 3289 diei
254 3260 272 3289 9
294 3259 372 3292 iunii
388 3260 489 3295 1802.

1193 773 1339 809 etesiae
1358 774 1583 811 animarum
1603 776 1793 823 regimine
1811 776 1967 812 omnino
1986 775 2153 824 requiri.

1194 827 1422 864 Laudantes
1439 830 1636 865 solemnia
1655 831 1790 875 verba,
1810 831 1945 878 quibus
1965 829 2150 866 Pontifex

1194 880 1232 915 in
1260 881 1402 918 litteris
1433 884 1646 931 encyclicis
1671 884 1774 920 datis
1801 885 1845 921 19
1876 885 2030 920 ianuar.
2059 884 2150 921 1860

1194 933 1484 980 declaraverat,
1505 951 1524 971 α
1552 950 1593 974 se
1613 938 1768 974 civilem
1788 939 1994 974 Romanae
2012 938 2153 974 Eccle-

1195 988 1277 1024 siae
1305 989 1585 1037 principatum,
1607 993 1767 1039 eiusque
1796 992 2038 1039 temporales
2063 1002 2150 1038 pos-

1193 1043 1391 1079 sessiones
1417 1055 1464 1080 ac
1491 1045 1590 1089 iura,
1620 1056 1719 1093 quae
1747 1045 1796 1082 ad
1821 1046 2053 1082 universum
2088 1055 2150 1080 ca-

1194 1095 1382 1133 tholicum
1409 1098 1544 1135 orbem
1564 1100 1777 1146 pertinent,
1797 1100 1954 1147 integra
1970 1103 2013 1135 et
2029 1098 2152 1135 invio-

1195 1150 1275 1186 lata
1302 1156 1533 1189 constanter
1559 1154 1661 1190 tueri
1689 1159 1729 1190 et
1746 1165 1912 1191 servare
1931 1153 2052 1198 velle;
2070 1153 2149 1188 imo
2206 1150 2213 1155 ’

1191 1204 1363 1242 Sanctae
1391 1206 1503 1243 Sedis
1538 1207 1784 1255 principatus
1819 1208 2011 1255 Beatique
2040 1206 2152 1242 Petri

1190 1260 1417 1305 patrimonii
1453 1262 1617 1298 tutelam
1654 1262 1703 1298 ad
1746 1274 1884 1299 omnes
1923 1261 2150 1299 Catholicos

1190 1313 1414 1358 pertinere;
1441 1319 1481 1351 et
1506 1327 1548 1352 se
1574 1321 1758 1363 paratum
1777 1328 1864 1353 esse
1883 1316 2057 1352 animam
2084 1326 2152 1364 po-

1190 1366 1265 1403 tius
1293 1379 1442 1415 ponere
1461 1398 1470 1413 ,
1497 1381 1614 1417 quam
1642 1370 1745 1407 hanc
1772 1371 1845 1407 Dei
1871 1370 2077 1407 Ecclesiae
2104 1380 2152 1406 ao

1188 1419 1360 1458 iustitiae
1389 1433 1552 1459 causam
1578 1425 1657 1463 ullo
1685 1424 1801 1461 modo
1827 1424 2015 1461 deserere
2035 1449 2043 1457 -
2067 1449 2076 1457 ·
2100 1448 2108 1456 -
2125 1435 2147 1458 υ

1186 1475 1426 1512 solemnibus
1452 1477 1613 1525 inquam
1647 1478 1706 1515 his
1722 1479 1856 1515 verbis
1875 1478 2146 1515 acclamantes

1188 1539 1235 1564 ac
1262 1530 1494 1576 plaudentes
1523 1533 1834 1580 respondebant,
1860 1545 1903 1569 se
1930 1544 2019 1569 cum
2047 1531 2149 1568 Pon-

1188 1583 1292 1620 tifice
1319 1584 1367 1620 ad
1397 1596 1605 1622 carcerem
1633 1587 1739 1623 etad
1757 1590 1926 1623 mortem
1953 1587 2012 1623 ire
2030 1596 2151 1634 para-

1188 1641 1246 1673 tos
1274 1650 1381 1684 esse;
1400 1651 1440 1676 se
1467 1652 1514 1676 ea
1541 1641 1642 1689 ipsa,
1663 1653 1763 1689 quae
1790 1641 1986 1689 Pontifex
2003 1642 2147 1676 contra

1185 1691 1370 1728 scelestos
1395 1693 1572 1730 homines
1590 1697 1626 1730 et
1651 1695 1838 1731 bonorum
1857 1694 2148 1732 ecclesiastico-

1185 1756 1273 1780 rum
1299 1746 1523 1795 direptores
1553 1748 1842 1785 declaraverat
1867 1751 1904 1785 et
1933 1747 2143 1793 ediderat,

1185 1803 1410 1837 reecrenter
1437 1801 1621 1851 ca‘cipere
1640 1831 1648 1847 ‚
1678 1803 1800 1851 iisque
1822 1802 1982 1850 plenum
2012 1812 2143 1838 assen-

1183 1862 1268 1888 sum
1306 1865 1526 1895 r·enooare;
1561 1867 1602 1892 se
1634 1856 1829 1892 damnare
1860 1866 2018 1892 errores
2049 1866 2144 1903 quos

1184 1904 1266 1953 ipse
1285 1906 1504 1949 damnavit,
1526 1909 1719 1946 detestari
1738 1909 1944 1946 doctrinas
1970 1919 2093 1945 novas
2112 1909 2150 1945 et

1178 1962 1416 2008 peregrinas
1443 1975 1543 2011 quac
1562 1964 1601 2000 in
1621 1964 1808 2001 damnum
1825 1963 2035 2000 Ecclesiae
2053 1963 2148 2000 Iesu

1183 2014 1337 2051 Christi
1357 2017 1511 2064 passim
1534 2018 1828 2067 propalantur,
1860 2018 2076 2067 reprobare
2111 2019 2149 2055 et

1181 2068 1444 2107 condemnare
1462 2072 1696 2120 sacrilegia,
1708 2072 1878 2121 rapinas
1892 2101 1901 2117 ,
1921 2071 2146 2108 immunita-

1181 2122 1232 2158 tis
1249 2124 1547 2162 ecclesiasticae
1564 2126 1811 2171 violationes,
1824 2126 1985 2174 aliaque
2003 2126 2146 2174 nefan-

1180 2176 1234 2212 da
1254 2177 1294 2213 in
1312 2178 1747 2228 Ecclesiam‚Petriquc
1758 2179 1900 2216 Sedem
1917 2180 2139 2217 commissa.

1231 2232 1449 2281 Respondit
1475 2234 1658 2271 Pontifex
1684 2235 1743 2271 his
1762 2235 1914 2271 verbis:
1935 2248 1956 2269 «
1975 2235 2141 2278 Sensus,

1183 2296 1280 2332 quos
1306 2287 1499 2324 hactenus
1525 2288 1650 2324 Nobis
1675 2289 1928 2337 exposuistis,
1946 2298 2142 2325 summam

1181 2340 1304 2376 Nobis
1321 2342 1542 2378 attulerunt
1557 2342 1861 2387 laetitiam;sunt
1876 2343 1979 2380 enim
1996 2343 2147 2379 amoris

1182 2395 1304 2429 vestri
1334 2395 1475 2442 pignus
1503 2407 1602 2444 erga
1628 2398 1819 2434 Sanctam
1847 2397 1948 2433 hanc
1976 2396 2140 2441 Sedem,

1185 2448 1384 2496 multoque
1415 2449 1535 2486 etiam
1565 2451 1692 2497 magis
1726 2451 1996 2488 testimonium
2028 2461 2143 2499 prae-

1185 2501 1452 2538 clarissimum
1487 2504 1589 2540 illius
1615 2505 1762 2541 vinculi
1798 2505 2029 2549 charitatis,
2064 2514 2139 2552 quo

1184 2556 1379 2593 ecclesiae
1415 2557 1634 2595 catholicae
1677 2559 1864 2596 Pastores
1891 2570 1972 2595 non
2013 2558 2139 2595 solum

1185 2610 1288 2646 inter
1315 2623 1379 2655 se,
1408 2623 1548 2648 verum
1577 2613 1696 2649 etiam
1725 2625 1813 2650 cum
1840 2613 1915 2650 hac
1942 2612 2138 2650 Veritatis

1183 2665 1383 2702 Catliedra
1409 2667 1633 2704 arctissime
1661 2669 2045 2715 coniunguntur;ex
2062 2677 2140 2715 quo

1183 2720 1393 2757 manifeste
1420 2727 1613 2769 apparet,
1643 2723 1768 2759 Deum
1797 2726 2002 2758 auctorem
2030 2721 2142 2769 pacis

1183 2778 1223 2809 et
1242 2773 1449 2811 charitatis
1466 2775 1666 2812 nobiscum
1686 2781 1811 2813 stare.
1827 2776 1925 2812 Etsi
1945 2775 2053 2812 Deus
2069 2785 2140 2823 pro

1184 2827 1307 2871 nobis,
1337 2828 1421 2875 quis
1448 2834 1588 2866 contra
1608 2835 1704 2867 nos?
1724 2831 1799 2877 Ipsi
1816 2840 1915 2877 ergo
1935 2829 2017 2866 Deo
2037 2829 2136 2873 laus,

1184 2881 1308 2917 honor
1335 2888 1375 2918 ct
1401 2883 1547 2930 gloria3
1576 2884 1699 2921 Vobis
1726 2895 1822 2922 vero
1846 2894 1939 2932 pax,
1965 2883 2073 2920 salus
2098 2887 2140 2920 et

1184 2935 1382 2981 gaudium:
1402 2947 1476 2983 pax
1491 2938 1672 2975 cordibus
1687 2939 1845 2983 vestris;
1856 2937 1963 2974 salus
1977 2937 2140 2976 Christi·

1183 2989 1362 3026 lidclibus
1381 3002 1501 3028 curae
1521 2997 1678 3029 vestrae
1694 2993 1914 3028 commissis
1927 3003 1936 3037 ;
1950 2991 2136 3040 gaudium

1183 3056 1279 3081 vcro
1315 3046 1438 3082 Vobis
1472 3051 1512 3083 ct
1546 3047 1648 3091 illis,
1674 3051 1718 3084 ut
1749 3057 1830 3083 una
1855 3058 1944 3084 cum
1979 3045 2136 3083 Sanctis

1181 3099 1364 3136 exultetis
1391 3104 1601 3137 cantantes
1623 3101 1819 3137 canticum
1844 3111 1989 3137 novum
2006 3100 2043 3135 in
2069 3098 2136 3136 do-

1183 3164 1244 3187 mo
1265 3154 1419 3190 Domini
1447 3155 1484 3190 in
1511 3155 1672 3192 saecula
1698 3155 2022 3192 saeculorumln.

1229 3263 1233 3282 ¹
1256 3264 1293 3295 Cf
1312 3265 1353 3297 La
1375 3264 1514 3297 Scienza
1533 3274 1549 3295 c
1567 3264 1599 3297 Ia
1619 3265 1716 3304 Fecle,
1733 3267 1796 3299 vol.
1819 3274 1896 3300 xLV.
1917 3267 2036 3308 Legere
2055 3275 2136 3310 quo-
