2241 3473
251 125 329 166 324

194 214 333 258 postea
357 212 413 249 Le
440 212 531 257 Coz,
550 214 750 252 Lacombe
777 224 816 252 et
842 216 1065 264 Reymond,
1084 220 1148 268 qui

194 270 309 303 erant
334 278 382 303 ex
408 266 564 303 illorum
591 279 784 315 numero,
812 269 1010 309 iactanter
1042 284 1148 311 asse-

194 319 333 365 rebat,
364 331 406 357 se
441 331 640 369 nunquam
679 324 900 362 sententias
937 337 1030 363 suas
1067 339 1148 364 mu-

192 375 312 410 tasse.
755 387 759 393 ¹

240 425 333 463 Pius
358 427 429 464 VII
456 427 495 463 in
522 430 759 468 consistorio
786 437 945 470 secreto
962 463 971 479 ,
999 434 1059 471 1x⁰
1087 446 1150 471 ca-

191 479 294 516 lend.
324 481 419 517 iunii
445 482 593 529 habito,
620 485 846 523 restitutum
873 488 1048 526 divinum
1069 490 1146 526 cul-

190 536 273 569 tum
299 534 337 570 in
364 535 493 573 Gallia
520 549 608 574 cum
637 539 905 579 cardinalibus
932 543 1147 580 communi-

191 588 321 632 cavit3
353 590 422 626 sed
455 590 570 628 simul
599 592 647 629 iis
681 594 923 642 significavit
955 609 1145 645 magnum

187 651 302 677 suum
328 642 526 690 dolorem,
553 652 787 695 conceptum
815 662 864 687 ex
889 651 1066 688 articulis
1093 651 1147 687 di-

188 694 261 731 ctis
278 698 492 744 organicis,
512 710 536 736 a
554 701 746 748 gubernio
765 715 844 740 una
862 716 950 741 cum
967 706 1145 743 articulis

189 751 417 789 concordati
429 754 650 801 publicatis,
667 756 979 807 declaravitque,
991 772 1033 797 se
1050 761 1146 797 istos

187 803 376 842 articulos
402 818 480 843 non
500 809 671 855 novisse,
692 815 732 848 et
750 824 828 848 non
848 825 963 861 posse
982 825 1059 851 non
1079 826 1146 851 ex-

187 861 339 903 petere,
364 863 408 896 ut
433 860 551 898 iidem
579 862 617 899 in
645 865 822 912 pluribus
840 869 1144 915 corrigerentur

186 913 226 948 et
240 918 504 952 mutarentur.
522 917 672 955 Contra
690 920 850 958 eosdem
871 923 1062 960 articulos
1082 934 1143 959 or-

186 967 347 1012 ganicos
365 968 588 1008 Cardinalis
608 973 762 1021 legatus
783 976 967 1024 Caprara
985 978 1058 1014 xv⁰
1078 988 1142 1014 ca-

187 1019 290 1056 lend.
311 1024 523 1071 septembr.
537 1026 631 1065 1803
647 1029 976 1069 reclamationem
997 1044 1067 1070 seu
1079 1043 1144 1069 ex-

185 1076 492 1121 postulationem
520 1080 627 1118 dedit
653 1082 702 1119 ad
727 1083 1054 1134 de-Talleyrand,
1083 1098 1142 1124 re-

186 1138 275 1165 rum
315 1136 577 1172 externarum
619 1136 894 1176 administrum
929 1143 955 1174 1.
984 1142 1037 1178 At
1063 1153 1141 1177 non

187 1183 260 1220 nisi
287 1197 379 1224 sero
407 1192 447 1226 et
465 1190 505 1226 in
525 1191 670 1240 aliquot
689 1194 815 1231 solum
835 1195 1011 1233 articulis
1029 1196 1142 1233 Sedis

186 1241 440 1289 Apostolicae
460 1246 815 1287 reclamationibus
835 1250 983 1288 factum
1005 1255 1066 1289 est
1083 1263 1142 1289 sa-

184 1295 235 1334 tis
259 1299 285 1333 2.

235 1353 292 1391 15.
313 1354 755 1395 Anti-concordatistae
768 1381 808 1387 —
822 1360 1044 1408 Multigena
1064 1362 1144 1410 qui-

184 1407 275 1444 dem
303 1408 406 1446 bona
432 1420 453 1446 e
483 1411 738 1456 concordam,
768 1413 1007 1451 Pontificem
1039 1416 1144 1452 inter

185 1465 226 1498 et
251 1461 421 1510 primum
460 1465 675 1503 Consulem
703 1466 798 1503 inito
818 1496 826 1512 ,
852 1473 993 1506 secuta
1021 1473 1139 1515 sunt;

186 1515 384 1564 publicum
419 1517 544 1555 divini
578 1520 706 1557 cultus
732 1523 968 1560 exercitium
987 1553 995 1569 ,
1024 1527 1146 1560 antea

185 1571 452 1620 proscriptum
471 1602 480 1618 ‚
505 1575 762 1621 restitutum;
791 1581 981 1615 cruentae
1010 1590 1143 1626 perse-

186 1625 331 1662 cutioni
357 1626 446 1663 finis
480 1629 746 1674 constitutus3
773 1631 850 1667 viri
878 1632 1143 1670 ecclesiastici

184 1678 359 1717 libertati
385 1681 551 1726 redditi;
577 1683 689 1720 multi
716 1695 737 1721 e
761 1685 998 1723 clericorum
1018 1691 1058 1724 et
1076 1687 1146 1724 lai-

185 1743 323 1770 corum
368 1734 506 1772 ordine
527 1765 536 1781 ,
584 1737 850 1777 subversionis
897 1744 937 1777 et
976 1743 1144 1781 terroris

183 1789 365 1836 tempore
392 1789 505 1837 lapsi,
534 1790 582 1827 ad
609 1803 746 1829 veram
771 1795 954 1831 semitam
975 1795 1142 1844 reducti,

185 1841 328 1890 aliique
363 1843 528 1881 effectus
562 1845 761 1884 salutares
788 1849 938 1885 obtenti
965 1850 1141 1888 fuerunt.

184 1893 475 1934 Verumtamen
501 1898 629 1936 eidem
657 1902 896 1940 concordato
924 1916 1003 1941 non
1026 1908 1144 1953 pauci

186 1948 383 1988 adversati
398 1956 501 1989 sunt·
521 1954 822 1993 Contendebant
841 1958 919 2002 isti,
941 1958 1054 1995 Pium
1071 1961 1143 1999 VII

185 2003 225 2040 in
251 2015 321 2050 eo,
349 2008 588 2053 praesertim
614 2010 715 2057 quod
749 2011 799 2048 ad
826 2013 1057 2059 generalem
1086 2028 1142 2053 se-

185 2058 290 2095 dium
318 2061 602 2109 episcopalium
630 2065 669 2100 in
689 2065 817 2102 Gallia
836 2067 1142 2107 exstinctionem

184 2114 405 2162 spectabat,
416 2117 623 2162 potestatis
638 2130 733 2156 suae
747 2121 892 2158 limites
907 2124 1142 2162 excessisse.

185 2167 335 2206 Eorum
362 2171 638 2208 contentiones
664 2173 737 2210 hoc
762 2174 846 2223 ipso
866 2179 1046 2224 tempore
1065 2180 1142 2216 Au-

185 2223 365 2269 gustinus
399 2224 570 2261 Barrucl
604 2228 618 2249 ³
638 2255 646 2271 ‚
680 2232 720 2264 et
748 2228 889 2267 deinde
916 2231 1142 2280 Alphonsus

184 2276 417 2314 Muzzarelli
442 2280 456 2302 ⁴
484 2280 753 2319 confutarunt.

234 2331 431 2370 Postridie
465 2344 592 2372 nonas
627 2336 763 2384 aprilis
791 2338 883 2376 1803
910 2339 1063 2379 libellus
1081 2372 1090 2389 ,
1118 2354 1142 2380 a

232 2463 241 2485 ¹
269 2464 354 2498 llaec
371 2463 560 2499 reclamatio
579 2465 704 2508 integra
723 2469 865 2502 refertur
878 2469 915 2502 ab
934 2471 1068 2512 Artaud,
1085 2473 1141 2506 IIi-

186 2511 289 2544 stoire
307 2511 352 2543 du
373 2511 464 2554 Pape
483 2510 572 2545 Le‘on
589 2512 667 2555 XII,
691 2518 713 2548 ῑ.
734 2514 777 2554 11,
791 2525 822 2558 p.
835 2515 915 2555 1⁶24,
933 2522 963 2548 ct
983 2517 1137 2561 Kerstcn,

186 2556 307 2590 Journ.
335 2558 415 2590 hist.
443 2562 473 2591 et
500 2558 610 2591 litte'r.
640 2565 662 2592 t.
691 2561 760 2601 Vll,
789 2572 821 2604 p.
846 2562 928 2605 217;
948 2569 996 2596 est
1025 2574 1060 2597 ea
1086 2575 1142 2608 pc-

186 2605 398 2647 remptoriiim
418 2613 612 2648 responsum
629 2607 664 2639 ad
681 2617 750 2646 eos,
764 2609 819 2651 qui
835 2611 960 2647 dicunt,
976 2610 1009 2641 S.
1024 2610 1136 2645 Sedern

186 2659 353 2693 nunquam
373 2651 569 2685 reclamasse
586 2658 699 2686 contra
718 2656 878 2689 articulos
899 2657 1082 2694 organicos.

229 2695 243 2716 2
268 2697 299 2728 J.
319 2696 467 2737 saum-ei,
481 2698 660 2733 Me'moires
673 2701 753 2733 hist.
769 2711 828 2735 sur
843 2704 890 2736 les
905 2703 1042 2745 affaires
1055 2706 1136 2737 eccl.

185 2741 224 2774 de
251 2743 381 2776 France
397 2744 551 2785 pendant
569 2747 616 2779 les
630 2746 818 2789 premieres
835 2749 962 2783 anne'es
980 2749 1027 2781 ctu
1043 2751 1139 2784 ,l'lX0

185 2787 295 2828 siecte;
322 2789 444 2833 Ceben,
475 2791 590 2825 Pre‘cis
617 2794 802 2836 his-torique
823 2807 883 2829 sur
901 2798 933 2829 ta
950 2796 1001 2828 vie
1019 2796 1058 2829 de
1079 2800 1137 2832 I’ie

188 2835 268 2874 ‘V11;
295 2837 431 2876 Ariaud,
458 2836 604 2872 Histoire
629 2840 675 2873 du
688 2850 775 2883 pape
796 2844 854 2876 Pie
880 2843 951 2881 V11;
974 2844 1016 2877 De
1033 2846 1135 2886 Sulci,

187 2880 279 2925 Coup
303 2883 333 2916 d'
350 2885 413 2917 oeil
439 2895 498 2917 sur
523 2887 544 2919 t'
561 2887 699 2920 histoire
725 2890 805 2922 eccl.
834 2889 880 2922 du
905 2889 998 2923 ΧΙΧο
1024 2891 1135 2933 siecle;

185 2927 280 2964 Card.
296 2933 411 2972 Pacca,
439 2933 599 2966 Memorie
625 2934 769 2968 storiclte
795 2936 930 2970 intorno
947 2938 982 2970 at
1000 2939 1139 2982 Pontifi-

184 2980 259 3010 cato
277 2977 312 3011 ‹12'
331 2980 389 3012 Pio
413 2980 488 3019 VII,
508 2980 742 3023 Nap0111850.

230 3027 244 3047 ²⁵
269 3025 320 3057 Du
340 3026 428 3068 Pape
447 3029 478 3059 et
497 3027 536 3059 de
554 3037 604 3059 ses
619 3027 726 3060 droits
740 3028 908 3070 reliyi‘eusc
923 3027 942 3062 α’
957 3033 1137 3067 l'occasion

187 3068 232 3101 du
251 3069 453 3111 Concordat,
471 3074 561 3106 Paris
580 3074 683 3110 1803,
703 3073 722 3104 2
742 3075 820 3107 voli.
844 3076 946 3109 in-80.

231 3117 243 3138 ⁴
271 3117 497 3151 Dissertation
522 3131 581 3152 sur
607 3122 690 3152 cette
707 3121 873 3161 question:
890 3122 931 3155 Le
947 3123 1136 3159 Souverain

534 133 703 170 EPOCH'A
723 142 811 171 xm.
835 144 862 170 A
883 144 1066 175 PVBLICA
1086 146 1238 178 RERVM
1256 151 1300 179 IN
1322 150 1491 181 GALLIIS
1511 154 1801 188 SVBVERSIONE

1202 221 1247 259 36
1285 223 1453 272 antiquis
1496 226 1691 277 episcopis
1732 231 1955 269 titularibus
1996 232 2151 271 Galliae

1200 277 1444 326 subscriptus
1461 309 1470 325 ,
1496 280 1536 317 in
1567 283 1699 320 lucem
1731 286 1900 332 prodiit,
1929 287 1990 323 cui
2017 287 2155 325 titulus

1201 344 1221 366 <c
1239 332 1466 371 Canonicae
1493 340 1533 372 et
1560 338 1908 377 reverentissimae
1927 342 2154 389 expostula·

1200 385 1329 424 tiones
1348 389 1450 436 apud
1469 390 1538 426 SS.
1561 390 1645 426 DD.
1664 392 1754 427 NN.
1774 393 1887 430 Pium
1905 394 2038 432 divina
2055 395 2153 431 Pro-

1199 439 1372 478 videntia
1411 442 1485 491 Pp.
1512 444 1582 480 VII
1603 457 1638 479 ».
1677 446 1991 494 Expostulabant
2024 449 2081 485 illi
2106 448 2154 486 de

1200 493 1373 532 violenta
1400 497 1604 534 titulorum
1631 511 1791 537 suorum
1820 513 1889 538 seu
1915 503 2066 540 sedium
2085 515 2156 540 ex—

1198 547 1410 587 stinctione
1428 580 1436 595 ,
1463 551 1511 588 de
1538 553 1751 590 interdicta
1778 555 1849 591 sibi
1876 556 2151 594 ecclesiastica

1198 600 1480 649 iurisdictione,
1509 605 1556 642 de
1584 607 1777 644 servitute
1802 609 1981 646 ecclesiis
1999 610 2151 647 Galliae

1198 654 1398 703 imposita,
1408 658 1454 695 de
1470 660 1718 697 Concordato
1738 666 1778 698 et
1792 662 1958 700 adiectis
1972 664 2150 700 articulis

1198 711 1411 757 organicis,
1427 713 1474 750 de
1493 715 1629 751 favore
1642 715 1836 765 episcopis
1852 717 2153 755 constitutiona-

1198 762 1295 800 libus
1323 776 1524 804 concesso.
1553 768 1704 806 Deinde
1729 771 1938 818 speciatim
1958 775 2152 820 protesta-

1198 817 1341 855 bantur
1367 827 1507 858 contra
1533 823 1849 870 Concordatum,
1868 830 2008 862 contra
2025 826 2153 863 bullas

1197 875 1235 908 et
1262 872 1417 911 litteras
1443 875 1481 911 in
1502 877 1633 913 forma
1651 878 1806 922 Brevis,
1826 878 2015 916 Ecclesia
2034 878 2152 916 Chri-

1195 924 1260 968 sti,
1290 926 1393 963 Tam
1417 930 1560 971 malta,
1594 930 1671 971 Qui
1698 931 1850 969 Christi
1877 932 2052 969 Domini.
2073 932 2154 969 Alii

1196 983 1552 1028 expostulationem
1589 985 1707 1021 libelli
1741 986 1973 1034 prodierunt
2013 998 2150 1024 mense

1195 1035 1312 1082 aprili
1330 1037 1422 1073 anni
1450 1040 1664 1087 sequentis,
1679 1041 1815 1089 quibus
1830 1041 2154 1090 subscripserunt

1197 1089 1241 1125 13
1261 1091 1408 1140 antiqui
1429 1093 1611 1132 titulares
1630 1095 1819 1145 episcopi,
1840 1096 1990 1133 tuncin
2009 1096 2156 1145 Anglia

1196 1151 1375 1193 agentes.
1395 1149 1447 1185 Hi
1466 1151 1675 1198 speciatim
1700 1151 2006 1199 expostulabant
2024 1151 2071 1189 de
2092 1163 2152 1188 ar-

1199 1203 1327 1240 ticulis
1352 1205 1555 1251 organicis
1574 1235 1582 1251 ,
1608 1205 1655 1242 de
1683 1205 1805 1253 ipsius
1837 1205 2066 1242 concordati
2092 1217 2155 1242 ar-

1197 1257 1344 1303 ticulis,
1375 1264 1564 1308 quantum
1590 1260 1798 1308 spectabat
1825 1259 1874 1296 ad
1899 1260 2002 1297 bona
2029 1261 2153 1298 eccle-

1197 1312 1386 1359 siastica,
1427 1315 1476 1351 ad
1514 1314 1785 1351 iuramentum
1825 1326 1928 1351 novo
1961 1315 2154 1362 gubernio

1197 1368 1553 1414 praestandum,ad
1564 1381 1703 1418 preces
1720 1380 1791 1418 pro
1807 1380 1853 1406 eo
1870 1369 2154 1418 praescriptas,

1196 1421 1245 1457 ad
1272 1422 1359 1459 iura
1385 1427 1425 1460 et
1452 1423 1661 1471 privilegia
1686 1423 1726 1459 in
1753 1422 1894 1460 eodem
1926 1423 2084 1470 agnita,
2114 1427 2154 1460 et

1197 1475 1386 1512 Ludovici
1411 1477 1543 1514 XVIII
1570 1477 1785 1526 regiaeque
1812 1476 1987 1514 familiae
2006 1476 2155 1514 iuribus

1197 1529 1390 1577 opposita.

1245 1583 1371 1621 Porro
1412 1588 1493 1622 tum
1529 1581 1570 1621 i‘n
1591 1585 1668 1633 §is
1702 1588 1786 1622 tum
1812 1584 1853 1621 in
1879 1584 2155 1634 superioribus

1196 1639 1577 1686 expostulationibus
1604 1640 1876 1676 reclamantes
1896 1639 2003 1675 intra
2021 1639 2152 1677 mode-

1198 1693 1363 1730 rationis
1391 1693 1536 1731 limites
1563 1694 1799 1737 haeserunt,
1826 1704 2018 1740 suumque
2045 1695 2155 1731 obse—

1196 1747 1328 1795 quium
1357 1759 1456 1796 erga
1482 1748 1707 1784 Romanum
1734 1747 1970 1784 Pontificem
1989 1775 1997 1791 ‚
2023 1750 2067 1784 ut
2091 1759 2152 1784 su-

1198 1813 1382 1849 premum
1410 1802 1616 1839 Ecclesiae
1645 1806 1776 1850 caput,
1797 1801 1834 1837 in
1855 1800 1995 1838 iisdem
2023 1805 2154 1838 conte-

1196 1857 1416 1893 stabantur.
1447 1857 1610 1904 Insuper
1637 1857 1676 1901 ii,
1705 1857 1784 1904 qui,
1812 1855 1997 1893 restituta
2015 1860 2154 1904 postea

1197 1910 1234 1946 in
1250 1911 1389 1948 Galliis
1407 1912 1570 1960 antiqua
1587 1911 1786 1960 dynastia,
1806 1909 1934 1946 adhuc
1953 1910 2152 1955 vivebant,

1195 1964 1296 2003 datis
1324 1966 1381 2002 vi⁰
1408 1966 1493 2002 idus
1521 1965 1750 2003 novembris
1771 1965 1861 2002 1816
1881 1964 1927 2001 ad
1948 1963 2061 2001 Pium
2080 1965 2152 2002 VII

1196 2021 1339 2058 litteris
1365 2021 1635 2066 declararunt,
1657 2024 1831 2058 mentem
1857 2030 1971 2057 suam
1990 2031 2151 2068 semper

1196 2076 1244 2112 ab
1283 2075 1392 2112 omni
1420 2087 1444 2112 a
1471 2076 1509 2112 S.
1539 2075 1640 2113 Sede
1668 2076 1881 2113 schismate
1911 2075 2033 2111 fuisse
2062 2075 2154 2112 alie-

1195 2142 1303 2167 nam.
1332 2132 1483 2167 Eorum
1510 2134 1647 2167 tamen
1687 2129 1830 2177 agendi
1858 2129 1960 2166 ratio
1988 2139 2151 2166 causam

1195 2184 1302 2221 dedit
1337 2196 1465 2222 novae
1502 2183 1682 2220 divisioni
1710 2185 1748 2219 in
1775 2183 1883 2220 clero
1912 2188 1952 2219 ct
1977 2183 2147 2231 populo,

1195 2239 1298 2276 unde
1325 2244 1457 2276 ortum
1476 2243 1537 2275 est
1556 2238 1728 2275 schisma
1746 2238 1802 2274 sic
1821 2237 1968 2274 dictae:
1990 2238 2154 2274 Parvae

1195 2293 1385 2330 ecclesiae
1425 2304 1492 2330 scu
1520 2291 2055 2336 Anti-concot·clatistaram,
2088 2291 2152 2340 qui

1194 2348 1316 2396 ipsius
1355 2347 1417 2384 Pii
1458 2347 1531 2395 Pp.
1569 2347 1639 2382 VII
1680 2346 2000 2383 communionem
2040 2345 2151 2383 dese·

1195 2406 1377 2440 ruerunt.
1407 2402 1509 2438 Huic
1535 2401 1767 2446 schismati,
1794 2401 1908 2437 cuius
1933 2404 2053 2448 caput
2079 2401 2153 2438 fuit

1194 2457 1376 2494 Andreas
1390 2455 1630 2493 Franciscus
1645 2455 1692 2492 de
1707 2454 1922 2492 Themines
1934 2484 1942 2500 ,
1960 2454 2053 2491 olim
2071 2455 2150 2504 epi-

1193 2524 1335 2560 scopus
1350 2511 1564 2555 Blesensis,
1584 2510 1852 2547 adhaeserunt
1870 2509 2005 2558 plures
2019 2520 2152 2547 sacer-

1193 2567 1306 2604 dotes
1333 2571 1374 2604 et
1399 2566 1515 2609 laici,
1544 2578 1621 2602 non
1650 2570 1805 2602 tantum
1834 2564 1872 2600 in
1899 2565 2054 2610 Gallia,
2081 2566 2149 2603 sed

1192 2622 1312 2658 etiam
1341 2622 1378 2658 in
1399 2621 1556 2669 Angba,
1576 2621 1639 2657 ubi
1659 2620 1751 2657 illud
1771 2630 1997 2668 propagare
2015 2619 2149 2657 conati

1192 2681 1282 2712 sunt
1300 2676 1374 2713 duo
1395 2675 1617 2724 presbytcri
1637 2675 1752 2719 Galli,
1775 2674 2000 2711 Blancliard
2018 2679 2058 2712 et
2075 2675 2151 2711 Ga-

1191 2730 1329 2774 sehet,
1357 2731 1444 2767 ideo
1472 2741 1496 2766 a
1523 2730 1684 2766 vicariis
1717 2728 1943 2777 apostolicis
1979 2729 2148 2777 Angliae

1190 2785 1473 2822 ecclesiasticis
1501 2786 1679 2822 censuris
1721 2784 1904 2833 perculsi.
1936 2783 2149 2821 Praefatus

1191 2839 1238 2876 dc
1264 2840 1479 2878 Themines
1498 2841 1594 2877 obiit
1612 2840 1810 2877 Bruxellis
1829 2852 1932 2877 anno
1955 2839 2060 2885 1829,
2078 2839 2148 2877 sed

1192 2896 1419 2943 priusquam
1448 2901 1686 2940 moreretur,
1715 2907 1757 2933 se
1778 2907 1868 2932 cum
1888 2896 2070 2934 Ecclesia
2088 2909 2148 2934 re-

1191 2949 1418 2986 conciliavit
1444 2952 1468 2985 ¹.

1241 3004 1297 3041 16.
1325 3003 1674 3041 Scevem'stae—In
1702 3006 1840 3054 Belgio
1868 3007 1989 3044 etiam
2018 3007 2148 3055 plures

1192 3059 1341 3104 reperti
1369 3062 1485 3103 sunt,
1524 3060 1776 3098 Concor-dato
1804 3073 1873 3098 seu
1901 3062 2029 3110 potius
2055 3062 2146 3099 arti-

1191 3113 1289 3148 culis
1317 3112 1433 3148 dictis
1460 3113 1665 3161 orgyccntcis
1700 3120 1980 3163 repugnantes.
2009 3117 2148 3154 Crevit

188 3161 322 3203 Pontise
341 3166 433 3197 a-t-it
451 3166 480 3197 le
498 3166 587 3199 droit
605 3166 644 3198 de
657 3167 774 3208 priver
794 3177 840 3201 un
859 3167 982 3210 evaque
1009 3171 1048 3204 de
1077 3182 1136 3205 son
1189 3177 1329 3202 coi-um
1351 3177 1540 3203 uumerus
1559 3168 1769 3207 occasione
1789 3171 1878 3206 novi
1900 3169 2144 3216 catechismi,

184 3205 274 3248 siege
291 3209 377 3242 dans
397 3221 443 3243 un
460 3221 516 3244 cas
536 3212 574 3245 de
595 3211 760 3246 ‚adcessite'
772 3223 861 3254 pour
878 3216 1018 3258 l'Eylise
1038 3228 1081 3250 ou
1096 3218 1136 3252 cle

183 3255 312 3295 orande
330 3256 443 3288 utilite
459 3258 474 3288 ?
491 3257 580 3290 Paris
600 3259 700 3297 1809,
722 3258 820 3291 ἑτι-80.

1236 3265 1241 3283 ¹
1272 3267 1391 3298 Ariana
1410 3269 1441 3298 el
1463 3267 1505 3299 De
1524 3268 1626 3307 Siiiel,
1649 3270 1714 3303 loc.
1733 3271 1787 3303 cit.
