2241 3473
240 124 320 162 248

189 198 276 237 fons
291 198 500 237 historicus
520 197 676 233 habitus
691 197 761 231 est.
777 195 830 231 At
845 194 960 230 modo
977 203 1143 229 consen-

187 252 291 289 tiunt
311 251 428 300 periti
458 248 597 293 critici,
626 247 908 294 Luitprandum
939 245 1011 281 sibi
1039 244 1143 281 haud

186 305 334 352 cavisse
353 316 377 340 a
391 302 563 351 partium
578 300 721 344 studio,
738 299 835 336 alios
849 297 1020 346 quidem,
1036 308 1144 345 prae-

183 357 319 394 sertim
348 355 557 392 factionem
578 352 880 396 Germanorum,
896 350 983 399 plus
1015 360 1140 396 aequo

181 409 375 452 laudasse,
392 406 501 443 Italis
521 416 630 449 vero,
652 404 821 441 maxime
841 403 1009 440 Tusciae
1038 413 1144 438 mar-

183 460 386 497 chionibus
398 462 436 495 et
446 457 594 507 Spoleti
610 457 788 502 ducibus,
798 457 1028 500 detraxisse,
1042 453 1138 490 mul-

182 517 224 550 ta
243 513 326 550 sine
346 511 489 548 iudicio
509 512 549 548 et
568 510 804 547 discretione
831 509 1048 546 secundum
1077 507 1139 543 di-

183 576 314 602 versos
342 563 553 601 factionum
566 593 575 608 ,
605 563 679 599 sibi
709 565 848 599 mutuo
879 561 1137 604 infensarum,

183 628 357 654 rumores
372 616 516 653 litteris
529 616 746 653 mandasse.
758 615 868 652 Unde
881 614 1030 650 multae
1042 624 1141 661 que-

185 671 291 706 relae
320 670 366 706 de
387 669 509 706 variis
529 668 785 706 Pontificibus
807 667 922 704 huius
950 665 1095 703 saeculi
1121 677 1144 702 a

182 722 423 770 Luitprando
439 722 638 767 collectae,
655 724 694 758 et
715 733 762 758 ex
778 733 823 757 eo
848 732 871 756 a
889 719 1021 757 multis
1043 717 1143 755 scri-

185 775 360 823 ptoribus
380 776 616 822 assumptae,
632 786 652 810 e
673 773 882 811 Flodoardi
901 772 1143 818 aliorumque

185 830 364 864 veterum
384 827 620 875 scriptorum
640 826 926 871 monumentis,
948 824 1143 862 recentio-

183 880 290 918 ribus
310 881 550 928 temporibus
569 880 609 916 in
634 879 763 916 lucem
783 879 898 915 editis
911 908 919 923 ‚
940 877 1143 914 correctae

183 935 284 971 sunt.
306 934 434 970 Tanto
456 932 580 981 magis
601 933 845 970 Flodoardus
881 932 920 968 in
950 931 996 968 iis
1015 960 1023 975 ,
1044 942 1143 978 quae

180 988 360 1034 spectant
375 987 423 1023 ad
443 987 648 1023 historiam
663 985 750 1022 RR.
769 984 1006 1021 Pontificum
1025 983 1142 1022 huius

181 1040 342 1085 aetatis,
375 1038 654 1087 praeferendus
679 1041 736 1075 est
766 1036 1024 1085 Luitprando,
1041 1036 1142 1083 quod

183 1091 279 1129 nulli
293 1091 397 1141 parti
417 1091 538 1129 fuerit
558 1091 750 1137 addictus,
763 1091 865 1139 quod
881 1089 1003 1126 fuerit
1019 1088 1143 1125 erudi-

183 1148 247 1182 tus
267 1149 307 1182 et
327 1144 534 1190 discretus,
547 1148 586 1182 et
603 1145 676 1181 hoc
697 1145 779 1192 ipso
800 1145 978 1191 tempore
991 1171 1000 1187 ,
1022 1142 1141 1190 priori

182 1209 321 1246 nempe
341 1198 457 1234 huius
487 1197 632 1235 saeculi
654 1196 824 1242 dimidio,
845 1195 1025 1233 floruerit
1049 1192 1071 1231 ¹.

237 1250 399 1299 Sergius
420 1251 478 1288 III
499 1250 738 1299 gubernavit
759 1249 975 1287 Ecclesiam
991 1248 1015 1284 7
1032 1247 1144 1284 annis

185 1306 225 1341 et
246 1304 270 1341 3
287 1303 499 1349 mensibus;
515 1303 718 1341 basilicam
733 1302 1056 1346 Lateranensem,
1069 1304 1145 1337 ter-

182 1368 250 1394 rae
271 1360 378 1394 motu
398 1356 679 1393 labefactatam
692 1386 701 1400 ,
722 1354 979 1399 restauravit,
1001 1353 1144 1391 aureis-

183 1421 258 1458 que
279 1412 318 1446 et
338 1410 536 1457 argenteis
558 1408 800 1447 ornamentis
829 1408 1054 1454 decoravit3
1075 1418 1141 1443 ec-

185 1463 343 1500 clesiam
377 1462 630 1499 Bremensem
649 1491 658 1508 ,
691 1473 808 1509 quam
838 1461 1050 1498 Formosus
1071 1460 1142 1507 Pp.

184 1515 415 1552 subdiderat
435 1515 694 1552 iurisdictioni
715 1513 997 1562 archiepiscopi
1027 1512 1142 1549 Colo-

183 1568 351 1613 niensis,
380 1567 674 1616 Hamburgensi
703 1566 994 1615 archiepiscopo
1023 1565 1143 1602 resti-

182 1621 272 1667 tuit,
289 1623 328 1658 et
345 1621 502 1668 utrique
520 1620 825 1668 archiepiscopo,
838 1618 1010 1667 Rogerio
1026 1618 1145 1655 Ham-

182 1673 368 1723 burgensi
389 1676 428 1711 et
448 1673 586 1723 Sergio
608 1672 852 1719 Coloniensi,
872 1671 1036 1721 pallium
1057 1683 1143 1708 con-

183 1727 301 1765 cessit
315 1725 342 1764 ².

208 1779 506 1825 Audito,scribit
518 1779 740 1817 Herivaeus
751 1777 986 1816 Rhemensis
999 1777 1144 1814 archie-

184 1833 367 1882 piscopus
379 1830 407 1879 ³,
418 1834 670 1881 inpartibus
685 1833 866 1869 Orientis
878 1831 1014 1868 adhuc
1026 1842 1143 1868 erro-

184 1898 263 1931 reS,
283 1886 640 1935 blasphemiasque
659 1886 796 1933 rejqere
813 1885 956 1922 Photii
980 1886 1025 1921 in
1047 1884 1144 1931 Spi-

184 1940 318 1976 ritum
336 1938 540 1976 Sanctum
553 1968 564 1983 ‚
583 1940 750 1976 curavit
768 1938 814 1976 cle
834 1938 1002 1974 divinae
1027 1937 1143 1974 Scri-

177 1997 335 2041 pturae
350 1992 568 2039 pharetris
597 1997 742 2029 acutas
758 1991 951 2039 proferri
968 1992 1145 2038 sayilias

177 2046 360 2093 potentis
372 2045 425 2081 acl
435 2045 756 2093 confodiendam
769 2045 829 2081 bel
834 2046 847 2081 l
852 2055 995 2081 namin
1004 2044 1148 2080 onstri

186 2096 408 2135 nascentis.
431 2097 539 2134 Diem
563 2097 657 2135 obiit
679 2097 844 2146 Sergius
860 2097 916 2134 111
934 2108 1035 2134 anno
1056 2096 1146 2142 911,

185 2153 364 2188 extremo
385 2162 518 2187 mense
540 2150 682 2187 sextili.

239 2203 302 2240 73.
323 2203 537 2240 Ecclesiae
552 2214 730 2251 ¹(sraecae
748 2208 945 2239 statas—
962 2203 1006 2239 In
1028 2201 1148 2238 eccle-

187 2257 245 2294 sia
265 2256 420 2293 Graeca
439 2257 574 2293 turbas
594 2268 736 2304 graves
759 2256 949 2292 excitavit
969 2256 1048 2292 Leo
1068 2254 1146 2291 im-

185 2311 347 2358 perator
361 2309 439 2355 V1;
457 2309 534 2357 qui,
552 2321 641 2345 cum
662 2309 740 2346 iam
761 2310 841 2345 tres
857 2320 1000 2345 uxores
1021 2307 1148 2344 duxis-

186 2364 264 2407 set,
286 2373 433 2410 eaeque
455 2374 534 2399 una
554 2364 641 2410 post
661 2362 781 2398 aliam
803 2361 1003 2406 obiissent,
1025 2371 1147 2408 quar-

185 2417 246 2452 tas
262 2415 421 2464 nuptias
437 2415 633 2452 contraxit
650 2426 736 2451 cum
753 2414 839 2451 Zoe.
858 2414 1032 2455 Quartae
1053 2424 1147 2449 vero

186 2468 344 2516 nuptiae
373 2468 587 2505 canonibus
616 2467 803 2505 ecclesiae
833 2467 1006 2504 Graecae
1035 2469 1147 2502 erant

186 2520 404 2569 prohibitae
413 2521 897 2568 ethabebanturtanquam
909 2519 1146 2568 polygamia.

188 2573 376 2611 Nicolaus
393 2574 619 2623 patriarcha
635 2574 716 2622 Cp.,
733 2574 799 2621 qui
820 2585 880 2609 an.
899 2573 976 2609 895
996 2583 1146 2609 succes-

191 2629 297 2664 serat
316 2639 346 2665 s.
367 2628 553 2672 Antonio,
568 2627 739 2676 primum
762 2626 865 2663 omni
888 2627 951 2662 via
972 2625 1145 2673 impera-

187 2682 311 2716 torem
333 2691 355 2717 a
376 2681 522 2729 nuptiis
544 2691 630 2717 cum
651 2679 724 2716 Zoe
746 2679 1015 2722 deterruerat;
1037 2677 1146 2714 dein-

188 2732 234 2769 de
255 2745 343 2769 cum
364 2733 396 2770 is
417 2734 465 2770 ad
488 2745 555 2771 eas
573 2732 814 2781 prosiliisset,
832 2732 939 2768 aditu
959 2731 1147 2767 ecclesiae

187 2785 408 2831 interdixit,
430 2788 469 2823 et
489 2787 763 2835 presbyterum
778 2815 786 2830 ,
807 2784 871 2833 qui
896 2784 1041 2833 nuptiis
1063 2783 1145 2820 istis

187 2839 879 2888 benedixerat,(leposuit.lmperator
892 2838 950 2874 ira
963 2836 1146 2885 percitus,

188 2902 251 2928 an.
274 2890 351 2928 906
379 2893 645 2939 patriarcham
674 2893 710 2928 in
744 2891 908 2928 exilium
939 2889 1144 2937 relegavit.

188 2943 378 2981 Eamdem
390 2948 535 2982 sortem
547 2946 698 2994 experti
711 2947 803 2982 sunt
812 2943 878 2981 alii
891 2942 1071 2993 episcopi,
1081 2941 1147 2991 qui

233 3061 239 3081 ¹
259 3062 296 3091 Cf
309 3061 464 3097 Muratori,
480 3060 601 3091 Annali
617 3060 757 3095 d'llalia,
778 3069 840 3091 sce.
861 3061 898 3091 Χ.

229 3102 242 3122 ⁵²
261 3103 343 3141 vagi,
365 3101 486 3133 Crilica
503 3102 540 3131 ad
559 3112 609 3133 an.
625 3102 695 3138 858,
712 3102 772 3132 895
788 3106 815 3134 et
832 3101 902 3133 915.

1166 2004 1169 2021 l

893 129 1051 156 EPOCHA
1079 127 1136 154 Vl.
1161 127 1190 153 A
1217 127 1373 154 CAROLO
1401 128 1447 154 M.

1189 202 1279 228 cum
1294 191 1458 229 Nicolao
1470 191 1627 240 nuptias
1640 192 1782 230 Leonis
1793 191 2146 241 improbabant.1n·

1189 245 1301 281 terea
1342 244 1720 291 Constantinopolim
1753 245 1998 282 advenerunt
2025 243 2147 292 legati

1188 296 1318 345 Sergii
1334 295 1391 333 III.
1408 298 1448 333 et
1464 297 1783 344 patriarcharum
1798 296 2149 343 Alexandrini,An-

1189 349 1360 385 tiocheni
1381 351 1420 386 et
1440 348 1802 398 Hierosolymitani,
1822 351 1870 387 ad
1894 361 1992 398 quos
2019 350 2147 398 impe-

1191 403 1296 438 rator
1316 402 1363 438 de
1380 402 1526 450 nuptiis
1546 401 1629 439 suis
1651 403 1853 439 retulerat.
1875 403 1985 439 Tunc
2010 403 2148 440 coacta

1190 454 1528 502 Constantinopoli
1543 455 1708 503 synodo,
1720 455 1882 503 nuptiae
1900 455 2041 492 Leonis
2057 466 2146 492 cum

1188 506 1263 543 Zoe
1285 519 1334 544 ex
1358 508 1647 556 dispensatione
1668 509 1780 544 ratae
1799 507 1958 555 habitae
1976 510 2088 553 sunt,
2107 509 2148 544 et

1190 559 1230 595 in
1250 560 1384 597 locum
1400 560 1557 598 Nicolai
1573 561 1613 597 in
1630 560 1720 597 sede
1739 560 1805 608 Cp.
1823 560 2059 608 subrogatus
2075 561 2150 598 Eu-

1189 613 1380 660 thymius3
1395 614 1499 651 unde
1515 614 1675 662 grandis
1687 612 1825 649 divisio
1837 612 1940 650 inter
1952 615 2148 661 metropo-

1189 664 1293 711 litas,
1306 666 1510 715 episcopos
1526 670 1565 703 et
1582 666 1742 703 clericos
1763 665 2056 714 patriarchatus
2067 666 2149 714 Cp.,

1189 718 1275 754 aliis
1304 730 1392 756 cum
1412 719 1589 765 Nicolao,
1606 718 1691 756 aliis
1711 730 1798 755 cum
1820 718 2038 766 Euthymio
2066 729 2148 755 sen-

1188 771 1388 809 tientibus.
1420 772 1606 809 Extincto
1637 783 1698 808 an.
1720 771 1795 808 911
1819 771 1949 808 Leone
1969 770 2049 815 VI,
2077 771 2148 808 sub

1190 823 1447 861 Constantino
1479 825 1856 873 Porphyrogeneto,
1883 823 1968 860 eius
1996 822 2078 860 filio
2108 824 2148 860 et

1189 888 1433 923 successore,
1454 877 1642 914 Nicolaus
1662 878 1889 923 restitutus,
1910 875 2149 924 Euthymius

1189 941 1284 966 vero
1301 930 1473 968 deiectus
1489 929 1577 976 fuit,
1595 930 1663 966 sed
1680 929 1817 967 divisio
1839 928 2069 977 perduravit
2090 939 2150 966 us-

1189 994 1266 1030 que
1286 983 1336 1019 ad
1366 995 1428 1020 an.
1451 983 1541 1021 920.
1574 983 1657 1020 Hoc
1687 994 1790 1019 anno
1812 980 2147 1030 Constantinopoli

1188 1035 1361 1082 synodus
1381 1036 1520 1073 habita
1540 1038 1611 1081 est,
1631 1035 1672 1071 in
1688 1047 1765 1083 qua
1781 1034 1979 1072 communi
1994 1046 2150 1072 consen-

1189 1089 1294 1125 sione
1316 1089 1486 1126 edictum
1504 1088 1589 1134 fuit,
1608 1092 1652 1125 ut
1675 1090 1843 1136 quartae
1865 1087 2024 1136 nuptiae
2044 1088 2157 1136 peni-.

1188 1144 1252 1178 tus
1273 1142 1544 1182 reiicerentur,
1563 1140 1712 1178 tertiae
1733 1140 1853 1178 etiam
1873 1152 1950 1177 non
1979 1140 2147 1189 permit-

1188 1196 1367 1232 terentur
1386 1195 1459 1232 nisi
1479 1195 1517 1231 in
1539 1194 1657 1232 certis
1679 1194 1835 1231 casibus
1857 1205 1929 1230 nec
1948 1192 2031 1230 sine
2051 1192 2150 1230 indi-

1190 1251 1253 1284 cta
1273 1248 1378 1296 parti
1399 1247 1660 1285 incontinenti
1682 1246 1926 1295 poenitentia
1941 1243 1972 1283 ‘¹.

1241 1300 1468 1338 Constantin
1476 1313 1519 1339 us
1528 1301 1896 1349 porphyrogenetus
1907 1301 2058 1347 septem
2067 1301 2149 1336 tan·

1187 1355 1271 1391 tum
1290 1355 1403 1391 annis
1420 1358 1537 1391 natus
1549 1365 1639 1391 cum
1655 1353 1756 1401 patri
1769 1352 2009 1397 succederet,
2020 1351 2148 1400 impe-

1189 1406 1294 1443 ravit
1312 1419 1436 1456 usque
1453 1408 1501 1444 ad
1518 1419 1578 1444 an.
1596 1406 1686 1443 959.
1704 1406 1802 1442 Cum
1819 1405 2042 1443 litterarum
2060 1416 2149 1441 ma-

1189 1459 1248 1507 gis
1269 1472 1389 1508 quam
1409 1460 1609 1508 regiminis
1630 1471 1766 1496 amans
1787 1460 1912 1504 esset,
1932 1469 1996 1495 res
2021 1457 2149 1506 impe-

1187 1512 1235 1548 rii
1254 1518 1463 1560 gesserunt
1480 1514 1606 1562 primo
1617 1512 1858 1557 Alexander,
1869 1514 2035 1560 patruus
2050 1511 2149 1556 eius,

1188 1566 1328 1602 deinde
1359 1566 1432 1602 Zoe
1456 1568 1581 1603 mater
1595 1595 1604 1611 ,
1627 1568 1826 1614 postremo
1847 1565 2050 1601 Romanus
2069 1563 2149 1600 Le-

1189 1619 1597 1666 capenas-Romanus
1616 1618 1782 1655 rebelles
1808 1617 1848 1653 in
1873 1617 2149 1665 imperatorem

1188 1671 1395 1719 repressit3
1417 1673 1568 1709 Arabes
1588 1671 1743 1720 saepius
1761 1670 1979 1718 superavit,
2002 1669 2152 1719 plures·

1188 1736 1263 1773 que
1277 1725 1391 1762 urbes
1402 1724 1451 1762 iis
1463 1725 1619 1774 eripuit3
1632 1725 1774 1772 quibus
1783 1724 1899 1760 rebus
1911 1722 2050 1768 elatus,
2062 1733 2150 1759 con-

1187 1778 1351 1815 sortium
1363 1778 1413 1814 im
1421 1778 1517 1826 perii
1531 1778 1818 1826 petiit‚tresque
1830 1775 1930 1813 filios
1939 1787 2032 1814 suos
2045 1786 2154 1812 crea-

1189 1830 1248 1867 vit
1267 1843 1468 1876 caesares3
1488 1843 1589 1868 anno
1611 1842 1706 1867 vero
1727 1830 1804 1867 944
1825 1841 1848 1866 a
1869 1828 2038 1877 propriis
2057 1826 2149 1865 filiis

1187 1883 1352 1933 imperio
1382 1887 1530 1922 exutus
1552 1888 1592 1921 et
1611 1884 1650 1920 in
1671 1883 1841 1920 insulam
1861 1883 2024 1919 Protam
2045 1881 2146 1918 rele-

1188 1942 1305 1985 gatus
1326 1937 1413 1974 fuit.
1434 1937 1558 1974 Paulo
1578 1939 1666 1986 post
1686 1936 1760 1986 ipsi
1780 1935 1866 1972 eius
1887 1934 1972 1981 filii,
1989 1937 2150 1984 propter

1189 1990 1323 2027 initam
1355 1991 1686 2034 coniurationem,
1707 2001 1731 2026 a
1760 1988 2019 2026 Constantino
2049 1985 2148 2024 rele-

1189 2044 1270 2092 gati
1293 2046 1394 2080 sunt.

1242 2096 1520 2134 Constantinus
1534 2096 1921 2145 Porphyrogenetus,
1938 2095 2099 2142 praeter
2115 2104 2153 2130 a-

1168 2163 1169 2170 *
1189 2149 1243 2186 lia
1263 2150 1407 2198 ingenii
1429 2150 1490 2187 sui
1511 2151 1785 2193 monumenta,
1806 2147 1966 2196 reliquit
1999 2148 2154 2184 tracta-

1188 2206 1272 2240 tum
1302 2204 1348 2239 de
1369 2203 1485 2239 rebus
1505 2202 1659 2251 imperii
1680 2204 1719 2238 et
1739 2200 1955 2238 orationem
1987 2199 2034 2237 de
2055 2199 2155 2236 ima-

1190 2256 1278 2304 gine
1299 2256 1498 2293 Edessena
1518 2267 1583 2292 seu
1606 2254 1816 2299 linteo,cui
1837 2253 1986 2302 effigies
2006 2251 2153 2290 Christi

1189 2311 1275 2345 erat
1304 2309 1503 2357 impressa.
1526 2309 1635 2345 Haec
1665 2307 1815 2355 imago,
1840 2307 2001 2355 antiqua
2033 2316 2151 2342 reve-

1190 2361 1318 2398 rentia
1339 2361 1522 2406 celebris,
1542 2373 1603 2398 an.
1626 2361 1703 2398 944
1725 2361 1772 2397 ab
1795 2359 2002 2397 Edessenis
2024 2358 2074 2396 ad
2094 2369 2154 2396 re-

1190 2414 1415 2451 dimendam
1431 2425 1566 2463 pacem
1586 2414 1747 2451 Graecis
1764 2413 1912 2450 tradita
1923 2414 1963 2450 et
1974 2422 2061 2449 cum
2077 2411 2152 2449 Sol-

1189 2467 1308 2503 lemni
1329 2469 1449 2504 ctiam
1472 2467 1675 2504 miraculis
1695 2467 1873 2504 exaltata
1892 2476 2032 2515 pompa
2052 2465 2149 2503 Con-

1190 2521 1480 2569 stantinopolim
1503 2521 1699 2557 translata
1719 2519 1795 2557 fuit
1815 2519 1844 2556 ².

1244 2574 1311 2611 74.
1351 2574 1660 2621 Hanyarormn
1703 2573 1968 2611 excursiones
1988 2591 2038 2600 --
2067 2570 2151 2608 Iam

1191 2628 1588 2664 commemoravimus
1611 2626 1736 2671 mala,
1757 2638 1856 2675 quae
1876 2625 1992 2674 longo
2022 2635 2149 2671 anno-

1192 2691 1277 2716 rum
1299 2681 1426 2728 spatio
1448 2679 1667 2717 Normanni
1694 2679 1832 2716 multis
1854 2677 2089 2716 Germaniae
2109 2678 2151 2713 et

1192 2733 1343 2769 Galliae
1365 2733 1575 2781 provinciis
1605 2730 1838 2770 intulerunt.
1862 2730 2149 2769 Non·min01·es

1192 2786 1320 2823 clades
1330 2786 1458 2822 multis
1472 2786 1701 2834 regionibus
1715 2785 1978 2834 importarunt
1990 2783 2148 2831 Hunga-

1193 2839 1235 2875 ri.
1254 2839 1302 2875 Hi
1324 2851 1344 2875 e
1361 2839 1549 2887 Scythiae
1566 2839 1708 2876 finibus
1725 2837 1887 2887 egressi,
1903 2837 1975 2874 sub
1994 2835 2145 2874 exitum

1190 2891 1335 2928 sacculi
1350 2892 1616 2941 praecedentis
1629 2893 1866 2940 occuparunt
1877 2901 2030 2928 omnem
2044 2888 2148 2926 Pan-

1192 2945 1346 2981 noniam
1386 2945 1645 2994 finitimasque
1675 2945 1872 2994 regiones,
1901 2943 2042 2992 quibus
2072 2952 2145 2980 no·-

1233 3099 1242 3119 ¹
1263 3100 1374 3130 baron.
1400 3103 1428 3129 ct
1447 3099 1525 3137 Pagi
1539 3123 1547 3136 ‚
1565 3099 1602 3129 ad
1626 3108 1674 3130 an.
1691 3097 1747 3129 901
1761 3122 1768 3134 ,
1785 3096 1864 3133 006,
1881 3094 2012 3133 920-Εζίς
2031 3093 2146 3132 Labbe,

230 3143 243 3162 ²⁴
262 3139 557 3183 Apjpapebrocmn
575 3142 702 3175 conatu
718 3142 879 3176 Chronico
895 3141 1013 3174 Hister.
1032 3151 1061 3182 p.
1077 3140 1147 3180 259,
1195 3140 1313 3172 Concu.
1334 3145 1350 3171 ι.
1371 3142 1417 3177 lx,
1435 3150 1474 3180 p..
1486 3140 1583 3180 121333
1600 3140 1707 3178 blansi,
1724 3137 1845 3171 Concil.
1862 3135 2086 3178 Supplement.

190 3193 221 3217 n.
239 3182 288 3215 13.

1222 3183 1233 3202 '—'
1252 3182 1336 3221 l‘agi,
1355 3183 1394 3213 ad
1411 3191 1459 3213 an.
1477 3181 1549 3213 944.
