2241 3473
608 183 732 215 VSQVE
759 183 812 211 AD
840 181 1033 210 EXCIDIVM
1060 180 1215 210 IMPERII
1243 180 1522 209 OCCIDENTALIS

88 252 163 291 Sed
178 261 265 289 cum
281 247 564 298 vigilantissimi
581 249 742 298 pastoris
758 249 887 298 partes
898 258 1028 284 omnes

88 305 280 354 expleret,
309 302 347 339 in
376 301 689 339 reformationem
712 301 802 338 cleri
825 299 1029 348 diligenter

87 357 349 400 incumberet,
383 366 608 404 summaque
642 354 882 403 eloquentiae
916 352 954 388 vi
990 352 1026 388 in

89 412 320 460 depravatos
366 419 491 445 mores
536 409 760 450 inveheret,
807 405 1028 449 multorum,

87 463 314 513 praesertim
331 461 528 498 Eudoxiae
545 463 730 509 augustae
745 460 784 496 et
800 458 1027 502 aulicorum,

87 515 273 554 invidiam
303 515 339 550 in
370 526 410 551 se
441 514 657 551 commovit.
692 513 856 549 Demum
889 522 950 548 res
985 522 1028 547 eo

90 569 261 611 devenit,
283 570 324 604 ut
353 567 586 615 Theophilus
614 565 833 614 patriarcha
854 564 1027 601 Alexan-

88 621 234 666 drinus,
264 621 536 668 Chrysostomo
564 619 680 656 etiam
709 617 898 662 infensus,
927 616 1027 664 quod

87 674 120 712 is
158 674 363 711 monachos
401 672 639 717 Nitrienses,
674 671 851 720 AEgypto
890 670 1027 718 pulsos,

88 732 297 776 exceperat
311 755 320 771 ,
358 726 405 762 ab
452 724 626 762 Eudoxia
662 722 1027 772 Constantinopolim

88 781 274 818 adversus
319 780 496 816 sanctum
534 777 747 826 praesulem
786 779 1027 814 evocaretur.

88 833 325 881 Theophilus
354 842 413 868 an.
443 831 518 868 403
548 830 827 879 episcoporum,
857 830 1028 878 Chryso-

89 888 211 923 stomo
230 884 486 927 inimicorum,
514 883 814 920 conciliabulum
834 883 960 931 coegit
981 882 1028 919 ad

88 938 282 980 Quercum
310 937 348 974 in
378 936 561 974 suburbio
591 948 707 985 prope
735 936 1028 980 Chalcedonem,

88 991 127 1028 in
147 1002 223 1039 quo
244 994 377 1027 contra
393 990 707 1038 Chrysostomum
725 990 919 1026 absentem
936 988 1031 1025 iudi-

88 1045 191 1081 cium
219 1043 443 1080 institutum
473 1046 542 1080 est.
563 1042 697 1080 Multis
717 1041 1028 1079 accusationibus

90 1096 187 1135 falso
216 1096 359 1141 allatis,
386 1096 683 1145 Chrysostomus
711 1096 932 1144 episcopatu
963 1094 1027 1142 Cp.

87 1149 283 1199 depositus
316 1153 356 1186 et
384 1150 431 1186 ab
460 1151 690 1197 imperatore
724 1149 888 1186 Arcadio
921 1147 1029 1185 exilii

88 1214 209 1252 poena
230 1202 438 1240 mulctatus
458 1201 542 1239 fuit.
564 1203 637 1239 Sed
659 1202 826 1238 excitato
847 1213 870 1238 a
889 1201 1028 1249 populo

88 1256 136 1294 ob
165 1255 328 1304 episcopi
356 1255 417 1292 sui
445 1254 673 1292 eiectionem
701 1254 813 1303 gravi
844 1255 1027 1300 tumultu,

86 1309 277 1347 Arcadius
296 1308 612 1357 Chrysostomum
632 1307 842 1345 revocavit.

140 1362 288 1399 Verum
319 1365 403 1410 post
427 1372 578 1398 menses
597 1360 749 1398 circiter
767 1361 792 1397 8
813 1360 1029 1409 persecutio

90 1415 126 1452 in
147 1426 176 1452 s.
198 1415 515 1463 Chrysostomum
534 1414 745 1451 recruduit.
767 1414 826 1451 Ab
842 1414 1029 1450 adversa-

89 1467 156 1506 riis
174 1474 389 1513 accusatus,
409 1467 510 1516 quod
531 1467 569 1503 in
589 1467 735 1515 synodo
759 1466 1028 1517 (conciliabulo

87 1522 135 1558 ad
164 1518 374 1570 Quercum)
407 1520 613 1570 depositus,
643 1521 786 1568 absque
815 1531 915 1557 novo
944 1520 1028 1568 epi-

88 1585 289 1622 scoporum
321 1573 481 1611 concilio
512 1573 767 1622 episcopalem
787 1573 916 1610 sedem
937 1585 1030 1609 con-

87 1626 311 1671 scendisset,
332 1626 471 1663 iterum
502 1627 705 1664 damnatus
724 1630 782 1663 est
802 1638 861 1663 an.
883 1626 972 1671 404,
992 1628 1032 1664 et

91 1679 248 1716 Arcadii
279 1679 523 1728 imperatoris
551 1679 657 1716 iussu
679 1679 873 1717 Cucusum
894 1679 933 1715 in
952 1681 1030 1716 Ar-

88 1732 216 1769 menia
235 1732 373 1769 minori
394 1733 602 1781 relegatus.
624 1733 668 1770 In
687 1732 769 1769 eius
793 1743 885 1769 vero
903 1732 1031 1769 locum

88 1785 259 1823 intrusus
279 1785 352 1822 fuit
371 1786 562 1822 Arsacius.

140 1837 437 1886 Chrysostomus
456 1839 545 1875 sede
568 1850 635 1875 sua
651 1837 833 1885 deiectus,
850 1838 1031 1875 Innocen-

87 1891 185 1928 tium
214 1891 283 1940 Pp.
305 1897 440 1929 contra
459 1891 633 1940 iniquam
653 1891 888 1929 sententiam
908 1891 1030 1939 appel-

87 1943 210 1990 lavit,
240 1943 363 1982 missis
393 1945 559 1981 Romam
587 1944 726 1993 legatis
755 1956 841 1981 cum
875 1944 1029 1981 litteris.

87 1996 322 2046 Theophilus
349 2008 500 2046 quoque
520 1997 669 2046 legatos
691 1997 738 2034 ad
760 1997 1031 2035 Innocentium

86 2049 205 2096 misit,
224 2049 288 2099 qui
308 2050 430 2087 latum
451 2050 489 2087 in
508 2051 826 2100 Chrysostomum
843 2050 1030 2088 iudicium

87 2102 350 2141 defenderent.
374 2103 560 2140 Pontifex
580 2103 881 2153 appellationem
901 2103 1029 2152 Chry-

87 2156 245 2194 sostomi
274 2156 464 2205 suscepit,
492 2157 722 2194 sententiam
742 2157 780 2193 in
801 2169 890 2194 eum
910 2157 1030 2193 latam

87 2208 243 2247 rescidit
261 2209 485 2259 legatosque
505 2209 877 2259 Constantinopolim
912 2210 1030 2255 misit,

87 2262 155 2311 qui
174 2273 330 2300 causam
350 2262 615 2312 Chrysostomi
634 2263 672 2299 in
693 2263 865 2312 legitima
884 2263 1030 2312 synodo

88 2318 375 2364 cognoscerent.
406 2318 459 2354 At
485 2315 605 2365 legat-i
625 2327 667 2352 re
688 2316 844 2362 infecta,
863 2316 1029 2353 multas-

88 2379 163 2417 que
182 2368 346 2407 iniurias
365 2371 547 2418 perpessi,
565 2370 732 2406 Romam
761 2369 909 2407 reversi
928 2371 1030 2407 sunt.

142 2421 324 2465 Arsacio,
352 2422 422 2459 sub
457 2422 607 2459 exitum
640 2434 700 2459 an.
731 2422 807 2460 405
837 2422 1030 2468 defuncto,

91 2473 277 2512 suffectus
305 2474 380 2511 fuit
399 2475 561 2513 Atticus.
584 2473 765 2523 Plerique
785 2479 915 2513 tamen
936 2476 1031 2524 Cpni

89 2529 129 2563 et
144 2526 309 2575 episcopi
329 2527 547 2565 Orientales
566 2540 687 2576 neque
707 2540 796 2565 cum
816 2529 886 2565 hoc
908 2540 1031 2576 neque

89 2590 175 2616 cum
191 2579 256 2616 illo
271 2582 620 2625 communicabant,
636 2584 771 2618 contra
786 2582 1031 2630 imperatoris

90 2632 336 2679 mandatum3
359 2634 456 2670 uncle
476 2634 620 2671 factum
641 2637 710 2679 est,
730 2637 772 2671 ut
787 2634 920 2672 fideles
935 2634 1032 2671 mul-

88 2685 119 2722 ti
138 2685 301 2723 iniurias
320 2696 460 2735 graves
479 2690 517 2724 et
536 2687 702 2736 episcopi
721 2687 848 2736 plures
868 2688 1030 2725 exilium

89 2738 275 2776 subierint
297 2737 322 2775 ¹.
605 2737 607 2739 ’

143 2791 181 2828 S.
205 2790 499 2840 Chrysostomus
519 2792 655 2830 Cucusi
676 2793 799 2831 multa
818 2805 1031 2842 perpessus,

89 2843 301 2882 translatus
316 2847 374 2882 est
390 2844 627 2891 Arabissum,
639 2846 775 2884 deinde
791 2847 1029 2895 pityuntem,

89 2897 166 2945 quo
193 2908 281 2934 cum
311 2901 500 2946 pergeret,
521 2910 542 2934 a
563 2899 744 2936 militibus
765 2899 930 2937 multum
959 2913 1029 2937 ve-

89 2952 205 2987 xatus
233 2953 272 2987 et
299 2950 494 2988 aerumnis
513 2950 707 2988 confectus
727 2965 787 2990 an.
805 2953 880 2989 407
896 2953 1030 2990 Coma-

90 3002 148 3039 nis
181 3003 362 3040 occubuit
381 3002 407 3041 ².
441 3003 634 3044 Quantum
668 3005 864 3043 doctrinae
896 3006 1027 3043 lumen

131 3094 143 3115 ¹
160 3095 275 3127 Pallad.
296 3094 364 3127 Vita
380 3104 403 3126 8.
416 3094 661 3134 Chryxostomi;
684 3095 800 3126 socrat.
814 3095 1029 3135 1.Vl‚c.18-⁶20;

92 3135 259 3172 Sozomeu„
275 3136 294 3167 l.
313 3137 387 3176 wll,
403 3147 428 3168 c.
447 3136 557 3173 17:283
574 3137 753 3167 Theodoret.
770 3137 786 3166 Ι.
805 3137 838 3172 V,
855 3146 880 3167 c.
898 3136 945 3167 34.

1884 166 1956 207 121

1075 246 1192 284 fuerit
1218 258 1246 284 S.
1278 247 1445 284 Ioannes
1464 246 1772 295 Chrysostomus,
1792 245 1937 292 quanta
1956 243 2015 280 in-

1073 300 1173 347 genii
1204 300 1285 337 eius
1315 300 1580 350 perspicuitas,
1600 300 1746 348 quanta
1774 296 1925 334 dicendi
1945 308 2013 334 co-

1075 352 1146 400 pia,
1167 356 1226 389 sat
1246 353 1410 401 probant
1431 364 1560 402 opera,
1580 364 1677 402 quae
1697 350 1854 399 reliquit
1871 348 1896 387 ¹.

1126 405 1367 443 Innocentius
1397 407 1480 454 Pp.,
1495 407 1559 455 qui
1582 408 1731 454 praesto
1750 403 1824 441 fuit
1843 403 2014 451 Chryso-

1072 459 1194 494 stomo
1215 458 1321 504 vivo,
1343 471 1415 496 non
1437 460 1559 497 defuit
1579 458 1772 495 defuncto,
1793 456 1889 494 Cum
1907 455 2014 492 Atti-

1072 521 1127 555 co,
1148 510 1213 558 qui
1234 516 1319 559 post
1339 513 1540 549 Arsacium
1563 512 1610 548 ad
1628 512 1693 560 Cp.
1711 511 1840 548 sedem
1857 512 2013 546 evectus

1073 566 1143 607 est,
1159 567 1195 599 et
1213 574 1300 599 cum
1318 563 1575 601 Orientalibus
1591 565 1789 613 episcopis,
1801 562 1864 611 qui
1876 573 2015 599 nomen

1072 615 1336 664 Chrysostomi
1353 628 1372 653 e
1387 617 1506 654 sacris
1522 618 1712 666 diptychis
1727 617 2012 666 expunxerant,

1072 668 1354 706 communicare
1374 671 1581 715 recusavit,
1597 671 1716 707 donec
1738 681 1874 706 nomen
1892 667 2014 706 sancti

1072 721 1260 770 praesulis
1290 722 1327 759 in
1357 722 1422 759 illa
1443 724 1705 768 restituerent,
1726 723 1846 771 iisque
1865 733 2014 770 expun-

1073 776 1211 823 gerent
1230 786 1365 811 nomen
1386 775 1535 813 Arsacii
1557 775 1796 824 usurpatoris
1815 774 1840 812 ².
1954 813 1958 816 .

1126 827 1230 864 Inter
1249 828 1449 876 praeclara
1469 828 1735 877 episcoporum
1756 828 1802 865 ad
1824 827 2011 877 Apostoli-

1073 891 1156 917 cam
1187 881 1326 917 Sedem
1345 880 1644 930 appellationum
1665 881 1843 929 exempla
1862 881 2011 918 celebre

1072 936 1131 970 est
1159 933 1252 970 illud
1281 945 1309 971 s.
1332 935 1384 971 Io.
1406 934 1681 983 Chrysostomi.
1703 935 2012 982 Chrysostomus,

1073 986 1138 1035 qui
1174 987 1220 1023 R.
1256 986 1454 1024 Pontificis
1489 988 1760 1024 auctoritatem
1800 986 2013 1035 requisivit,

1074 1041 1160 1076 erat
1196 1039 1258 1076 vir
1287 1052 1450 1088 magnae
1480 1040 1700 1077 sanctitatis
1732 1042 1771 1077 et
1804 1040 2015 1085 doctrinae,

1074 1092 1274 1141 episcopus
1307 1093 1412 1130 illius
1449 1093 1632 1131 ecclesiae
1650 1123 1659 1139 ,
1692 1104 1788 1141 quae
1822 1093 1898 1130 iam
1930 1094 2013 1129 tum

1074 1148 1252 1194 coeperat
1271 1147 1434 1195 gradum
1452 1146 1740 1184 Alexandrinae
1760 1148 1799 1183 et
1814 1145 2016 1182 Antioche-

1075 1211 1148 1236 nae
1164 1199 1400 1247 superiorem
1420 1200 1634 1248 postulare,
1652 1199 1862 1248 appellavit
1883 1198 2015 1246 itaque

1074 1264 1097 1289 a
1115 1252 1309 1289 sententia
1320 1252 1532 1298 Concilii,in
1544 1264 1618 1301 quo
1634 1253 1760 1289 omnia
1773 1251 2016 1301 patriarchae

1074 1305 1329 1343 Alexandrini
1359 1309 1456 1343 nutu
1477 1310 1588 1355 gesta
1607 1305 1781 1350 fuerant;
1802 1304 1950 1350 deinde,
1967 1305 2015 1341 R.

1074 1358 1256 1396 Pontifex
1279 1359 1512 1397 sententiam
1534 1359 1639 1396 illam
1658 1357 1824 1395 rescidit.
1842 1357 1935 1394 Tale
1950 1356 2021 1405 igi-

1074 1413 1139 1448 tur
1158 1414 1215 1449 est
1235 1412 1503 1461 appellationis
1523 1424 1552 1449 s.
1574 1410 1839 1460 Chrysostomi
1854 1409 2014 1456 factum,

1075 1466 1119 1501 ut
1147 1464 1387 1513 splendidum
1417 1464 1569 1502 adferat
1588 1463 1830 1513 Apostolicae
1849 1463 1959 1500 Sedis
1978 1463 2017 1499 in

1076 1517 1297 1556 universam
1315 1518 1538 1564 Ecclesiam,
1556 1518 1593 1554 in
1610 1518 1710 1566 ipsas
1725 1517 1842 1554 etiam
1857 1516 2019 1565 patriar-

1073 1570 1201 1608 chicas
1216 1572 1337 1618 sedes,
1357 1572 1559 1621 potestatis
1578 1570 1853 1608 testimonium.
1876 1569 2018 1606 Mirum

1074 1635 1166 1672 ergo
1195 1637 1270 1661 non
1301 1628 1371 1670 est,
1400 1625 1503 1662 istud
1531 1624 1753 1672 exemplum
1783 1622 2020 1672 displicuisse

1073 1677 1115 1714 P.
1131 1677 1177 1714 de
1193 1678 1328 1715 Marca
1342 1676 1369 1723 3,
1387 1677 1552 1726 Dupinio
1568 1676 1595 1723 ⁴,
1612 1676 1802 1714 Febronio
1817 1675 1845 1713 ⁵.
1856 1677 1908 1713 At
1921 1675 2018 1712 illud

1073 1730 1120 1767 ab
1140 1742 1275 1767 eorum
1304 1730 1474 1768 dicteriis
1495 1730 1651 1779 egregie
1672 1729 1920 1766 vindicarunt
1938 1727 2018 1765 Na-

1072 1783 1162 1820 talis
1180 1783 1405 1821 Alexander
1424 1782 1451 1830 ⁶,
1481 1784 1521 1822 C.
1546 1784 1676 1832 Lupus
1696 1780 1724 1829 ⁷,
1743 1782 1786 1820 F.
1808 1782 1853 1820 A.
1875 1782 2017 1819 Zacca-

1072 1836 1131 1873 ria
1152 1834 1179 1881 ⁸,
1200 1836 1266 1873 alii
1284 1835 1310 1874 9.

1127 1889 1188 1926 71.
1213 1890 1252 1927 S.
1274 1890 1539 1939 Epiphanius
1554 1911 1605 1916 —
1620 1889 1742 1926 Annis
1761 1900 1877 1937 prope
1892 1888 1916 1925 4
1932 1889 2020 1926 ante

1076 1942 1128 1980 Io.
1159 1943 1480 1992 Chrysostomum
1508 1943 1555 1980 ad
1581 1942 1839 1979 immortalem
1858 1941 2021 1990 gloriam

1072 1995 1228 2033 transiit
1257 2008 1407 2044 quoque
1436 2007 1465 2033 s.
1496 1995 1752 2045 Epiphanius,
1782 2007 1802 2032 e
1832 1995 2019 2031 monacho

1073 2048 1272 2099 episcopus
1292 2049 1542 2088 Constantiae
1567 2060 1635 2086 seu
1655 2048 1874 2086 Salaminae
1892 2047 1932 2085 in
1951 2047 2021 2098 Cy-

1116 2186 1126 2207 ¹
1153 2186 1254 2226 Opera
1271 2196 1294 2218 s.
1312 2187 1394 2218 ioan.
1412 2186 1579 2226 Chrysost.;
1595 2185 1689 2216 edidit
1705 2185 1737 2216 B.
1753 2185 1790 2216 de
1805 2184 2018 2224 Montfaueon,

1073 2228 1171 2259 Paris.
1186 2227 1426 2266 11718-11738,13
1439 2231 1459 2258 t.
1478 2228 1579 2258 in-sol.
1592 2228 1703 2267 Migne,
1717 2226 1876 2266 Patroloy.
1886 2230 2023 2266 qraect

1073 2270 1282 2300 XLVII-LXIV.
1294 2271 1462 2309 Praecipua
1478 2272 1547 2299 suut
1564 2269 1712 2298 Homiliae
1732 2268 1835 2307 plures
1850 2269 1881 2298 in
1898 2277 1922 2298 s.
1939 2268 2018 2298 Scri—

1072 2314 1193 2350 pturam
1217 2315 1246 2341 et
1274 2311 1311 2342 de
1327 2311 1395 2341 aliis
1411 2311 1614 2350 argumentis,
1631 2310 1698 2340 libri
1716 2308 1734 2339 6
1752 2308 1790 2339 cle
1806 2308 2015 2345 Sacerdotffl

1071 2353 1233 2383 Orationes
1262 2357 1369 2383 contra
1384 2353 1567 2389 Eunomeos,
1585 2351 1789 2388 Manichacos,
1806 2351 1962 2389 aliosque;
1981 2349 2017 2380 li-

1070 2393 1117 2424 bri
1138 2397 1244 2424 contra
1270 2393 1398 2424 Iudaeos
1422 2396 1452 2423 et
1479 2393 1630 2429 Gentiles;
1653 2392 1722 2422 libri
1744 2391 1781 2422 de
1797 2390 2018 2422 Providentia

1074 2434 1141 2472 Dei,
1158 2433 1195 2465 de
1215 2434 1422 2474 Viryinieate,
1438 2434 1566 2473 aliique;
1587 2433 1741 2472 Epistolae
1759 2433 1937 2471 complures.

1110 2475 1125 2496 ἢ
1140 2477 1290 2515 Diptycha
1313 2479 1401 2506 erant
1423 2475 1555 2510 tabulae,
1572 2475 1683 2514 quibus
1706 2474 1736 2504 in
1760 2474 1891 2513 singulis
1914 2472 2015 2504 eccle-

1071 2518 1123 2548 siis
1147 2518 1285 2548 vivorum
1303 2521 1333 2547 ct
1347 2519 1534 2547 mortuorum
1548 2516 1670 2546 nomina
1687 2515 1942 2546 inscribebantur.
1955 2516 2017 2545 Eo-

1073 2568 1139 2589 rum
1156 2563 1257 2589 aulem
1270 2559 1329 2589 tria
1345 2567 1460 2598 genera
1477 2559 1582 2588 crant:
1604 2557 1647 2587 lm
1672 2556 1857 2596 particulare
1873 2558 1939 2586 erat
1954 2557 2016 2596 epi-

1071 2609 1252 2639 scoporum,
1280 2608 1384 2630 eorum
1401 2601 1595 2638 praesertim,
1612 2599 1662 2637 qui
1676 2597 1841 2628 ecclesiam
1858 2597 1938 2627 illam
1955 2606 2016 2638 gu-

1072 2642 1239 2672 bernarant
1253 2650 1260 2678 ;
1276 2640 1324 2671 *zm
1346 2644 1411 2671 erat
1428 2640 1558 2677 illorum,
1574 2640 1625 2679 qui
1644 2640 1743 2669 adhuc
1761 2638 1904 2673 viventes,
1920 2637 2020 2678 digni-⁴

1073 2687 1134 2713 tate
1152 2683 1254 2722 aliqua
1271 2682 1317 2712 vel
1337 2681 1485 2712 beneficio
1502 2682 1651 2711 ecclesiae
1668 2679 1778 2710 collato
1792 2678 1950 2718 conspicui
1965 2683 2018 2710 aut

1072 2725 1132 2755 alio
1155 2725 1240 2754 titulo
1257 2723 1335 2753 bene
1351 2723 1450 2753 meriti
1468 2727 1574 2758 erant;
1591 2721 1638 2751 3111
1659 2724 1724 2751 erat
1739 2724 1937 2758 mortuorum,
1955 2722 2016 2760 qui,

1073 2767 1102 2796 in
1120 2765 1334 2796 communione
1349 2764 1501 2795 catholica
1523 2763 1728 2793 decesserant.
1752 2761 1789 2792 Cs
1801 2761 1896 2792 Card.
1912 2762 1996 2793 Bona
2009 2787 2017 2801 ,
2061 2794 2070 2801 ‚

1072 2807 1140 2839 Rer.
1157 2807 1262 2845 liturg.
1276 2806 1295 2837 l.
1316 2806 1354 2842 ΙΙ,
1372 2815 1397 2835 c.
1411 2805 1430 2836 8
1447 2810 1475 2834 et
1491 2803 1534 2834 12.

1112 2848 1125 2869 3
1141 2847 1182 2878 De
1198 2845 1346 2877 concord.
1361 2845 1488 2876 sacerd.
1505 2847 1535 2874 et
1557 2845 1667 2884 imper.
1685 2853 1709 2874 c.
1727 2843 1756 2875 9.

1112 2890 1125 2912 ⁴
1143 2889 1184 2919 De
1201 2889 1301 2928 antiq.
1315 2887 1396 2918 Eccl.
1413 2885 1533 2924 discipl.
1551 2886 1622 2916 diss.
1639 2884 1677 2922 ΙΙ,
1689 2895 1716 2916 c.
1732 2884 1759 2915 2.

1112 2931 1126 2953 5
1142 2930 1185 2961 De
1200 2929 1366 2969 praesenti
1381 2930 1467 2958 statu
1486 2926 1652 2958 Ecclesiae
1666 2926 1718 2957 lib.
1733 2926 1848 2966 singul.
1868 2935 1893 2957 e.
1904 2927 1937 2966 V,
1963 2926 2017 2968 ΞΒ.

1111 2972 1124 2994 6
1142 2971 1222 3001 nist.
1240 2970 1311 3000 eccl.
1330 2979 1410 2999 saec.
1428 2969 1470 3005 Ν,
1487 2968 1557 2998 diss.
1574 2967 1623 3006 28,
1641 2976 1728 3007 prop.
1744 2967 1772 2999 3.

1110 3013 1124 3035 7
1140 3012 1218 3043 Diss.
1237 3011 1255 3041 Ι.
1272 3011 1312 3041 de
1327 3009 1475 3049 appellat.

1110 3054 1124 3076 8
1136 3051 1334 3091 Aneifebron.
1353 3052 1371 3081 Ι.
1386 3050 1420 3088 ΙΙ,
1437 3060 1461 3080 c.
1479 3049 1513 3080 J..
1524 3049 1559 3080 Cf
1576 3050 1596 3080 Ι.
1610 3050 1643 3082 B.
1656 3049 1769 3089 Palma,
1782 3049 2014 3082 Praelecmzist.

1070 3094 1184 3126 Eccles.
1207 3098 1222 3123 ῑ.
1241 3093 1265 3129 Ι,
1282 3095 1358 3131 part.
1379 3092 1412 3130 ll,
1428 3102 1453 3121 c.
1469 3090 1515 3122 17.
1932 3109 1935 3111 <

1109 3136 1122 3157 9
1144 3135 1180 3165 Cf
1199 3134 1228 3164 D.
1248 3134 1401 3170 uervznse,
1424 3131 1473 3163 Vde
1491 3132 1527 3162 de
1542 3141 1564 3163 s.
1578 3131 1849 3172 Epiphane,1>aris
1865 3131 2014 3170 1738,1·n-

132 3175 148 3197 2
163 3177 199 3208 Cl'
225 3176 331 3209 Vitam
354 3187 377 3207 s.
395 3179 547 3208 Chrvsosl.
579 3179 607 3207 in
628 3178 769 3217 Operum
785 3179 849 3208 eius
866 3178 935 3208 edit.
953 3188 1026 3209 cura
1068 3176 1104 3214 4;
1122 3172 1482 3212 Tillernont‚.lIe'mnires‚
1505 3177 1521 3203 t.
1533 3174 1578 3204 lx.
1594 3174 1692 3213 Opera
1710 3183 1733 3204 s.
1748 3174 1908 3213 Epiphanii
1927 3182 2014 3214 grae⁴

91 3215 390 3290 pbpeffigmtsaucon,
406 3224 435 3250 ez
450 3211 530 3258 apud
547 3219 681 3260 smung.
698 3221 778 3250 Acta
794 3218 850 3250 ss.
874 3223 892 3250 ι.
910 3220 981 3258 xm,
998 3230 1027 3259 p.

1069 3227 1102 3248 cc
1125 3221 1153 3247 et
1176 3217 1267 3246 latine
1284 3215 1377 3245 edidit
1393 3214 1541 3252 Petavius,
1559 3217 1655 3246 Pari&
1677 3214 1769 3253 1622,
1793 3214 1811 3245 2
1828 3215 1884 3246 vol.
1902 3215 2014 3253 in-sol.,

1070 3260 1181 3298 migne,
1196 3256 1365 3296 Patroloq.
1383 3265 1495 3295 graec„
1513 3261 1530 3287 t.
1549 3255 1674 3288 XLI-Ill.
