2241 3473
259 141 338 179 238

211 216 284 262 set,
304 215 443 263 hicque
463 215 720 252 Hinemarum
739 212 1029 261 metropolitam
1049 222 1172 249 suum

208 267 469 317 appellasset,
496 266 731 303 Hinemarus
759 277 849 302 eum
877 265 960 302 sine
988 264 1163 302 Rothadi

209 332 402 358 consensu
432 318 629 364 restituit,
650 319 690 354 et
709 318 938 355 Rothadum
958 317 1161 354 contradi-

208 378 363 411 centem
384 371 656 408 communione
677 370 886 419 episcopali
905 370 1086 414 exclusit,
1102 370 1164 406 do-

208 437 278 462 nec
317 424 596 472 acquiesceret.
626 423 697 460 Ille
725 423 992 472 Apostolicam
1021 423 1161 459 Sedem

209 477 434 525 appellavit,
456 477 522 514 sed
543 476 778 514 Hinemarus
807 488 878 525 ope
906 476 1010 524 regis
1034 475 1163 513 Caroli

207 529 318 567 Calvi
339 529 562 577 impedivit,
583 541 630 566 ne
652 530 859 566 Rothadus
880 529 1049 566 Romam
1074 528 1162 574 iret,

207 586 246 619 et
275 584 412 618 coacta
439 594 501 619 an.
522 582 600 620 863
628 581 669 618 111
697 583 884 619 suburbio
907 580 1162 618 Suessionum

207 635 356 683 synodo
370 663 379 680 ,
401 647 490 672 eum
511 635 802 684 deponendum,
822 635 1021 682 aliumque
1039 633 1080 670 in
1100 634 1162 670 lo-

207 699 296 724 cum
316 687 401 724 eius
421 688 680 725 ordinandum
700 688 868 725 curavit.
881 687 1070 725 'Nicolaus
1090 687 1161 735 Pp.

206 740 225 777 I
244 740 292 777 iis
308 741 464 788 auditis,
483 741 742 778 Hinemarum
758 741 934 789 graviter
953 739 1163 788 reprehen-

206 792 275 839 dit,
296 794 410 840 quod,
431 794 571 841 spretis
591 794 840 842 Apostolicae
860 792 973 830 Sedis
993 792 1160 838 iuribus,

207 847 246 883 et
265 845 502 895 privilegiis,
522 846 745 895 episcopum
765 847 935 884 Romam
957 844 1162 893 appellan-

206 900 286 935 tem
307 898 483 937 iudicare
504 901 544 937 et
563 911 587 937 a
605 900 875 949 prosequenda
901 898 1162 946 appellatione

209 951 398 999 impedire
423 964 543 990 ausus
563 954 685 998 esset,
707 954 796 989 acta
816 951 956 1000 s'ynodi
978 950 1162 987 Suessio-

209 1004 340 1041 nensis
360 1005 543 1051 rescidit,
564 1009 603 1043 et
622 1006 837 1043 Hinemaro
857 1004 1022 1052 aliisque
1051 1003 1165 1041 istius

207 1057 346 1105 synodi
358 1058 547 1107 episcopis
563 1059 634 1096 sub
650 1070 775 1107 poena
790 1057 1047 1106 suspensionis
1059 1068 1164 1094 man-

208 1110 338 1156 davit,
360 1114 404 1148 ut
423 1112 650 1148 Rothadum
669 1112 776 1148 intra
795 1111 847 1148 30
867 1110 948 1148 dies
967 1109 1048 1147 sedi
1069 1121 1164 1146 suae

207 1163 463 1201 restituerent
479 1165 542 1201 vel
557 1176 644 1202 cum
661 1176 706 1201 eo
718 1165 886 1202 Romam
897 1164 946 1201 ad
958 1162 1164 1200 dicendam

207 1227 370 1254 causam
399 1217 591 1255 venirent.
619 1217 856 1254 Hinemarus
883 1216 1010 1265 primo
1037 1216 1162 1264 tergi-

210 1272 412 1315 versatus,
435 1270 525 1307 dein
554 1270 775 1308 constantia
796 1270 996 1307 Pontificis
1016 1268 1163 1314 victus,

209 1333 299 1358 cum
319 1323 503 1360 Rothado
533 1323 686 1371 legatos
707 1323 875 1360 Romam
895 1322 1015 1359 misit.
1039 1321 1163 1358 Nico-

207 1374 295 1411 laus
315 1375 386 1423 Pp.
413 1387 475 1412 an.
497 1376 574 1414 865
593 1376 633 1412 in
654 1376 835 1413 Romana
855 1375 1003 1424 synodo
1019 1374 1165 1412 Rotha-

209 1428 301 1464 dum
326 1428 511 1474 restituit,
542 1429 607 1476 qui
637 1429 771 1466 eodem
802 1441 903 1466 anno
931 1429 971 1465 in
993 1428 1160 1465 Galliam

209 1480 350 1527 redux,
370 1482 499 1518 sedem
520 1482 842 1519 Suessionensem
864 1482 1009 1530 recepit
1028 1478 1056 1519 ¹.

261 1533 510 1582 Imperiosius
521 1535 710 1582 processit
719 1534 822 1571 idem
832 1534 1068 1572 Hinemarus
1081 1545 1166 1570 con-

208 1587 272 1623 tra
291 1590 474 1635 nepotem
497 1599 629 1634 suum,
650 1587 909 1624 Hinemarum
939 1587 1161 1635 episcopum

206 1639 521 1678 Laudunensem.
544 1641 618 1677 Hic
647 1652 767 1689 quum
797 1640 1031 1688 quibusdam
1062 1639 1163 1677 acti—

206 1692 281 1729 bus
300 1692 617 1741 imprudentibus
637 1705 772 1742 regem
794 1693 981 1731 Carolum
998 1693 1161 1731 Calvum

207 1745 385 1791 graviter
400 1746 641 1792 offendisset,
657 1750 697 1784 et
717 1758 778 1784 an.
800 1746 878 1784 869
899 1747 947 1783 ad
967 1747 1164 1795 synodum

207 1798 243 1835 V
245 1799 521 1837 ermeriensem
541 1800 686 1838 citatus
703 1829 712 1846 ,
733 1799 1000 1848 Apostolicam
1021 1800 1162 1837 Sedem

209 1852 447 1900 appellasset
460 1883 469 1899 ,
490 1865 616 1901 neque
637 1865 659 1890 a
679 1864 774 1902 rege
795 1865 921 1901 neque
941 1853 990 1890 ab
1011 1853 1163 1902 episco-

207 1905 268 1952 pis
289 1907 522 1953 potestatem
544 1907 663 1943 eundi
683 1907 851 1943 Romam
873 1906 1037 1954 accepit.
1055 1907 1164 1943 Pau-

207 1956 245 1993 lo
283 1960 371 2005 post
397 1958 506 1996 iussu
535 1959 640 2007 regis
670 1959 870 1996 custodiae
898 1959 1160 2007 mancipatus,

207 2021 363 2047 omnem
381 2011 584 2049 dioecesim
604 2023 715 2049 suam
730 2011 851 2050 sacris
867 2012 1085 2058 interdixit,
1102 2013 1165 2049 do-

208 2074 278 2099 nec
298 2063 471 2101 libertati
491 2064 667 2102 redditus
683 2065 949 2112 Apostolicam
968 2065 1100 2102 sedem
1118 2077 1163 2102 a-

209 2115 293 2153 dire
314 2120 455 2164 posset.
475 2117 712 2155 Hinemarus
729 2118 964 2155 Rhemensis
984 2119 1165 2155 interdic-

207 2172 291 2205 tum
329 2169 500 2207 rescidit.
539 2171 812 2208 Laudunensis
850 2171 979 2208 multa
1011 2172 1166 2220 scripsit

209 2223 347 2258 contra
373 2223 615 2259 avunculum
645 2235 760 2260 suum
789 2226 829 2261 et
856 2224 1165 2272 metropolitam,

208 2274 469 2312 Hinemarum
498 2276 782 2321 Rliemensem,
804 2276 853 2313 ad
883 2288 981 2323 quae
1010 2277 1073 2313 hic
1099 2289 1165 2313 re-

209 2328 376 2377 spondit.
403 2329 516 2365 Anno
537 2329 614 2365 870
635 2329 873 2366 Hinemarus
894 2330 1166 2367 Laudunensis

208 2381 246 2418 in
267 2381 417 2429 synodo
437 2382 713 2425 Attiniacensi,
735 2394 755 2418 e
774 2382 822 2418 10
843 2382 1053 2430 provinciis
1073 2395 1166 2420 con-

208 2438 366 2478 vocata,
387 2434 470 2483 regi
490 2434 604 2471 fidem
626 2437 666 2472 ct
685 2435 962 2483 metropolitae
983 2447 1052 2472 suo
1074 2437 1165 2473 obe-

207 2487 664 2535 dientiam·spopondit;
699 2488 765 2524 sed
796 2488 907 2524 brevi
937 2491 1021 2536 post
1050 2488 1097 2525 de
1127 2489 1166 2525 vi

205 2540 276 2577 sibi
308 2539 413 2578 sacta
442 2543 615 2589 questus,
646 2540 947 2589 appellationem
976 2542 1026 2578 ad
1055 2543 1164 2590 Apo-

206 2593 383 2630 stolicam
410 2593 552 2631 Sedem
572 2593 821 2631 instauravit.
842 2592 959 2631 Anno
980 2598 1164 2643 sequente

206 2646 246 2683 in
275 2647 423 2695 synodo
453 2647 683 2684 Duziacensi
712 2658 847 2684 rursus
877 2659 899 2683 a
929 2658 1019 2695 reg-e
1049 2651 1087 2684 et
1117 2649 1164 2684 ab

209 2699 426 2737 Hin'cmaro
465 2701 682 2737 Rbemensi
713 2700 926 2737 multorum
957 2701 1163 2737 criminum

208 2755 427 2798 accusatus,
444 2753 616 2802 nihilque
637 2753 883 2802 respondens,
896 2753 968 2789 nisi
989 2754 1089 2801 quod
1110 2755 1164 2790 A-

208 2805 439 2852 postolicam
461 2806 599 2843 Sedem
621 2806 850 2856 appellaret,
871 2807 1070 2855 depositus
1092 2807 1164 2843 suit

211 2869 302 2894 curn
324 2859 397 2895 hac
418 2859 593 2896 clausula
611 2873 618 2896 :
642 2871 664 2896 «
684 2859 793 2897 salvo
815 2871 883 2907 per
903 2860 1035 2896 onmia
1056 2860 1162 2906 Apo-

211 2910 374 2947 stolicae
395 2911 505 2949 Sedis
526 2913 667 2949 iudicio
683 2925 719 2950 ».
745 2913 927 2960 Syuodus
957 2913 1003 2949 de
1034 2913 1162 2949 omni-

213 2964 285 3000 bus
314 2964 518 3001 certiorem
550 2966 720 3003 reddidit
746 2966 988 3004 Hadrianum
1012 2965 1083 3013 Pp.
1108 2966 1163 3011 II,

210 3028 378 3065 euinque
399 3019 623 3065 rogavit,ut
644 3019 876 3057 sententiam
899 3019 1163 3064 confirmarem

206 3069 236 3106 si
259 3082 350 3106 vero
367 3070 569 3119 iudicaret,
584 3084 740 3111 causam
758 3084 842 3110 csse
858 3074 1163 3118 retractandam,

250 3193 257 3213 ¹
277 3195 471 3235 Longueval,
490 3196 574 3228 lust.
588 3196 626 3227 aa
642 3183 771 3237 seynse
790 3196 1163 3236 G‹1lt.t.v1,e‹iu.in-4.0

909 148 1068 176 ΕΡΟΟΗΑ
1094 148 1152 175 VI.
1179 149 1208 176 A
1237 148 1394 176 CAROLO
1421 150 1464 177 M.

1203 223 1291 249 eam
1319 213 1530 250 retractari
1555 214 1709 252 iuberet
1733 215 1773 252 in
1792 215 1995 264 provincia
2015 227 2159 254 secun—

1203 264 1296 300 dum
1324 276 1473 302 morem
1501 266 1541 302 in
1570 267 1699 304 Gallia
1726 270 1937 327 receptum.
1975 269 2162 307 Pontifex

1205 328 1297 354 vero
1316 316 1357 354 in
1377 317 1520 355 litteris
1549 319 1598 355 ad
1626 319 1722 357 istos
1749 321 1948 370 episcopos
1983 322 2162 370 graviter

1205 371 1365 417 questus
1393 374 1472 416 est,
1507 372 1610 419 quod
1630 372 1862 426 ‘episcopum
1895 374 2161 422 appellantem

1204 423 1490 470 deposuissent,
1511 421 1815 473 mandavitque,
1837 428 1880 463 ut
1901 427 2160 464 Hinemarum

1204 476 1509 513 Laudunensem
1538 488 1626 513 cum
1659 479 1953 517 accusatoribus
1991 480 2160 517 Romam

1205 528 1421 566 mitterent.
1439 529 1600 566 Obstitit
1618 529 1782 567 Carolus
1796 542 1868 567 rex
1887 533 1929 568 et
1947 532 2160 570 acerrimas

1204 581 1381 626 litteras,
1414 582 1586 619 dictante
1614 582 1827 619 Hincmaro
1855 583 2092 631 Rhemensi,
2111 585 2161 622 ad

1206 633 1439 671 Pontificem
1466 634 1634 683 scripsit.
1664 635 1829 672 Ioannes
1861 636 1979 682 VIII,
2004 637 2069 684 qui
2096 649 2159 674 an.

1205 686 1282 723 872
1299 687 1498 724 Hadriano
1514 687 1551 724 II
1567 688 1768 733 successit,
1785 688 1989 725 Hincmari
2004 689 2160 727 Laudu-

1205 739 1333 777 nensis
1371 740 1653 788 depositionem
1685 740 1964 787 confirmavit3
1991 737 2160 780 Carolus

1208 803 1300 828 vero
1329 804 1403 829 rex
1433 794 1612 830 eumdem
1642 793 1847 830 excaecari
1881 795 1922 830 et
1940 793 1979 831 in
1999 794 2160 832 exilium

1206 844 1299 892 pelli
1317 845 1452 892 iussit3
1472 846 1539 882 sed
1561 858 1662 883 anno
1683 846 1761 883 878
1781 847 1950 884 Ioannes
1968 847 2066 884 VIII
2086 848 2158 884 ob-

1205 897 1286 934 lato
1315 898 1388 935 sibi
1415 875 1456 935 iri
1485 899 1633 947 synodo
1662 899 1844 937 Trecensi
1873 901 1922 937 ab
1943 899 2159 938 Hinemaro

1208 951 1453 988 Laudunensi
1473 951 1601 988 libello
1621 954 1840 1000 permotus,
1863 953 1898 989 ei
1922 954 2160 1001 potestatem

1207 1003 1463 1041 celebrandae
1479 1004 1635 1050 missae,
1646 1007 1880 1053 partemque
1893 1007 2160 1054 proventuum

1205 1055 1404 1093 Ecclesiae
1420 1057 1696 1094 Laudunensis
1713 1056 1934 1096 concessit¹
1938 1086 1947 1095 .

1259 1109 1449 1150 Quamvis
1460 1110 1697 1148 Hinemarus
1712 1110 1845 1148 iunior
1859 1112 1908 1149 ab
1924 1111 2029 1148 omni
2045 1111 2162 1160 culpa

1207 1162 1399 1199 vindicari
1420 1175 1496 1200 non
1515 1163 1646 1212 possit,
1663 1176 1737 1200 nec
1757 1164 1918 1202 Carolus
1937 1175 2008 1202 rex
2028 1176 2053 1202 a
2071 1175 2160 1202 sae-

1207 1215 1303 1252 vitia
1325 1228 1394 1253 nec
1413 1217 1651 1254 Hinemarus
1670 1217 1803 1254 senior
1822 1229 1845 1255 a
1865 1217 1986 1254 nimia
2005 1216 2160 1255 animo-

1206 1268 1322 1306 sitate
1342 1269 1521 1306 excusari
1542 1272 1751 1317 nequeunt.

1259 1322 1322 1359 56.
1340 1322 1416 1359 Scr
1420 1325 1571 1370 zpz‘ores
1587 1324 1856 1360 eccleszasticz·
1862 1344 1911 1352 --
1920 1322 2163 1360 Floruerunt

1206 1375 1411 1423 posteriori
1427 1375 1544 1412 huius
1560 1367 1712 1412 saeculi
1716 1375 1875 1413 dimidio
1887 1375 2096 1424 scriptores
2107 1387 2161 1413 se-

1207 1430 1388 1486 quentes:
1401 1427 1619 1476 Remigius,
1627 1429 1840 1466 monachus
1851 1429 2161 1466 Autissiodoren-

1206 1481 1271 1526 sis,
1291 1457 1541 1529 conscripsit:
1538 1481 1862 1519 commentarios
1853 1493 1892 1518 1n
1908 1480 2131 1526 Psalmos,
2121 1493 2162 1517 m

1207 1533 1426 1581 Prophetas
1447 1533 1683 1580 minores‚et
1702 1534 1742 1570 in
1762 1533 1946 1583 epistolas
1966 1546 1996 1571 s.
2011 1532 2161 1571 Pauli2.

1207 1585 1451 1623 Christianus
1466 1586 1714 1632 Drutmarus,
1730 1587 1944 1624 monachus
1960 1586 2163 1624 Corbeien·

1206 1639 1270 1684 sis,
1299 1639 1454 1687 scripsit
1482 1640 1811 1676 commentarium
1839 1640 1879 1677 in
1900 1639 2177 1688 Evangelium.

1207 1704 1236 1729 s.
1254 1691 1461 1738 Matthaei,
1477 1692 1691 1731 multorum
1708 1692 1851 1729 iudicio
1869 1705 1892 1730 a
1907 1692 2164 1730 novatoribus

1207 1745 1487 1793 interpolatum
1507 1745 1546 1781 in
1567 1745 1615 1783 iis
1635 1757 1734 1794 quae
1753 1747 1931 1793 spectant
1951 1745 1999 1783 ad
2015 1745 2162 1783 33.Εο-

1207 1798 1416 1836 charistiae
1432 1797 1750 1836 institutionem3.
1764 1799 1992 1836 Theodorus
2006 1798 2164 1836 Abuca-

1207 1863 1263 1895 ra,
1285 1851 1536 1899 metropolita
1557 1851 1697 1889 Cariae
1719 1852 1757 1888 in
1777 1853 1872 1890 Asia
1891 1851 2049 1901 minori,
2065 1855 2162 1888 'eru-

1207 1905 1308 1941 ditas
1336 1904 1493 1952 scripsit
1522 1904 1806 1953 disputationes
1825 1907 1962 1943 contra
1982 1904 2164 1950 Iudaeos,

1207 1957 1503 1994 Mahometanos
1520 1959 1559 1994 et
1575 1957 1825 2004 haereticos&
1841 1958 2028 1995 disseruit
2042 1956 2163 1994 etiam

1208 2011 1254 2047 de
1273 2009 1414 2046 unione
1435 2009 1704 2047 incarnatione
1721 2010 1846 2048 Verbi
1861 2009 1887 2048 ⁵.
1913 2010 2163 2056 Hinemarus,

1207 2063 1520 2111 archiepiscopus
1549 2064 1801 2109 Rhemensis,
1821 2063 1884 2100 vir
1904 2064 2062 2108 doctus,
2082 2063 2163 2108 sed,

1209 2117 1266 2153 uti
1295 2115 1478 2162 diximus,
1504 2116 1762 2165 imperiosus,
1792 2116 1948 2165 scripsit
1975 2116 2089 2164 plura
2116 2116 2165 2153 de

1209 2168 1566 2217 praedestinatione
1596 2172 1735 2206 contra
1763 2168 2094 2214 Gothescalcum,
2119 2169 2166 2206 de

1208 2221 1455 2259 institutione
1483 2222 1609 2269 regis,
1638 2225 1678 2259 et
1707 2223 1753 2258 de
1783 2221 1868 2258 aliis
1898 2221 2164 2270 argumentis,

1206 2275 1416 2323 pluresque
1433 2273 1650 2322 epistolas⁶.
1669 2274 1887 2324 Remigius,
1907 2273 2181 2322 archiepisco-.

1207 2339 1278 2376 pus
1299 2327 1587 2375 Lugdunensis,
1607 2327 1718 2364 cuius
1739 2330 1876 2364 extant
1896 2327 2044 2376 aliquot
2064 2338 2165 2376 opu-

1207 2381 1315 2417 scula
1333 2380 1380 2416 de
1402 2381 1760 2427 praedestinatione
1773 2410 1782 2423 ,
1803 2391 1902 2428 quae
1923 2383 2055 2417 tamen
2076 2379 2165 2428 plu-

1207 2445 1267 2470 res
1289 2432 1432 2471 eruditi
1455 2433 1488 2469 ei
1519 2433 1746 2471 abiudicant
1767 2431 1793 2470 ⁷.
1817 2435 1950 2482 Lupus
1968 2432 2164 2470 Servatus

1206 2486 1326 2523 abbas
1347 2486 1625 2532 Ferrariensis,
1645 2487 1683 2523 in
1702 2485 1881 2524 doctrina
1901 2488 1940 2523 et
1959 2484 2166 2533 disciplina

1207 2539 1404 2576 Ecclesiae
1434 2540 1738 2585 versatissimus,
1761 2538 1943 2576 disseruit
1970 2538 2017 2574 do
2045 2548 2165 2586 prae-

1207 2592 1469 2629 destinatione
1488 2622 1497 2637 ,
1537 2592 1700 2640 aliisque
1741 2591 2034 2640 quaestionibus
2050 2619 2060 2637 ,
2094 2602 2166 2628 sua

1206 2650 1337 2683 aetate
1355 2645 1393 2681 in
1412 2645 1541 2682 Gallia
1558 2646 1673 2683 motis
1687 2644 1713 2682 ⁸.
1731 2645 1831 2690 Ado,
1847 2657 1868 2681 e
1888 2643 2078 2681 monacho
2094 2643 2165 2680 Be-

1208 2699 1406 2735 nedictino
1445 2699 1648 2747 opiscopus
1679 2697 1916 2736 Viennensis
1945 2697 1984 2733 in
2013 2695 2164 2742 Gallia,

1205 2751 1327 2789 edidit
1349 2752 1674 2800 martyrologium
1697 2753 1737 2789 et
1756 2749 1995 2788 breviarium
2015 2747 2166 2786 chroni-

1246 2868 1556 2907 11,υηξῑ1ι(·1ιι11,111111.

1247 2910 1430 2942 2ΒὶΙιΙίωὶΙι
1449 2910 1509 2942 ΡΙ).
1527 2914 1546 2939 i.
1565 2910 1631 2946 XV;
1648 2909 1737 2939 Card.
1754 2908 1823 2944 Mai,
1836 2906 1995 2947 Scriptor
2012 2908 2071 2938 tel.
2087 2906 2164 2937 tvl.

1246 2952 1403 2982 3ll=id.t1s
1417 2953 1459 2983 liu
1478 2953 1603 2988 1οιϊ,οιι
1622 2934 1664 2982 ’De
1680 2932 2166 2988 [suchat-ism.11;n1igne,1‘a-

1207 2994 1278 3024 1102.
1295 2993 1395 3024 Imm,
1411 2997 1430 3023 1.
1443 2993 1510 3023 CVI.

1246 3037 1258 3057 ⁴
1276 3037 1392 3065 Gracco·
1409 3038 1438 3064 ct
1455 3033 1564 3072 latine,
1582 3032 1750 3073 lngolslad.
1769 3029 1861 3062 1606.

1245 3077 1258 3097 5
1277 3077 1372 3105 ivn-is.
1393 3075 1479 3105 11385.

1246 3119 1260 3138 ὓ
1279 3119 1297 3146 Ι·
1302 3118 1372 3146 :wis
1395 3115 1481 3153 lust»,
1491 3115 1509 3146 2
1529 3125 1554 3146 v
1572 3116 1618 3146 in·
1605 3115 1685 3154 -sol.;
1701 3115 1810 3155 Migne,
1825 3113 1884 3144 loc.
1898 3113 1947 3144 011.
1960 3115 1980 3144 t.
1997 3112 2117 3144 cxxv-
2119 3111 2166 3142 VI.

1245 3159 1334 3197 7Mi·
1328 3168 1387 3194 ιι.,ι
1403 3158 1475 3187 iluid.
1493 3162 1510 3187 ι
1529 3157 1628 3186 (XXI.

1246 3201 1370 3230 ”l’aiisz
1393 3197 1468 3229 iuuit
1485 3199 1678 3237 ctAutvcrp.
1696 3195 1788 3234 17103
1805 3197 1916 3236 migne,
1932 3195 2006 3227 ibid.
2022 3198 2041 3226 t.
2059 3194 2131 3226 Clx.
