2241 3473
402 125 527 157 VSQVE
554 127 608 154 AD
637 125 839 154 PVBLICAM
867 124 1011 154 RERVM
1040 124 1083 151 ΙΝ
1111 125 1266 155 GALLus
1296 127 1599 156 SVBVERSIONEM

77 192 181 243 quod
207 191 434 230 Monasterii
462 193 501 229 et
528 191 780 241 Osnabrugae
807 192 847 230 in
875 192 1016 231 XVest-

76 245 206 296 phalia
231 244 351 282 fuerit
371 243 559 282 confecta.
583 246 660 283 Per
678 257 764 282 eam
784 245 939 294 quidem
961 255 1016 281 re-

77 298 213 337 stituta
243 300 303 335 est
333 297 570 335 Germaniae
599 298 890 346 tranquillitas,
919 301 958 336 et
993 308 1015 334 a

76 350 188 389 bellis
215 350 397 388 civilibus
427 354 642 396 cessatum,
670 353 736 389 sed
767 364 841 389 non
872 352 1016 400 exigua

77 404 310 442 detrimenta
330 404 541 442 catholicae
561 405 615 442 rei
635 404 745 442 illata
759 407 859 442 sunt.
878 405 920 442 Iu
937 404 1014 453 pri-

76 457 151 496 mis
171 469 246 507 pax
266 460 510 507 Augustana,
538 469 655 506 quam
685 469 786 495 anno
818 457 919 495 1555
938 459 1014 495 Ca-

75 510 183 548 rolus
203 511 238 548 V
259 523 347 548 cum
370 511 672 560 protestantibus
692 510 859 548 confecit
880 509 906 556 ¹,
925 523 1015 548 con-

75 563 230 602 firmata
249 567 369 609 est,et
386 564 504 601 etiam
521 564 569 601 ad
586 563 820 601 Calvinistas
841 567 1012 609 extensa,

75 620 193 666 atque
212 617 251 654 in
272 617 494 655 universum
517 616 695 654 absoluta
714 616 1013 662 Catholicorum,

76 670 389 708 Lutheranorum
410 674 449 707 et
468 670 772 708 Calvinistarum
789 669 1014 718 aequalitas,

76 727 160 761 tum
178 724 217 761 in
236 723 435 772 religionis
455 724 622 772 negotio,
642 726 724 761 tum
740 723 779 760 in
808 724 923 760 rebus
943 735 1013 772 po-

75 776 192 815 liticis
212 780 252 814 et
271 777 464 821 civilibus
481 777 651 814 decreta.
664 775 929 814 Constitutum
946 777 1016 821 est,

75 833 119 868 ut
135 830 176 868 in
196 830 373 867 omnibus
388 830 492 876 locis,
503 833 616 868 extra
630 833 757 867 terras
772 830 1012 873 Austriacas,

76 883 200 922 omnis
219 895 266 921 ea
284 883 420 932 religio
441 883 640 932 publicum
667 883 900 921 exercitium
921 895 1013 920 con—

76 939 377 985 servaret,quae
389 936 487 974 illud
499 937 699 974 obtinebat
707 936 854 974 calend.
863 937 1014 974 ianuar.

78 990 197 1037 16243
217 994 257 1028 et
275 1002 406 1028 omnes
435 990 638 1035 eeclesiae,
659 990 915 1044 episcopatus,
944 990 1016 1026 ab-

74 1043 218 1089 batiae,
238 1043 422 1094 capitula,
451 1043 627 1092 collegia,
656 1043 908 1089 xenodochia,
929 1054 1014 1080 mo-

75 1097 266 1143 nasteria,
285 1108 372 1134 cum
392 1098 474 1134 suis
492 1097 643 1134 iuribus
672 1100 712 1134 et
740 1097 867 1142 bonis,
887 1101 1015 1134 essent

76 1162 210 1188 eorum
224 1180 233 1196 ,
252 1150 334 1188 sive
355 1150 665 1188 Protestantium
692 1150 774 1187 sive
794 1149 1014 1188 Catholico-

75 1215 186 1250 rum,
215 1204 317 1252 apud
346 1215 441 1251 quos
469 1206 580 1240 erant
609 1203 746 1241 iisdem
776 1203 924 1241 calend.
954 1204 1017 1240 ia-

76 1268 186 1294 nuar.
209 1257 323 1295 1624.
345 1257 389 1294 In
410 1256 583 1294 ecclesiis
611 1259 652 1294 et
671 1257 850 1305 capitulis
869 1257 1016 1301 mixtis,

75 1310 114 1348 in
135 1310 276 1359 quibus
297 1310 360 1347 alii
383 1313 574 1356 veterem,
599 1310 664 1347 alii
685 1322 827 1347 novam
856 1310 1018 1359 religio-

76 1375 166 1401 nem
193 1363 500 1413 profitebantur,
535 1364 715 1401 decretus
752 1370 811 1401 est
844 1364 1018 1412 aequalis

75 1415 292 1455 titularium
308 1421 348 1455 et
363 1417 634 1454 canonicorum
651 1417 853 1466 utriusque
870 1417 1015 1466 religio-

75 1471 136 1508 nis
168 1482 365 1508 numerus.
394 1470 608 1508 Praeterea
641 1471 1016 1520 compensandorum

76 1527 302 1573 sumptuum
332 1523 562 1561 bellicorum
590 1536 706 1561 causa
723 1554 733 1569 ,
772 1524 903 1573 plures
931 1525 1017 1572 epi-

76 1580 257 1626 scopatus
279 1589 368 1614 cum
388 1578 552 1615 abbatiis
580 1577 619 1614 in
649 1578 814 1615 ducatus
842 1581 882 1615 et
908 1578 1017 1626 prin-

76 1631 230 1680 cipatus
258 1631 478 1668 saeculares
512 1631 688 1668 conversi
718 1634 757 1668 et
785 1631 1018 1680 principibus

75 1684 285 1722 haereticis
319 1685 490 1722 concessi
525 1687 626 1721 sunt.
660 1684 724 1721 Sic
763 1695 833 1721 rex
868 1685 1018 1722 Sueco-

76 1749 178 1783 rum,
196 1739 346 1786 praeter
363 1738 652 1782 Pomeraniam,
669 1738 915 1786 episcopatus
931 1739 1021 1775 Bre-

78 1802 251 1828 mensem
267 1793 306 1828 et
321 1792 562 1828 Verdensem
576 1805 584 1837 ;
600 1792 773 1828 marchio
791 1804 859 1828 seu
875 1792 1021 1829 elector

77 1844 416 1894 Brandeburgicus
444 1845 686 1893 episcopatus
707 1845 1020 1894 Magdeburgen-

77 1909 173 1943 sem,
201 1897 600 1943 Halberstadiensem,
620 1898 862 1935 Mindensem
890 1901 928 1934 et
948 1899 1021 1936 Ca-

78 1951 317 1998 minensem;
346 1952 462 1989 duces
482 1951 1021 2000 Brunsvico-Lunaebergen-

79 2016 141 2042 ses
160 2004 322 2042 alternis
351 2005 501 2042 vicibus
529 2005 794 2053 episcopatum
824 2006 1020 2042 Osnabru-

79 2069 258 2106 gensem3
278 2059 359 2095 dux
375 2058 728 2107 Megalopolitanus
745 2059 1020 2096 Suerinensem

81 2116 120 2148 et
135 2111 500 2161 Raceburgensem3
521 2112 766 2160 lantgravius
786 2112 1020 2150 Hasso-Cas-

77 2164 248 2202 sellanus
284 2165 481 2203 abbatiam
520 2164 860 2212 Hersfeldensem3
905 2166 1021 2203 duces

81 2217 372 2267 Brunopolitani
387 2218 620 2256 monasteria
636 2218 968 2256 de-XValkenried
984 2223 1022 2256 et

84 2271 333 2321 Groeningen
363 2273 597 2309 retulerunt.
628 2272 703 2313 Qui
731 2273 922 2321 principes
957 2284 1022 2310 re-

83 2321 237 2372 ligionis
257 2325 468 2363 catholicae
495 2325 703 2373 reliquias,
731 2327 771 2362 in
799 2325 876 2363 illis
905 2326 1022 2364 terris

84 2377 329 2425 superstites,
347 2379 459 2416 brevi
486 2380 662 2427 tempore
692 2378 933 2417 deleverunt.
956 2380 1019 2416 In-

82 2431 285 2468 nocentius
303 2431 373 2480 Pp.
394 2432 434 2468 X
460 2431 680 2469 huiusmodi
709 2433 815 2480 pacis
844 2433 1020 2470 conditio·

83 2484 194 2521 nibus
214 2484 352 2522 merito
372 2485 612 2530 reclamavit,
635 2497 799 2534 eamque
820 2486 867 2522 ad
891 2490 1022 2534 poste-

83 2548 215 2574 rorum
236 2538 463 2575 memoriam
484 2538 587 2575 edito
608 2539 819 2586 diplomate
835 2539 1024 2587 improba-

83 2590 152 2628 vit.
192 2591 475 2628 Verumtamen
508 2603 584 2640 pax
618 2591 890 2641 Westphalica
918 2604 1023 2630 rece-

82 2646 150 2692 pta
165 2650 238 2689 est,
257 2648 298 2681 et
314 2644 492 2693 deinceps
507 2645 546 2680 in
561 2645 747 2683 societate
762 2657 954 2694 europaea
965 2646 1026 2684 ius

84 2696 282 2745 publicum
296 2709 364 2734 seu
381 2701 554 2746 systema
565 2698 764 2745 politicum
784 2699 987 2737 constituit
997 2698 1023 2737 ².

135 2750 171 2788 7.
187 2751 416 2799 Relaeyz'onz‘s
430 2756 562 2788 status
587 2752 631 2789 in
648 2753 804 2800 Anylz'a
817 2773 865 2780 —
882 2752 925 2788 In
943 2755 1023 2790 An-

84 2802 162 2851 glia
181 2808 268 2852 post
286 2804 469 2841 Iacobum
491 2804 522 2848 I,
542 2804 607 2851 qui
626 2804 722 2842 obiit
743 2817 803 2842 an.
829 2805 943 2850 1625,
959 2818 1024 2843 re-

84 2857 220 2905 gnavit
240 2857 402 2895 Carolus
422 2857 452 2901 1,
471 2857 575 2894 filius
597 2858 694 2903 eius,
715 2858 781 2906 qui
802 2859 937 2896 eodem
959 2871 1022 2896 an-

85 2920 134 2946 no
163 2909 373 2948 Henricam
403 2910 592 2948 Franciae
605 2940 614 2957 ‚
634 2910 794 2948 Henrici
816 2912 870 2949 IV
890 2911 1024 2960 filiam,

126 3021 136 3043 ¹
155 3021 217 3052 Vid.
237 3032 263 3062 p.
283 3021 352 3054 163.

124 3061 140 3083 2
157 3064 261 3100 Adam,
277 3065 407 3095 Arcana
423 3064 510 3103 pacis
528 3062 771 3104 ll'eslphalicae,
785 3066 924 3098 Francos.
936 3067 1023 3108 1693;

86 3103 174 3144 alias,
190 3104 348 3137 Historica
373 3105 486 3136 relatio
512 3104 549 3135 de
570 3105 799 3145 pacificatione
819 3107 1025 3150 osnabruyo-

85 3143 335 3185 Monasleriensi,
348 3146 436 3185 1737;
450 3147 482 3178 G.
493 3147 525 3177 fl.
536 3148 706 3188 Bougeant,
721 3147 860 3181 Histoire
873 3150 915 3182 du
932 3151 1022 3183 Trai-

89 3184 117 3217 τέ
131 3185 169 3219 de
189 3187 388 3229 Westphalie.
878 3199 882 3203 “

1867 116 1941 155 221

1064 201 1223 229 uxorem
1253 192 1377 231 duxit.
1407 193 1516 231 Haec
1544 205 1635 231 cum
1664 194 1764 232 esset
1782 192 1997 238 catholica,

1062 245 1160 290 apud
1184 257 1317 295 regem
1337 247 1477 293 effecit,
1495 249 1537 284 ut
1549 246 1840 285 Catholicorum
1859 246 1996 284 condi-

1062 296 1114 333 tio
1150 298 1187 335 in
1216 300 1361 349 Anglia
1388 300 1672 349 aliquantulum
1701 300 1914 349 proficeret.
1948 300 1998 338 At

1063 352 1145 398 post
1172 351 1328 401 aliquod
1357 356 1508 402 tempus
1537 366 1587 391 ex
1615 353 1784 393 dissidiis
1807 352 1997 402 religiosis

1062 403 1219 450 politica
1239 408 1372 444 secuta
1394 411 1497 453 sunt,
1514 418 1677 456 regnum
1694 407 1802 444 bellis
1818 406 1998 444 civilibus

1061 457 1305 505 exagitatum
1326 462 1398 504 est,
1418 460 1573 509 ipseque
1595 473 1664 499 rex
1685 472 1746 499 an.
1774 460 1875 499 1649
1894 472 1917 498 a
1932 471 1999 498 se-

1063 513 1156 547 natu
1177 511 1315 560 capitis
1335 512 1552 551 damnatus.

1113 563 1278 610 Etenim,
1299 568 1455 612 praeter
1474 566 1757 615 Episcopalium
1779 578 1845 604 seu
1862 566 1999 616 Angli-

1061 627 1244 654 canorum
1273 621 1313 655 et
1332 618 1726 668 Presbyterianorum
1745 632 1812 657 seu
1834 620 1994 657 Purita-

1063 680 1197 706 norum
1219 673 1358 717 sectas,
1376 671 1416 708 in
1436 672 1578 721 Anglia
1597 677 1716 711 enata
1734 676 1792 710 est
1810 677 1917 711 secta
1932 673 2001 710 In-

1061 721 1372 771 dependentium.
1404 726 1510 763 Haec
1539 726 1641 763 inter
1662 726 1871 764 Puritanos
1891 726 1996 765 circa

1061 786 1123 813 an.
1156 776 1269 821 1581,
1294 780 1454 816 auctore
1473 780 1646 817 Roberto
1667 780 1861 826 Brownio,
1881 791 1999 829 prae-

1061 828 1233 867 dicatore
1248 830 1288 867 in
1304 832 1491 870 comitatu
1508 833 1749 879 Norvicensi,
1762 833 1915 870 initium
1933 845 2000 871 ce-

1061 881 1128 930 pit.
1158 883 1405 922 Brownistae
1433 886 1631 935 principiis
1661 886 1931 924 democraticis
1953 899 2000 924 a-

1062 936 1245 975 narchica
1283 939 1598 986 substituerunt3
1628 951 1703 976 non
1732 942 1885 977 tantum
1913 940 1999 989 epi-

1061 1001 1279 1038 scoporum,
1308 992 1373 1029 sed
1399 993 1517 1030 etiam
1537 993 1850 1042 presbyterorum
1871 998 1910 1030 et
1928 1005 1998 1043 sy-

1062 1044 1247 1081 nodorum
1279 1045 1552 1084 auctoritatem
1590 1046 1818 1091 reiiciebant
1835 1060 1844 1092 3
1883 1047 1998 1084 doce-

1061 1097 1172 1143 bant,
1193 1099 1373 1145 quemvis
1393 1103 1548 1137 coetum
1569 1099 1873 1137 ecclesiasticum
1895 1112 1918 1137 a
1936 1112 2002 1137 re-

1061 1149 1176 1198 liquis
1204 1152 1380 1189 omnibus
1408 1165 1563 1202 prorsus
1587 1153 1914 1202 independentem
1933 1165 1997 1191 es-

1061 1215 1114 1249 se3
1143 1205 1430 1252 praedicatores
1450 1219 1473 1244 a
1492 1206 1654 1255 singulis
1675 1207 1846 1245 cuiusvis
1866 1211 2000 1244 coetus

1063 1258 1244 1295 membris
1263 1262 1445 1297 votorum
1465 1258 1692 1309 pluralitate
1709 1261 1999 1298 constituendos

1061 1313 1099 1348 et
1127 1323 1196 1360 pro
1219 1312 1381 1350 arbitrio
1401 1313 1678 1359 destituendos,
1699 1317 1738 1352 et
1757 1316 1913 1362 praeter
1934 1325 1998 1351 eos

1061 1364 1200 1411 cuivis,
1221 1366 1304 1403 sine
1324 1378 1442 1404 sexus
1462 1371 1502 1404 et
1521 1368 1750 1405 conditionis
1769 1367 2000 1413 discrimine,

1062 1418 1119 1455 ius
1138 1429 1220 1456 esse
1241 1420 1497 1458 annuntiandi
1519 1421 1693 1458 divinum
1715 1421 1892 1465 verbum,
1912 1432 2001 1458 mo-

1063 1473 1109 1508 do
1139 1483 1178 1508 se
1208 1473 1255 1510 ad
1284 1472 1382 1511 illud
1408 1485 1430 1510 a
1449 1474 1598 1521 Spiritu
1618 1475 1656 1512 S.
1678 1474 1801 1512 afflari
1823 1474 1998 1512 sentiret.

1063 1525 1175 1562 Unde
1204 1525 1320 1575 paulo
1349 1531 1435 1575 post
1463 1527 1786 1576 Independentes
1814 1528 1999 1576 appellati

1062 1581 1163 1616 sunt.
1194 1579 1406 1618 Praeterea
1425 1583 1599 1619 caeteras
1620 1581 1875 1619 ecclesiastici
1895 1581 2002 1631 regi-

1066 1632 1177 1670 minis
1197 1632 1341 1670 formas
1357 1634 1495 1672 ardore
1512 1634 1681 1672 fanatico
1698 1635 2003 1680 detestabantur,

1064 1685 1112 1722 ad
1141 1698 1237 1734 quas
1266 1687 1508 1735 abrogandas
1537 1688 1655 1725 etiam
1680 1688 1760 1725 vim
1780 1689 1818 1725 in
1839 1689 2003 1737 Episco-

1064 1739 1170 1788 pales
1199 1740 1435 1778 adhibebant
1459 1746 1498 1778 et
1517 1741 1556 1778 in
1575 1741 1699 1790 ipsam
1720 1741 1896 1790 reginam
1917 1742 2003 1779 Eli-

1065 1793 1267 1830 sabetham
1296 1794 1595 1832 invehebantur.
1626 1795 1871 1844 Quapropter
1901 1807 2004 1833 non-
2061 1812 2063 1814 ·

1067 1846 1163 1883 nulli
1194 1858 1328 1888 eorum
1361 1851 1486 1885 morte
1516 1848 1695 1885 mulctati
1723 1852 1840 1894 sunt,
1870 1848 1935 1885 alii
1966 1849 2004 1886 in

1066 1900 1243 1949 Belgium
1260 1900 1501 1938 foederatum
1518 1901 1791 1950 confugerunt.
1809 1903 1880 1939 An.
1902 1902 2002 1939 1610

1066 1954 1228 1991 Ioannes
1257 1954 1478 2001 Robinson,
1499 1955 1680 2004 Lugduni
1696 1955 1936 1992 Batavorum
1959 1968 2005 1993 a—

1065 2008 1142 2055 pud
1171 2010 1326 2045 coetum
1354 2008 1508 2045 illorum
1539 2009 1803 2056 praedicator,
1824 2009 2004 2055 offensus,

1065 2061 1167 2110 quod
1183 2061 1239 2098 sui
1259 2072 1412 2099 omnem
1433 2062 1709 2111 principiorum
1724 2062 2003 2100 Brownistico-

1066 2125 1150 2150 rum
1180 2115 1464 2161 mitigationem
1493 2116 1723 2162 reiicerent,
1753 2117 1791 2153 in
1820 2116 2000 2165 Angliam

1066 2168 1193 2213 rediit,
1213 2171 1252 2205 et
1271 2168 1434 2206 Londini
1454 2169 1622 2217 primum
1642 2172 1795 2206 coetum
1814 2170 2003 2218 Indepen-

1066 2221 1240 2258 dentium
1261 2222 1443 2260 condidit.
1464 2223 1515 2259 Hi
1535 2223 1744 2260 Brownisti
1765 2223 1804 2259 in
1826 2235 1870 2260 eo
1890 2225 2003 2260 erant

1067 2274 1238 2312 mitiores
1255 2304 1265 2321 ,
1294 2276 1396 2323 quod
1425 2276 1608 2314 ecclesias
1625 2306 1634 2322 ,
1664 2289 1686 2313 a
1713 2288 1782 2314 sua
1802 2275 2003 2325 regiminis

1066 2327 1190 2365 forma
1209 2328 1374 2375 alienas,
1395 2342 1471 2366 non
1492 2330 1585 2367 adeo
1605 2341 1651 2367 ac
1671 2329 1728 2367 illi
1746 2330 2004 2378 impeterent,

1068 2393 1192 2430 neque
1213 2382 1337 2420 cuivis
1358 2395 1427 2432 pro
1447 2383 1631 2420 concione
1651 2383 1803 2420 dicendi
1825 2385 2001 2432 potesta-

1066 2438 1145 2472 tem
1165 2434 1353 2474 facerent.
1604 2477 1614 2487 ,

1120 2488 1242 2525 Porro
1272 2489 1581 2537 Independentes
1610 2501 1732 2537 aeque
1758 2501 1802 2526 ac
1823 2489 2004 2527 Puritani

1068 2544 1224 2591 propter
1244 2542 1440 2581 doctrinas
1459 2555 1549 2581 suas
1569 2555 1592 2580 a
1611 2553 1791 2590 supremo
1812 2543 2003 2591 regimine

1067 2595 1360 2634 coercebantur.
1390 2597 1551 2634 Carolus
1571 2597 1587 2633 Ι
1609 2595 1728 2644 patris
1747 2595 1807 2633 sui
1827 2596 2005 2644 exemplo

1069 2649 1359 2698 Episcopalibus
1388 2649 1504 2696 favit,
1533 2660 1742 2697 eorumque
1770 2651 2005 2698 potestatem

1068 2703 1192 2740 auxit.
1223 2703 1275 2740 Ut
1304 2702 1567 2740 ecclesiastica
1587 2713 1720 2739 eorum
1740 2702 1864 2740 forma
1883 2702 2003 2739 etiam

1067 2755 1105 2792 in
1135 2755 1266 2793 Scotia
1294 2757 1554 2805 praevaleret,
1584 2767 1658 2791 non
1678 2756 1833 2793 tantum
1853 2757 2004 2805 episco-

1070 2809 1148 2857 pis,
1176 2809 1229 2846 ibi
1258 2809 1501 2855 constitutis,
1531 2808 1683 2857 publica
1704 2820 1862 2859 munera
1884 2821 2005 2858 eaque

1069 2862 1304 2910 amplissima
1325 2862 1499 2907 contulit,
1520 2862 1586 2899 sed
1608 2861 1725 2898 etiam
1747 2874 1807 2900 an.
1832 2863 1932 2901 1637
1953 2863 2006 2899 li-

1067 2916 1238 2964 turgiam
1275 2915 1521 2964 anglicanam
1558 2915 1806 2953 introducere
1843 2920 2006 2954 conatus

1068 2972 1136 3006 est.
1160 2969 1306 3006 Verum
1327 2967 1491 3017 populus
1511 2967 1550 3004 in
1571 2969 1800 3006 seditionem
1820 2981 2004 3018 prorum-

1068 3034 1174 3071 pens,
1202 3022 1240 3058 id
1269 3021 1485 3070 impedivit,
1508 3023 1546 3058 et
1566 3032 1667 3058 anno
1688 3023 1863 3070 sequenti
1885 3023 2004 3060 Ordi-

1069 3087 1135 3112 nes
1163 3074 1266 3111 Scoti
1287 3074 1325 3110 in
1347 3086 1466 3111 unum
1486 3075 1730 3123 congregati,
1750 3076 1945 3125 episcopos
1965 3080 2005 3115 et

1067 3128 1215 3173 omnia,
1245 3139 1267 3164 a
1295 3127 1431 3165 Iacobo
1463 3131 1501 3164 et
1530 3128 1666 3166 Carolo
1695 3128 1743 3166 ad
1772 3129 2003 3167 firmandum

1067 3192 1198 3220 eorum
1221 3181 1396 3230 regimen
1416 3181 1653 3230 introducta,
1669 3182 1921 3232 abrogarunt.
1937 3183 2002 3222 Ca-
