2241 3473
763 143 890 174 VSQVE
910 142 963 168 An
984 140 1123 167 ORTVM
1143 139 1351 166 18LAMISMI

1907 121 1983 159 147

92 214 247 254 saeculo
281 213 320 250 in
353 213 514 251 Oriente
551 214 684 262 plures
716 207 848 259 populi
879 204 1046 254 gentiles
1078 203 1171 239 elios
1187 204 1226 239 et
1243 201 1429 238 moniales
1445 200 1483 238 in
1499 200 1677 237 flammas
1694 196 1844 242 coniici,
1862 197 2035 242 Aretem,

91 268 140 306 ad
168 266 422 304 christianam
451 266 568 303 fidem
595 262 774 314 perducti
794 261 905 301 sunt,
927 269 1044 306 prac-

90 319 224 358 sertim
256 319 476 366 imperante
510 319 744 360 Iustiniano,
775 317 817 350 ut
851 310 953 347 infra
983 309 1068 364 x·i-‡

90 372 278 409 dabimus.
301 373 413 408 Anno
443 372 521 408 513
550 371 842 408 Alamundarus
867 363 1045 412 princeps

89 425 390 467 Saracenorum,
412 424 477 471 qui
496 424 602 471 regni
628 422 773 459 Persici
791 416 931 454 finibus
951 426 1046 450 ⁰0¹1-

91 581 272 627 vasisset,
292 581 434 618 multos
456 580 665 617 monachos
694 580 869 626 aliosque
891 574 1047 620 propter*

90 686 356 724 solitariorum
391 685 608 721 virtutibus
637 687 676 721 ct.
710 679 910 720 miraculis
936 688 1045 713 com-

90 742 234 783 motus,
254 739 293 776 in
315 738 510 776 Christum
531 737 707 779 credidit,
727 739 767 773 et
787 731 945 771 reiectis
964 729 1045 765 Eu-
1068 767 1069 770 ,

90 791 305 839 tycliianis,
335 790 399 839 qui
420 801 506 826 eum
538 789 585 826 ad
615 793 746 837 partes
775 800 864 825 suas
889 782 1046 820 trahere

91 846 306 886 tentarant,
321 855 344 880 a
364 841 574 880 Catholicis
590 841 828 889 baptismum
846 832 1045 894 suscepit-²⁷.

144 897 257 933 Anno
287 895 366 933 522
399 895 571 931 Tzathus
602 905 672 930 rex
692 894 902 936 Lazorum,
923 900 987 936 qul
1008 898 1046 923 111

92 947 272 986 Colchide
301 950 410 984 trans
451 946 611 984 Phasim
646 946 878 983 habitabant
899 972 908 987 ,
941 939 1049 977 venit

92 999 483 1049 Constantinopolim,
504 1001 542 1036 et
566 998 713 1036 Iustino
736 995 965 1045 imperatori
988 1004 1049 1028 vo-

90 1056 173 1090 tum
190 1052 422 1102 suscipiendi
438 1051 675 1100 baptismum
693 1054 732 1088 et
748 1063 797 1088 ex
820 1050 905 1087 eius
921 1045 1047 1096 potius

93 1117 207 1154 quam
224 1118 244 1142 e
266 1106 370 1154 regis
391 1105 601 1142 Persarum
623 1115 740 1140 manu
763 1104 913 1150 regiam
933 1109 1044 1136 coro-

93 1169 183 1195 nam
216 1157 431 1206 accipiendi
465 1156 713 1205 significavit.
744 1156 916 1193 Iustinus
946 1153 1046 1189 Tza-

91 1211 203 1247 thum
219 1211 458 1258 baptizatum
475 1208 679 1246 coronavit
698 1220 830 1255 regem
843 1208 1046 1245 Lazorum.

91 1263 214 1311 Regis
230 1263 406 1311 exemplo
422 1262 535 1300 multi
551 1262 795 1299 subditorum
809 1261 1048 1309 baptismum

91 1318 345 1364 susceperunt
361 1314 387 1352 ³.

147 1368 206 1405 18.
228 1369 544 1405 Homerz'tarum
554 1368 784 1415 persecutio
806 1386 855 1394 —-
877 1366 958 1402 Iam
979 1365 1049 1402 sub

91 1421 255 1469 imperio
267 1420 485 1458 Constantii
499 1419 722 1457 Homeritas
736 1419 773 1456 in
787 1418 933 1456 Arabia
946 1417 1049 1455 felici

91 1485 116 1511 a
142 1473 410 1510 sacerdotibus
437 1472 582 1510 arianis
616 1472 663 1508 ad
694 1472 909 1509 christiana
937 1481 1050 1508 sacra

91 1526 300 1574 perductos
317 1526 488 1563 vidimus
504 1524 530 1562 ⁴.
554 1525 700 1562 Deinde
721 1524 936 1562 christiana
955 1523 1050 1560 fides

41 1594 46 1599 ·
90 1578 196 1616 inter
224 1578 350 1616 tribus
377 1578 566 1615 Arabicas
596 1579 810 1626 propagata
831 1577 952 1614 suita
973 1575 1046 1624 piis

90 1631 310 1675 monachis,
338 1631 377 1667 in
417 1630 561 1667 finibus
596 1629 842 1667 Palaestinae
875 1641 1048 1666 commo-

91 1683 281 1721 rantibus.
306 1684 366 1721 Ita
387 1695 416 1720 S.
439 1682 678 1731 Euthymius
700 1683 909 1731 presbyter
930 1684 969 1718 et
988 1682 1058 1718 ab-

90 1737 160 1773 bas
190 1736 349 1773 saeculo
378 1736 414 1771 V
440 1736 654 1773 Ashbetum
685 1735 897 1784 principem
926 1734 1048 1772 Sara-

91 1800 232 1826 cenum
254 1789 301 1826 ad
324 1788 522 1826 Christum
545 1789 741 1825 convertit
761 1787 1050 1836 baptizavitque

91 1842 163 1878 sub
194 1841 349 1878 nomine
380 1840 518 1884 Petri,
550 1852 665 1888 quem
695 1843 830 1888 postea
850 1840 1050 1878 Iuvenalis

92 1893 318 1942 patriarcha
342 1893 726 1941 Hierosolymitanus
750 1892 995 1930 consecravit
1015 1905 1050 1929 e-

90 1946 293 1995 piscopum
315 1947 615 1990 Saracenorum,
638 1945 705 1993 qui
726 1957 868 1993 magno
889 1956 1048 1982 numero

90 1999 174 2036 eius
211 1999 391 2047 exemplo
420 1997 657 2046 baptismum
688 1999 956 2046 susceperunt.
987 1997 1049 2035 Ita

91 2051 210 2089 etiam
230 2063 260 2088 s.
287 2051 444 2088 Simeon
475 2051 639 2098 Stylites
659 2050 739 2088 suis
760 2050 1047 2088 exhortationi·

91 2104 163 2141 bus
199 2104 343 2141 multos
371 2115 391 2140 e
420 2103 636 2148 Saracenis,
667 2103 999 2152 quemadmodum
1027 2116 1047 2140 e

90 2156 223 2193 Persis
241 2185 251 2201 ,
277 2156 458 2193 Armenis
479 2158 519 2192 et
542 2156 677 2199 Iberis,
700 2156 748 2192 ad
770 2155 880 2192 illum
906 2167 1047 2192 accur-

90 2209 284 2254 rentibus,
304 2209 352 2245 ab
373 2208 565 2245 idolorum
585 2208 692 2245 cultu
716 2208 763 2245 ad
791 2207 1045 2245 christianam

89 2260 205 2298 fidem
225 2261 422 2298 convertit
436 2260 461 2297 ⁵.
485 2260 613 2301 Quum
635 2272 727 2298 vero
759 2261 796 2297 in
819 2261 1046 2297 Homerita—

90 2324 175 2350 rum
195 2315 311 2362 gente
328 2313 526 2350 numerosi
541 2316 670 2351 essent
690 2313 840 2358 Iudaei,
860 2325 1050 2350 nonnum-

89 2377 208 2413 quam
237 2367 375 2403 horum
404 2365 543 2413 aliquis
572 2377 700 2412 regno
732 2366 965 2413 potiebatur.
995 2367 1046 2403 Hi

89 2429 203 2467 reges
222 2418 349 2456 iudaei
370 2431 394 2456 a
414 2419 691 2466 persequendis
721 2417 956 2455 Christianis
970 2431 1047 2457 non

91 2470 351 2508 abstinebant.
382 2470 446 2507 Sic
472 2470 676 2519 speciatim
701 2471 869 2507 Dunaan
891 2482 963 2508 rex
983 2483 1046 2508 an—

91 2534 142 2559 no
179 2523 257 2560 523
296 2534 452 2560 saevam
488 2523 804 2570 persecutionem
836 2523 1047 2570 excitavit,

90 2574 236 2612 multos
265 2575 523 2621 Christianos,
544 2575 782 2624 praesertim
805 2576 1046 2623 sacerdotes,

89 2626 270 2672 interfici,
290 2639 426 2664 eorum
446 2628 629 2665 ecclesias
645 2628 683 2664 in
709 2639 933 2677 synagogas
949 2640 1045 2665 con-

90 2679 206 2725 verti,
226 2681 265 2716 et
295 2681 409 2727 capta
437 2681 532 2717 urbe
559 2680 736 2729 Nagara,
763 2681 874 2717 cuius
894 2681 1046 2719 incolae

91 2743 223 2769 omnes
244 2736 358 2769 erant
376 2732 593 2779 christiani,
624 2733 888 2782 presbyteros,
908 2745 1046 2772 mona-

93 2845 814 2918 roioEffmirlnlssenssmiiimtgoffntlnemorafionem
827 2846 901 2877 facit
913 2847 1048 2889 Marty-

131 2896 454 2998 {ingodonofiectorff
467 2896 705 2966 {siherili‘ronius
722 2930 751 2958 et
768 2928 854 2968 Pagi,
867 2928 905 2958 ad
922 2937 972 2960 an.
987 2928 1046 2960 509

91 2967 337 3081 ZLZlssheophan.
360 3008 639 3056 Chronoyraph.;
656 3009 767 3038 Baron,
782 3011 812 3039 et
827 3010 913 3050 Pagi,
931 3010 972 3041 ad
996 3020 1043 3042 an.

114 3070 223 3120 “ivm
244 3100 273 3130 p.
289 3090 338 3121 91.

131 3131 146 3153 5
160 3131 317 3168 Bossand..
341 3131 421 3162 Vita
447 3139 470 3161 S.
487 3129 685 3171 Eutlzynzii,
701 3131 785 3162 Acta
803 3130 858 3162 SS.
877 3130 917 3163 20
933 3131 994 3164 ian.
1018 3135 1048 3164 el.

97 3170 179 3203 Vita
194 3180 218 3204 s.
237 3172 422 3210 Simeonis,
440 3171 513 3203 ibid.
532 3173 551 3203 5
567 3173 629 3202 ian.

1092 255 1197 292 urbis
1228 254 1466 303 praesectum
1498 252 1717 299 multosque
1738 250 1844 287 cives
1864 248 2034 286 interfici

1090 307 1211 344 iussit.
1240 307 1389 344 Verum
1411 306 1602 343 Elesbaan
1616 333 1625 350 ,
1646 302 1883 351 AEthiopum
1903 302 2035 339 Auxu-

1090 359 1275 396 mitaruni
1308 371 1379 396 rex
1409 355 1671 402 christianus,
1701 367 1815 393 caeso
1844 354 2037 400 Dunaan,

1091 411 1302 448 IIomcritis
1332 406 1587 448 Abrnamium
1617 419 1749 457 regem
1779 407 2034 445 christianum

89 477 328 519 tinebantur,
363 480 565 524 postquam
594 476 787 512 subditam
818 466 980 507 Graccis
1000 468 1047 503 A·
1067 469 1068 500 l
1090 464 1304 512 pract'ecit3
1327 466 1366 500 et
1386 475 1414 500 s.
1437 462 1687 511 Grcgentius,
1716 461 1765 498 ab
1786 459 1944 498 Asterio
1963 470 2036 507 pa-

89 529 240 566 rubiam
268 531 307 565 ct
337 529 602 566 Palaestinam
632 520 940 576 praedabundus
958 531 1045 567 per-
1066 527 1068 552 i
1090 517 1264 553 triarcha
1285 516 1553 552 Alexandrino
1582 514 1784 563 episcopus
1806 511 2036 550 Homerita-

1091 580 1176 604 rum
1207 567 1432 613 ordinatus,
1462 579 1543 604 rem
1573 567 1828 604 christianam
1847 565 1951 602 inter
1970 575 2036 602 eos

90 633 342 670 christianam
360 633 476 670 fidem
495 632 755 669 interfecisset
775 630 800 675 ¹,
819 627 1046 664 sanctorum
1091 620 1265 657 restituit
1285 623 1325 656 ct
1345 619 1610 668 propagavit&

1143 673 1251 709 Inter
1280 672 1492 719 AEthiopes
1519 672 1557 708 in
1587 670 1775 708 hodierna
1801 668 2038 718 Abyssinia‚

1091 736 1186 772 quos
1215 724 1372 761 sacculo
1401 724 1453 761 IV
1485 736 1508 760 a
1536 736 1564 760 s.
1596 723 1825 760 Frumentio
1852 722 1899 760 ad
1921 721 2038 760 Chri-

1089 782 1191 814 stum
1222 788 1430 814 conversos
1460 776 1629 813 vidimus
1645 774 1672 821 ²,
1702 781 1892 824 regnante
1919 785 2040 823 supra

1091 830 1194 867 dicto
1215 829 1420 874 Elesbaan,
1439 839 1498 865 res
1514 828 1727 865 christiana
1742 828 1957 877 plurimum
1973 839 2039 864 au-

1091 884 1153 919 cta
1183 885 1253 919 est.
1276 882 1349 918 Hic
1370 893 1440 918 rex
1461 883 1596 917 tantae
1617 880 1693 917 fuit
1713 880 1883 928 pietatis,
1904 882 1947 917 ut
1967 880 2038 917 de-

1090 935 1215 983 posito
1245 934 1438 982 missoque
1469 932 1762 980 Hierosolymas
1792 933 2011 969 diademate
2030 961 2041 978 ‚

1091 987 1214 1024 vitam
1229 987 1483 1025 monasticam
1498 985 1692 1034 professus
1707 985 1770 1030 sit,
1781 985 1942 1032 eiusque
1962 996 2041 1021 me-

1092 1041 1216 1077 moria
1234 1040 1275 1076 in
1297 1038 1584 1087 Martyrologio
1606 1038 1782 1074 Romano
1801 1036 1872 1074 fiat
1886 1036 1946 1073 vi⁰
1965 1037 2041 1074 ka-

1091 1092 1194 1130 lend.
1217 1092 1450 1129 novembris.
1464 1091 1523 1128 Illi
1544 1091 1582 1126 in
1605 1101 1724 1138 regno
1744 1089 1930 1126 successit
1950 1089 2038 1126 Hel-

1092 1145 1289 1182 lesthaeus
1317 1144 1431 1189 filius,
1451 1143 1633 1192 egregius
1654 1142 1800 1190 pariter
1820 1141 2038 1189 Religionis

1093 1198 1328 1235 christianae
1358 1197 1497 1242 cultor,
1526 1196 1593 1244 qui
1621 1195 1744 1244 patris
1764 1194 1926 1230 Iudaeos
1946 1205 2037 1231 rur-

1092 1262 1176 1288 sum
1199 1251 1238 1287 in
1255 1249 1498 1287 Homeritide
1519 1248 1683 1285 rebelles
1703 1246 1942 1294 compescuit
1961 1244 1987 1284 ³.

1147 1304 1207 1340 19.
1229 1303 1411 1340 Ioannes
1432 1302 1459 1339 I
1474 1303 1674 1348 Pontifex
1689 1298 1776 1350 (an.
1793 1298 2040 1347 523)—Cum

1094 1368 1122 1394 s.
1146 1356 1374 1393 Hormisdas
1395 1354 1507 1392 annis
1531 1353 1556 1390 9
1577 1352 1797 1390 Ecclesiam
1818 1352 2038 1400 gubernas-

1094 1412 1163 1455 set,
1195 1407 1283 1445 le1⁰
1304 1408 1392 1445 idus
1411 1405 1570 1456 augusti
1599 1406 1676 1442 523
1710 1405 1759 1441 ad
1778 1403 2042 1441 immortalem

1095 1462 1218 1499 vitam
1246 1460 1413 1499 transiit.
1435 1458 1630 1497 Successit
1648 1458 1682 1494 ei
1703 1470 1732 1494 s.
1754 1457 1936 1502 Ioannes,
1957 1456 2042 1493 He-

1093 1517 1260 1552 truscus.
1285 1514 1339 1559 Is,
1359 1514 1522 1560 excepto
1542 1511 1744 1548 Clemente
1764 1510 1803 1546 in
1820 1509 2042 1546 Chersone-

1094 1579 1180 1604 sum
1192 1566 1402 1604 Tauricam
1413 1565 1601 1612 relegato,
1615 1563 1762 1611 primus
1771 1562 2043 1599 Romanorum

1096 1619 1334 1657 Pontificum
1373 1618 1470 1655 exiit
1498 1618 1546 1654 ab
1576 1617 1695 1654 Urbe.
1726 1615 1828 1652 Huic
1857 1614 2042 1651 Pontifici

1095 1671 1372 1717 Theodericus,
1386 1682 1456 1707 rex
1478 1669 1878 1717 Italiae,legationem
1900 1667 1949 1704 ad
1971 1667 2043 1704 Iu-

1096 1725 1241 1762 stinum
1262 1724 1542 1772 imperatorem
1571 1719 1944 1769 Constantinopolim
1970 1719 2047 1756 im-

1095 1778 1234 1826 posuit,
1255 1777 1391 1814 iubens
1411 1778 1544 1824 petere
1561 1775 1658 1811 haec
1670 1774 1757 1811 tria:
1773 1773 1922 1811 scilicet
1940 1772 1980 1809 1⁰
2001 1774 2046 1810 ut

1093 1831 1228 1867 Ariani
1246 1829 1480 1867 catholicam
1503 1826 1817 1865 communionem
1854 1825 2044 1874 amplexi,

1093 1884 1141 1919 ad
1163 1885 1311 1919 sectam
1328 1882 1457 1918 redire
1473 1881 1643 1929 possent,
1655 1878 1699 1915 20
1710 1878 1835 1927 iisque
1855 1877 2044 1915 ecclesiae

1093 1935 1247 1972 ablatae
1262 1935 1301 1971 in
1319 1934 1493 1982 partibus
1514 1931 1686 1970 Orientis
1719 1931 2045 1976 restituerentur,

1093 1988 1199 2034 et30,
1215 2000 1261 2025 ne
1281 1988 1368 2035 quis
1387 1987 1424 2023 in
1443 1987 1642 2034 posterum
1663 1985 1870 2033 cogeretur
1890 1982 2042 2020 eiurare

1093 2043 1241 2078 sectam
1261 2040 1511 2078 Arianorum.
1545 2037 1655 2079 Quae
1672 2037 1704 2074 si
1720 2048 1796 2073 non
1812 2035 2043 2073 concederet

1093 2094 1276 2140 Iustinus,
1293 2091 1560 2129 Theodericus
1578 2090 1835 2138 eadem,quae
1854 2089 1887 2126 is
1907 2091 2045 2126 contra

1092 2147 1259 2184 Arianos
1279 2145 1319 2182 in
1348 2144 1510 2182 Oriente
1536 2144 1782 2188 decreverat,
1807 2153 1848 2179 se
1868 2141 1908 2178 in
1929 2140 2045 2178 Italia

1092 2202 1230 2236 contra
1258 2197 1484 2235 Catholicos
1512 2195 1745 2233 effecturum
1779 2193 1949 2231 minatus
1975 2197 2044 2231 est.

1092 2252 1255 2289 Ioannes
1275 2248 1560 2299 perhonorifice
1582 2260 1606 2285 a
1626 2248 1776 2285 Iustino
1805 2247 2044 2295 imperatore

1093 2306 1279 2352 exceptus
1291 2305 1361 2340 est.
1375 2302 1475 2344 Quid
1496 2312 1592 2339 vero
1605 2312 1692 2338 cum
1711 2300 1948 2348 imperatore
1959 2310 2046 2347 ege-

1090 2358 1144 2394 rit
1160 2357 1200 2393 in
1222 2367 1340 2394 causa
1352 2355 1602 2400 Arianorum,
1619 2353 1723 2391 haud
1735 2360 1839 2390 certo
1867 2353 2019 2389 constat
2033 2363 2043 2398 ;

1090 2409 1252 2458 quidam
1272 2408 1463 2453 scribunt,
1479 2406 1686 2453 Iustinum,
1705 2405 1927 2454 postulante
1942 2404 2041 2440 Pon-

1089 2462 1215 2508 tifice,
1237 2474 1284 2499 ne
1306 2460 1496 2500 Catholici
1524 2459 1614 2497 Itali
1632 2459 1669 2496 in
1692 2457 1899 2496 discrimen
1920 2467 2040 2493 voca-

1088 2517 1240 2560 rentur,
1256 2514 1413 2552 Arianis
1430 2512 1614 2550 ecclesias
1631 2511 1861 2556 reddidisse3
1878 2508 1943 2546 alii
1959 2520 2049 2545 con-

1088 2567 1294 2616 gruentius
1309 2564 1723 2612 tradunt,Pontificem
1738 2562 1835 2600 nihil
1851 2573 1919 2610 pro
1935 2561 2047 2599 Aria-

1090 2621 1148 2657 nis
1180 2620 1306 2669 egisse
1322 2618 1348 2656 4.
1377 2619 1420 2656 Id
1450 2619 1602 2655 certum
1627 2618 1705 2661 est,
1727 2616 1916 2652 Ioannem
1936 2615 2043 2652 Con-

1089 2672 1339 2721 stantinopoli
1369 2671 1568 2715 reducem,
1597 2681 1621 2706 a
1649 2667 1888 2705 Theodorico
1922 2666 2043 2704 fuisse

1090 2725 1310 2763 coniectum
1326 2725 1364 2762 in
1380 2734 1568 2768 cacerem,
1584 2722 1622 2758 in
1638 2733 1712 2769 quo
1728 2719 1927 2758 aerumnis
1943 2731 2042 2757 con-

1130 2842 1141 2863 1
1160 2842 1331 2879 Assemani‚
1348 2838 1509 2871 Biblioth.
1525 2836 1647 2868 orient.
1667 2839 1688 2868 t.
1704 2836 1728 2876 I,
1745 2845 1772 2876 p.
1789 2834 1866 2875 365;
1882 2835 1996 2869 Baron.
2014 2838 2046 2868 et

1090 2884 1165 2923 Pagi
1180 2883 1218 2913 ad
1233 2892 1280 2913 an.
1299 2879 1446 2912 522-523.

1130 2925 1145 2946 Ξ
1160 2924 1227 2955 Vid.
1243 2933 1271 2963 p.
1288 2923 1337 2954 91.
1357 2939 1396 2945 —
1412 2921 1426 2942 3
1439 2921 1548 2951 Baron.
1567 2922 1596 2949 et
1613 2919 1700 2961 Pagi,
1716 2919 1775 2950 loc.
1793 2919 1842 2950 cit.

1130 2966 1144 2988 4
1161 2966 1235 2995 Dum
1253 2961 1518 2999 Constantinopoli
1536 2960 1663 3000 degeret
1678 2961 1812 2992 Ioannes
1828 2961 1968 2991 Romano
1985 2959 2044 2990 ritu

1090 3010 1138 3037 est
1160 3015 1251 3042 usus,
1275 3007 1366 3044 atque
1390 3004 1419 3033 in
1435 3002 1513 3040 ipsis
1531 3002 1632 3032 sacris
1649 3003 1806 3040 Iustinum,
1824 3010 1843 3032 a
1860 3009 1921 3040 quo
1935 3009 2045 3031 susce-

1091 3051 1160 3085 ptus
1176 3047 1253 3076 miro
1270 3046 1387 3076 honore
1401 3044 1510 3080 suerat,
1521 3051 1635 3083 magua
1649 3043 1848 3073 coeremonia
1863 3041 2046 3081 insignibus

1089 3087 1333 3127 Augustalibus,
1351 3093 1430 3116 novo
1447 3085 1539 3122 atque
1557 3083 1586 3113 in
1600 3087 1758 3122 posterum
1792 3082 1995 3114 memorando
2022 3091 2050 3113 e-

1090 3125 1478 3166 xemplo,decoravit.Nam
1494 3126 1585 3154 antea
1601 3125 1640 3156 ab
1656 3125 1815 3165 episcopis
1837 3125 2049 3163 Imperatores

1091 3168 1225 3208 insignia
1240 3168 1361 3207 Imperii
1378 3167 1577 3204 acceperant.
