2241 3473
667 147 794 179 VSQVE
822 147 874 174 AD
902 145 1033 174 FINEM
1061 145 1220 173 IMPERII
1246 145 1396 173 GRAECI

1871 134 1943 172 117

131 212 291 252 Concilii
319 211 434 250 huius
461 222 553 250 sess.
583 211 637 249 IV
666 213 706 249 et
733 211 768 248 V
797 208 1010 260 plurimum
1056 221 1164 248 mens
1177 221 1238 248 an.
1258 210 1358 249 1429
1376 209 1545 259 insignia
1559 208 1794 258 pontificalia
1808 209 1998 258 deposuit,

75 266 295 316 gloriantur
313 265 354 310 ii,
372 265 440 313 qui
460 264 666 302 concilium
687 263 871 312 generale
891 274 1010 312 supra
1055 263 1315 301 obedientiam
1337 263 1508 301 Martino
1530 262 1565 300 V
1586 262 1780 311 professus
1800 264 1870 308 est,
1889 265 1928 301 et
1948 263 1997 301 ab

76 320 125 358 R.
159 318 389 356 Pontificem
421 330 506 357 esse
539 318 780 355 contendunt
810 316 844 362 ι;
875 327 1008 354 verum
1056 328 1100 352 eo
1133 316 1331 366 episcopus
1362 316 1631 354 Maioricensis
1659 316 1891 354 constitutus
1912 315 1996 354 fuit.

74 371 214 410 saltem
241 371 400 408 dubium
431 374 502 413 est,
522 383 571 408 an
592 370 798 408 concilium
819 370 1010 407 Constan-

74 423 212 471 tiense,
241 428 429 473 quantum
447 424 495 461 ad
516 423 610 461 istas
629 423 825 460 Sessiones
844 424 1028 471 spectat,¹

75 476 258 526 generale
270 477 344 514 dici
359 477 487 525 possit,
501 476 646 514 cumiis
666 486 740 512 non
762 475 1013 512 interfuerint

76 530 319 568 obedientiae
340 529 519 578 Gregorii
540 529 616 566 XII
632 531 672 565 et
686 527 886 565 Benedicti
902 528 1012 571 XIII,

75 584 115 620 ct
129 583 323 621 Martinus
341 582 376 619 V
392 586 544 620 tantum
555 580 846 619 confirmaverit
857 591 902 617 ea
915 591 1013 627 quae

76 637 122 674 in
141 636 328 674 materiis
349 635 484 680 Fe'dez',
506 635 606 673 idest
626 636 763 671 contra
784 632 954 670 Wieleffl
974 633 1013 669 et

75 689 211 727 Hussii
239 700 402 734 errores,
431 687 713 725 conciliariter
740 697 808 723 seu
839 696 946 722 more
975 685 1013 721 in

77 741 251 780 conciliis
285 744 440 790 recepto
474 740 629 777 fuerant
662 739 819 777 decreta
836 768 846 784 ,
875 738 1016 787 quibus

77 794 369 833 adnumeranda
397 805 471 830 non
491 795 582 831 sunt
612 792 769 830 decreta
787 803 881 829 sess.
903 790 957 828 IV
978 793 1016 828 et

77 848 136 895 V3
160 850 362 897 praeterea
381 846 475 883 haec
495 846 578 894 ipsa
598 845 757 883 decreta
777 856 852 882 non
873 843 951 882 nisi
970 844 1015 880 de

77 912 170 939 casu
213 899 412 938 Pontificis
451 899 555 936 dubii
589 901 628 936 et
665 898 711 935 de
754 897 1015 946 extirpatione

78 953 294 1003 praesentis
313 951 531 990 schismatis
550 950 802 998 intelligenda
821 955 912 989 sunt
927 948 953 987 ².

133 1005 193 1046 16.
217 1006 458 1044 Sckz'smate‘s
487 1005 586 1053 finis
602 1026 651 1031 —
668 1003 820 1041 Electio
853 1002 1015 1041 Martini

78 1058 129 1105 V,
159 1061 200 1097 in
232 1058 519 1096 Constantiensi
539 1057 700 1094 concilio
721 1055 822 1094 faeta
840 1085 850 1102 ,
878 1056 1018 1105 ingen—

77 1112 108 1150 ti
134 1112 236 1150 orbis
256 1110 434 1149 catholici
457 1110 592 1159 plausu
623 1112 662 1147 et
690 1110 904 1147 animorum
922 1121 1015 1147 con-

78 1165 210 1204 cordia
228 1167 404 1212 excepta,
425 1167 463 1201 et
484 1163 642 1200 dubium
662 1163 708 1200 de
723 1162 899 1211 legitimo
919 1174 1016 1211 pon-

77 1218 197 1264 tifice,
223 1217 324 1267 quod
351 1216 564 1254 Ecclesiam
596 1216 660 1253 diu
695 1216 1017 1264 perturbaverat,

78 1271 278 1321 depulsum
311 1269 396 1308 fuit.
428 1268 641 1318 Gregorius
657 1298 667 1315 ,
712 1268 776 1318 qui
810 1268 848 1305 in
882 1269 1017 1306 eodem

78 1323 241 1362 concilio
269 1335 310 1361 se
341 1326 477 1371 sponte
496 1322 723 1371 pontificatu
754 1322 1017 1367 abdicaverat,

79 1389 180 1416 anno
203 1376 305 1415 1417
324 1376 502 1414 Recineti
536 1376 642 1413 obiit.
664 1375 829 1413 Ioannes
871 1387 894 1412 a
922 1387 1020 1412 con-

78 1431 168 1468 cilio
201 1429 417 1479 depositus,
437 1440 480 1466 se
509 1428 590 1466 eius
620 1428 838 1466 sententiae
868 1428 1020 1466 submi-

79 1483 132 1522 sit
150 1513 161 1530 ,
196 1485 238 1521 et
270 1494 331 1521 an.
363 1481 465 1520 1419
495 1481 720 1520 Florentiae
758 1481 1018 1518 obedientiam

79 1536 252 1575 Martino
279 1535 315 1574 V
335 1535 540 1584 professus,
561 1536 609 1572 ab
638 1546 684 1572 eo
713 1535 914 1583 episcopus
935 1534 1021 1572 Tu-

79 1589 260 1627 sculanus
295 1591 335 1626 et
366 1588 467 1626 sacri
492 1588 652 1637 Collegii
672 1588 840 1625 decanus
873 1588 1021 1625 consti-

80 1645 192 1680 tutus
218 1641 305 1688 fuit,
321 1641 533 1690 eodemque
562 1652 661 1678 anno
690 1652 711 1677 e
735 1640 818 1678 vita
842 1640 1022 1678 decessit.

83 1695 226 1733 Petrus
259 1694 307 1732 de
331 1694 441 1731 Luna
461 1706 528 1731 seu
557 1693 789 1731 Benedictus
809 1693 907 1731 XIII
928 1705 1021 1730 con-

83 1752 220 1786 tumax
238 1747 371 1785 extitit
392 1758 512 1795 usque
533 1748 580 1784 ad
599 1749 765 1784 mortem
784 1758 908 1792 suam,
925 1758 1023 1795 quae

83 1801 249 1850 contigit
278 1812 342 1838 an.
374 1800 488 1838 1424.
530 1800 624 1837 Post
643 1800 725 1838 eius
744 1799 891 1837 obitum
910 1801 1023 1848 pauci

82 1853 335 1900 schismatici,
354 1853 418 1902 qui
439 1853 474 1890 ei
507 1853 783 1898 adhaerebant,
802 1852 956 1890 favente
971 1851 1026 1890 si—

83 1907 121 1945 bi
140 1907 336 1956 Alphonso
366 1917 457 1955 rege
481 1906 712 1955 Aragoniae,
728 1905 929 1954 elegerunt
945 1902 1030 1943 AEl-v

83 1959 231 2009 gidjum
261 1960 308 1997 de
340 1959 488 2003 Munio,
509 1959 735 1996 canonicum
755 1959 1024 1996 Barcinonen-

85 2025 186 2058 sem,
227 2023 342 2061 quem
374 2013 611 2050 Clementem
641 2012 733 2049 VIII
763 2012 1026 2062 appellarunt3

83 2066 150 2104 sed
178 2068 380 2115 postquam
408 2065 601 2103 Martinus
621 2065 657 2102 V
677 2077 793 2113 opera
819 2064 1026 2102 cardinalis

85 2119 194 2157 Petri
212 2118 404 2157 Fuxensis
423 2118 544 2167 legati
568 2120 627 2156 sui
641 2118 882 2166 Alphonsum
897 2130 1026 2167 regem

85 2173 134 2210 ad
153 2171 400 2221 Apostolicae
418 2171 528 2209 Sedis
539 2171 774 2219 obsequium,
789 2172 836 2208 ad
856 2171 1026 2208 redden-

86 2225 175 2263 dam
192 2224 365 2262 ecclesiis
379 2225 603 2262 libertatem
618 2228 656 2262 et
667 2225 713 2262 ad
728 2224 911 2262 delendas
923 2224 1027 2261 schi-

85 2278 220 2316 smatis
246 2277 426 2326 reliquias
456 2278 700 2324 reduxisset,
727 2277 912 2327 antipapa
940 2277 1027 2315 Cle—

87 2382 234 2422 probare,
253 2391 332 2422 quae
348 2383 428 2414 Sess.
445 2382 484 2414 IV
501 2387 530 2414 et
546 2383 569 2413 V
584 2385 700 2413 statuta
715 2382 836 2413 fuerant
848 2382 886 2413 de
898 2382 1028 2413 auctori-

91 2427 155 2455 tate
185 2424 311 2460 concilii
341 2433 435 2463 supra
455 2424 642 2456 Pontificem.
667 2424 878 2463 Quamquam,
902 2427 933 2454 ut
950 2424 1027 2454 idem

90 2464 290 2504 Spondmus,
305 2474 340 2496 ac
357 2465 559 2496 Bellarminus
576 2466 638 2504 (lib.
655 2464 674 2495 Ε).
691 2464 734 2496 De
753 2462 846 2496 Couc.
864 2474 888 2495 c.
906 2464 956 2500 ‹19›
973 2465 1028 2494 do-

88 2509 148 2544 cet,
162 2505 327 2538 Concilium
349 2505 586 2538 constantiense
599 2515 658 2537 non
672 2506 847 2537 definivisse
862 2505 1024 2543 absolute,

91 2547 226 2578 concilia
242 2547 400 2587 generalia
415 2548 530 2579 habere
545 2557 563 2578 a
586 2548 707 2579 Christo
731 2550 914 2586 potestatem
931 2556 1026 2586 supra

92 2588 265 2625 Pontifices,
280 2588 333 2619 sed
350 2591 466 2619 tantum
481 2589 510 2619 in
527 2598 612 2628 casu,
624 2589 654 2619 id
670 2593 716 2619 est
728 2593 864 2629 tempore
877 2589 1028 2619 schisma-

90 2629 140 2667 tis,
157 2629 281 2669 quando
297 2629 441 2667 nescitur,
464 2630 530 2669 quis
553 2630 592 2660 sit
615 2638 704 2660 verus
729 2631 822 2669 Papa,
845 2633 874 2660 et
896 2630 1025 2669 proinde

90 2671 206 2701 habere
223 2679 317 2710 super
332 2670 415 2701 illum
431 2674 623 2709 potestatem,
638 2679 698 2701 non
713 2671 827 2701 habere
843 2674 1025 2710 potestatem

91 2712 122 2742 in
137 2713 262 2751 Papam.
279 2711 463 2742 Bellarmino
479 2714 673 2742 consentiunt
688 2713 931 2750 Turrecremata‚
952 2714 1028 2742 San-

92 2752 196 2791 derus,
214 2753 409 2794 Campegius;
425 2753 488 2784 vid.
504 2753 782 2793 Raynald.Annal.
800 2753 838 2783 ad
861 2762 909 2783 an.
937 2752 1024 2783 1415.

137 2793 256 2825 ¹Natal.
273 2792 358 2825 Alex.
373 2792 454 2825 Hist.
472 2792 551 2825 Eccl.
570 2793 643 2824 diss.
658 2793 678 2823 4
695 2793 727 2824 ιἰι
744 2795 827 2826 Sacc.
844 2792 915 2831 'XV3
931 2795 975 2825 De
998 2794 1026 2824 la

93 2835 237 2873 Luzerne,
254 2833 387 2874 Defensa
400 2834 436 2865 de
453 2834 483 2866 la
499 2833 698 2866 declaration
715 2839 772 2866 etc.
783 2843 849 2872 par.
868 2836 919 2874 111,
936 2845 960 2866 c.
977 2833 1026 2865 ⁶20.

132 2877 148 2899 2
162 2877 338 2908 Bellarmin.
363 2874 561 2908 Controvers.
587 2874 607 2906 l.
628 2876 652 2906 ll
663 2900 670 2912 ‚
701 2876 739 2906 de
771 2875 891 2907 concil.
916 2886 941 2906 c.
972 2876 1025 2914 193

91 2917 296 2955 Schelstrate‚
313 2917 394 2949 Acta
409 2915 547 2949 Concita·
563 2915 836 2953 Constantia-«xis,-
852 2918 932 2954 item,
954 2917 978 2948 T
979 2925 1026 2948 ra·

92 2960 197 2991 ctatus
209 2958 246 2990 de
260 2967 356 2990 sensu
369 2960 400 2989 et
411 2959 604 2989 auctoritate
615 2956 768 2988 decretor.
783 2956 943 2989 Constant.
951 2957 1027 2990 Con-

92 2999 142 3031 cil.
158 3009 233 3032 sess.
250 2998 355 3037 lis-ik
375 2999 463 3031 Card.
481 2999 560 3037 Orsi,
578 2998 620 3029 De
637 2997 671 3030 R.
690 2999 809 3037 Pontis.
835 2998 867 3029 ἰη
889 2998 1027 3038 synodos

93 3042 314 3074 oecumenicas
326 3045 356 3072 et
365 3049 482 3072 earum
493 3048 631 3071 canones
643 3039 855 3077 auctoritale;
866 3041 1026 3071 Muzzarel-

94 3081 130 3120 li,
144 3083 189 3114 De
202 3084 391 3115 auctoritate
405 3081 439 3113 R.
456 3080 581 3120 Pontis.
598 3085 619 3112 t.
635 3082 674 3118 ΙΙ,
696 3090 721 3112 c.
746 3080 799 3118 17;
823 3081 841 3111 l.
858 3081 890 3112 B.
913 3080 1027 3120 Palma,

97 3123 248 3156 praedece.
265 3123 346 3156 11:2³1.
362 3122 437 3155 eccl.
453 3126 475 3154 t.
489 3123 536 3160 IV,
554 3132 582 3161 p.
593 3122 614 3159 1,
631 3121 694 3153 c.4.
710 3122 881 3152 Novissime
897 3121 934 3153 de
950 3124 1027 3154 Con-

96 3166 257 3196 stantiensi
272 3165 389 3204 synodo
405 3165 529 3203 scripsit
545 3165 577 3194 I).
593 3163 788 3203 Aloys.Tosti
801 3163 912 3201 oasin„
927 3164 956 3194 in
972 3172 1027 3194 sua

97 3204 208 3239 Storia
223 3206 275 3239 del
288 3205 430 3239 Concilio
446 3204 479 3237 di
497 3203 655 3238 Gosaeanza
666 3229 675 3242 ,
695 3203 714 3235 Ξ
730 3202 802 3236 voll.
813 3204 921 3244 Napoli
936 3203 1025 3236 1853.

1058 369 1116 406 Ita
1131 370 1285 407 demum
1302 381 1434 407 omnes
1454 369 1672 408 schismatis
1693 369 1883 417 reliquiae
1902 370 1998 407 sub-

1057 421 1162 459 latae
1180 425 1272 460 sunt
1292 420 1303 441 ¹
1325 451 1333 459 .

1111 475 1170 512 17.
1188 475 1461 513 Hussitarum
1478 475 1919 514 Haeresis—-Vidimus
1934 487 1999 514 su-

1057 539 1126 575 pra
1163 527 1201 564 in
1240 528 1402 565 concilio
1441 529 1727 567 Constantiensi
1774 528 1999 566 damnatam

1056 580 1249 618 haeresim
1267 579 1778 628 Hussiticam,Wicleffanae
1794 581 2000 620 haereseos

1057 634 1290 681 progeniem.
1326 634 1488 672 Ioannes
1525 636 1607 672 Hus
1625 664 1635 681 ,
1663 636 1731 683 qui
1759 637 1892 673 sectae
1926 646 1999 672 no-

1059 697 1144 722 men
1165 686 1326 732 tribuit,
1346 687 1385 724 in
1405 698 1504 736 pago
1540 688 1750 726 Bohemiae
1783 687 2000 726 Hussinecz

1057 750 1118 776 an.
1142 738 1244 777 1373
1263 745 1390 786 natus,
1411 744 1545 789 postea
1563 741 1602 778 in
1624 741 1888 779 Universitate
1898 741 2000 779 Pra-

1057 791 1164 839 gensi
1184 792 1406 842 theologiae
1426 793 1622 842 professor
1641 797 1681 831 et
1699 795 1738 831 in
1769 793 1912 831 celebri
1932 806 1999 832 sa-

1057 843 1165 890 cello,
1175 844 1375 883 Bethleem
1388 846 1593 894 appellato,
1609 846 2003 893 concionator,libros

1058 897 1212 935 Ioannis
1232 897 1393 935 Wicleff
1408 899 1632 936 avidissime
1654 899 1762 949 legit,
1795 900 1942 949 aliquot
1959 900 2000 937 in

1057 949 1230 1000 linguam
1251 951 1501 989 Bohemicam
1523 953 1655 999 vertit,
1680 964 1843 1001 pravam
1864 965 2002 991 eorum

1060 1003 1272 1042 doctrinam
1293 1005 1461 1053 suscepit
1493 1005 1657 1054 aliisque
1679 1006 2000 1045 communicavit.

1060 1055 1303 1095 Universitas
1324 1058 1534 1105 Pragensis
1551 1088 1560 1104 ,
1580 1071 1627 1096 ne
1648 1070 1800 1096 errores
1820 1058 1882 1096 isti
1908 1071 2000 1108 pro-

1062 1112 1311 1159 pagarentur,
1331 1123 1391 1148 an.
1414 1111 1515 1148 1408
1531 1112 1732 1149 damnavit
1747 1111 1798 1149 45
1813 1113 2002 1150 articulos

1060 1162 1215 1201 Ioannis
1253 1163 1428 1202 Wicleff.
1463 1165 1504 1202 Id
1541 1165 1754 1214 praecipue
1787 1164 2004 1203 effecerant

1062 1216 1218 1265 magisri
1241 1217 1460 1264 Teutonici,
1479 1218 1581 1256 idest
1600 1218 1788 1264 Saxones,
1802 1218 1948 1256 Bavari
1964 1220 2003 1256 et

1061 1269 1209 1315 Poloni,
1228 1270 1293 1318 qui
1312 1271 1352 1307 in
1374 1270 1645 1309 Universitate
1662 1271 1856 1320 Pragensi
1878 1272 2004 1310 cathe-

1062 1322 1150 1359 dras
1170 1323 1376 1361 habebant.
1394 1324 1484 1361 Ideo
1500 1324 1584 1362 Hus
1605 1335 1671 1362 eos
1691 1324 1926 1374 voluptuoso
1946 1336 2005 1362 re-

1063 1376 1100 1424 gi
1120 1376 1355 1414 VVenceslao
1376 1379 1415 1414 et
1434 1377 1615 1415 Bohemis
1633 1379 1714 1415 tam
1741 1377 1888 1415 invisos
1910 1378 2003 1415 red-

1062 1429 1169 1475 didit,
1189 1432 1232 1467 ut
1251 1430 1307 1467 illi
1327 1430 1463 1467 relicta
1484 1431 1615 1480 Praga
1640 1431 1801 1480 profecti
1823 1431 1901 1469 sint
1915 1431 1958 1468 Li
1965 1443 2006 1480 p-

1063 1482 1158 1520 siam
1168 1482 1346 1530 Misniae‚
1360 1483 1424 1520 ubi
1440 1484 1755 1522 florentissimam
1765 1485 2005 1522 academiam

1063 1535 1358 1574 constituerunt.
1376 1537 1487 1575 Tunc
1507 1537 1669 1576 Ioannes
1698 1537 1781 1575 Hus
1809 1537 1911 1586 regis
1929 1566 1939 1583 ,
1960 1549 2005 1573 a-

1065 1589 1261 1626 cademiae
1291 1596 1330 1627 et
1348 1591 1478 1639 populi
1512 1590 1646 1629 favore
1673 1589 1801 1628 fretus
1818 1620 1827 1636 ,
1855 1601 2007 1628 errores

1064 1653 1152 1679 suos
1173 1643 1358 1680 audacius
1380 1644 1632 1692 praedicavit.
1645 1644 1890 1693 Quapropter
1900 1643 2008 1681 Sbin-

1065 1694 1137 1739 ko,
1171 1696 1482 1746 archiepiscopus
1510 1697 1746 1746 Pragensis,
1775 1709 1864 1734 eum
1906 1708 2009 1735 anno

1067 1747 1168 1785 1409
1188 1751 1387 1788 accusavit
1418 1751 1521 1800 apud
1556 1751 1823 1788 Alexandrum
1844 1749 1880 1787 V
1899 1779 1909 1796 ,
1929 1752 1969 1788 et
1987 1762 2008 1787 e

1066 1801 1268 1840 Pontificis
1288 1802 1401 1841 huius
1420 1804 1603 1842 mandato
1621 1804 1690 1841 sub
1706 1815 1828 1852 poena
1849 1814 2006 1841 excom-

1067 1855 1336 1893 municationis
1355 1857 1496 1904 vetuit,
1517 1869 1564 1895 ne
1583 1857 1668 1906 quis
1687 1857 1726 1893 in
1746 1857 1898 1895 sacellis
1917 1856 2003 1905 pri-

1067 1907 1170 1945 vatis
1203 1909 1367 1946 verbum
1387 1910 1458 1947 Dei
1480 1911 1723 1959 praedicaret
1742 1923 1751 1956 ;
1770 1909 1890 1947 libros
1911 1921 2006 1947 vero

1068 1961 1244 1998 Wicleffi
1261 1961 1498 2011 aliorumque
1514 1975 1600 2001 cum
1616 1976 1660 2001 eo
1679 1963 1946 2008 sentientium,
1965 1962 2006 1999 in

1068 2014 1211 2062 palatio
1240 2027 1308 2052 suo
1338 2017 1576 2054 concremari
1596 2017 1723 2063 iussit,
1746 2017 1846 2065 quod
1875 2018 2007 2053 tantas

1067 2069 1204 2105 turbas
1224 2069 1424 2116 excitavit,
1442 2074 1486 2108 ut
1501 2070 1813 2119 archiepiscopus
1829 2070 1876 2107 ad
1892 2068 2012 2117 Sigis-

1068 2121 1255 2158 mundum
1282 2134 1413 2171 regem
1441 2124 1668 2173 Hungariae
1698 2122 1938 2171 confugerit,
1968 2122 2008 2158 in

1068 2186 1144 2222 quo
1163 2175 1304 2213 itinere
1332 2177 1439 2214 obiit.
1469 2177 1552 2215 Hus
1581 2177 1629 2214 ad
1657 2175 1891 2213 Pontificem
1922 2186 2007 2212 me-

1070 2227 1142 2266 lius
1179 2228 1466 2267 informandum
1504 2230 1703 2278 appellans
1726 2259 1734 2273 ,
1782 2230 1821 2266 in
1867 2227 2007 2265 sacello

1068 2281 1341 2319 Bethlemitico
1356 2284 1575 2321 concionari
1591 2282 1778 2332 perrexit.
1789 2280 2008 2319 Audaciam

1068 2335 1152 2372 eius
1192 2334 1304 2372 auxit
1329 2335 1488 2384 ignavia
1517 2338 1556 2373 et
1582 2336 1732 2373 incuria
1759 2334 1910 2379 Albici,
1939 2333 2005 2382 qui

1069 2388 1258 2425 Sbinkoni
1295 2388 1335 2425 in
1373 2389 1703 2438 archiepiscopatu
1750 2388 2006 2426 successerat.

1069 2441 1232 2479 Ioannes
1245 2442 1668 2487 XXIII,condemnatis
1683 2453 1744 2479 an.
1760 2441 1861 2478 1412
1877 2440 1917 2476 in
1933 2440 2010 2476 Ro-

1069 2506 1183 2532 mana
1202 2496 1348 2544 synodo
1373 2494 1547 2533 Wicleffi
1565 2496 1689 2541 libris,
1716 2494 1903 2531 Hussium
1924 2492 2008 2529 Ro-

1066 2560 1170 2585 mam
1197 2549 1246 2586 ad
1275 2548 1475 2586 dicendam
1503 2560 1659 2586 causam
1688 2547 1867 2591 vocavit,
1896 2548 2007 2593 eique

1068 2601 1316 2639 concionandi
1337 2613 1496 2639 munere
1510 2605 1549 2639 et
1564 2612 1761 2639 sacrorum
1784 2599 2007 2636 celebratio-

1069 2667 1129 2700 ne,
1147 2655 1332 2703 quamdiu
1354 2656 1508 2703 Pragae
1529 2656 1767 2699 versaretur,
1787 2651 2006 2690 interdixit.

1068 2708 1178 2745 Tunc
1198 2708 1356 2756 grandis
1376 2708 1514 2745 seditio
1536 2708 1573 2744 in
1594 2708 1687 2744 urbe
1708 2707 1844 2754 Praga
1864 2705 2008 2742 Hussi-

1067 2765 1127 2798 tas
1155 2761 1256 2798 inter
1284 2764 1324 2798 et
1354 2761 1571 2799 Catholicos
1600 2762 1686 2797 orta
1713 2761 1797 2805 est,
1826 2759 1874 2796 ad
1895 2769 2009 2806 quam

1068 2814 1278 2852 sedandam
1306 2814 1388 2851 Hus
1420 2814 1459 2850 in
1493 2814 1619 2851 locum
1650 2813 1819 2849 natalem
1853 2811 2013 2849 secessit

1068 2869 1108 2904 et
1126 2880 1150 2906 a
1169 2867 1360 2904 sententia
1389 2867 1543 2904 Ioannis
1563 2866 1632 2915 Pp.
1655 2865 1851 2904 Christum
1873 2863 2008 2912 appel-

1068 2921 1166 2966 lans,
1186 2931 1339 2956 errores
1358 2931 1447 2957 suos
1466 2931 1641 2957 sermone
1658 2921 1697 2956 et
1711 2918 1854 2967 scripto
1871 2928 2004 2966 propa-

1069 2984 1162 3023 gare
1182 2974 1342 3009 conatus
1361 2975 1430 3010 est.

1121 3026 1283 3064 Errores
1321 3025 1404 3063 eius
1445 3025 1494 3063 ad
1532 3025 1628 3063 haec
1665 3025 1794 3073 capita
1822 3022 2001 3060 revocari

1068 3083 1238 3128 possunt:
1260 3077 1434 3117 Ecclesia
1451 3091 1472 3116 e
1490 3078 1582 3118 solis
1597 3079 1647 3117 ad
1664 3078 1786 3116 vitam
1802 3079 2002 3115 aeternam

1113 3197 1119 3219 ¹
1140 3197 1317 3238 Raynaldus
1330 3199 1361 3230 'ct
1376 3197 1570 3238 Spondanus‚
1588 3196 1628 3228 ad
1646 3204 1699 3227 an.
1717 3190 1871 3225 list-⁶29.
