<?xml version="1.0" encoding="UTF-8"?>
<!DOCTYPE html PUBLIC "-//W3C//DTD XHTML 1.0 Transitional//EN"
    "http://www.w3.org/TR/xhtml1/DTD/xhtml1-transitional.dtd">
<html xmlns="http://www.w3.org/1999/xhtml" xml:lang="en" lang="en">
 <head>
  <title>
</title>
<meta http-equiv="Content-Type" content="text/html;charset=utf-8" />
  <meta name='ocr-system' content='tesseract 3.04.00' />
  <meta name='ocr-capabilities' content='ocr_page ocr_carea ocr_par ocr_line ocrx_word'/>
</head>
<body>
  <div class='ocr_page' id='page_1' title='image "./historiaeecclesi01wout_0025.png"; bbox 0 0 2241 3473; ppageno 0'>
   <div class='ocr_carea' id='block_1_1' title="bbox 581 174 1504 202">
    <p class='ocr_par' dir='ltr' id='par_1_1' title="bbox 581 174 1504 202">
     <span class='ocr_line' id='line_1_1' title="bbox 581 174 1504 202; baseline -0.002 0"><span class='ocrx_word' id='word_1_1' title='bbox 581 175 818 202; x_wconf 68' lang='lat' dir='ltr'>APPARATVS</span> <span class='ocrx_word' id='word_1_2' title='bbox 848 175 899 202; x_wconf 70' lang='lat' dir='ltr'>AD</span> <span class='ocrx_word' id='word_1_3' title='bbox 929 174 1149 201; x_wconf 73' lang='lat' dir='ltr'>HISTORIAM</span> <span class='ocrx_word' id='word_1_4' title='bbox 1172 174 1504 202; x_wconf 57' lang='lat' dir='ltr'>ECUIAESIASTICAM</span> 
     </span>
    </p>
   </div>
   <div class='ocr_carea' id='block_1_2' title="bbox 56 240 1017 3074">
    <p class='ocr_par' dir='ltr' id='par_1_2' title="bbox 64 240 1017 1524">
     <span class='ocr_line' id='line_1_2' title="bbox 73 240 1016 298; baseline -0.006 -11"><span class='ocrx_word' id='word_1_5' title='bbox 73 240 194 298; x_wconf 85' lang='lat' dir='ltr'>lapso</span> <span class='ocrx_word' id='word_1_6' title='bbox 212 242 354 283; x_wconf 85' lang='lat' dir='ltr'>statim</span> <span class='ocrx_word' id='word_1_7' title='bbox 371 241 560 297; x_wconf 76' lang='lat' dir='ltr'><strong>promisit</strong></span> <span class='ocrx_word' id='word_1_8' title='bbox 576 240 895 295; x_wconf 84' lang='lat' dir='ltr'>redemptorem.</span> <span class='ocrx_word' id='word_1_9' title='bbox 914 252 1016 294; x_wconf 89' lang='lat' dir='ltr'>pro-</span> 
     </span>
     <span class='ocr_line' id='line_1_3' title="bbox 76 298 1017 352; baseline -0.005 -8"><span class='ocrx_word' id='word_1_10' title='bbox 76 302 247 345; x_wconf 83' lang='lat' dir='ltr'>mittens</span> <span class='ocrx_word' id='word_1_11' title='bbox 265 300 447 342; x_wconf 89' lang='lat' dir='ltr'>mulieris</span> <span class='ocrx_word' id='word_1_12' title='bbox 461 313 601 342; x_wconf 88' lang='lat' dir='ltr'>semen</span> <span class='ocrx_word' id='word_1_13' title='bbox 618 299 890 346; x_wconf 85' lang='lat' dir='ltr'>benedictum,</span> <span class='ocrx_word' id='word_1_14' title='bbox 909 298 1017 352; x_wconf 87' lang='lat' dir='ltr'>quod</span> 
     </span>
     <span class='ocr_line' id='line_1_4' title="bbox 71 356 1016 415; baseline -0.005 -12"><span class='ocrx_word' id='word_1_15' title='bbox 71 364 200 415; x_wconf 83' lang='lat' dir='ltr'>caput</span> <span class='ocrx_word' id='word_1_16' title='bbox 230 361 435 414; x_wconf 88' lang='lat' dir='ltr'>serpentis</span> <span class='ocrx_word' id='word_1_17' title='bbox 468 362 719 407; x_wconf 86' lang='lat' dir='ltr'>contereret,</span> <span class='ocrx_word' id='word_1_18' title='bbox 751 357 860 399; x_wconf 89' lang='lat' dir='ltr'>idest</span> <span class='ocrx_word' id='word_1_19' title='bbox 891 356 1016 399; x_wconf 87' lang='lat' dir='ltr'>Chri-</span> 
     </span>
     <span class='ocr_line' id='line_1_5' title="bbox 72 417 1015 470; baseline -0.006 -8"><span class='ocrx_word' id='word_1_20' title='bbox 72 423 183 462; x_wconf 83' lang='lat' dir='ltr'>stum</span> <span class='ocrx_word' id='word_1_21' title='bbox 206 419 403 461; x_wconf 87' lang='lat' dir='ltr'>Messiam</span> <span class='ocrx_word' id='word_1_22' title='bbox 425 432 447 460; x_wconf 90' lang='lat' dir='ltr'>e</span> <span class='ocrx_word' id='word_1_23' title='bbox 465 419 635 461; x_wconf 87' lang='lat' dir='ltr'>muliere</span> <span class='ocrx_word' id='word_1_24' title='bbox 653 418 928 464; x_wconf 87' lang='lat' dir='ltr'>nasciturum,</span> <span class='ocrx_word' id='word_1_25' title='bbox 948 417 1015 470; x_wconf 91' lang='lat' dir='ltr'>qui</span> 
     </span>
     <span class='ocr_line' id='line_1_6' title="bbox 71 475 1016 534; baseline -0.005 -14"><span class='ocrx_word' id='word_1_26' title='bbox 71 491 199 534; x_wconf 90' lang='lat' dir='ltr'>opera</span> <span class='ocrx_word' id='word_1_27' title='bbox 221 478 371 520; x_wconf 85' lang='lat' dir='ltr'>diaboli</span> <span class='ocrx_word' id='word_1_28' title='bbox 393 478 729 525; x_wconf 75' lang='lat' dir='ltr'>‹lissolveret,.et</span> <span class='ocrx_word' id='word_1_29' title='bbox 762 475 871 529; x_wconf 89' lang='lat' dir='ltr'>quod</span> <span class='ocrx_word' id='word_1_30' title='bbox 892 475 1016 516; x_wconf 91' lang='lat' dir='ltr'>homo</span> 
     </span>
     <span class='ocr_line' id='line_1_7' title="bbox 71 535 1016 592; baseline -0.004 -13"><span class='ocrx_word' id='word_1_31' title='bbox 71 550 153 579; x_wconf 92' lang='lat' dir='ltr'>non</span> <span class='ocrx_word' id='word_1_32' title='bbox 184 541 371 592; x_wconf 87' lang='lat' dir='ltr'>poterat,</span> <span class='ocrx_word' id='word_1_33' title='bbox 404 537 568 579; x_wconf 70' lang='lat' dir='ltr'>(livinae</span> <span class='ocrx_word' id='word_1_34' title='bbox 600 535 808 580; x_wconf 85' lang='lat' dir='ltr'>iustitiae,</span> <span class='ocrx_word' id='word_1_35' title='bbox 842 537 1016 589; x_wconf 90' lang='lat' dir='ltr'>peccato</span> 
     </span>
     <span class='ocr_line' id='line_1_8' title="bbox 70 593 1015 651; baseline -0.004 -13"><span class='ocrx_word' id='word_1_36' title='bbox 70 596 247 638; x_wconf 87' lang='lat' dir='ltr'>hominis</span> <span class='ocrx_word' id='word_1_37' title='bbox 288 597 440 643; x_wconf 85' lang='lat' dir='ltr'>laesae,</span> <span class='ocrx_word' id='word_1_38' title='bbox 479 597 647 651; x_wconf 87' lang='lat' dir='ltr'>dignam</span> <span class='ocrx_word' id='word_1_39' title='bbox 684 593 1015 636; x_wconf 78' lang='lat' dir='ltr'>satisfactionem</span> 
     </span>
     <span class='ocr_line' id='line_1_9' title="bbox 73 651 1015 708; baseline -0.005 -11"><span class='ocrx_word' id='word_1_40' title='bbox 73 655 267 698; x_wconf 86' lang='lat' dir='ltr'>redderet</span> <span class='ocrx_word' id='word_1_41' title='bbox 291 656 315 697; x_wconf 87' lang='lat'>¹.</span> <span class='ocrx_word' id='word_1_42' title='bbox 351 670 374 697; x_wconf 89' lang='lat'>‹&lt;</span> <span class='ocrx_word' id='word_1_43' title='bbox 397 656 508 697; x_wconf 93' lang='lat' dir='ltr'>Deus</span> <span class='ocrx_word' id='word_1_44' title='bbox 547 655 808 708; x_wconf 88' lang='lat' dir='ltr'>omnipotens</span> <span class='ocrx_word' id='word_1_45' title='bbox 849 655 892 694; x_wconf 91' lang='lat' dir='ltr'>et</span> <span class='ocrx_word' id='word_1_46' title='bbox 928 651 1015 694; x_wconf 91' lang='lat' dir='ltr'>cle-</span> 
     </span>
     <span class='ocr_line' id='line_1_10' title="bbox 73 709 1014 763; baseline -0.005 -6"><span class='ocrx_word' id='word_1_47' title='bbox 73 727 210 763; x_wconf 88' lang='lat' dir='ltr'>mens,</span> <span class='ocrx_word' id='word_1_48' title='bbox 243 716 304 757; x_wconf 90' lang='lat' dir='ltr'>ait</span> <span class='ocrx_word' id='word_1_49' title='bbox 323 728 355 756; x_wconf 91' lang='lat' dir='ltr'>s.</span> <span class='ocrx_word' id='word_1_50' title='bbox 378 715 487 762; x_wconf 90' lang='lat' dir='ltr'>Leo,</span> <span class='ocrx_word' id='word_1_51' title='bbox 510 714 628 755; x_wconf 89' lang='lat' dir='ltr'>cuius</span> <span class='ocrx_word' id='word_1_52' title='bbox 650 715 804 754; x_wconf 90' lang='lat' dir='ltr'>natura</span> <span class='ocrx_word' id='word_1_53' title='bbox 836 709 1014 760; x_wconf 86' lang='lat' dir='ltr'>bonitas,</span> 
     </span>
     <span class='ocr_line' id='line_1_11' title="bbox 72 771 1015 827; baseline -0.006 -11"><span class='ocrx_word' id='word_1_54' title='bbox 72 774 190 816; x_wconf 87' lang='lat' dir='ltr'>cuius</span> <span class='ocrx_word' id='word_1_55' title='bbox 214 774 410 815; x_wconf 90' lang='lat' dir='ltr'>voluntas</span> <span class='ocrx_word' id='word_1_56' title='bbox 430 772 631 827; x_wconf 86' lang='lat' dir='ltr'>potentia,</span> <span class='ocrx_word' id='word_1_57' title='bbox 664 771 782 813; x_wconf 86' lang='lat' dir='ltr'>cuius</span> <span class='ocrx_word' id='word_1_58' title='bbox 811 783 914 824; x_wconf 92' lang='lat' dir='ltr'>opus</span> <span class='ocrx_word' id='word_1_59' title='bbox 936 771 1015 811; x_wconf 93' lang='lat' dir='ltr'>mi-</span> 
     </span>
     <span class='ocr_line' id='line_1_12' title="bbox 71 829 1015 879; baseline -0.005 -5"><span class='ocrx_word' id='word_1_60' title='bbox 71 832 301 874; x_wconf 86' lang='lat' dir='ltr'>sericordia</span> <span class='ocrx_word' id='word_1_61' title='bbox 333 835 417 879; x_wconf 87' lang='lat' dir='ltr'>est,</span> <span class='ocrx_word' id='word_1_62' title='bbox 451 832 594 873; x_wconf 88' lang='lat' dir='ltr'>statim</span> <span class='ocrx_word' id='word_1_63' title='bbox 625 833 673 872; x_wconf 92' lang='lat' dir='ltr'>ut</span> <span class='ocrx_word' id='word_1_64' title='bbox 704 842 780 871; x_wconf 91' lang='lat' dir='ltr'>nos</span> <span class='ocrx_word' id='word_1_65' title='bbox 812 829 1015 870; x_wconf 85' lang='lat' dir='ltr'>diabolica</span> 
     </span>
     <span class='ocr_line' id='line_1_13' title="bbox 71 887 1014 946; baseline -0.004 -14"><span class='ocrx_word' id='word_1_66' title='bbox 71 891 309 946; x_wconf 83' lang='lat' dir='ltr'><strong>malignitas</strong></span> <span class='ocrx_word' id='word_1_67' title='bbox 331 903 492 932; x_wconf 87' lang='lat' dir='ltr'>veneno</span> <span class='ocrx_word' id='word_1_68' title='bbox 524 903 625 931; x_wconf 91' lang='lat' dir='ltr'>suae</span> <span class='ocrx_word' id='word_1_69' title='bbox 657 887 928 930; x_wconf 87' lang='lat' dir='ltr'>mortificavit</span> <span class='ocrx_word' id='word_1_70' title='bbox 949 889 1014 929; x_wconf 91' lang='lat' dir='ltr'>in-</span> 
     </span>
     <span class='ocr_line' id='line_1_14' title="bbox 70 947 1014 1004; baseline -0.003 -13"><span class='ocrx_word' id='word_1_71' title='bbox 70 949 220 998; x_wconf 82' lang='lat' dir='ltr'>vidiae,</span> <span class='ocrx_word' id='word_1_72' title='bbox 252 952 505 1004; x_wconf 87' lang='lat' dir='ltr'>praeparata</span> <span class='ocrx_word' id='word_1_73' title='bbox 536 947 792 990; x_wconf 85' lang='lat' dir='ltr'>renovandis</span> <span class='ocrx_word' id='word_1_74' title='bbox 823 948 1014 989; x_wconf 89' lang='lat' dir='ltr'>mortali-</span> 
     </span>
     <span class='ocr_line' id='line_1_15' title="bbox 71 1007 1014 1064; baseline -0.003 -14"><span class='ocrx_word' id='word_1_75' title='bbox 71 1008 145 1050; x_wconf 89' lang='lat' dir='ltr'>bus</span> <span class='ocrx_word' id='word_1_76' title='bbox 189 1021 291 1050; x_wconf 87' lang='lat' dir='ltr'>suae</span> <span class='ocrx_word' id='word_1_77' title='bbox 334 1009 500 1064; x_wconf 89' lang='lat' dir='ltr'>pietatis</span> <span class='ocrx_word' id='word_1_78' title='bbox 541 1007 751 1055; x_wconf 85' lang='lat' dir='ltr'>remedia,</span> <span class='ocrx_word' id='word_1_79' title='bbox 785 1008 896 1049; x_wconf 91' lang='lat' dir='ltr'>inter</span> <span class='ocrx_word' id='word_1_80' title='bbox 926 1008 1014 1061; x_wconf 87' lang='lat' dir='ltr'>ipsa</span> 
     </span>
     <span class='ocr_line' id='line_1_16' title="bbox 70 1066 1012 1123; baseline -0.002 -15"><span class='ocrx_word' id='word_1_81' title='bbox 70 1067 209 1109; x_wconf 92' lang='lat' dir='ltr'>mundi</span> <span class='ocrx_word' id='word_1_82' title='bbox 245 1068 472 1122; x_wconf 90' lang='lat' dir='ltr'>primordia</span> <span class='ocrx_word' id='word_1_83' title='bbox 508 1066 811 1123; x_wconf 74' lang='lat' dir='ltr'>praesignavit3</span> <span class='ocrx_word' id='word_1_84' title='bbox 849 1066 1012 1107; x_wconf 91' lang='lat' dir='ltr'>denun-</span> 
     </span>
     <span class='ocr_line' id='line_1_17' title="bbox 69 1125 1013 1182; baseline -0.001 -15"><span class='ocrx_word' id='word_1_85' title='bbox 69 1127 178 1168; x_wconf 87' lang='lat' dir='ltr'>tians</span> <span class='ocrx_word' id='word_1_86' title='bbox 209 1128 391 1182; x_wconf 78' lang='lat' dir='ltr'>serpenti</span> <span class='ocrx_word' id='word_1_87' title='bbox 422 1126 608 1169; x_wconf 89' lang='lat' dir='ltr'>futurum</span> <span class='ocrx_word' id='word_1_88' title='bbox 640 1139 781 1168; x_wconf 87' lang='lat' dir='ltr'>semen</span> <span class='ocrx_word' id='word_1_89' title='bbox 815 1125 1013 1173; x_wconf 90' lang='lat' dir='ltr'>mulieris,</span> 
     </span>
     <span class='ocr_line' id='line_1_18' title="bbox 67 1185 1014 1240; baseline -0.001 -14"><span class='ocrx_word' id='word_1_90' title='bbox 67 1185 177 1239; x_wconf 88' lang='lat' dir='ltr'>quod</span> <span class='ocrx_word' id='word_1_91' title='bbox 199 1187 314 1227; x_wconf 84' lang='lat' dir='ltr'>noxii</span> <span class='ocrx_word' id='word_1_92' title='bbox 335 1187 482 1240; x_wconf 89' lang='lat' dir='ltr'>capitis</span> <span class='ocrx_word' id='word_1_93' title='bbox 511 1185 734 1228; x_wconf 90' lang='lat' dir='ltr'>elationem</span> <span class='ocrx_word' id='word_1_94' title='bbox 755 1198 833 1226; x_wconf 91' lang='lat' dir='ltr'>sua</span> <span class='ocrx_word' id='word_1_95' title='bbox 854 1185 1014 1226; x_wconf 87' lang='lat' dir='ltr'>virtute</span> 
     </span>
     <span class='ocr_line' id='line_1_19' title="bbox 68 1244 1014 1294; baseline -0.001 -9"><span class='ocrx_word' id='word_1_96' title='bbox 68 1247 331 1294; x_wconf 88' lang='lat' dir='ltr'>contereret;</span> <span class='ocrx_word' id='word_1_97' title='bbox 371 1244 584 1287; x_wconf 89' lang='lat' dir='ltr'>Christum</span> <span class='ocrx_word' id='word_1_98' title='bbox 621 1244 780 1286; x_wconf 88' lang='lat' dir='ltr'>scilicet</span> <span class='ocrx_word' id='word_1_99' title='bbox 813 1244 854 1284; x_wconf 90' lang='lat' dir='ltr'>in</span> <span class='ocrx_word' id='word_1_100' title='bbox 887 1256 1014 1285; x_wconf 86' lang='lat' dir='ltr'>carne</span> 
     </span>
     <span class='ocr_line' id='line_1_20' title="bbox 67 1302 1015 1358; baseline -0.001 -14"><span class='ocrx_word' id='word_1_101' title='bbox 67 1306 292 1346; x_wconf 88' lang='lat' dir='ltr'>venturum</span> <span class='ocrx_word' id='word_1_102' title='bbox 311 1337 321 1352; x_wconf 93' lang='lat'>,</span> <span class='ocrx_word' id='word_1_103' title='bbox 360 1304 491 1346; x_wconf 91' lang='lat' dir='ltr'>Deum</span> <span class='ocrx_word' id='word_1_104' title='bbox 528 1304 819 1357; x_wconf 87' lang='lat' dir='ltr'>hominemque</span> <span class='ocrx_word' id='word_1_105' title='bbox 857 1302 1015 1358; x_wconf 85' lang='lat' dir='ltr'>signifi-</span> 
     </span>
     <span class='ocr_line' id='line_1_21' title="bbox 67 1362 1013 1418; baseline -0.001 -14"><span class='ocrx_word' id='word_1_106' title='bbox 67 1375 190 1413; x_wconf 88' lang='lat' dir='ltr'>cans;</span> <span class='ocrx_word' id='word_1_107' title='bbox 213 1364 282 1417; x_wconf 92' lang='lat' dir='ltr'>qui</span> <span class='ocrx_word' id='word_1_108' title='bbox 314 1366 438 1406; x_wconf 89' lang='lat' dir='ltr'>natus</span> <span class='ocrx_word' id='word_1_109' title='bbox 470 1376 523 1405; x_wconf 77' lang='lat' dir='ltr'>ex</span> <span class='ocrx_word' id='word_1_110' title='bbox 554 1363 740 1418; x_wconf 86' lang='lat' dir='ltr'>virgine,</span> <span class='ocrx_word' id='word_1_111' title='bbox 762 1362 1013 1404; x_wconf 81' lang='lat' dir='ltr'>violatorem</span> 
     </span>
     <span class='ocr_line' id='line_1_22' title="bbox 66 1421 1012 1478; baseline -0.001 -15"><span class='ocrx_word' id='word_1_112' title='bbox 66 1421 275 1464; x_wconf 88' lang='lat' dir='ltr'>humanae</span> <span class='ocrx_word' id='word_1_113' title='bbox 306 1423 545 1478; x_wconf 85' lang='lat' dir='ltr'>propaginis</span> <span class='ocrx_word' id='word_1_114' title='bbox 577 1423 822 1476; x_wconf 88' lang='lat' dir='ltr'>incorrupta</span> <span class='ocrx_word' id='word_1_115' title='bbox 854 1422 1012 1463; x_wconf 87' lang='lat' dir='ltr'>nativi-</span> 
     </span>
     <span class='ocr_line' id='line_1_23' title="bbox 64 1480 491 1524; baseline 0.002 -2"><span class='ocrx_word' id='word_1_116' title='bbox 64 1484 152 1522; x_wconf 86' lang='lat' dir='ltr'>tate</span> <span class='ocrx_word' id='word_1_117' title='bbox 175 1480 396 1524; x_wconf 88' lang='lat' dir='ltr'>damnaret</span> <span class='ocrx_word' id='word_1_118' title='bbox 415 1492 430 1515; x_wconf 83' lang='lat'>2</span> <span class='ocrx_word' id='word_1_119' title='bbox 451 1495 491 1523; x_wconf 90' lang='lat'>».</span> 
     </span>
    </p>

    <p class='ocr_par' dir='ltr' id='par_1_3' title="bbox 59 1539 1012 2836">
     <span class='ocr_line' id='line_1_24' title="bbox 122 1539 1012 1595; baseline -0.001 -14"><span class='ocrx_word' id='word_1_120' title='bbox 122 1541 162 1581; x_wconf 88' lang='grc'>4.</span> <span class='ocrx_word' id='word_1_121' title='bbox 182 1540 488 1584; x_wconf 75' lang='lat' dir='ltr'>Patrz’archae</span> <span class='ocrx_word' id='word_1_122' title='bbox 504 1539 1012 1595; x_wconf 77' lang='lat' dir='ltr'>antz‘dz&#39;luvz‘am&#39;—Moy-</span> 
     </span>
     <span class='ocr_line' id='line_1_25' title="bbox 65 1599 1011 1654; baseline -0.001 -14"><span class='ocrx_word' id='word_1_123' title='bbox 65 1612 131 1640; x_wconf 92' lang='lat' dir='ltr'>ses</span> <span class='ocrx_word' id='word_1_124' title='bbox 148 1600 433 1654; x_wconf 79' lang='lat' dir='ltr'>genealogiam</span> <span class='ocrx_word' id='word_1_125' title='bbox 454 1599 570 1642; x_wconf 88' lang='lat' dir='ltr'>Adae</span> <span class='ocrx_word' id='word_1_126' title='bbox 586 1604 628 1642; x_wconf 91' lang='lat' dir='ltr'>et</span> <span class='ocrx_word' id='word_1_127' title='bbox 645 1603 910 1654; x_wconf 89' lang='lat' dir='ltr'>posterorum</span> <span class='ocrx_word' id='word_1_128' title='bbox 924 1600 1011 1640; x_wconf 88' lang='lat' dir='ltr'>eius</span> 
     </span>
     <span class='ocr_line' id='line_1_26' title="bbox 64 1657 1010 1713; baseline 0 -14"><span class='ocrx_word' id='word_1_129' title='bbox 64 1671 138 1712; x_wconf 90' lang='lat' dir='ltr'>per</span> <span class='ocrx_word' id='word_1_130' title='bbox 160 1657 276 1706; x_wconf 83' lang='lat' dir='ltr'>Seth,</span> <span class='ocrx_word' id='word_1_131' title='bbox 299 1672 510 1713; x_wconf 88' lang='lat' dir='ltr'>annosque</span> <span class='ocrx_word' id='word_1_132' title='bbox 542 1660 654 1701; x_wconf 90' lang='lat' dir='ltr'>vitae</span> <span class='ocrx_word' id='word_1_133' title='bbox 687 1672 831 1700; x_wconf 90' lang='lat' dir='ltr'>eorum</span> <span class='ocrx_word' id='word_1_134' title='bbox 858 1671 1010 1700; x_wconf 87' lang='lat' dir='ltr'>recen-</span> 
     </span>
     <span class='ocr_line' id='line_1_27' title="bbox 66 1716 1009 1772; baseline 0.001 -15"><span class='ocrx_word' id='word_1_135' title='bbox 66 1729 174 1764; x_wconf 85' lang='lat' dir='ltr'>sens,</span> <span class='ocrx_word' id='word_1_136' title='bbox 199 1716 250 1758; x_wconf 88' lang='lat' dir='ltr'>ab</span> <span class='ocrx_word' id='word_1_137' title='bbox 273 1718 447 1759; x_wconf 83' lang='lat' dir='ltr'>exordio</span> <span class='ocrx_word' id='word_1_138' title='bbox 479 1718 648 1759; x_wconf 89' lang='lat' dir='ltr'>humani</span> <span class='ocrx_word' id='word_1_139' title='bbox 681 1718 847 1772; x_wconf 88' lang='lat' dir='ltr'>generis</span> <span class='ocrx_word' id='word_1_140' title='bbox 879 1730 1009 1770; x_wconf 90' lang='lat' dir='ltr'>usque</span> 
     </span>
     <span class='ocr_line' id='line_1_28' title="bbox 63 1775 1009 1819; baseline 0.002 -3"><span class='ocrx_word' id='word_1_141' title='bbox 63 1775 118 1816; x_wconf 87' lang='lat' dir='ltr'>ad</span> <span class='ocrx_word' id='word_1_142' title='bbox 139 1777 377 1818; x_wconf 85' lang='lat' dir='ltr'>universale</span> <span class='ocrx_word' id='word_1_143' title='bbox 409 1776 610 1819; x_wconf 86' lang='lat' dir='ltr'>diluvium</span> <span class='ocrx_word' id='word_1_144' title='bbox 642 1782 836 1818; x_wconf 89' lang='lat' dir='ltr'>numerat</span> <span class='ocrx_word' id='word_1_145' title='bbox 868 1775 1009 1818; x_wconf 85' lang='lat' dir='ltr'>decem</span> 
     </span>
     <span class='ocr_line' id='line_1_29' title="bbox 63 1834 1007 1888; baseline 0 -12"><span class='ocrx_word' id='word_1_146' title='bbox 63 1835 340 1888; x_wconf 85' lang='lat' dir='ltr'>patriarchas,</span> <span class='ocrx_word' id='word_1_147' title='bbox 365 1835 518 1884; x_wconf 86' lang='lat' dir='ltr'>Adam,</span> <span class='ocrx_word' id='word_1_148' title='bbox 542 1835 663 1884; x_wconf 91' lang='lat' dir='ltr'>Seth,</span> <span class='ocrx_word' id='word_1_149' title='bbox 686 1837 811 1883; x_wconf 82' lang='lat' dir='ltr'>Enos‚</span> <span class='ocrx_word' id='word_1_150' title='bbox 837 1834 1007 1883; x_wconf 90' lang='lat' dir='ltr'>Cainan‚</span> 
     </span>
     <span class='ocr_line' id='line_1_30' title="bbox 63 1893 1006 1943; baseline 0 -8"><span class='ocrx_word' id='word_1_151' title='bbox 63 1893 256 1935; x_wconf 89' lang='lat' dir='ltr'>Malaleel</span> <span class='ocrx_word' id='word_1_152' title='bbox 270 1927 279 1943; x_wconf 91' lang='lat'>‚</span> <span class='ocrx_word' id='word_1_153' title='bbox 317 1894 438 1936; x_wconf 90' lang='lat' dir='ltr'>Iared</span> <span class='ocrx_word' id='word_1_154' title='bbox 453 1927 462 1943; x_wconf 96' lang='lat'>,</span> <span class='ocrx_word' id='word_1_155' title='bbox 507 1895 704 1943; x_wconf 88' lang='lat' dir='ltr'>Henoch,</span> <span class='ocrx_word' id='word_1_156' title='bbox 743 1894 1006 1943; x_wconf 88' lang='lat' dir='ltr'>Mathusala,</span> 
     </span>
     <span class='ocr_line' id='line_1_31' title="bbox 64 1952 1009 2007; baseline -0.001 -13"><span class='ocrx_word' id='word_1_157' title='bbox 64 1952 245 1994; x_wconf 78' lang='lat' dir='ltr'>Lamech</span> <span class='ocrx_word' id='word_1_158' title='bbox 266 1957 309 1995; x_wconf 90' lang='lat' dir='ltr'>et</span> <span class='ocrx_word' id='word_1_159' title='bbox 329 1953 433 1996; x_wconf 78' lang='lat' dir='ltr'>Noe.</span> <span class='ocrx_word' id='word_1_160' title='bbox 451 1954 612 1996; x_wconf 93' lang='lat' dir='ltr'>Horum</span> <span class='ocrx_word' id='word_1_161' title='bbox 633 1954 725 1996; x_wconf 87' lang='lat' dir='ltr'>vita</span> <span class='ocrx_word' id='word_1_162' title='bbox 746 1953 914 2007; x_wconf 87' lang='lat' dir='ltr'>speciali</span> <span class='ocrx_word' id='word_1_163' title='bbox 934 1953 1009 1994; x_wconf 91' lang='lat' dir='ltr'>Dei</span> 
     </span>
     <span class='ocr_line' id='line_1_32' title="bbox 63 2011 1008 2068; baseline 0.002 -16"><span class='ocrx_word' id='word_1_164' title='bbox 63 2011 324 2054; x_wconf 87' lang='lat' dir='ltr'>ordinatione</span> <span class='ocrx_word' id='word_1_165' title='bbox 340 2013 393 2054; x_wconf 90' lang='lat' dir='ltr'>ad</span> <span class='ocrx_word' id='word_1_166' title='bbox 405 2013 525 2068; x_wconf 90' lang='lat' dir='ltr'>plura</span> <span class='ocrx_word' id='word_1_167' title='bbox 541 2013 711 2055; x_wconf 89' lang='lat' dir='ltr'>saecula</span> <span class='ocrx_word' id='word_1_168' title='bbox 727 2012 806 2054; x_wconf 87' lang='lat' dir='ltr'>fuit</span> <span class='ocrx_word' id='word_1_169' title='bbox 822 2016 1008 2066; x_wconf 87' lang='lat' dir='ltr'>protrac-</span> 
     </span>
     <span class='ocr_line' id='line_1_33' title="bbox 62 2070 1007 2127; baseline 0.002 -16"><span class='ocrx_word' id='word_1_170' title='bbox 62 2073 119 2118; x_wconf 88' lang='lat' dir='ltr'>ta,</span> <span class='ocrx_word' id='word_1_171' title='bbox 142 2084 223 2125; x_wconf 92' lang='lat' dir='ltr'>quo</span> <span class='ocrx_word' id='word_1_172' title='bbox 245 2070 455 2114; x_wconf 89' lang='lat' dir='ltr'>efficacius</span> <span class='ocrx_word' id='word_1_173' title='bbox 477 2073 718 2127; x_wconf 88' lang='lat' dir='ltr'>primaevae</span> <span class='ocrx_word' id='word_1_174' title='bbox 736 2071 1007 2114; x_wconf 89' lang='lat' dir='ltr'>revelationis</span> 
     </span>
     <span class='ocr_line' id='line_1_34' title="bbox 63 2129 1006 2186; baseline 0.003 -17"><span class='ocrx_word' id='word_1_175' title='bbox 63 2129 233 2173; x_wconf 85' lang='lat' dir='ltr'>traditio</span> <span class='ocrx_word' id='word_1_176' title='bbox 256 2135 300 2174; x_wconf 90' lang='lat' dir='ltr'>et</span> <span class='ocrx_word' id='word_1_177' title='bbox 328 2132 557 2186; x_wconf 91' lang='lat' dir='ltr'>primorum</span> <span class='ocrx_word' id='word_1_178' title='bbox 585 2134 819 2186; x_wconf 87' lang='lat' dir='ltr'>temporum</span> <span class='ocrx_word' id='word_1_179' title='bbox 848 2144 1006 2173; x_wconf 90' lang='lat' dir='ltr'>memo-</span> 
     </span>
     <span class='ocr_line' id='line_1_35' title="bbox 62 2188 1005 2246; baseline 0.002 -17"><span class='ocrx_word' id='word_1_180' title='bbox 62 2188 127 2229; x_wconf 87' lang='lat' dir='ltr'>ria</span> <span class='ocrx_word' id='word_1_181' title='bbox 148 2195 403 2232; x_wconf 88' lang='lat' dir='ltr'>conservata</span> <span class='ocrx_word' id='word_1_182' title='bbox 429 2195 528 2233; x_wconf 90' lang='lat' dir='ltr'>sunt</span> <span class='ocrx_word' id='word_1_183' title='bbox 548 2192 576 2232; x_wconf 84' lang='lat'>³.</span> <span class='ocrx_word' id='word_1_184' title='bbox 601 2189 703 2233; x_wconf 88' lang='lat' dir='ltr'>Cain</span> <span class='ocrx_word' id='word_1_185' title='bbox 745 2190 1005 2246; x_wconf 85' lang='lat' dir='ltr'>primogeni-</span> 
     </span>
     <span class='ocr_line' id='line_1_36' title="bbox 61 2248 1004 2292; baseline 0.005 -5"><span class='ocrx_word' id='word_1_186' title='bbox 61 2250 131 2288; x_wconf 88' lang='lat' dir='ltr'>tus</span> <span class='ocrx_word' id='word_1_187' title='bbox 155 2249 273 2291; x_wconf 88' lang='lat' dir='ltr'>Adae</span> <span class='ocrx_word' id='word_1_188' title='bbox 293 2248 401 2291; x_wconf 89' lang='lat' dir='ltr'>filius</span> <span class='ocrx_word' id='word_1_189' title='bbox 418 2253 462 2292; x_wconf 90' lang='lat' dir='ltr'>et</span> <span class='ocrx_word' id='word_1_190' title='bbox 482 2249 586 2291; x_wconf 91' lang='lat' dir='ltr'>Abel</span> <span class='ocrx_word' id='word_1_191' title='bbox 609 2249 792 2291; x_wconf 92' lang='lat' dir='ltr'>secundo</span> <span class='ocrx_word' id='word_1_192' title='bbox 814 2249 906 2291; x_wconf 86' lang='lat' dir='ltr'>loco</span> <span class='ocrx_word' id='word_1_193' title='bbox 924 2263 1004 2292; x_wconf 90' lang='lat' dir='ltr'>na-</span> 
     </span>
     <span class='ocr_line' id='line_1_37' title="bbox 62 2308 1004 2364; baseline 0.003 -16"><span class='ocrx_word' id='word_1_194' title='bbox 62 2309 144 2355; x_wconf 89' lang='lat' dir='ltr'>tus,</span> <span class='ocrx_word' id='word_1_195' title='bbox 162 2308 347 2350; x_wconf 85' lang='lat' dir='ltr'>moribus</span> <span class='ocrx_word' id='word_1_196' title='bbox 361 2309 643 2358; x_wconf 82' lang='lat' dir='ltr'>diversissimi,</span> <span class='ocrx_word' id='word_1_197' title='bbox 657 2309 835 2350; x_wconf 87' lang='lat' dir='ltr'>duarum</span> <span class='ocrx_word' id='word_1_198' title='bbox 852 2310 1004 2364; x_wconf 83' lang='lat' dir='ltr'>mysti-</span> 
     </span>
     <span class='ocr_line' id='line_1_38' title="bbox 63 2368 1004 2418; baseline 0.006 -14"><span class='ocrx_word' id='word_1_199' title='bbox 63 2377 205 2407; x_wconf 86' lang='lat' dir='ltr'>carum</span> <span class='ocrx_word' id='word_1_200' title='bbox 237 2368 467 2417; x_wconf 87' lang='lat' dir='ltr'>civitatum,</span> <span class='ocrx_word' id='word_1_201' title='bbox 489 2368 565 2410; x_wconf 86' lang='lat' dir='ltr'>Dei</span> <span class='ocrx_word' id='word_1_202' title='bbox 595 2368 756 2410; x_wconf 89' lang='lat' dir='ltr'>scilicet</span> <span class='ocrx_word' id='word_1_203' title='bbox 788 2371 831 2410; x_wconf 93' lang='lat' dir='ltr'>et</span> <span class='ocrx_word' id='word_1_204' title='bbox 852 2368 1004 2418; x_wconf 91' lang='lat' dir='ltr'>mundi,</span> 
     </span>
     <span class='ocr_line' id='line_1_39' title="bbox 65 2423 1003 2482; baseline 0.004 -18"><span class='ocrx_word' id='word_1_205' title='bbox 65 2425 152 2478; x_wconf 86' lang='lat' dir='ltr'>typi</span> <span class='ocrx_word' id='word_1_206' title='bbox 175 2423 310 2469; x_wconf 85' lang='lat' dir='ltr'>effecti</span> <span class='ocrx_word' id='word_1_207' title='bbox 328 2431 439 2470; x_wconf 88' lang='lat' dir='ltr'>sunt.</span> <span class='ocrx_word' id='word_1_208' title='bbox 463 2427 567 2470; x_wconf 88' lang='lat' dir='ltr'>Cain</span> <span class='ocrx_word' id='word_1_209' title='bbox 584 2428 734 2482; x_wconf 90' lang='lat' dir='ltr'>impius</span> <span class='ocrx_word' id='word_1_210' title='bbox 756 2430 800 2470; x_wconf 88' lang='lat' dir='ltr'>et</span> <span class='ocrx_word' id='word_1_211' title='bbox 816 2428 1003 2469; x_wconf 88' lang='lat' dir='ltr'>crimini-</span> 
     </span>
     <span class='ocr_line' id='line_1_40' title="bbox 63 2482 1002 2542; baseline 0.006 -19"><span class='ocrx_word' id='word_1_212' title='bbox 63 2482 140 2524; x_wconf 90' lang='lat' dir='ltr'>bus</span> <span class='ocrx_word' id='word_1_213' title='bbox 161 2483 337 2535; x_wconf 90' lang='lat' dir='ltr'>deditus,</span> <span class='ocrx_word' id='word_1_214' title='bbox 358 2487 530 2529; x_wconf 91' lang='lat' dir='ltr'>Abelem</span> <span class='ocrx_word' id='word_1_215' title='bbox 552 2487 665 2542; x_wconf 91' lang='lat' dir='ltr'>pium</span> <span class='ocrx_word' id='word_1_216' title='bbox 685 2489 727 2529; x_wconf 91' lang='lat' dir='ltr'>et</span> <span class='ocrx_word' id='word_1_217' title='bbox 747 2488 904 2529; x_wconf 90' lang='lat' dir='ltr'>iustum</span> <span class='ocrx_word' id='word_1_218' title='bbox 925 2500 1002 2529; x_wconf 88' lang='lat' dir='ltr'>oc-</span> 
     </span>
     <span class='ocr_line' id='line_1_41' title="bbox 61 2542 1001 2598; baseline 0.006 -16"><span class='ocrx_word' id='word_1_219' title='bbox 61 2542 176 2593; x_wconf 88' lang='lat' dir='ltr'>cidit;</span> <span class='ocrx_word' id='word_1_220' title='bbox 193 2556 274 2598; x_wconf 92' lang='lat' dir='ltr'>quo</span> <span class='ocrx_word' id='word_1_221' title='bbox 291 2546 427 2588; x_wconf 90' lang='lat' dir='ltr'>occiso</span> <span class='ocrx_word' id='word_1_222' title='bbox 445 2545 560 2595; x_wconf 91' lang='lat' dir='ltr'>Seth,</span> <span class='ocrx_word' id='word_1_223' title='bbox 579 2547 728 2589; x_wconf 90' lang='lat' dir='ltr'>tertius</span> <span class='ocrx_word' id='word_1_224' title='bbox 744 2547 864 2588; x_wconf 89' lang='lat' dir='ltr'>Adae</span> <span class='ocrx_word' id='word_1_225' title='bbox 880 2545 1001 2596; x_wconf 89' lang='lat' dir='ltr'>filius,</span> 
     </span>
     <span class='ocr_line' id='line_1_42' title="bbox 61 2602 1001 2660; baseline 0.005 -18"><span class='ocrx_word' id='word_1_226' title='bbox 61 2602 247 2645; x_wconf 86' lang='lat' dir='ltr'>civitatis</span> <span class='ocrx_word' id='word_1_227' title='bbox 268 2603 341 2646; x_wconf 89' lang='lat' dir='ltr'>Dei</span> <span class='ocrx_word' id='word_1_228' title='bbox 362 2606 551 2660; x_wconf 89' lang='lat' dir='ltr'>princeps</span> <span class='ocrx_word' id='word_1_229' title='bbox 572 2605 663 2647; x_wconf 88' lang='lat' dir='ltr'>fuit.</span> <span class='ocrx_word' id='word_1_230' title='bbox 682 2606 871 2660; x_wconf 87' lang='lat' dir='ltr'>Utraque</span> <span class='ocrx_word' id='word_1_231' title='bbox 893 2606 1001 2648; x_wconf 87' lang='lat' dir='ltr'>civi-</span> 
     </span>
     <span class='ocr_line' id='line_1_43' title="bbox 59 2660 1003 2720; baseline 0.005 -18"><span class='ocrx_word' id='word_1_232' title='bbox 59 2662 126 2703; x_wconf 91' lang='lat' dir='ltr'>tas</span> <span class='ocrx_word' id='word_1_233' title='bbox 147 2662 188 2702; x_wconf 90' lang='lat' dir='ltr'>in</span> <span class='ocrx_word' id='word_1_234' title='bbox 208 2660 324 2704; x_wconf 89' lang='lat' dir='ltr'>Caini</span> <span class='ocrx_word' id='word_1_235' title='bbox 355 2668 398 2706; x_wconf 88' lang='lat' dir='ltr'>et</span> <span class='ocrx_word' id='word_1_236' title='bbox 417 2664 530 2707; x_wconf 90' lang='lat' dir='ltr'>Sethi</span> <span class='ocrx_word' id='word_1_237' title='bbox 561 2665 738 2719; x_wconf 86' lang='lat' dir='ltr'>posteris</span> <span class='ocrx_word' id='word_1_238' title='bbox 769 2668 1003 2720; x_wconf 85' lang='lat' dir='ltr'>propagata</span> 
     </span>
     <span class='ocr_line' id='line_1_44' title="bbox 60 2720 1001 2779; baseline 0.004 -17"><span class='ocrx_word' id='word_1_239' title='bbox 60 2724 137 2770; x_wconf 87' lang='lat' dir='ltr'>est;</span> <span class='ocrx_word' id='word_1_240' title='bbox 154 2720 262 2763; x_wconf 91' lang='lat' dir='ltr'>unde</span> <span class='ocrx_word' id='word_1_241' title='bbox 278 2721 320 2763; x_wconf 91' lang='lat' dir='ltr'>hi</span> <span class='ocrx_word' id='word_1_242' title='bbox 337 2723 432 2775; x_wconf 72' lang='lat' dir='ltr'>filii</span> <span class='ocrx_word' id='word_1_243' title='bbox 444 2724 539 2779; x_wconf 83' lang='lat' dir='ltr'>Dez&#39;,</span> <span class='ocrx_word' id='word_1_244' title='bbox 557 2724 614 2766; x_wconf 94' lang='lat' dir='ltr'>illi</span> <span class='ocrx_word' id='word_1_245' title='bbox 625 2737 730 2766; x_wconf 88' lang='lat' dir='ltr'>vero</span> <span class='ocrx_word' id='word_1_246' title='bbox 747 2725 839 2777; x_wconf 69' lang='lat' dir='ltr'>filia·</span> <span class='ocrx_word' id='word_1_247' title='bbox 853 2724 1001 2766; x_wconf 79' lang='lat' dir='ltr'>homi-</span> 
     </span>
     <span class='ocr_line' id='line_1_45' title="bbox 59 2782 619 2836; baseline 0.004 -14"><span class='ocrx_word' id='word_1_248' title='bbox 59 2792 175 2822; x_wconf 83' lang='lat' dir='ltr'>num</span> <span class='ocrx_word' id='word_1_249' title='bbox 196 2782 238 2822; x_wconf 91' lang='lat' dir='ltr'>in</span> <span class='ocrx_word' id='word_1_250' title='bbox 260 2782 485 2836; x_wconf 89' lang='lat' dir='ltr'>Scripturis</span> <span class='ocrx_word' id='word_1_251' title='bbox 508 2783 619 2826; x_wconf 88' lang='lat' dir='ltr'>dicti.</span> 
     </span>
    </p>

    <p class='ocr_par' dir='ltr' id='par_1_4' title="bbox 56 2838 1001 3074">
     <span class='ocr_line' id='line_1_46' title="bbox 115 2838 1001 2897; baseline 0.006 -17"><span class='ocrx_word' id='word_1_252' title='bbox 115 2839 156 2880; x_wconf 90' lang='lat'>5.</span> <span class='ocrx_word' id='word_1_253' title='bbox 186 2838 434 2894; x_wconf 77' lang='lat' dir='ltr'>Corruptz&#39;o</span> <span class='ocrx_word' id='word_1_254' title='bbox 455 2843 645 2885; x_wconf 72' lang='lat' dir='ltr'>moralis</span> <span class='ocrx_word' id='word_1_255' title='bbox 662 2866 720 2872; x_wconf 92' lang='lat'>—</span> <span class='ocrx_word' id='word_1_256' title='bbox 732 2842 904 2885; x_wconf 87' lang='lat' dir='ltr'>Sincera</span> <span class='ocrx_word' id='word_1_257' title='bbox 920 2843 1001 2897; x_wconf 89' lang='lat' dir='ltr'>pie-</span> 
     </span>
     <span class='ocr_line' id='line_1_47' title="bbox 57 2897 999 2954; baseline 0.005 -15"><span class='ocrx_word' id='word_1_258' title='bbox 57 2899 124 2940; x_wconf 84' lang='lat' dir='ltr'>tas</span> <span class='ocrx_word' id='word_1_259' title='bbox 144 2897 306 2942; x_wconf 87' lang='lat' dir='ltr'>felicius</span> <span class='ocrx_word' id='word_1_260' title='bbox 326 2902 619 2954; x_wconf 87' lang='lat' dir='ltr'>perseveravit</span> <span class='ocrx_word' id='word_1_261' title='bbox 641 2902 683 2942; x_wconf 90' lang='lat' dir='ltr'>in</span> <span class='ocrx_word' id='word_1_262' title='bbox 702 2900 866 2943; x_wconf 85' lang='lat' dir='ltr'>familiis</span> <span class='ocrx_word' id='word_1_263' title='bbox 883 2901 999 2950; x_wconf 86' lang='lat' dir='ltr'>Seth,</span> 
     </span>
     <span class='ocr_line' id='line_1_48' title="bbox 56 2956 1000 3015; baseline 0.004 -17"><span class='ocrx_word' id='word_1_264' title='bbox 56 2956 192 3007; x_wconf 91' lang='lat' dir='ltr'>Enos,</span> <span class='ocrx_word' id='word_1_265' title='bbox 214 2957 388 3000; x_wconf 88' lang='lat' dir='ltr'>Henoch</span> <span class='ocrx_word' id='word_1_266' title='bbox 421 2963 463 3001; x_wconf 91' lang='lat' dir='ltr'>et</span> <span class='ocrx_word' id='word_1_267' title='bbox 494 2959 694 3010; x_wconf 83' lang='lat' dir='ltr'>Lamech,</span> <span class='ocrx_word' id='word_1_268' title='bbox 732 2973 909 3015; x_wconf 88' lang='lat' dir='ltr'>quorum</span> <span class='ocrx_word' id='word_1_269' title='bbox 945 2960 1000 3002; x_wconf 88' lang='lat' dir='ltr'>fi-</span> 
     </span>
     <span class='ocr_line' id='line_1_49' title="bbox 57 3016 998 3074; baseline 0.004 -16"><span class='ocrx_word' id='word_1_270' title='bbox 57 3016 131 3058; x_wconf 88' lang='lat' dir='ltr'>des</span> <span class='ocrx_word' id='word_1_271' title='bbox 162 3019 205 3060; x_wconf 89' lang='lat' dir='ltr'>et</span> <span class='ocrx_word' id='word_1_272' title='bbox 225 3017 374 3073; x_wconf 89' lang='lat' dir='ltr'>religio</span> <span class='ocrx_word' id='word_1_273' title='bbox 392 3019 433 3060; x_wconf 93' lang='lat' dir='ltr'>in</span> <span class='ocrx_word' id='word_1_274' title='bbox 451 3018 676 3074; x_wconf 89' lang='lat' dir='ltr'>Scripturis</span> <span class='ocrx_word' id='word_1_275' title='bbox 699 3019 998 3062; x_wconf 86' lang='lat' dir='ltr'>commendan-</span> 
     </span>
    </p>
   </div>
   <div class='ocr_carea' id='block_1_3' title="bbox 61 3097 318 3104">
    <p class='ocr_par' dir='ltr' id='par_1_5' title="bbox 61 3097 318 3104">
     <span class='ocr_line' id='line_1_50' title="bbox 61 3097 318 3104; baseline 0 369"><span class='ocrx_word' id='word_1_276' title='bbox 61 3097 318 3104; x_wconf 95' lang='lat' dir='ltr'> </span> 
     </span>
    </p>
   </div>
   <div class='ocr_carea' id='block_1_4' title="bbox 94 3127 653 3245">
    <p class='ocr_par' dir='ltr' id='par_1_6' title="bbox 94 3127 653 3245">
     <span class='ocr_line' id='line_1_51' title="bbox 96 3127 304 3160; baseline 0.005 -1"><span class='ocrx_word' id='word_1_277' title='bbox 96 3127 107 3149; x_wconf 78' lang='lat'>¹</span> <span class='ocrx_word' id='word_1_278' title='bbox 127 3128 244 3160; x_wconf 77' lang='lat' dir='ltr'>Genes.</span> <span class='ocrx_word' id='word_1_279' title='bbox 258 3130 304 3160; x_wconf 79' lang='grc' dir='ltr'>ΠΙ.</span> 
     </span>
     <span class='ocr_line' id='line_1_52' title="bbox 95 3170 653 3208; baseline 0.004 -7"><span class='ocrx_word' id='word_1_280' title='bbox 95 3170 110 3192; x_wconf 79' lang='lat'><strong>²</strong></span> <span class='ocrx_word' id='word_1_281' title='bbox 126 3171 234 3202; x_wconf 83' lang='lat' dir='ltr'>Serm.</span> <span class='ocrx_word' id='word_1_282' title='bbox 253 3170 282 3208; x_wconf 76' lang='lat'>2,</span> <span class='ocrx_word' id='word_1_283' title='bbox 298 3171 348 3202; x_wconf 92' lang='lat' dir='ltr'>De</span> <span class='ocrx_word' id='word_1_284' title='bbox 361 3171 502 3204; x_wconf 80' lang='lat' dir='ltr'>nativit.</span> <span class='ocrx_word' id='word_1_285' title='bbox 516 3170 653 3203; x_wconf 78' lang='lat' dir='ltr'>Domin.</span> 
     </span>
     <span class='ocr_line' id='line_1_53' title="bbox 94 3209 343 3245; baseline -0.004 -1"><span class='ocrx_word' id='word_1_286' title='bbox 94 3209 109 3231; x_wconf 77' lang='lat'>³</span> <span class='ocrx_word' id='word_1_287' title='bbox 126 3210 243 3245; x_wconf 75' lang='lat' dir='ltr'>Genes.</span> <span class='ocrx_word' id='word_1_288' title='bbox 254 3213 343 3243; x_wconf 86' lang='lat' dir='ltr'>lv-V.</span> 
     </span>
    </p>
   </div>
   <div class='ocr_carea' id='block_1_5' title="bbox 1902 172 1956 200">
    <p class='ocr_par' dir='ltr' id='par_1_7' title="bbox 1902 172 1956 200">
     <span class='ocr_line' id='line_1_54' title="bbox 1902 172 1956 200; baseline 0 0"><span class='ocrx_word' id='word_1_289' title='bbox 1902 172 1956 200; x_wconf 74' lang='lat' dir='ltr'>XV</span> 
     </span>
    </p>
   </div>
   <div class='ocr_carea' id='block_1_6' title="bbox 1043 238 2010 2897">
    <p class='ocr_par' dir='ltr' id='par_1_8' title="bbox 1055 238 2010 1047">
     <span class='ocr_line' id='line_1_55' title="bbox 1063 238 2010 298; baseline 0.001 -17"><span class='ocrx_word' id='word_1_290' title='bbox 1063 242 1132 281; x_wconf 89' lang='lat' dir='ltr'>tur</span> <span class='ocrx_word' id='word_1_291' title='bbox 1146 242 1170 280; x_wconf 88' lang='lat'>¹.</span> <span class='ocrx_word' id='word_1_292' title='bbox 1186 240 1344 282; x_wconf 89' lang='lat' dir='ltr'>Verum</span> <span class='ocrx_word' id='word_1_293' title='bbox 1360 242 1456 298; x_wconf 90' lang='lat' dir='ltr'>post</span> <span class='ocrx_word' id='word_1_294' title='bbox 1467 239 1588 294; x_wconf 88' lang='lat' dir='ltr'>plura</span> <span class='ocrx_word' id='word_1_295' title='bbox 1600 238 1783 287; x_wconf 85' lang='lat' dir='ltr'>saecula,</span> <span class='ocrx_word' id='word_1_296' title='bbox 1797 251 1891 280; x_wconf 90' lang='lat' dir='ltr'>cum</span> <span class='ocrx_word' id='word_1_297' title='bbox 1908 241 2010 282; x_wconf 91' lang='lat' dir='ltr'>mul-</span> 
     </span>
     <span class='ocr_line' id='line_1_56' title="bbox 1061 298 2009 354; baseline 0 -14"><span class='ocrx_word' id='word_1_298' title='bbox 1061 298 1290 353; x_wconf 85' lang='lat' dir='ltr'>tiplicatum</span> <span class='ocrx_word' id='word_1_299' title='bbox 1308 303 1419 342; x_wconf 85' lang='lat' dir='ltr'>esset</span> <span class='ocrx_word' id='word_1_300' title='bbox 1437 311 1571 354; x_wconf 88' lang='lat' dir='ltr'>genus</span> <span class='ocrx_word' id='word_1_301' title='bbox 1589 298 1831 346; x_wconf 88' lang='lat' dir='ltr'>humanum,</span> <span class='ocrx_word' id='word_1_302' title='bbox 1845 311 2009 340; x_wconf 90' lang='lat' dir='ltr'>morum</span> 
     </span>
     <span class='ocr_line' id='line_1_57' title="bbox 1060 356 2008 411; baseline 0.001 -13"><span class='ocrx_word' id='word_1_303' title='bbox 1060 358 1249 411; x_wconf 86' lang='lat' dir='ltr'>pravitas</span> <span class='ocrx_word' id='word_1_304' title='bbox 1280 358 1470 400; x_wconf 72' lang='lat' dir='ltr'>invaluit.</span> <span class='ocrx_word' id='word_1_305' title='bbox 1494 358 1586 399; x_wconf 89' lang='lat' dir='ltr'>Filii</span> <span class='ocrx_word' id='word_1_306' title='bbox 1617 357 1691 399; x_wconf 91' lang='lat' dir='ltr'>Dei</span> <span class='ocrx_word' id='word_1_307' title='bbox 1719 370 1794 398; x_wconf 88' lang='lat' dir='ltr'>seu</span> <span class='ocrx_word' id='word_1_308' title='bbox 1817 356 2008 399; x_wconf 88' lang='lat' dir='ltr'>Sethiani</span> 
     </span>
     <span class='ocr_line' id='line_1_58' title="bbox 1059 415 2005 459; baseline 0.002 -2"><span class='ocrx_word' id='word_1_309' title='bbox 1059 415 1111 457; x_wconf 81' lang='lat' dir='ltr'>ad</span> <span class='ocrx_word' id='word_1_310' title='bbox 1134 415 1239 458; x_wconf 86' lang='lat' dir='ltr'>filios</span> <span class='ocrx_word' id='word_1_311' title='bbox 1262 417 1473 458; x_wconf 89' lang='lat' dir='ltr'>hominum</span> <span class='ocrx_word' id='word_1_312' title='bbox 1506 430 1581 458; x_wconf 89' lang='lat' dir='ltr'>seu</span> <span class='ocrx_word' id='word_1_313' title='bbox 1605 416 1788 459; x_wconf 85' lang='lat' dir='ltr'>Cainitos</span> <span class='ocrx_word' id='word_1_314' title='bbox 1811 429 2005 459; x_wconf 89' lang='lat' dir='ltr'>accesse-</span> 
     </span>
     <span class='ocr_line' id='line_1_59' title="bbox 1058 477 2006 531; baseline 0.002 -15"><span class='ocrx_word' id='word_1_315' title='bbox 1058 478 1169 523; x_wconf 92' lang='lat' dir='ltr'>runt,</span> <span class='ocrx_word' id='word_1_316' title='bbox 1190 477 1384 531; x_wconf 90' lang='lat' dir='ltr'>coniugia</span> <span class='ocrx_word' id='word_1_317' title='bbox 1408 479 1729 524; x_wconf 86' lang='lat' dir='ltr'>contraxerunt,</span> <span class='ocrx_word' id='word_1_318' title='bbox 1747 487 1892 516; x_wconf 91' lang='lat' dir='ltr'>eorum</span> <span class='ocrx_word' id='word_1_319' title='bbox 1914 489 2006 530; x_wconf 90' lang='lat' dir='ltr'>pra-</span> 
     </span>
     <span class='ocr_line' id='line_1_60' title="bbox 1060 534 2003 589; baseline 0.002 -15"><span class='ocrx_word' id='word_1_320' title='bbox 1060 547 1114 574; x_wconf 88' lang='lat' dir='ltr'>va</span> <span class='ocrx_word' id='word_1_321' title='bbox 1137 534 1329 589; x_wconf 79' lang='lat' dir='ltr'>exempla</span> <span class='ocrx_word' id='word_1_322' title='bbox 1350 535 1483 577; x_wconf 87' lang='lat' dir='ltr'>secuti</span> <span class='ocrx_word' id='word_1_323' title='bbox 1513 538 1624 583; x_wconf 88' lang='lat' dir='ltr'>sunt,</span> <span class='ocrx_word' id='word_1_324' title='bbox 1648 538 1690 576; x_wconf 92' lang='lat' dir='ltr'>et</span> <span class='ocrx_word' id='word_1_325' title='bbox 1717 547 1880 576; x_wconf 90' lang='lat' dir='ltr'>morum</span> <span class='ocrx_word' id='word_1_326' title='bbox 1903 547 2003 576; x_wconf 91' lang='lat' dir='ltr'>cor-</span> 
     </span>
     <span class='ocr_line' id='line_1_61' title="bbox 1058 592 2006 647; baseline 0.003 -14"><span class='ocrx_word' id='word_1_327' title='bbox 1058 594 1196 647; x_wconf 84' lang='lat' dir='ltr'>ruptio</span> <span class='ocrx_word' id='word_1_328' title='bbox 1214 592 1328 635; x_wconf 86' lang='lat' dir='ltr'>facta</span> <span class='ocrx_word' id='word_1_329' title='bbox 1345 596 1409 636; x_wconf 90' lang='lat' dir='ltr'>est</span> <span class='ocrx_word' id='word_1_330' title='bbox 1425 594 1666 635; x_wconf 87' lang='lat' dir='ltr'>communis:</span> <span class='ocrx_word' id='word_1_331' title='bbox 1687 592 1921 646; x_wconf 73' lang='lat' dir='ltr'>Corrupta</span> <span class='ocrx_word' id='word_1_332' title='bbox 1937 597 2006 636; x_wconf 79' lang='lat' dir='ltr'>est</span> 
     </span>
     <span class='ocr_line' id='line_1_62' title="bbox 1061 653 2004 708; baseline 0.001 -15"><span class='ocrx_word' id='word_1_333' title='bbox 1061 654 1188 694; x_wconf 67' lang='lat' dir='ltr'>terra</span> <span class='ocrx_word' id='word_1_334' title='bbox 1205 664 1362 694; x_wconf 80' lang='lat' dir='ltr'>coram</span> <span class='ocrx_word' id='word_1_335' title='bbox 1380 653 1486 699; x_wconf 85' lang='lat' dir='ltr'>Deo,</span> <span class='ocrx_word' id='word_1_336' title='bbox 1504 657 1548 694; x_wconf 83' lang='lat' dir='ltr'>et</span> <span class='ocrx_word' id='word_1_337' title='bbox 1559 654 1732 706; x_wconf 67' lang='lat' dir='ltr'>repleta</span> <span class='ocrx_word' id='word_1_338' title='bbox 1749 656 1818 694; x_wconf 81' lang='lat' dir='ltr'>est</span> <span class='ocrx_word' id='word_1_339' title='bbox 1830 653 2004 708; x_wconf 76' lang='lat' dir='ltr'>iniqui-</span> 
     </span>
     <span class='ocr_line' id='line_1_63' title="bbox 1059 709 2002 766; baseline 0.001 -15"><span class='ocrx_word' id='word_1_340' title='bbox 1059 713 1160 752; x_wconf 79' lang='lat' dir='ltr'>tate.</span> <span class='ocrx_word' id='word_1_341' title='bbox 1207 709 1366 753; x_wconf 72' lang='lat' dir='ltr'>Omnis</span> <span class='ocrx_word' id='word_1_342' title='bbox 1408 723 1517 753; x_wconf 71' lang='lat' dir='ltr'>caro</span> <span class='ocrx_word' id='word_1_343' title='bbox 1559 714 1839 766; x_wconf 67' lang='lat' dir='ltr'>corruperat</span> <span class='ocrx_word' id='word_1_344' title='bbox 1877 713 2002 754; x_wconf 75' lang='lat' dir='ltr'>viam</span> 
     </span>
     <span class='ocr_line' id='line_1_64' title="bbox 1055 770 2001 825; baseline 0.003 -16"><span class='ocrx_word' id='word_1_345' title='bbox 1055 782 1192 811; x_wconf 77' lang='lat' dir='ltr'>suam</span> <span class='ocrx_word' id='word_1_346' title='bbox 1209 782 1352 824; x_wconf 69' lang='lat' dir='ltr'>super</span> <span class='ocrx_word' id='word_1_347' title='bbox 1371 773 1547 812; x_wconf 67' lang='lat' dir='ltr'>terra-m</span> <span class='ocrx_word' id='word_1_348' title='bbox 1559 771 1586 812; x_wconf 80' lang='lat'>².</span> <span class='ocrx_word' id='word_1_349' title='bbox 1602 770 1867 825; x_wconf 87' lang='lat' dir='ltr'>Quapropter</span> <span class='ocrx_word' id='word_1_350' title='bbox 1889 772 2001 813; x_wconf 88' lang='lat' dir='ltr'>Deus</span> 
     </span>
     <span class='ocr_line' id='line_1_65' title="bbox 1056 828 2002 883; baseline 0.002 -13"><span class='ocrx_word' id='word_1_351' title='bbox 1056 830 1206 870; x_wconf 86' lang='lat' dir='ltr'>statuit</span> <span class='ocrx_word' id='word_1_352' title='bbox 1227 828 1371 870; x_wconf 86' lang='lat' dir='ltr'>diluvii</span> <span class='ocrx_word' id='word_1_353' title='bbox 1393 829 1512 883; x_wconf 89' lang='lat' dir='ltr'>aquis</span> <span class='ocrx_word' id='word_1_354' title='bbox 1529 842 1554 870; x_wconf 89' lang='lat' dir='ltr'>a</span> <span class='ocrx_word' id='word_1_355' title='bbox 1576 828 1680 870; x_wconf 89' lang='lat' dir='ltr'>facie</span> <span class='ocrx_word' id='word_1_356' title='bbox 1702 833 1843 871; x_wconf 88' lang='lat' dir='ltr'>terrae</span> <span class='ocrx_word' id='word_1_357' title='bbox 1865 829 2002 872; x_wconf 89' lang='lat' dir='ltr'>delere</span> 
     </span>
     <span class='ocr_line' id='line_1_66' title="bbox 1056 887 2001 942; baseline 0.003 -14"><span class='ocrx_word' id='word_1_358' title='bbox 1056 900 1220 928; x_wconf 88' lang='lat' dir='ltr'>omnem</span> <span class='ocrx_word' id='word_1_359' title='bbox 1251 887 1482 937; x_wconf 90' lang='lat' dir='ltr'>hominem,</span> <span class='ocrx_word' id='word_1_360' title='bbox 1515 891 1692 942; x_wconf 80' lang='lat' dir='ltr'>excepta</span> <span class='ocrx_word' id='word_1_361' title='bbox 1720 888 1876 930; x_wconf 88' lang='lat' dir='ltr'>familia</span> <span class='ocrx_word' id='word_1_362' title='bbox 1900 889 2001 937; x_wconf 76' lang='lat' dir='ltr'>Noe,</span> 
     </span>
     <span class='ocr_line' id='line_1_67' title="bbox 1056 947 2004 1002; baseline 0.005 -16"><span class='ocrx_word' id='word_1_363' title='bbox 1056 947 1124 1000; x_wconf 91' lang='lat' dir='ltr'>qui</span> <span class='ocrx_word' id='word_1_364' title='bbox 1146 948 1236 1000; x_wconf 87' lang='lat' dir='ltr'>pius</span> <span class='ocrx_word' id='word_1_365' title='bbox 1258 951 1300 989; x_wconf 90' lang='lat' dir='ltr'>et</span> <span class='ocrx_word' id='word_1_366' title='bbox 1321 948 1455 990; x_wconf 89' lang='lat' dir='ltr'>iustus</span> <span class='ocrx_word' id='word_1_367' title='bbox 1478 948 1638 990; x_wconf 88' lang='lat' dir='ltr'>invenit</span> <span class='ocrx_word' id='word_1_368' title='bbox 1659 948 1842 1002; x_wconf 84' lang='lat' dir='ltr'>gratiam</span> <span class='ocrx_word' id='word_1_369' title='bbox 1862 961 2004 990; x_wconf 86' lang='lat' dir='ltr'>coram</span> 
     </span>
     <span class='ocr_line' id='line_1_68' title="bbox 1056 1005 1245 1047; baseline 0 -1"><span class='ocrx_word' id='word_1_370' title='bbox 1056 1005 1245 1047; x_wconf 91' lang='lat' dir='ltr'>Domino.</span> 
     </span>
    </p>

    <p class='ocr_par' dir='ltr' id='par_1_9' title="bbox 1048 1064 2004 2231">
     <span class='ocr_line' id='line_1_69' title="bbox 1114 1064 2002 1120; baseline 0.001 -14"><span class='ocrx_word' id='word_1_371' title='bbox 1114 1064 1308 1119; x_wconf 84' lang='lat' dir='ltr'>Quisquis</span> <span class='ocrx_word' id='word_1_372' title='bbox 1322 1066 1546 1107; x_wconf 87' lang='lat' dir='ltr'>mosaicam</span> <span class='ocrx_word' id='word_1_373' title='bbox 1564 1065 1722 1120; x_wconf 84' lang='lat' dir='ltr'>primae</span> <span class='ocrx_word' id='word_1_374' title='bbox 1735 1065 1874 1107; x_wconf 88' lang='lat' dir='ltr'>mundi</span> <span class='ocrx_word' id='word_1_375' title='bbox 1889 1068 2002 1108; x_wconf 89' lang='lat' dir='ltr'>aeta·</span> 
     </span>
     <span class='ocr_line' id='line_1_70' title="bbox 1057 1123 1997 1180; baseline 0.001 -15"><span class='ocrx_word' id='word_1_376' title='bbox 1057 1123 1108 1165; x_wconf 89' lang='lat' dir='ltr'>tis</span> <span class='ocrx_word' id='word_1_377' title='bbox 1131 1125 1378 1166; x_wconf 86' lang='lat' dir='ltr'>relationem</span> <span class='ocrx_word' id='word_1_378' title='bbox 1401 1138 1496 1166; x_wconf 89' lang='lat' dir='ltr'>cum</span> <span class='ocrx_word' id='word_1_379' title='bbox 1513 1125 1695 1179; x_wconf 88' lang='lat' dir='ltr'>antiquis</span> <span class='ocrx_word' id='word_1_380' title='bbox 1712 1126 1900 1180; x_wconf 85' lang='lat' dir='ltr'>gentium</span> <span class='ocrx_word' id='word_1_381' title='bbox 1918 1138 1997 1166; x_wconf 89' lang='lat' dir='ltr'>an-</span> 
     </span>
     <span class='ocr_line' id='line_1_71' title="bbox 1056 1182 1999 1233; baseline 0.004 -11"><span class='ocrx_word' id='word_1_382' title='bbox 1056 1182 1219 1224; x_wconf 87' lang='lat' dir='ltr'>nalibus</span> <span class='ocrx_word' id='word_1_383' title='bbox 1236 1184 1463 1226; x_wconf 85' lang='lat' dir='ltr'>contulerit</span> <span class='ocrx_word' id='word_1_384' title='bbox 1485 1183 1686 1226; x_wconf 84' lang='lat' dir='ltr'>fatebitur</span> <span class='ocrx_word' id='word_1_385' title='bbox 1698 1185 1824 1233; x_wconf 85' lang='lat' dir='ltr'>ultr0‚</span> <span class='ocrx_word' id='word_1_386' title='bbox 1843 1197 1926 1226; x_wconf 92' lang='lat' dir='ltr'>non</span> <span class='ocrx_word' id='word_1_387' title='bbox 1944 1197 1999 1226; x_wconf 82' lang='lat' dir='ltr'>ex</span> 
     </span>
     <span class='ocr_line' id='line_1_72' title="bbox 1057 1241 2003 1298; baseline 0.002 -16"><span class='ocrx_word' id='word_1_388' title='bbox 1057 1241 1120 1283; x_wconf 90' lang='lat' dir='ltr'>his</span> <span class='ocrx_word' id='word_1_389' title='bbox 1143 1243 1215 1284; x_wconf 90' lang='lat' dir='ltr'>sed</span> <span class='ocrx_word' id='word_1_390' title='bbox 1237 1256 1292 1284; x_wconf 79' lang='lat' dir='ltr'>ex</span> <span class='ocrx_word' id='word_1_391' title='bbox 1314 1243 1383 1285; x_wconf 88' lang='lat' dir='ltr'>illa</span> <span class='ocrx_word' id='word_1_392' title='bbox 1405 1244 1495 1284; x_wconf 84' lang='lat' dir='ltr'>sola</span> <span class='ocrx_word' id='word_1_393' title='bbox 1517 1245 1746 1297; x_wconf 89' lang='lat' dir='ltr'>primorum</span> <span class='ocrx_word' id='word_1_394' title='bbox 1767 1246 2003 1298; x_wconf 90' lang='lat' dir='ltr'>temporum</span> 
     </span>
     <span class='ocr_line' id='line_1_73' title="bbox 1056 1301 2004 1357; baseline 0.003 -15"><span class='ocrx_word' id='word_1_395' title='bbox 1056 1301 1276 1343; x_wconf 88' lang='lat' dir='ltr'>historiam</span> <span class='ocrx_word' id='word_1_396' title='bbox 1310 1306 1426 1345; x_wconf 88' lang='lat' dir='ltr'>certo</span> <span class='ocrx_word' id='word_1_397' title='bbox 1445 1302 1617 1349; x_wconf 87' lang='lat' dir='ltr'>hauriri,</span> <span class='ocrx_word' id='word_1_398' title='bbox 1648 1301 1901 1357; x_wconf 90' lang='lat' dir='ltr'>humanique</span> <span class='ocrx_word' id='word_1_399' title='bbox 1923 1315 2004 1357; x_wconf 88' lang='lat' dir='ltr'>ge-</span> 
     </span>
     <span class='ocr_line' id='line_1_74' title="bbox 1057 1361 2001 1416; baseline 0.003 -16"><span class='ocrx_word' id='word_1_400' title='bbox 1057 1361 1165 1402; x_wconf 89' lang='lat' dir='ltr'>neris</span> <span class='ocrx_word' id='word_1_401' title='bbox 1186 1362 1414 1416; x_wconf 90' lang='lat' dir='ltr'>primordia</span> <span class='ocrx_word' id='word_1_402' title='bbox 1433 1362 1630 1416; x_wconf 84' lang='lat' dir='ltr'>cognosci</span> <span class='ocrx_word' id='word_1_403' title='bbox 1649 1375 1742 1404; x_wconf 92' lang='lat' dir='ltr'>eum</span> <span class='ocrx_word' id='word_1_404' title='bbox 1759 1362 1801 1403; x_wconf 91' lang='lat' dir='ltr'>in</span> <span class='ocrx_word' id='word_1_405' title='bbox 1819 1362 2001 1411; x_wconf 89' lang='lat' dir='ltr'>modum,</span> 
     </span>
     <span class='ocr_line' id='line_1_75' title="bbox 1056 1420 2001 1476; baseline 0.002 -16"><span class='ocrx_word' id='word_1_406' title='bbox 1056 1420 1124 1474; x_wconf 88' lang='lat' dir='ltr'>qui</span> <span class='ocrx_word' id='word_1_407' title='bbox 1141 1433 1235 1461; x_wconf 89' lang='lat' dir='ltr'>cum</span> <span class='ocrx_word' id='word_1_408' title='bbox 1258 1422 1421 1463; x_wconf 89' lang='lat' dir='ltr'>ratione</span> <span class='ocrx_word' id='word_1_409' title='bbox 1439 1422 1649 1476; x_wconf 86' lang='lat' dir='ltr'>congruit.</span> <span class='ocrx_word' id='word_1_410' title='bbox 1671 1421 1777 1463; x_wconf 90' lang='lat' dir='ltr'>Sunt</span> <span class='ocrx_word' id='word_1_411' title='bbox 1794 1422 1903 1463; x_wconf 92' lang='lat' dir='ltr'>enim</span> <span class='ocrx_word' id='word_1_412' title='bbox 1921 1434 2001 1462; x_wconf 89' lang='lat' dir='ltr'>an-</span> 
     </span>
     <span class='ocr_line' id='line_1_76' title="bbox 1055 1480 2001 1535; baseline 0 -15"><span class='ocrx_word' id='word_1_413' title='bbox 1055 1480 1158 1532; x_wconf 90' lang='lat' dir='ltr'>tiqui</span> <span class='ocrx_word' id='word_1_414' title='bbox 1181 1481 1368 1535; x_wconf 86' lang='lat' dir='ltr'>gentium</span> <span class='ocrx_word' id='word_1_415' title='bbox 1392 1481 1588 1528; x_wconf 90' lang='lat' dir='ltr'>annales,</span> <span class='ocrx_word' id='word_1_416' title='bbox 1612 1484 1813 1534; x_wconf 89' lang='lat' dir='ltr'>quantum</span> <span class='ocrx_word' id='word_1_417' title='bbox 1836 1480 1887 1522; x_wconf 87' lang='lat' dir='ltr'>ad</span> <span class='ocrx_word' id='word_1_418' title='bbox 1910 1481 2001 1535; x_wconf 92' lang='lat' dir='ltr'>pri—</span> 
     </span>
     <span class='ocr_line' id='line_1_77' title="bbox 1056 1539 2002 1594; baseline 0.001 -15"><span class='ocrx_word' id='word_1_419' title='bbox 1056 1551 1122 1580; x_wconf 87' lang='lat' dir='ltr'>ma</span> <span class='ocrx_word' id='word_1_420' title='bbox 1134 1539 1303 1580; x_wconf 88' lang='lat' dir='ltr'>humani</span> <span class='ocrx_word' id='word_1_421' title='bbox 1313 1540 1479 1594; x_wconf 85' lang='lat' dir='ltr'>generis</span> <span class='ocrx_word' id='word_1_422' title='bbox 1492 1545 1683 1594; x_wconf 85' lang='lat' dir='ltr'>tempora</span> <span class='ocrx_word' id='word_1_423' title='bbox 1695 1540 1888 1594; x_wconf 88' lang='lat' dir='ltr'>pertinet,</span> <span class='ocrx_word' id='word_1_424' title='bbox 1903 1539 2002 1580; x_wconf 91' lang='lat' dir='ltr'>mul-</span> 
     </span>
     <span class='ocr_line' id='line_1_78' title="bbox 1053 1596 2000 1641; baseline 0.002 -3"><span class='ocrx_word' id='word_1_425' title='bbox 1053 1598 1106 1639; x_wconf 91' lang='lat' dir='ltr'>tis</span> <span class='ocrx_word' id='word_1_426' title='bbox 1128 1596 1280 1640; x_wconf 85' lang='lat' dir='ltr'>fabulis</span> <span class='ocrx_word' id='word_1_427' title='bbox 1298 1605 1340 1641; x_wconf 88' lang='lat' dir='ltr'>et</span> <span class='ocrx_word' id='word_1_428' title='bbox 1356 1598 1715 1641; x_wconf 79' lang='lat' dir='ltr'>inextricabilibus</span> <span class='ocrx_word' id='word_1_429' title='bbox 1733 1599 1914 1640; x_wconf 90' lang='lat' dir='ltr'>tenebris</span> <span class='ocrx_word' id='word_1_430' title='bbox 1933 1599 2000 1640; x_wconf 93' lang='lat' dir='ltr'>ob-</span> 
     </span>
     <span class='ocr_line' id='line_1_79' title="bbox 1054 1657 2002 1713; baseline 0.001 -16"><span class='ocrx_word' id='word_1_431' title='bbox 1054 1657 1179 1699; x_wconf 87' lang='lat' dir='ltr'>ducti.</span> <span class='ocrx_word' id='word_1_432' title='bbox 1201 1658 1503 1699; x_wconf 91' lang='lat' dir='ltr'>Verumtamen</span> <span class='ocrx_word' id='word_1_433' title='bbox 1519 1658 1789 1713; x_wconf 84' lang='lat' dir='ltr'>primigeniae</span> <span class='ocrx_word' id='word_1_434' title='bbox 1806 1658 2002 1700; x_wconf 89' lang='lat' dir='ltr'>traditio-</span> 
     </span>
     <span class='ocr_line' id='line_1_80' title="bbox 1055 1715 2002 1771; baseline 0.001 -15"><span class='ocrx_word' id='word_1_435' title='bbox 1055 1716 1116 1757; x_wconf 87' lang='lat' dir='ltr'>nis</span> <span class='ocrx_word' id='word_1_436' title='bbox 1135 1717 1184 1758; x_wconf 92' lang='lat' dir='ltr'>de</span> <span class='ocrx_word' id='word_1_437' title='bbox 1195 1716 1337 1758; x_wconf 90' lang='lat' dir='ltr'>mundi</span> <span class='ocrx_word' id='word_1_438' title='bbox 1355 1717 1613 1771; x_wconf 89' lang='lat' dir='ltr'>hominisque</span> <span class='ocrx_word' id='word_1_439' title='bbox 1631 1717 1858 1765; x_wconf 86' lang='lat' dir='ltr'>creatione,</span> <span class='ocrx_word' id='word_1_440' title='bbox 1878 1717 1927 1759; x_wconf 87' lang='lat' dir='ltr'>de</span> <span class='ocrx_word' id='word_1_441' title='bbox 1944 1715 2002 1757; x_wconf 89' lang='lat' dir='ltr'>fe-</span> 
     </span>
     <span class='ocr_line' id='line_1_81' title="bbox 1053 1775 2001 1830; baseline 0.002 -15"><span class='ocrx_word' id='word_1_442' title='bbox 1053 1775 1119 1816; x_wconf 91' lang='lat' dir='ltr'>lici</span> <span class='ocrx_word' id='word_1_443' title='bbox 1134 1775 1312 1817; x_wconf 85' lang='lat' dir='ltr'>hominis</span> <span class='ocrx_word' id='word_1_444' title='bbox 1329 1778 1458 1823; x_wconf 90' lang='lat' dir='ltr'>statu,</span> <span class='ocrx_word' id='word_1_445' title='bbox 1471 1777 1639 1830; x_wconf 89' lang='lat' dir='ltr'>eiusque</span> <span class='ocrx_word' id='word_1_446' title='bbox 1656 1776 1789 1830; x_wconf 90' lang='lat' dir='ltr'>lapsu,</span> <span class='ocrx_word' id='word_1_447' title='bbox 1803 1776 1850 1818; x_wconf 92' lang='lat' dir='ltr'>de</span> <span class='ocrx_word' id='word_1_448' title='bbox 1868 1776 2001 1817; x_wconf 91' lang='lat' dir='ltr'>homi-</span> 
     </span>
     <span class='ocr_line' id='line_1_82' title="bbox 1054 1834 2001 1889; baseline 0.001 -14"><span class='ocrx_word' id='word_1_449' title='bbox 1054 1836 1116 1875; x_wconf 91' lang='lat' dir='ltr'>nis</span> <span class='ocrx_word' id='word_1_450' title='bbox 1133 1834 1410 1888; x_wconf 84' lang='lat' dir='ltr'>redemptore,</span> <span class='ocrx_word' id='word_1_451' title='bbox 1431 1835 1479 1876; x_wconf 91' lang='lat' dir='ltr'>de</span> <span class='ocrx_word' id='word_1_452' title='bbox 1501 1836 1575 1877; x_wconf 91' lang='lat' dir='ltr'>Dei</span> <span class='ocrx_word' id='word_1_453' title='bbox 1593 1848 1687 1876; x_wconf 89' lang='lat' dir='ltr'>cum</span> <span class='ocrx_word' id='word_1_454' title='bbox 1704 1836 1847 1889; x_wconf 91' lang='lat' dir='ltr'>primis</span> <span class='ocrx_word' id='word_1_455' title='bbox 1865 1835 2001 1877; x_wconf 90' lang='lat' dir='ltr'>homi-</span> 
     </span>
     <span class='ocr_line' id='line_1_83' title="bbox 1052 1893 1998 1948; baseline 0.002 -14"><span class='ocrx_word' id='word_1_456' title='bbox 1052 1893 1171 1935; x_wconf 89' lang='lat' dir='ltr'>nibus</span> <span class='ocrx_word' id='word_1_457' title='bbox 1189 1895 1578 1943; x_wconf 83' lang='lat' dir='ltr'>communicatione,</span> <span class='ocrx_word' id='word_1_458' title='bbox 1596 1895 1646 1936; x_wconf 91' lang='lat' dir='ltr'>de</span> <span class='ocrx_word' id='word_1_459' title='bbox 1659 1894 1998 1948; x_wconf 82' lang='lat' dir='ltr'>patriarcharum</span> 
     </span>
     <span class='ocr_line' id='line_1_84' title="bbox 1051 1953 1995 2008; baseline 0.002 -15"><span class='ocrx_word' id='word_1_460' title='bbox 1051 1953 1451 1995; x_wconf 84' lang='lat' dir='ltr'>antidiluvianorum</span> <span class='ocrx_word' id='word_1_461' title='bbox 1483 1954 1785 2008; x_wconf 84' lang='lat' dir='ltr'>longaevitate,</span> <span class='ocrx_word' id='word_1_462' title='bbox 1810 1953 1995 2008; x_wconf 87' lang='lat' dir='ltr'>aliisque,</span> 
     </span>
     <span class='ocr_line' id='line_1_85' title="bbox 1051 2013 1994 2067; baseline 0.002 -15"><span class='ocrx_word' id='word_1_463' title='bbox 1051 2013 1236 2067; x_wconf 87' lang='lat' dir='ltr'>vestigia</span> <span class='ocrx_word' id='word_1_464' title='bbox 1265 2025 1349 2054; x_wconf 90' lang='lat' dir='ltr'>non</span> <span class='ocrx_word' id='word_1_465' title='bbox 1379 2025 1516 2067; x_wconf 90' lang='lat' dir='ltr'>pauca</span> <span class='ocrx_word' id='word_1_466' title='bbox 1547 2016 1777 2055; x_wconf 89' lang='lat' dir='ltr'>occurrunt</span> <span class='ocrx_word' id='word_1_467' title='bbox 1807 2013 1848 2054; x_wconf 90' lang='lat' dir='ltr'>in</span> <span class='ocrx_word' id='word_1_468' title='bbox 1873 2016 1994 2055; x_wconf 87' lang='lat' dir='ltr'>vete-</span> 
     </span>
     <span class='ocr_line' id='line_1_86' title="bbox 1051 2070 1996 2121; baseline 0.001 -9"><span class='ocrx_word' id='word_1_469' title='bbox 1051 2070 1164 2112; x_wconf 91' lang='lat' dir='ltr'>ribus</span> <span class='ocrx_word' id='word_1_470' title='bbox 1195 2072 1451 2121; x_wconf 84' lang='lat' dir='ltr'>Persarum,</span> <span class='ocrx_word' id='word_1_471' title='bbox 1488 2072 1686 2114; x_wconf 90' lang='lat' dir='ltr'>Indorum</span> <span class='ocrx_word' id='word_1_472' title='bbox 1704 2105 1714 2121; x_wconf 87' lang='lat'>,</span> <span class='ocrx_word' id='word_1_473' title='bbox 1748 2072 1996 2121; x_wconf 87' lang='lat' dir='ltr'>Sinensium,</span> 
     </span>
     <span class='ocr_line' id='line_1_87' title="bbox 1049 2130 1997 2186; baseline 0.002 -15"><span class='ocrx_word' id='word_1_474' title='bbox 1049 2130 1367 2186; x_wconf 85' lang='lat' dir='ltr'>AEgyptiorum,</span> <span class='ocrx_word' id='word_1_475' title='bbox 1388 2131 1647 2174; x_wconf 89' lang='lat' dir='ltr'>Phoenicum</span> <span class='ocrx_word' id='word_1_476' title='bbox 1662 2165 1671 2182; x_wconf 93' lang='lat'>,</span> <span class='ocrx_word' id='word_1_477' title='bbox 1693 2131 1997 2174; x_wconf 88' lang='lat' dir='ltr'>Chaldaeorum</span> 
     </span>
     <span class='ocr_line' id='line_1_88' title="bbox 1048 2188 1212 2231; baseline 0.012 -2"><span class='ocrx_word' id='word_1_478' title='bbox 1048 2188 1163 2231; x_wconf 91' lang='lat' dir='ltr'>libris</span> <span class='ocrx_word' id='word_1_479' title='bbox 1185 2188 1212 2231; x_wconf 84' lang='lat'>³.</span> 
     </span>
    </p>

    <p class='ocr_par' dir='ltr' id='par_1_10' title="bbox 1044 2248 1996 2718">
     <span class='ocr_line' id='line_1_89' title="bbox 1105 2248 1993 2304; baseline 0.001 -14"><span class='ocrx_word' id='word_1_480' title='bbox 1105 2248 1146 2290; x_wconf 89' lang='grc'>6.</span> <span class='ocrx_word' id='word_1_481' title='bbox 1170 2249 1413 2291; x_wconf 76' lang='lat' dir='ltr'>Dz‘lzcvz&#39;um</span> <span class='ocrx_word' id='word_1_482' title='bbox 1445 2251 1542 2304; x_wconf 74' lang='lat' dir='ltr'>(an.</span> <span class='ocrx_word' id='word_1_483' title='bbox 1572 2263 1632 2292; x_wconf 79' lang='lat' dir='ltr'>m.</span> <span class='ocrx_word' id='word_1_484' title='bbox 1670 2249 1781 2292; x_wconf 81' lang='lat'>1656</span> <span class='ocrx_word' id='word_1_485' title='bbox 1813 2253 1908 2292; x_wconf 79' lang='lat' dir='ltr'>ant.</span> <span class='ocrx_word' id='word_1_486' title='bbox 1949 2249 1993 2293; x_wconf 82' lang='lat' dir='ltr'>C.</span> 
     </span>
     <span class='ocr_line' id='line_1_90' title="bbox 1047 2307 1994 2364; baseline 0.001 -15"><span class='ocrx_word' id='word_1_487' title='bbox 1047 2307 1192 2364; x_wconf 78' lang='lat'><strong>2344).</strong></span> <span class='ocrx_word' id='word_1_488' title='bbox 1217 2309 1446 2363; x_wconf 86' lang='lat' dir='ltr'>Postquam</span> <span class='ocrx_word' id='word_1_489' title='bbox 1478 2310 1584 2358; x_wconf 77' lang='lat' dir='ltr'>Noe,</span> <span class='ocrx_word' id='word_1_490' title='bbox 1608 2310 1776 2352; x_wconf 87' lang='lat' dir='ltr'>divinae</span> <span class='ocrx_word' id='word_1_491' title='bbox 1807 2309 1994 2351; x_wconf 87' lang='lat' dir='ltr'>iustitiae</span> 
     </span>
     <span class='ocr_line' id='line_1_91' title="bbox 1046 2368 1993 2422; baseline 0.002 -13"><span class='ocrx_word' id='word_1_492' title='bbox 1046 2380 1211 2422; x_wconf 87' lang='lat' dir='ltr'>praeco,</span> <span class='ocrx_word' id='word_1_493' title='bbox 1235 2381 1360 2410; x_wconf 89' lang='lat' dir='ltr'>arcae</span> <span class='ocrx_word' id='word_1_494' title='bbox 1382 2368 1583 2411; x_wconf 86' lang='lat' dir='ltr'>fabricam</span> <span class='ocrx_word' id='word_1_495' title='bbox 1605 2371 1648 2411; x_wconf 94' lang='lat' dir='ltr'>et</span> <span class='ocrx_word' id='word_1_496' title='bbox 1670 2369 1752 2410; x_wconf 88' lang='lat' dir='ltr'>alia</span> <span class='ocrx_word' id='word_1_497' title='bbox 1768 2368 1845 2410; x_wconf 88' lang='lat' dir='ltr'>sibi</span> <span class='ocrx_word' id='word_1_498' title='bbox 1863 2382 1888 2410; x_wconf 88' lang='lat' dir='ltr'>a</span> <span class='ocrx_word' id='word_1_499' title='bbox 1905 2368 1993 2411; x_wconf 91' lang='lat' dir='ltr'>Deo</span> 
     </span>
     <span class='ocr_line' id='line_1_92' title="bbox 1046 2426 1993 2482; baseline 0 -14"><span class='ocrx_word' id='word_1_500' title='bbox 1046 2426 1258 2476; x_wconf 86' lang='lat' dir='ltr'>mandata,</span> <span class='ocrx_word' id='word_1_501' title='bbox 1275 2427 1532 2482; x_wconf 85' lang='lat' dir='ltr'>perfecisset,</span> <span class='ocrx_word' id='word_1_502' title='bbox 1551 2428 1749 2470; x_wconf 90' lang='lat' dir='ltr'>Dominus</span> <span class='ocrx_word' id='word_1_503' title='bbox 1767 2428 1935 2469; x_wconf 89' lang='lat' dir='ltr'>immisit</span> <span class='ocrx_word' id='word_1_504' title='bbox 1951 2428 1993 2468; x_wconf 90' lang='lat' dir='ltr'>in</span> 
     </span>
     <span class='ocr_line' id='line_1_93' title="bbox 1048 2487 1993 2541; baseline 0 -14"><span class='ocrx_word' id='word_1_505' title='bbox 1048 2490 1204 2528; x_wconf 89' lang='lat' dir='ltr'>terram</span> <span class='ocrx_word' id='word_1_506' title='bbox 1234 2499 1367 2540; x_wconf 87' lang='lat' dir='ltr'>aquas</span> <span class='ocrx_word' id='word_1_507' title='bbox 1400 2487 1557 2537; x_wconf 86' lang='lat' dir='ltr'>diluvii,</span> <span class='ocrx_word' id='word_1_508' title='bbox 1589 2487 1750 2541; x_wconf 88' lang='lat' dir='ltr'>quibus,</span> <span class='ocrx_word' id='word_1_509' title='bbox 1784 2487 1875 2529; x_wconf 75' lang='lat' dir='ltr'>Noe</span> <span class='ocrx_word' id='word_1_510' title='bbox 1896 2499 1993 2528; x_wconf 89' lang='lat' dir='ltr'>cum</span> 
     </span>
     <span class='ocr_line' id='line_1_94' title="bbox 1046 2544 1996 2601; baseline 0 -15"><span class='ocrx_word' id='word_1_511' title='bbox 1046 2544 1202 2587; x_wconf 89' lang='lat' dir='ltr'>familia</span> <span class='ocrx_word' id='word_1_512' title='bbox 1233 2559 1311 2587; x_wconf 89' lang='lat' dir='ltr'>sua</span> <span class='ocrx_word' id='word_1_513' title='bbox 1344 2550 1540 2601; x_wconf 83' lang='lat' dir='ltr'>excepto,</span> <span class='ocrx_word' id='word_1_514' title='bbox 1581 2547 1825 2588; x_wconf 89' lang='lat' dir='ltr'>universum</span> <span class='ocrx_word' id='word_1_515' title='bbox 1857 2558 1996 2600; x_wconf 87' lang='lat' dir='ltr'>genus</span> 
     </span>
     <span class='ocr_line' id='line_1_95' title="bbox 1044 2604 1993 2660; baseline 0 -14"><span class='ocrx_word' id='word_1_516' title='bbox 1044 2604 1272 2647; x_wconf 88' lang='lat' dir='ltr'>humanum</span> <span class='ocrx_word' id='word_1_517' title='bbox 1313 2609 1486 2660; x_wconf 88' lang='lat' dir='ltr'>propter</span> <span class='ocrx_word' id='word_1_518' title='bbox 1525 2617 1787 2647; x_wconf 89' lang='lat' dir='ltr'>communem</span> <span class='ocrx_word' id='word_1_519' title='bbox 1828 2617 1993 2646; x_wconf 90' lang='lat' dir='ltr'>morum</span> 
     </span>
     <span class='ocr_line' id='line_1_96' title="bbox 1046 2664 1895 2718; baseline -0.001 -13"><span class='ocrx_word' id='word_1_520' title='bbox 1046 2665 1357 2718; x_wconf 90' lang='lat' dir='ltr'>corruptionem</span> <span class='ocrx_word' id='word_1_521' title='bbox 1379 2665 1421 2706; x_wconf 90' lang='lat' dir='ltr'>in</span> <span class='ocrx_word' id='word_1_522' title='bbox 1442 2668 1560 2708; x_wconf 89' lang='lat' dir='ltr'>terra</span> <span class='ocrx_word' id='word_1_523' title='bbox 1575 2664 1757 2706; x_wconf 91' lang='lat' dir='ltr'>deletum</span> <span class='ocrx_word' id='word_1_524' title='bbox 1780 2666 1846 2705; x_wconf 88' lang='lat' dir='ltr'>est</span> <span class='ocrx_word' id='word_1_525' title='bbox 1867 2664 1895 2704; x_wconf 87' lang='lat'>⁴.</span> 
     </span>
    </p>

    <p class='ocr_par' dir='ltr' id='par_1_11' title="bbox 1043 2723 1994 2897">
     <span class='ocr_line' id='line_1_97' title="bbox 1101 2723 1994 2766; baseline -0.001 -2"><span class='ocrx_word' id='word_1_526' title='bbox 1101 2723 1235 2764; x_wconf 90' lang='lat' dir='ltr'>Huius</span> <span class='ocrx_word' id='word_1_527' title='bbox 1252 2723 1396 2766; x_wconf 87' lang='lat' dir='ltr'>diluvii</span> <span class='ocrx_word' id='word_1_528' title='bbox 1413 2727 1455 2766; x_wconf 89' lang='lat' dir='ltr'>et</span> <span class='ocrx_word' id='word_1_529' title='bbox 1467 2737 1591 2765; x_wconf 86' lang='lat' dir='ltr'>arcae</span> <span class='ocrx_word' id='word_1_530' title='bbox 1607 2723 1886 2765; x_wconf 88' lang='lat' dir='ltr'>meminerunt</span> <span class='ocrx_word' id='word_1_531' title='bbox 1905 2735 1994 2764; x_wconf 93' lang='lat' dir='ltr'>om-</span> 
     </span>
     <span class='ocr_line' id='line_1_98' title="bbox 1043 2781 1991 2837; baseline -0.001 -14"><span class='ocrx_word' id='word_1_532' title='bbox 1043 2795 1117 2823; x_wconf 90' lang='lat' dir='ltr'>nes</span> <span class='ocrx_word' id='word_1_533' title='bbox 1149 2781 1394 2824; x_wconf 90' lang='lat' dir='ltr'>barbaricae</span> <span class='ocrx_word' id='word_1_534' title='bbox 1426 2782 1626 2824; x_wconf 88' lang='lat' dir='ltr'>historiae</span> <span class='ocrx_word' id='word_1_535' title='bbox 1654 2783 1905 2837; x_wconf 89' lang='lat' dir='ltr'>scriptores,</span> <span class='ocrx_word' id='word_1_536' title='bbox 1928 2782 1991 2822; x_wconf 93' lang='lat' dir='ltr'>in-</span> 
     </span>
     <span class='ocr_line' id='line_1_99' title="bbox 1043 2840 1987 2897; baseline -0.001 -15"><span class='ocrx_word' id='word_1_537' title='bbox 1043 2841 1132 2895; x_wconf 89' lang='lat' dir='ltr'>quit</span> <span class='ocrx_word' id='word_1_538' title='bbox 1162 2841 1224 2883; x_wconf 91' lang='lat' dir='ltr'>Fl.</span> <span class='ocrx_word' id='word_1_539' title='bbox 1255 2842 1457 2897; x_wconf 90' lang='lat' dir='ltr'>Iosephus</span> <span class='ocrx_word' id='word_1_540' title='bbox 1483 2842 1510 2881; x_wconf 86' lang='lat'>⁵.</span> <span class='ocrx_word' id='word_1_541' title='bbox 1544 2841 1699 2896; x_wconf 89' lang='lat' dir='ltr'>Reipsa</span> <span class='ocrx_word' id='word_1_542' title='bbox 1730 2840 1987 2883; x_wconf 88' lang='lat' dir='ltr'>memorandi</span> 
     </span>
    </p>
   </div>
   <div class='ocr_carea' id='block_1_7' title="bbox 1048 2933 1307 2941">
    <p class='ocr_par' dir='ltr' id='par_1_12' title="bbox 1048 2933 1307 2941">
     <span class='ocr_line' id='line_1_100' title="bbox 1048 2933 1307 2941; baseline 0 0"><span class='ocrx_word' id='word_1_543' title='bbox 1048 2933 1307 2941; x_wconf 95' lang='lat' dir='ltr'> </span> 
     </span>
    </p>
   </div>
   <div class='ocr_carea' id='block_1_8' title="bbox 1040 2964 1992 3252">
    <p class='ocr_par' dir='ltr' id='par_1_13' title="bbox 1083 2964 1336 2996">
     <span class='ocr_line' id='line_1_101' title="bbox 1083 2964 1336 2996; baseline -0.004 -1"><span class='ocrx_word' id='word_1_544' title='bbox 1083 2964 1093 2985; x_wconf 82' lang='lat'><strong>¹</strong></span> <span class='ocrx_word' id='word_1_545' title='bbox 1113 2964 1229 2996; x_wconf 80' lang='lat' dir='ltr'>Genes.</span> <span class='ocrx_word' id='word_1_546' title='bbox 1247 2965 1336 2996; x_wconf 91' lang='lat' dir='ltr'><strong>1v-v.</strong></span> 
     </span>
    </p>

    <p class='ocr_par' dir='ltr' id='par_1_14' title="bbox 1080 3005 1249 3037">
     <span class='ocr_line' id='line_1_102' title="bbox 1080 3005 1249 3037; baseline 0 -1"><span class='ocrx_word' id='word_1_547' title='bbox 1080 3005 1094 3026; x_wconf 74' lang='lat'>²</span> <span class='ocrx_word' id='word_1_548' title='bbox 1109 3006 1186 3037; x_wconf 88' lang='lat' dir='ltr'>lbid.</span> <span class='ocrx_word' id='word_1_549' title='bbox 1204 3006 1249 3036; x_wconf 87' lang='lat' dir='ltr'>Vl.</span> 
     </span>
    </p>

    <p class='ocr_par' dir='ltr' id='par_1_15' title="bbox 1040 3046 1992 3169">
     <span class='ocr_line' id='line_1_103' title="bbox 1081 3046 1992 3088; baseline 0 -10"><span class='ocrx_word' id='word_1_550' title='bbox 1081 3046 1095 3067; x_wconf 83' lang='lat'>3</span> <span class='ocrx_word' id='word_1_551' title='bbox 1110 3047 1147 3078; x_wconf 84' lang='lat' dir='ltr'>Cf</span> <span class='ocrx_word' id='word_1_552' title='bbox 1164 3047 1284 3085; x_wconf 88' lang='lat' dir='ltr'>Euseb.‚</span> <span class='ocrx_word' id='word_1_553' title='bbox 1307 3046 1520 3087; x_wconf 77' lang='lat' dir='ltr'>Praeparat.</span> <span class='ocrx_word' id='word_1_554' title='bbox 1552 3047 1699 3088; x_wconf 79' lang='lat' dir='ltr'>evanyel.</span> <span class='ocrx_word' id='word_1_555' title='bbox 1723 3047 1742 3078; x_wconf 87' lang='lat' dir='ltr'>l.</span> <span class='ocrx_word' id='word_1_556' title='bbox 1767 3046 1811 3087; x_wconf 87' lang='lat'>11,</span> <span class='ocrx_word' id='word_1_557' title='bbox 1837 3046 1992 3085; x_wconf 76' lang='lat' dir='ltr'>xn-xm3</span> 
     </span>
     <span class='ocr_line' id='line_1_104' title="bbox 1041 3087 1988 3128; baseline 0 -9"><span class='ocrx_word' id='word_1_558' title='bbox 1041 3088 1369 3127; x_wconf 77' lang='lat' dir='ltr'>Huet,Demonstrac.</span> <span class='ocrx_word' id='word_1_559' title='bbox 1381 3089 1532 3128; x_wconf 64' lang='lat' dir='ltr'>evangel.</span> <span class='ocrx_word' id='word_1_560' title='bbox 1542 3098 1571 3121; x_wconf 84' lang='lat' dir='ltr'>c.</span> <span class='ocrx_word' id='word_1_561' title='bbox 1580 3089 1608 3127; x_wconf 90' lang='lat'>3;</span> <span class='ocrx_word' id='word_1_562' title='bbox 1616 3089 1714 3121; x_wconf 82' lang='lat' dir='ltr'>Natal.</span> <span class='ocrx_word' id='word_1_563' title='bbox 1726 3087 1960 3127; x_wconf 73' lang='lat' dir='ltr'>Alexand.‚His</span> <span class='ocrx_word' id='word_1_564' title='bbox 1967 3094 1988 3119; x_wconf 79' lang='lat' dir='ltr'>t.</span> 
     </span>
     <span class='ocr_line' id='line_1_105' title="bbox 1040 3129 1638 3169; baseline 0.003 -9"><span class='ocrx_word' id='word_1_565' title='bbox 1040 3129 1114 3160; x_wconf 86' lang='lat' dir='ltr'>eccl.</span> <span class='ocrx_word' id='word_1_566' title='bbox 1137 3129 1169 3160; x_wconf 92' lang='lat' dir='ltr'>V.</span> <span class='ocrx_word' id='word_1_567' title='bbox 1190 3129 1416 3169; x_wconf 74' lang='lat' dir='ltr'>Testamenti,</span> <span class='ocrx_word' id='word_1_568' title='bbox 1430 3134 1449 3162; x_wconf 87' lang='lat' dir='ltr'>t.</span> <span class='ocrx_word' id='word_1_569' title='bbox 1466 3131 1488 3169; x_wconf 92' lang='lat'>1,</span> <span class='ocrx_word' id='word_1_570' title='bbox 1503 3139 1530 3162; x_wconf 88' lang='lat' dir='ltr'>c.</span> <span class='ocrx_word' id='word_1_571' title='bbox 1546 3130 1561 3161; x_wconf 92' lang='lat'>1</span> <span class='ocrx_word' id='word_1_572' title='bbox 1579 3139 1597 3162; x_wconf 87' lang='lat' dir='ltr'>a</span> <span class='ocrx_word' id='word_1_573' title='bbox 1609 3130 1638 3162; x_wconf 88' lang='lat'>3.</span> 
     </span>
    </p>

    <p class='ocr_par' dir='ltr' id='par_1_16' title="bbox 1080 3170 1355 3203">
     <span class='ocr_line' id='line_1_106' title="bbox 1080 3170 1355 3203; baseline 0 -2"><span class='ocrx_word' id='word_1_574' title='bbox 1080 3171 1094 3193; x_wconf 79' lang='lat'>⁴</span> <span class='ocrx_word' id='word_1_575' title='bbox 1113 3170 1228 3203; x_wconf 56' lang='lat' dir='ltr'>Genea</span> <span class='ocrx_word' id='word_1_576' title='bbox 1243 3171 1355 3202; x_wconf 88' lang='lat' dir='ltr'>Vl-VH.</span> 
     </span>
    </p>

    <p class='ocr_par' dir='ltr' id='par_1_17' title="bbox 1079 3211 1563 3252">
     <span class='ocr_line' id='line_1_107' title="bbox 1079 3211 1563 3252; baseline 0 -9"><span class='ocrx_word' id='word_1_577' title='bbox 1079 3212 1094 3233; x_wconf 79' lang='lat'><strong>5</strong></span> <span class='ocrx_word' id='word_1_578' title='bbox 1106 3211 1316 3252; x_wconf 78' lang='lat' dir='ltr'>Antiquitat.</span> <span class='ocrx_word' id='word_1_579' title='bbox 1334 3212 1407 3244; x_wconf 81' lang='lat' dir='ltr'>iud.</span> <span class='ocrx_word' id='word_1_580' title='bbox 1420 3212 1439 3244; x_wconf 91' lang='lat' dir='ltr'>l.</span> <span class='ocrx_word' id='word_1_581' title='bbox 1457 3213 1479 3252; x_wconf 85' lang='lat' dir='ltr'>l,</span> <span class='ocrx_word' id='word_1_582' title='bbox 1494 3223 1520 3244; x_wconf 89' lang='lat' dir='ltr'>c.</span> <span class='ocrx_word' id='word_1_583' title='bbox 1536 3214 1563 3244; x_wconf 89' lang='lat'>5.</span> 
     </span>
    </p>
   </div>
  </div>
 </body>
</html>
