2241 3473
639 174 766 206 VSQVE
794 174 847 202 AD
877 172 1208 202 IANSENxs'rARVM
1237 172 1415 201 EXORDIA

59 254 174 282 mone
192 245 274 279 tum
297 239 443 289 scripto
464 239 680 278 catholicae
701 239 904 288 religionis
933 250 998 277 ve·

58 298 216 335 ritatem
236 294 570 338 demonstrabant,
590 294 846 342 haeresesque
870 292 1001 329 confu-

58 350 205 387 tabant.
228 347 340 385 Unde
369 346 514 384 factum
543 350 612 391 est,
643 351 685 384 ut
715 347 827 385 multi
857 346 1001 383 nobiles

61 401 198 440 Poloni
232 401 280 437 ad
311 400 540 437 catholicam
569 401 793 449 religionem
824 403 1000 436 reverte-

58 459 197 493 rentur
225 466 390 502 suosque
428 454 543 491 etiam
573 454 748 490 subditos
777 453 1001 490 multifariis

59 508 183 545 modis
202 507 250 544 ad
271 507 491 556 exemplum
520 519 633 544 suum
649 507 889 555 sequendum
912 519 1001 555 pro-

58 563 274 599 moverent.

111 614 219 651 Idem
234 613 516 662 Sigismundus,
537 624 598 650 an.
623 612 723 651 1592
745 613 865 661 patris
883 612 941 649 sui
962 612 1000 648 in

58 678 180 716 regno
201 667 363 704 Sueciae
383 677 584 704 successor
599 695 608 711 ,
630 665 669 703 in
690 677 735 702 ea
764 677 917 714 quoque
938 677 1001 702 re-

58 719 214 769 ligionis
233 719 448 757 catholicae
478 719 666 756 exercitia
694 720 902 756 restituere
933 731 1002 756 co-

62 779 176 811 natus
210 777 281 810 est.
311 776 363 811 At
397 773 633 810 obstiterunt
660 771 878 809 Succorum
911 784 1002 821 pro-

61 838 191 873 ceres,
219 826 445 875 praesertim
468 826 631 864 Carolus
661 826 902 874 Sigismundi
931 838 1002 874 pa-

59 884 186 925 truus,
206 879 377 917 fervidus
397 879 638 925 lutheranus,
669 879 746 927 qui,
776 879 843 916 illo
873 880 1003 917 abson-

58 935 112 979 te,
130 933 310 970 Sueciam
331 932 639 970 administrabat.
665 933 738 970 Hic
766 933 901 970 Suecis
930 945 1004 970 au-

61 990 145 1024 ctor
164 986 309 1032 extitit,
326 990 369 1024 ut
396 986 596 1035 religionis
616 986 831 1024 catholicae
848 987 1005 1024 exerci—

59 1039 157 1077 tium
187 1040 448 1089 prohiberent,
475 1044 514 1077 et
544 1039 639 1089 regi,
668 1039 705 1076 id
738 1052 809 1076 non
841 1039 1004 1084 ferenti,

61 1097 216 1131 armata
236 1105 353 1130 manu
384 1094 620 1131 resisterent.
652 1092 746 1130 Inde
777 1093 937 1140 bellum,
965 1093 1004 1130 in

61 1157 140 1196 quo
159 1158 279 1195 quum
300 1147 427 1184 victus
448 1151 549 1184 esset
577 1146 860 1195 Sigismundus,
890 1147 1005 1184 Sueci

62 1211 124 1237 an.
149 1200 250 1238 1599
269 1200 317 1237 ab
336 1212 380 1237 eo
403 1199 665 1248 postularunt,
687 1203 730 1237 ut
759 1200 1004 1238 lutheranam

61 1253 289 1302 religionem
311 1253 630 1302 amplecteretur3
650 1253 801 1302 hocque
822 1266 1005 1291 recusan—

62 1311 143 1344 tem
163 1319 263 1344 anno
283 1306 384 1344 1602
398 1306 721 1355 deposuerunt,et
736 1307 930 1355 Carolum,
946 1319 1009 1357 pa-

65 1363 201 1398 truum
223 1361 318 1405 eius,
339 1371 472 1409 regem
493 1364 690 1398 crearunt.

116 1413 343 1462 Hunyarz'a
358 1436 410 1441 —
427 1413 468 1450 ln
489 1413 692 1463 Hungaria
721 1415 792 1452 sub
819 1414 1007 1452 Maximi-

64 1466 166 1505 liano
186 1471 225 1504 et
245 1467 452 1516 Rudolpho
473 1468 644 1516 regibus,
667 1467 730 1516 qui
750 1470 908 1517 propter
924 1481 1006 1517 gra-

65 1531 134 1558 ves
160 1524 375 1569 temporum
406 1521 722 1559 circumstantias
751 1533 774 1558 a
804 1522 842 1559 vi
871 1526 1007 1559 contra

63 1573 283 1612 haereticos
311 1574 529 1612 adhibenda
564 1574 840 1612 abstinendum
875 1588 1006 1612 cense-

63 1627 172 1674 bant,
192 1628 465 1665 Protestantes
494 1627 719 1677 religionem
747 1641 858 1666 suam
887 1629 1007 1666 libere

64 1686 337 1727 exercuerunt,
366 1681 580 1729 plurimum
609 1685 819 1728 auxerunt,
852 1683 1006 1720 varias-

65 1746 140 1782 que
160 1733 448 1771 Catholicorum
478 1735 661 1772 ecclesias
688 1738 943 1784 occuparunt.
965 1736 1008 1772 In

65 1787 357 1836 Transylvania
377 1788 452 1825 iam
474 1800 534 1825 an.
558 1788 659 1826 1556
679 1789 879 1838 religionis
899 1789 1012 1826 liber-

65 1843 187 1879 tatem
209 1841 363 1890 publica
382 1842 468 1891 lege
489 1841 681 1879 sancitam
708 1842 812 1880 nacti
832 1846 936 1889 sunt,
968 1845 1010 1880 ut

67 1894 235 1932 vidimus
255 1893 279 1932 ¹.
301 1896 412 1932 Anno
435 1907 528 1932 vero
550 1895 651 1932 1507
682 1895 910 1945 Rudolphus
941 1897 1008 1934 de-

67 1951 221 1985 cretum
241 1948 288 1985 de
307 1947 575 1986 refraenandis
596 1949 632 1986 in
655 1950 858 1998 Hungaria
877 1950 1012 1987 haere·

67 2001 238 2038 ticorum
271 2002 605 2050 progressionibus
641 2003 779 2048 edidit,
811 2003 911 2051 quod
949 2014 1010 2040 an.

71 2055 185 2100 1604,
206 2055 395 2104 ademptis
415 2055 469 2092 eis
489 2055 660 2093 ecclesiis
681 2056 879 2105 pulsisque
899 2069 1010 2105 prae-

70 2108 320 2155 dicatoribus,
340 2109 558 2146 executioni
581 2109 666 2146 dari
687 2111 824 2158 coepit.
845 2110 1010 2148 Excita-

70 2161 121 2199 tis
149 2161 238 2199 inde
267 2163 434 2200 motibus
463 2162 681 2211 Stephanus
710 2163 910 2213 Botskay,
948 2163 1013 2213 qui

71 2214 178 2252 facta
198 2215 385 2253 seditione
400 2216 689 2265 Transylvania
712 2217 854 2265 potitus
869 2217 1014 2261 fuerat,

72 2279 166 2306 usus
195 2271 253 2307 est
289 2270 338 2306 ad
373 2269 633 2306 invadendam
673 2269 929 2319 Hungariam.
969 2271 1013 2307 Ei

74 2322 198 2359 maior
219 2323 517 2370 protestantium
539 2335 628 2371 pars
648 2335 687 2360 se
710 2336 799 2361 mox
819 2324 1012 2361 adiunxit.

74 2374 247 2424 Cumque
259 2375 413 2413 Turcae
430 2377 566 2413 eodem
583 2388 683 2413 anno
698 2377 1017 2426 imperatoriRu·

74 2427 214 2476 dolpho
228 2428 370 2466 bellum
382 2429 617 2472 intulissent.
634 2442 694 2468 an.
716 2430 817 2468 1606
832 2443 909 2480 pax
925 2443 1015 2468 cum

75 2481 284 2519 rebellibus
307 2482 504 2531 Hungaris
533 2483 712 2521 Viennae
741 2484 916 2522 confecta
946 2487 1017 2531 est,

77 2546 156 2584 qua
177 2541 335 2584 praeter
355 2536 431 2573 alia
450 2536 645 2574 nobilibus
675 2537 844 2574 liberum
865 2538 1015 2587 religio-

77 2587 137 2626 nis
156 2592 239 2625 tum
260 2587 514 2636 calvinianae,
541 2592 622 2627 tum
648 2590 881 2628 lutheranae
902 2603 1016 2629 exer-

76 2641 212 2679 citium
245 2642 542 2680 concedebatur.
572 2643 686 2681 Unde
715 2655 848 2681 eorum
887 2657 949 2682 res
978 2645 1015 2681 in

77 2694 282 2744 Hungaria
302 2695 468 2732 multum
488 2695 666 2734 firmatae
687 2700 726 2734 et
754 2701 893 2734 auctae
913 2700 1015 2735 sunt.

77 2747 361 2785 Verumtamen
383 2751 468 2797 post
490 2761 630 2797 paucos
652 2762 773 2788 annos
801 2754 932 2799 patres
952 2751 1016 2788 Ie-

78 2801 454 2850 suitae,praesertim
469 2802 612 2840 Petrus
625 2803 835 2852 Pazmany,
845 2816 906 2842 an.
918 2804 1018 2842 1615

79 2866 102 2892 a
120 2866 214 2904 rege
235 2854 385 2892 Mathia
405 2856 450 2892 ad
472 2856 845 2905 archiepiscopatum
872 2858 1017 2906 Strigo-

79 2907 251 2946 niensem
272 2907 432 2954 electus,
448 2909 686 2946 sermonibus
701 2914 740 2946 et
755 2912 908 2959 scriptis
927 2911 1021 2948 mul-

79 2963 140 2998 tos
154 2973 174 2998 e
187 2961 433 3010 magnatibus
453 2964 492 2998 et
509 2962 716 3008 nobilibus,
729 2964 776 3000 ad
793 2964 1018 3012 religionem

80 3014 310 3052 catholicam
332 3015 588 3052 reduxerunt.
603 3016 748 3052 Eorum
762 3017 913 3055 labores
929 3017 1022 3055 Fer-

81 3067 270 3105 dinandus
289 3067 326 3104 II
355 3068 520 3112 adiuvit,
550 3080 715 3106 munera
743 3073 782 3106 ct
810 3070 1021 3119 dignitates

81 3120 312 3158 conferendo
334 3121 586 3159 redeuntibus
615 3122 663 3160 ab
684 3122 846 3161 haeresi.
876 3123 1022 3161 Proce-

127 3239 137 3261 1
156 3240 186 3272 P.
201 3239 270 3271 183.

1859 159 1934 198 199

1043 251 1103 276 res
1122 251 1189 276 suo
1210 238 1388 288 exemplo
1409 237 1527 276 ctiam
1547 235 1721 275 subditos
1741 247 1828 274 suos
1849 235 1896 272 ad
1920 235 1989 273 Ec-

1042 292 1199 329 clesiam
1222 293 1456 329 catholicam
1478 292 1732 328 reduxerunt.
1753 289 1831 326 Sub
1853 289 1988 326 Ferdi-

1044 346 1168 383 nando
1193 346 1248 383 111
1272 349 1531 394 protestantes
1552 357 1575 382 a
1595 343 1764 392 Georgio
1785 342 1987 391 Ragoczy,

1044 397 1263 436 ealviniano
1295 399 1465 447 principe
1495 396 1823 446 'l‘ransylvaniae,
1840 395 1961 433 adiuti
1978 424 1987 440 ,

1045 464 1183 489 novam
1224 452 1474 489 rebellionem
1513 452 1758 494 excitarunt,
1797 449 1986 497 illumque

1044 518 1142 542 anno
1168 506 1267 543 1645
1288 505 1335 541 ad
1369 504 1655 541 concedendam
1690 503 1761 540 sibi
1790 502 1989 551 religionis

1045 559 1262 596 libertatem
1284 557 1567 606 compulerunt.

1103 612 1333 649 Germania
1349 611 1455 647 ——In
1479 610 1689 647 Germania
1718 609 1874 647 dissidia
1903 608 1980 646 Ca·

1048 664 1211 702 tholicos
1233 666 1337 701 inter
1356 666 1396 701 ct
1423 666 1685 712 protestantes
1715 666 1828 700 erant
1857 663 1984 699 conti-

1050 730 1138 755 nua.
1170 717 1219 755 Hi
1250 730 1310 755 res
1341 729 1432 754 suas
1463 717 1500 753 in
1529 716 1682 753 illorum
1714 716 1988 753 detrimentum

1048 771 1479 820 ampliare,ististatum
1502 781 1615 807 suum
1637 781 1865 807 conservare
1888 780 1993 806 suas-

1048 837 1123 872 que
1157 828 1283 863 terras
1309 837 1332 862 a
1361 823 1546 861 doctrinis
1575 823 1782 860 haereticis
1821 833 1990 871 purgare

1051 879 1307 916 conabantur.
1330 878 1371 915 Id
1394 877 1601 926 praecipue
1622 876 1766 913 factum
1784 885 1843 913 est
1859 875 1896 912 in
1918 880 1991 911 ter-

1051 931 1102 969 ris
1135 932 1357 970 Austriacis.
1381 933 1492 968 Anno
1516 930 1615 967 1578
1644 929 1805 966 Ordines
1830 928 1993 974 Stiriae,

1049 985 1274 1023 Carinthiae
1296 988 1336 1022 et
1353 984 1569 1029 Carniolae,
1585 983 1659 1020 iam
1678 983 1813 1020 maiori
1836 995 1883 1019 ex
1904 993 1990 1030 par-

1050 1041 1088 1076 te
1112 1051 1234 1076 novae
1254 1039 1435 1087 religioni
1457 1036 1617 1083 addicti,
1638 1034 1844 1085 denegatis
1873 1035 1997 1072 tribu-

1053 1092 1099 1130 tis
1120 1093 1257 1130 ducem
1278 1104 1388 1130 suum
1412 1091 1593 1129 Carolum
1614 1091 1842 1138 adegerunt,
1862 1093 1902 1125 ut
1920 1100 1994 1124 non

1053 1148 1206 1183 tantum
1224 1146 1417 1183 nobilibus
1433 1145 1470 1182 in
1483 1144 1623 1182 castris
1635 1144 1857 1189 eorum,sed
1875 1142 1994 1178 etiam

1055 1200 1201 1237 civibus
1222 1200 1259 1236 in
1281 1202 1303 1236 4
1327 1200 1496 1244 urbibus,
1527 1197 1703 1242 Graecio,
1736 1197 1994 1243 IudenburgO,

1054 1253 1304 1302 Clagenfurto
1336 1256 1374 1290 et
1404 1253 1572 1298 LabaCO,
1601 1251 1764 1288 liberum
1795 1248 1995 1298 religionis

1056 1306 1288 1343 exercitium
1319 1306 1559 1344 concederet.
1597 1305 1866 1342 Protestantes
1903 1312 1996 1339 mox

1057 1360 1167 1409 plura
1189 1361 1259 1397 sibi
1282 1358 1542 1409 indulgentes,
1566 1370 1639 1395 non
1661 1360 1816 1395 tantum
1842 1357 1879 1393 in
1902 1355 1996 1393 mul-

1056 1414 1106 1451 tis
1127 1413 1214 1451 aliis
1234 1415 1385 1463 oppidis
1406 1417 1444 1451 et
1464 1413 1575 1472 pagis
1608 1411 1792 1449 ecclesias
1821 1410 1892 1448 sibi
1923 1422 1997 1446 ex—

1055 1469 1281 1514 truxerunt,
1303 1468 1368 1504 sed
1392 1466 1511 1504 etiam
1532 1467 1569 1503 in
1590 1466 1636 1503 iis
1657 1465 1763 1511 locis,
1792 1464 1830 1501 in
1861 1463 1998 1512 quibus

1054 1521 1114 1558 ius
1143 1524 1371 1570 patronatus
1400 1521 1487 1558 duci
1518 1520 1582 1557 vel
1611 1519 1714 1556 01010
1743 1517 1997 1566 competebat,

1056 1575 1225 1612 exclusis
1245 1586 1283 1623 p·
1272 1575 1424 1612 11001110
1445 1573 1656 1618 catholicis,
1679 1576 1854 1621 pastores
1875 1569 1998 1608 luthe-

1057 1640 1171 1665 ranos
1188 1628 1487 1674 constituerunt,
1504 1627 1695 1676 pluraque
1712 1625 1800 1670 alia,
1822 1636 1897 1661 non
1912 1626 1978 1661 tan
1990 1646 2003 1651 -

1057 1684 1142 1719 tum
1164 1681 1375 1728 Ecclesiae,
1397 1681 1463 1719 sed
1494 1681 1611 1718 etiam
1642 1678 1824 1728 principis
1853 1678 2001 1715 iuribus

1054 1735 1263 1781 contraria,
1284 1736 1354 1772 sibi
1379 1738 1631 1783 arrogarunt,
1661 1733 1708 1770 ab
1737 1731 2001 1769 ecclesiastica

1055 1789 1101 1825 ad
1133 1788 1331 1838 politicam
1362 1788 1586 1826 libertatem
1604 1785 1808 1835 progressi.
1831 1785 2002 1833 Quapro-

1056 1845 1143 1890 pter
1164 1842 1244 1879 dux
1266 1842 1429 1880 Carolus
1449 1853 1510 1879 an.
1528 1840 1627 1878 1580
1648 1838 1845 1888 religionis
1866 1850 2001 1875 eorum

1056 1896 1280 1933 libertatem
1316 1897 1364 1933 ad
1398 1907 1510 1933 arces
1549 1893 1736 1931 nobilium
1773 1891 2003 1938 restrinxit3
2047 1891 2050 1894 ’

1054 1961 1171 1997 quam
1213 1949 1503 1988 restrictionem
1541 1947 1599 1984 illi
1632 1958 1770 1995 parum
1799 1948 1999 1982 curarunt.

1056 2003 1342 2048 Ferdinandus,
1365 2002 1493 2040 Caroli
1514 2001 1617 2038 filius
1637 2005 1676 2037 et
1704 2011 1763 2036 an.
1788 1998 1889 2036 1597
1909 2010 2000 2035 suc-

1057 2068 1199 2102 cessor,
1219 2069 1288 2106 pro
1317 2068 1388 2093 suo
1419 2055 1617 2104 religionis
1638 2050 1852 2091 catholicae
1873 2052 2000 2089 studio

1056 2110 1230 2147 subditos
1260 2122 1348 2148 suos
1378 2110 1424 2146 ad
1455 2121 1541 2146 eam
1571 2109 1757 2145 reducere
1786 2106 2001 2150 constituit,

1058 2163 1219 2211 ideoque
1241 2176 1341 2201 anno
1371 2162 1548 2211 sequenti
1580 2161 1766 2205 decrevit,
1796 2163 1840 2196 ut
1870 2170 2002 2195 omnes

1058 2218 1346 2265 praedicatores
1368 2215 1528 2261 etlaici,
1548 2216 1612 2263 qui
1634 2215 1682 2252 ad
1712 2213 1905 2250 catholi‹a
1934 2224 2000 2248 sa-

1059 2282 1126 2307 cra
1145 2271 1274 2307 redire
1295 2270 1491 2314 nolebant,
1513 2269 1765 2317 emigrarent.
1797 2267 1905 2303 Tunc
1935 2264 1999 2302 alii

1058 2324 1105 2361 ab
1134 2324 1285 2361 haeresi
1316 2323 1598 2368 discesserhint
1628 2321 1694 2358 alii
1732 2321 2001 2367 emigrarunt,

1058 2377 1190 2425 sicque
1207 2389 1306 2415 nova
1321 2376 1459 2426 religio
1480 2389 1500 2414 e
1521 2375 1633 2413 terris
1644 2373 1880 2412 Ferdinandi
1899 2383 1996 2408 exu-

1059 2431 1169 2468 lavit.

1111 2483 1201 2522 Non
1221 2483 1341 2521 multo
1362 2484 1450 2532 post
1468 2481 1700 2531 Rudolphus
1721 2480 1935 2529 imperator
1963 2477 2002 2513 ΙΙ

1061 2538 1180 2574 etiam
1210 2538 1247 2573 in
1278 2537 1465 2574 Bohemia
1494 2535 1733 2573 acatholicos
1763 2532 2004 2580 restringere

1060 2591 1196 2638 coepit.
1219 2590 1302 2627 Illic
1322 2592 1596 2639 protestantes,
1617 2588 1679 2625 sat
1709 2585 1918 2630 numeiosi,
1940 2596 2000 2621 an.

1064 2644 1164 2681 1572
1193 2656 1215 2681 a
1244 2643 1516 2681 Maximiliano
1544 2643 1580 2679 ΙΙ
1608 2641 1772 2678 liberum
1803 2638 2002 2687 ieligionis

1060 2697 1286 2735 exercitium
1310 2698 1588 2746 impetiarant,
1609 2694 1675 2732 sed
1697 2693 1817 2730 veibo
1837 2694 2003 2750 tantum,

1063 2751 1153 2799 quia
1188 2751 1351 2788 Ordines
1387 2749 1564 2787 catholici
1597 2748 1874 2784 documentum
1906 2744 2005 2782 scri—-

1063 2807 1169 2852 ptum
1192 2807 1395 2852 acceptare
1416 2802 1661 2840 recusabant.
1679 2802 1792 2837 Anno
1809 2799 1908 2836 1602
1926 2798 2006 2834 Ru-

1063 2857 1226 2906 dolphus
1247 2857 1282 2894 II
1304 2856 1436 2894 declar
1440 2855 1534 2901 ivit
1555 2853 1752 2902 religionis
1779 2853 2003 2889 libertatem

1063 2914 1283 2970 competere
1311 2910 1401 2947 solis
1430 2908 1668 2955 Utraquistis
1697 2919 1763 2944 seu
1786 2905 2003 2949 Calixtinis,

1063 2964 1126 3013 qui
1148 2967 1401 3011 compactam
1422 2961 1638 3009 Pragensia
1667 2972 1735 2998 seu
1766 2957 2005 2997 Basileensii

1064 3019 1331 3055 observarent
1349 3015 1497 3051 Verum
1514 3018 1600 3063 post
1614 3025 1757 3062 paucos
1775 3024 1894 3050 annos
1923 3022 2008 3059 pro-

1064 3072 1254 3108 testantes
1283 3067 1546 3116 Rudolphum,
1576 3067 1654 3104 iam
1689 3066 1937 3105 subtimidum
1969 3067 2008 3101 et

1065 3123 1211 3161 auxilio
1240 3121 1491 3164 destitutum,
1527 3120 1737 3168 improviso
1774 3120 1918 3167 impetu
1960 3119 2007 3154 ad

1067 3175 1268 3224 religionis
1297 3174 1517 3211 libertatem
1547 3174 1688 3223 scripto
1717 3173 1762 3210 iis
1792 3171 2011 3208 conceden-

1068 3231 1155 3267 dam
1176 3229 1404 3276 adegerunt.
1422 3227 1464 3264 In
1481 3227 1725 3274 documento,
1742 3238 1803 3263 an.
1824 3224 1924 3262 1609
1941 3224 2011 3261 de-
