2241 3473
555 121 681 153 vsovn
708 122 761 150 An
790 106 1097 150 convansmm‘ffl
1123 117 1384 149 consrAN'mm
1409 117 1454 146 M.

23 190 125 229 idem
167 187 310 226 cardin.
343 187 451 225 Bona
488 185 499 208 ¹
537 188 576 224 et
612 186 772 224 Sandini
799 183 825 224 ².
854 186 969 235 Apud

25 242 208 294 quosdam
229 240 416 287 invenies,
436 252 465 278 s.
485 239 753 278 Alexandrum
780 238 970 277 decrevis-

23 308 77 343 se,
91 296 135 333 ut
153 305 202 333 se.
219 293 464 332 Eucharistia
479 292 517 330 in
536 304 671 343 azymo
691 303 790 342 pane
810 292 970 329 confice·

25 351 153 394 retur3
168 347 234 385 sed
255 346 388 384 nullus
408 347 521 384 huius
538 345 682 384 decreti
701 345 897 394 reperitur
915 347 971 382 te-

24 401 94 441 stis
113 402 270 450 praeter
289 399 503 437 Martinum
526 399 713 436 Polonum
727 427 736 443 ,
756 398 820 446 qui
843 398 968 435 unde-

24 454 99 494 cim
114 455 199 504 post
214 453 382 491 saeculis
398 453 509 490 vixit.
522 451 782 490 Verisimilius
797 451 970 488 sentiunt

23 507 73 555 ii,
92 506 157 556 qui
188 518 298 544 usum
330 505 439 554 panis
469 506 593 554 azymi
622 505 670 542 ad
690 503 966 541 conficiendam

23 559 310 599 Eucharistiam
332 559 369 595 in
390 558 564 596 Ecclesia
579 557 700 594 latina
720 567 740 593 e
760 556 968 594 traditione

22 612 232 663 apostolica
244 624 394 661 semper
404 611 573 661 viguisse
582 610 723 647 dicunt.
734 609 969 647 Existimant

22 665 210 711 nonnulli,
228 665 351 714 ipsam
369 664 582 702 Ecclesiam
602 674 781 712 graecam
802 663 969 711 primum

23 730 159 768 azymo
173 748 182 765 ,
202 719 337 756 deinde
357 717 589 755 fermentato
617 728 716 765 pane
737 727 819 753 esso
840 728 966 763 usam;

23 772 90 810 alii
110 783 204 809 vero
223 771 262 808 in
277 783 323 808 ea
340 781 448 808 usum
470 769 692 807 fermentati
708 780 860 818 semper
875 770 968 806 obti-

23 825 151 863 nuisse
170 824 395 862 defundunt.
420 823 544 859 Porro
563 825 648 860 tum
670 823 707 859 in
729 834 864 870 azymo
884 824 968 859 tum

22 878 62 915 in
96 878 328 915 fermentato
357 887 455 924 pane
498 875 650 913 triticeo
680 875 968 913 Eucharistiam

23 942 113 968 vere
147 929 305 975 confici,
335 928 510 966 definivit
539 928 753 966 Concilium
788 928 969 977 generale

22 983 288 1022 Florentinum
309 979 336 1019 ³.

75 1037 112 1075 5.
131 1036 339 1074 Ecclesiae
368 1039 504 1072 status
532 1033 605 1070 sub
633 1034 852 1072 Hadriano
883 1033 968 1086 (an.

26 1089 384 1140 117)-Traianus
399 1088 612 1136 imperator
633 1089 807 1125 mortuus
828 1091 887 1126 est
908 1100 971 1126 an-

25 1154 74 1180 no
96 1142 308 1184 117.·Quae
338 1144 469 1179 autem
499 1141 545 1178 de
566 1140 715 1178 animae
736 1141 817 1178 eius
837 1142 884 1179 ab
905 1142 968 1179 in-

24 1196 116 1234 feris
143 1195 388 1241 liberatione,
409 1206 526 1243 quam
555 1194 666 1231 aiunt
685 1206 904 1232 concessam
924 1195 967 1233 D.

23 1248 202 1299 Gregorii
223 1248 409 1298 precibus,
431 1249 653 1292 narrantur,
674 1247 818 1284 fabulis
842 1248 967 1285 adnu-

23 1302 209 1340 meranda
229 1304 319 1339 sunt
339 1301 363 1339 ⁴.
394 1300 586 1338 Successit
605 1300 640 1337 ei
656 1300 789 1338 AElius
808 1301 971 1339 Hadria-

23 1367 95 1394 nus
111 1385 121 1402 ‚
139 1357 256 1404 gente
274 1354 489 1404 Hispanus,
511 1353 576 1402 qui
606 1365 727 1402 usque
756 1354 805 1391 ad
825 1366 968 1392 annum

26 1409 100 1447 138
128 1408 347 1457 imperavit.
368 1407 552 1449 Quamvis
581 1406 643 1444 1110
673 1406 788 1445 nullis
807 1407 969 1446 nefastis

23 1461 158 1500 edictis
179 1461 484 1499 Christianorum
513 1460 820 1509 persecutionem
843 1461 968 1510 impe-

24 1515 134 1560 rarit,
152 1514 223 1552 sub
252 1514 333 1552 eius
351 1516 484 1552 tamen
504 1513 664 1561 imperio
680 1514 969 1562 persecutiones

22 1567 238 1618 populares,
260 1568 474 1616 imperante
495 1566 665 1604 Traiano
686 1568 855 1616 coeptae,
875 1580 968 1617 per-

17 1622 225 1660 durarunt.
242 1620 285 1658 Id
305 1620 501 1658 evincitur
519 1623 606 1657 tum
627 1631 676 1656 ex
696 1621 794 1657 actis
814 1622 968 1670 marty-

25 1675 71 1713 rii
92 1686 121 1712 s.
142 1674 430 1722 Symphorosae
458 1675 497 1710 et
517 1674 664 1721 septem
685 1673 768 1710 eius
787 1673 970 1721 filiorum,

24 1731 111 1766 tum
130 1738 180 1764 ex
195 1726 382 1776 apologiis
398 1726 586 1768 Quadrati
601 1728 640 1763 et
654 1725 838 1763 Aristidis
854 1729 968 1776 atque

26 1793 47 1818 e
75 1779 216 1818 litteris
244 1779 393 1817 Serenii
421 1778 610 1816 Graniani
638 1780 894 1828 proconsulis,
923 1781 969 1817 de

25 1833 162 1883 quibus
181 1844 271 1870 mox
287 1833 458 1870 dicemus
478 1831 503 1869 ⁵.
525 1832 677 1870 Etenim
693 1843 847 1881 pagana
862 1833 970 1882 plebs

25 1897 138 1935 saepe
158 1885 393 1923 Christianos
412 1885 648 1922 turbulentis
670 1885 901 1924 clamoribus
922 1887 968 1924 ad

25 1941 189 1978 mortem
228 1939 455 1987 deposcebat
476 1968 486 1985 ,
521 1938 681 1987 eiusque
711 1938 812 1976 votis
840 1939 968 1988 magi-

24 1994 171 2031 stratus
191 1992 396 2029 civitatum
416 1993 454 2028 et
474 1991 669 2040 praesides
684 1991 970 2039 provinciarum

25 2045 137 2084 facile
158 2044 391 2091 annuebant,
406 2044 480 2082 rati
499 2044 538 2081 id
558 2044 659 2081 haud
674 2043 873 2093 ingratum
888 2045 971 2083 fore

24 2098 259 2148 imperatori,
269 2109 384 2146 quem
395 2100 582 2135 noverant
592 2097 833 2136 idololatriae
844 2110 972 2148 super-

25 2151 241 2190 stitionibus
269 2151 478 2189 addictum.
499 2151 609 2194 Quae
629 2153 762 2188 autem
782 2151 971 2190 Hadriani

24 2205 268 2254 imperatoris
295 2204 334 2242 in
357 2204 596 2242 Christianos
623 2216 731 2242 mens
752 2204 890 2252 fuerit,
909 2206 973 2243 vel

26 2270 74 2296 ex
93 2258 165 2296 hoc
184 2257 263 2296 solo
283 2260 410 2306 patet,
430 2258 532 2306 quod
557 2257 596 2294 in
617 2259 746 2295 monte
766 2258 971 2296 Calvariae

27 2311 93 2349 ubi
112 2311 288 2349 Christus
308 2314 487 2348 mortuus
507 2312 578 2357 est,
594 2311 772 2357 Veneris,
792 2313 831 2349 et
850 2312 971 2350 Beth-

25 2364 151 2402 lehem
171 2364 234 2402 ubi
255 2365 371 2402 natus
391 2365 463 2411 est,
482 2364 668 2408 Adonidis
688 2364 904 2403 simulacra
923 2377 967 2403 0-

28 2417 103 2467 rigi
122 2418 290 2456 iusserit.

80 2470 336 2519 Popularibus
350 2470 410 2508 his
429 2469 469 2507 in
487 2470 726 2508 Christianos
741 2471 973 2520 persecutio-

28 2523 142 2561 nibus
160 2535 317 2562 causam
338 2535 450 2573 saepe
474 2523 662 2561 dederunt
682 2525 875 2563 horrenda
895 2526 972 2562 cri-

28 2576 135 2614 mina
161 2588 230 2614 seu
258 2576 496 2623 calumniae,
525 2588 624 2625 quae
652 2577 878 2616 auctoribus
904 2578 972 2615 Iu-

29 2629 134 2668 daeis
145 2629 191 2667 de
203 2629 249 2667 iis
268 2629 643 2668 circumferebantur
654 2644 663 2677 3
675 2631 860 2669 nimirum
871 2632 971 2680 quod

29 2695 103 2720 non
124 2683 247 2721 solum
269 2685 394 2720 essent
412 2683 645 2732 reipublicae
669 2684 818 2731 hostes,
838 2686 904 2722 sed
925 2697 970 2722 e-

29 2736 123 2774 tiam
143 2736 182 2773 111
202 2736 458 2773 conventibus
477 2737 553 2774 suis
572 2735 740 2775 infantes
754 2740 973 2776 mactarent

31 2791 70 2827 et
88 2789 353 2835 comederent,
373 2788 660 2838 luminibusque
679 2791 863 2829 extinctis
881 2803 972 2841 pro-

71 2930 81 2951 ¹
101 2931 170 2961 Loc.
189 2930 236 2961 cit.
251 2946 287 2951 —
304 2929 318 2951 2
334 2931 363 2961 L.
381 2938 406 2960 0.

69 2971 85 2994 3
99 2972 131 3003 Α.
149 2971 283 3009 Sandini,
306 2971 386 3002 Diss.
403 2970 486 3002 x-XI
509 2969 549 3001 ad
569 2969 653 3002 Vitas
667 2969 806 3011 Pontifi3
821 2971 917 3004 Natal.
934 2972 975 3002 Α-

31 3012 162 3050 lexand„
181 3011 257 3043 Hist.
274 3011 358 3044 Eccl.
375 3014 448 3044 diss.
466 3012 502 3043 xl
520 3012 551 3041 in
565 3020 644 3043 saec.
661 3011 779 3044 XI-XII.

72 3054 86 3076 ⁴
102 3054 199 3084 Natal.
225 3054 387 3091 Alexand,
410 3054 486 3086 Hist.
504 3052 575 3084 eccl.
593 3061 675 3084 saec.
690 3053 731 3092 11,
748 3054 820 3085 diss.
837 3055 865 3093 13
881 3055 973 3094 Beni,

33 3094 110 3127 msc.
128 3094 202 3126 eccl.
219 3103 300 3127 saec.
317 3097 350 3134 ΙΙ,
367 3096 441 3127 diss,
459 3094 485 3125 5.

72 3136 88 3159 5
106 3137 143 3167 Cf
156 3136 292 3175 Ruinart,
311 3138 440 3169 Praestat.
455 3136 493 3166 ad
507 3135 587 3167 Acta
598 3134 733 3175 Martyr.
745 3136 821 3176 n'.4;
834 3138 855 3170 1.
865 3137 897 3169 B.
911 3137 974 3168 Pal-

39 3185 98 3215 ma,
116 3177 269 3210 Praetecc.
288 3178 358 3210 hist.
374 3178 449 3211 eccl.
464 3182 484 3210 t.
500 3178 520 3217 1,
537 3181 614 3216 part.
631 3177 666 3215 11,
681 3186 707 3208 c.
725 3176 772 3208 11.

1854 103 1907 143 35

1011 185 1180 224 miscuae
1199 182 1347 222 libidini
1377 181 1584 228 vacarent3
1609 179 1750 229 quibus
1770 176 1959 228 effingen-

1011 239 1068 277 dis
1089 237 1357 277 verisimiliter
1375 246 1508 274 ansam
1529 232 1796 283 praebuerunt
1815 242 1864 269 ss.
1886 232 1962 270 Eu·

1011 292 1218 330 charistiae
1237 289 1404 339 sumptio
1425 291 1464 326 et
1483 286 1654 325 osculum
1669 285 1782 334 pacis.
1804 285 1885 322 Has
1901 295 1962 322 ca-

1010 345 1177 383 lumnias
1197 355 1271 381 non
1291 353 1427 392 parum
1448 341 1646 378 auxerunt
1659 337 1826 376 infames
1851 337 1960 375 Gno-

1010 398 1194 436 sticorum
1211 395 1496 434 haereticorum
1512 394 1654 438 sectae,
1670 402 1770 441 quae
1785 389 1962 428 christia-

1011 462 1103 488 num
1125 461 1263 488 nornen
1284 448 1354 486 sibi
1376 448 1619 496 usurpantes,
1631 443 1809 483 absurdis
1824 442 1962 481 doctri-

1010 515 1081 541 nae
1101 515 1193 541 suae
1212 500 1401 551 portentis
1433 503 1473 537 et
1502 498 1637 537 infami
1655 509 1748 536 suae
1767 497 1872 534 vitae
1891 507 1962 544 ge-

1011 568 1102 594 nere
1136 555 1375 594 Christianos
1414 553 1615 590 universos
1643 551 1682 589 in
1720 560 1962 588 communem

1009 609 1208 647 infamiam
1239 606 1548 656 protrahebant,
1577 604 1820 653 amplamque
1849 613 1963 640 occa-

1010 663 1155 700 sionem
1194 659 1456 698 calumniandi
1500 658 1670 695 insontes
1714 658 1754 694 et
1789 657 1962 694 sinceros

1011 715 1152 753 Christi
1181 713 1351 752 cultores
1384 710 1547 749 ethnicis
1575 710 1812 759 praebebant
1829 707 1960 747 ¹.-Vi-

1011 769 1197 813 debimus,
1205 767 1393 816 quantum
1403 764 1711 802 Christianorum
1723 762 1962 812 apologistae

1010 820 1224 859 laborarint
1243 819 1292 856 ad
1311 817 1545 856 refellendas
1564 816 1659 854 istas
1680 816 1908 853 calumnias.

1062 874 1098 912 6.
1137 874 1426 911 Gnosticorum
1463 874 1589 908 sectae
1608 889 1659 895 -—
1687 869 1960 906 Gnosticorum

1010 926 1180 965 haeresis
1208 925 1286 962 iam
1313 923 1562 973 praecedenti
1591 921 1744 959 saeculo
1772 921 1812 958 in
1832 921 1960 959 lucem

1010 981 1114 1018 edita
1124 979 1152 1025 ²,
1168 979 1239 1016 1100
1254 976 1408 1015 saeculo
1423 976 1572 1013 maiora
1585 975 1838 1020 incrementa,
1853 985 1962 1023 prae-

1011 1034 1146 1072 sertim
1166 1032 1205 1069 in
1225 1031 1381 1080 Agypto
1402 1031 1440 1067 et
1459 1028 1574 1078 Syria
1587 1057 1596 1074 ,
1616 1028 1729 1076 cepit,
1750 1027 1962 1076 pluresque

1011 1089 1050 1124 et
1070 1087 1245 1124 diversae
1265 1095 1401 1121 eorum
1420 1086 1547 1120 sectae
1564 1081 1756 1118 formatae
1771 1083 1872 1117 sunt.
1890 1080 1962 1117 Ea-

1010 1151 1099 1177 rum
1119 1142 1298 1176 auctores
1319 1137 1427 1174 fuere
1446 1135 1485 1172 hi
1498 1165 1507 1181 ,
1527 1134 1592 1184 qui
1612 1134 1848 1182 sequuntur:

1065 1190 1298 1230 Saturninus
1311 1220 1320 1236 ,
1340 1189 1603 1227 Antiochenus
1616 1217 1625 1233 ,
1649 1186 1714 1236 qui
1743 1186 1962 1235 imperante

1010 1246 1209 1284 Hadriano
1225 1254 1376 1281 errores
1391 1254 1479 1280 suos
1495 1240 1676 1290 vulgavit
1694 1240 1734 1277 in
1750 1239 1879 1289 Syria.
1894 1239 1965 1276 Eo-

1011 1311 1097 1336 rum
1127 1309 1279 1337 summa
1306 1297 1402 1334 haec
1423 1297 1503 1333 est:
1527 1294 1709 1332 Existere
1730 1292 1777 1331 ab
1801 1294 1963 1330 aeterno

1011 1364 1235 1402 supremum
1254 1351 1392 1395 Deum,
1413 1360 1478 1386 seu
1500 1349 1591 1394 Ens,
1608 1346 1675 1395 qui
1695 1345 1872 1395 angelos,
1888 1344 1964 1382 vir-

1010 1408 1112 1444 tutes
1141 1408 1180 1443 et
1207 1405 1420 1454 potestates
1440 1401 1602 1439 creavit.
1623 1400 1782 1449 Septem
1811 1398 1965 1436 infimos

1011 1459 1168 1509 angelos
1181 1488 1190 1505 ,
1219 1457 1466 1507 planetarum
1509 1456 1682 1492 rectores
1696 1483 1706 1500 ,
1749 1451 1965 1490 condidisse

1010 1514 1199 1550 mundum
1228 1509 1441 1555 visibilem,
1471 1510 1511 1546 et
1539 1507 1727 1545 formasse
1753 1505 1967 1552 hominem,

1013 1566 1182 1604 scintilla
1212 1564 1316 1601 vitae
1348 1562 1510 1600 coelitus
1540 1560 1709 1598 demissa
1739 1558 1966 1610 animatum.

1012 1620 1083 1657 Dei
1111 1630 1255 1668 regno,
1282 1617 1499 1664 horumque
1529 1613 1758 1662 angelorum
1788 1611 1967 1660 regimini

1013 1673 1207 1711 obstitisse
1236 1669 1448 1720 principem
1468 1667 1617 1705 malum
1640 1664 1854 1718 (satanam)
1871 1695 1882 1712 ,
1901 1664 1968 1713 qui

1011 1725 1231 1763 hominibus
1259 1721 1415 1760 coelesti
1443 1721 1527 1758 vit'a
1555 1719 1768 1769 praeditis,
1789 1718 1968 1767 opposuit

1013 1779 1115 1816 aliud
1135 1777 1336 1816 hominum
1357 1786 1480 1825 genus
1500 1775 1646 1811 natura
1666 1783 1844 1821 pravum.
1861 1771 1968 1808 Chri-

1013 1834 1115 1869 stum
1132 1861 1141 1878 ,
1170 1840 1337 1868 aeonum
1372 1826 1604 1877 principem,
1633 1826 1774 1863 umbra
1809 1825 1965 1862 tantum

1013 1885 1140 1922 carnis
1168 1883 1406 1933 praeditum,
1427 1892 1450 1918 a
1469 1890 1646 1929 supremo
1675 1879 1778 1916 Ente
1804 1877 1964 1915 missum

1013 1938 1143 1983 fuisse,
1163 1937 1230 1986 qui
1248 1934 1469 1973 hominibus
1488 1934 1624 1970 contra
1643 1933 1822 1969 satanam
1841 1932 1881 1968 et
1899 1930 1967 1967 ho-

1014 1991 1135 2028 mines
1154 2000 1295 2039 pravos
1314 1999 1425 2036 opem
1443 1988 1482 2024 et
1496 1985 1662 2024 satutem
1676 1984 1860 2022 adferret.
1872 1982 1964 2021 Nu-

1013 2044 1113 2094 ptias
1133 2047 1173 2081 et
1191 2041 1483 2092 generationem
1510 2038 1632 2076 veluti
1650 2049 1715 2076 res
1734 2050 1757 2076 a
1777 2038 1963 2076 daemone

1015 2099 1205 2142 inventas,
1226 2107 1310 2134 esse
1330 2093 1535 2132 evitandas
1552 2090 1579 2130 ³.

1066 2150 1279 2195 Basilides,
1298 2146 1603 2192 Alexandrinus,
1623 2144 1757 2182 eodem
1777 2145 1966 2192 tempore,

1014 2216 1089 2253 quo
1109 2202 1344 2241 Saturninus
1363 2200 1403 2238 in
1423 2200 1552 2250 Syria,
1567 2209 1718 2236 errores
1741 2208 1831 2235 suos
1850 2197 1968 2234 disse-

1015 2257 1180 2295 minavit
1207 2256 1246 2293 in
1267 2255 1459 2304 AEgypto.
1479 2251 1654 2290 Docebat
1673 2253 1806 2289 autem
1819 2279 1829 2298 ,
1851 2261 1876 2287 a
1894 2262 1964 2288 su-

1015 2322 1145 2360 premo
1161 2310 1245 2347 Deo
1265 2309 1476 2358 prognatos
1493 2316 1576 2343 esse
1591 2307 1738 2354 septem
1756 2314 1910 2349 aeones,
1926 2304 1966 2341 et

1015 2365 1063 2402 ab
1083 2364 1141 2401 his
1162 2362 1391 2412 angelorum
1410 2358 1612 2409 principes.
1635 2359 1670 2396 A
1691 2356 1825 2406 primis
1845 2368 1965 2404 ange-

1013 2417 1060 2455 lis
1079 2417 1245 2466 primum
1274 2414 1423 2453 coelum
1453 2415 1493 2450 et
1512 2411 1607 2449 alios
1636 2411 1817 2460 angelos3
1838 2410 1886 2447 ab
1905 2409 1964 2447 his

1012 2471 1226 2508 secundum
1254 2468 1403 2506 coelum
1432 2464 1778 2514 1101111111111001105
1806 2462 1964 2511 angelos

1013 2535 1094 2562 esse
1115 2523 1281 2574 genitos,
1296 2523 1414 2559 donec
1429 2530 1497 2569 per
1513 2517 1717 2556 continuas
1735 2516 1963 2565 angelorum

1013 2577 1244 2626 propagines
1256 2574 1333 2613 365
1349 2575 1484 2611 coetus
1504 2571 1699 2622 gradatim
1719 2570 1800 2607 nati
1821 2571 1964 2615 essent,

1014 2630 1079 2678 qui
1099 2641 1232 2667 omnes
1261 2630 1301 2666 et
1328 2625 1474 2676 singuli
1503 2625 1669 2674 mystico
1690 2622 1880 2660 vocabulo
1894 2621 1962 2659 A-

1015 2684 1166 2721 brancas
1186 2680 1507 2731 insigniebantur.
1521 2679 1555 2716 A
1573 2679 1718 2726 septem
1739 2675 1892 2724 angelis
1910 2674 1965 2712 in-

1013 2736 1095 2774 fimi
1124 2736 1242 2782 coeli,
1270 2733 1500 2784 praesertim
1529 2731 1576 2768 ab
1605 2740 1738 2767 eorum
1766 2727 1959 2778 primipilo

1014 2790 1183 2836 Archon,
1205 2789 1440 2826 Iudaeorum
1468 2785 1552 2829 deo,
1572 2783 1820 2832 procreatum
1840 2781 1960 2819 fuisse

1013 2843 1117 2880 hunc
1136 2845 1334 2880 terrarum
1353 2840 1497 2876 orbem.
1518 2837 1578 2874 Ad
1598 2836 1748 2873 animas
1767 2836 1959 2873 humanas

1014 2909 1035 2934 e
1056 2894 1252 2945 corporeis
1272 2892 1437 2931 vinculis
1451 2890 1673 2928 liberandas
1688 2890 1728 2926 et
1743 2889 1782 2926 in
1797 2899 1960 2938 regnum

1057 3015 1067 3036 1
1085 3013 1206 3050 Euseb.‚
1223 3009 1300 3042 Hist.
1320 3008 1390 3040 eccl.
1408 3007 1429 3039 l.
1444 3008 1491 3046 lv,
1507 3015 1533 3038 c.
1550 3006 1577 3037 7.

1055 3055 1069 3076 ἓ
1085 3054 1214 3091 Videsis‚
1230 3061 1258 3090 p.
1275 3051 1325 3082 ⁶35.

1056 3097 1070 3119 3
1085 3097 1113 3127 S.
1130 3097 1218 3130 Iren.,
1234 3092 1253 3123 l.
1270 3093 1291 3130 l,
1306 3102 1331 3123 c.
1348 3090 1402 3128 ⁶22&
1418 3089 1604 3125 Tei-tullian„
1620 3087 1664 3120 De
1679 3085 1798 3126 anima,
1816 3095 1842 3117 0.
1858 3084 1916 3124 23;
1935 3094 1960 3116 s,

1016 3137 1181 3177 Epiphan.‚
1205 3133 1331 3166 Haeres.
1353 3131 1407 3170 ⁶23;
1432 3131 1550 3168 Euseb.‚
1573 3129 1650 3161 Hist.
1676 3128 1749 3161 eccl.
1771 3129 1789 3160 l.
1813 3128 1861 3166 IV,
1878 3137 1906 3158 c.
1922 3126 1958 3164 7;

1016 3178 1208 3215 Theodorei„
1224 3175 1353 3206 Haeret.
1370 3172 1468 3213 fabul.
1485 3173 1503 3204 1.
1522 3172 1542 3210 1,
1560 3181 1586 3204 c.
1603 3170 1631 3202 3.
