2241 3473
228 120 302 158 106

172 196 384 244 imperator
397 206 460 232 eos
479 195 526 231 ad
542 192 902 230 communicandum
918 202 1008 228 cum
1021 191 1119 227 Ano-

173 249 295 286 maeis
315 247 574 296 compelleret,
601 256 815 292 eorumque
845 244 1027 281 ecclesias
1056 243 1116 281 his

172 303 347 340 traderet
369 300 393 346 ¹,
414 300 471 336 illi
490 299 545 336 sic
565 298 710 343 vexati,
730 309 800 345 per
819 297 994 345 singulas
1015 297 1114 333 civi-

172 358 273 393 tates
288 355 436 402 legatos
452 353 552 389 inter
566 363 605 388 se
619 351 822 397 miserunt,
839 350 1115 399 significantes,

171 408 295 446 satius
316 419 399 444 esse
419 406 465 442 ad
482 403 682 441 Liberium
710 403 789 440 PP.
821 406 859 440 et
887 404 937 441 ad
966 404 1116 441 Valen-

170 461 364 498 tinianum
375 457 593 495 Occidentis
611 457 886 505 imperatorem
906 456 1117 506 confugere

169 525 380 561 eorumque
400 511 515 548 fidem
535 512 575 547 et
595 511 904 547 communionem
922 510 1115 559 amplecti,

169 578 285 615 quam
306 576 394 602 cum
416 563 585 606 Valente
606 565 646 600 et
665 563 840 601 Eudoxio
861 564 1116 601 communica-

167 631 221 656 re.
236 619 482 667 Quapropter
495 617 746 654 Eustathium
762 617 1030 664 Sebastenum,
1041 617 1115 655 Sil-

166 684 311 710 vanum
331 672 564 709 Tarsensem
583 675 622 707 et
641 671 899 719 Theophilum
924 672 1117 708 Gastaba-

166 727 292 764 lorum
312 725 519 774 episcopos,
539 724 579 761 in
595 724 845 762 Occidentem
860 725 1053 774 legarunt,
1074 727 1117 762 ut

167 792 253 817 cum
262 780 440 816 Romana
451 777 626 815 Ecclesia
641 778 952 815 communionem
968 778 1116 815 inirent

166 836 205 871 et
242 832 440 870 doctrinae
478 831 524 868 de
556 832 987 869 consubstantialitate
1024 832 1114 869 Filii

165 898 253 924 cum
274 887 395 924 Patre
417 884 665 923 assentirent.

219 940 395 977 Liberius
421 940 506 987 Pp.,
534 937 644 975 lectis
677 950 812 975 eorum
845 938 1007 985 litteriS,
1037 951 1114 985 eos,

164 996 370 1043 postquam
391 995 661 1030 sacrosanctae
679 992 769 1029 fidei
788 992 828 1028 in
844 992 1017 1029 Nicaeno
1029 1005 1116 1029 con-

163 1047 250 1085 cilio
271 1046 454 1084 definitae
475 1045 799 1094 subscripsissent,
816 1046 854 1082 in
877 1047 1115 1083 communio-

167 1114 251 1138 nem
291 1100 457 1149 recepit,
487 1098 704 1147 litterisque
733 1101 1113 1136 communicatoriis

165 1156 213 1192 ad
229 1155 425 1203 episcopos
442 1152 660 1190 Orientales
676 1152 845 1189 munivit
864 1151 889 1190 2.
908 1153 968 1190 Illi
985 1154 1113 1191 Roma

164 1207 340 1257 digressi,
360 1208 398 1244 in
430 1206 561 1244 Sicilia
590 1218 719 1243 coram
751 1206 998 1256 congregatis
1025 1207 1110 1255 epi-

164 1262 287 1310 scopis
325 1260 505 1299 similiter
543 1259 758 1297 Nicaenam
796 1259 909 1297 fidem
949 1260 1111 1308 professi

164 1317 269 1361 sunt,
290 1318 328 1352 et
355 1315 402 1352 ab
423 1314 468 1352 iis
499 1313 616 1351 etiam
645 1313 926 1350 communionis
954 1313 1112 1351 litteras

164 1371 409 1417 acceperunt.
431 1369 476 1406 In
496 1367 698 1404 Orientem
718 1367 894 1413 reduces,
910 1367 1110 1416 episcopo-

161 1433 262 1468 rum,
282 1421 347 1470 qui
367 1422 445 1459 iam
465 1421 535 1458 sub
556 1420 776 1469 principatu
799 1420 962 1466 Ioviani,
981 1423 1022 1458 ut
1043 1433 1109 1458 su·-

163 1487 234 1524 pra
254 1476 434 1521 vidimus,
451 1486 583 1512 coram
603 1473 760 1511 Meletio
778 1474 1020 1511 Antiocheno
1041 1475 1110 1512 Fi-

163 1528 257 1566 lium
281 1529 393 1566 Patri
413 1527 781 1565 consubstantialem
803 1531 919 1564 erant
938 1527 1111 1576 professi,

163 1583 311 1630 synodo
333 1583 493 1631 Tyanae
515 1583 774 1629 congregatae
795 1580 946 1618 litteras
967 1581 1110 1618 Liberii

163 1636 234 1685 Pp.
251 1639 291 1673 et
311 1636 576 1685 episcoporum
596 1634 815 1671 Siculorum
837 1634 1110 1672 exhibuerunt.

164 1689 371 1727 Praesules
390 1689 422 1726 T
424 1699 617 1738 ,yanenses
645 1699 786 1736 magno
806 1687 947 1737 gaudio
968 1688 1110 1734 affecti,

163 1754 245 1780 rem
262 1742 439 1780 omnibus
455 1741 621 1779 Orientis
636 1740 809 1778 ecclesiis
828 1741 1110 1789 significarunt,

162 1808 305 1845 easque
323 1797 371 1834 ad
386 1795 559 1834 eamdem
578 1806 665 1831 cum
682 1795 729 1831 R.
743 1795 917 1832 Ecclesia
929 1795 1109 1833 unionem

161 1850 369 1887 ineundam
391 1849 533 1887 hortati
562 1852 662 1886 suut.
693 1848 745 1885 At
765 1848 909 1886 Valens
937 1849 1108 1898 impera-

159 1905 233 1950 tor,
249 1903 449 1941 Eudoxias
468 1903 533 1951 Cp.
546 1902 688 1950 aliique
708 1901 823 1950 rigidi
840 1902 963 1939 ariani
980 1903 1108 1939 omni-

158 1957 230 1994 bus
268 1957 416 1995 viribus
442 1956 571 1994 unioni
592 1955 844 2002 restiterunt,
873 1956 1106 2005 graviusque

161 2010 380 2048 Catholicos
400 2011 595 2047 vexarunt
616 2007 642 2046 ³.

213 2065 275 2102 41.
301 2065 439 2102 Obsius
459 2063 663 2100 Liber-idea
683 2074 732 2098 sS.
754 2061 802 2098 II
803 2063 970 2099 ilariiet
983 2062 1107 2101 Euse-

164 2118 360 2155 bz'z‘—-An.
383 2117 460 2155 366
481 2117 575 2154 obiit
600 2115 777 2153 Liberius
800 2116 867 2164 Pp.
891 2128 1009 2165 quum
1042 2129 1104 2154 se-

161 2171 281 2209 disset
299 2183 419 2209 annos
442 2171 489 2208 14
510 2172 550 2207 61
569 2168 744 2218 amplius.
762 2169 861 2206 Eum
881 2170 1016 2207 beatae
1032 2182 1108 2207 me-

161 2225 307 2262 moriae
337 2225 487 2270 virum,
517 2222 808 2268 admirabilem,
839 2223 1104 2261 beatissimum

162 2278 373 2316 laudarunt
393 2290 440 2315 ss.
462 2277 646 2323 Basilius,
668 2275 920 2324 Epiphanius,
943 2278 1106 2315 Ambro-

162 2332 260 2379 sius,
280 2331 440 2370 Siricius
459 2342 576 2381 papa,
605 2333 644 2367 et
673 2330 938 2367 'l'hcodoretus
958 2330 984 2368 ⁴¹.
1006 2331 1105 2368 Eum

162 2386 269 2423 Beda
294 2385 436 2434 aliique
469 2382 759 2432 martyrologiis
788 2384 869 2421 suis
897 2384 1104 2433 inscripse-

161 2441 264 2477 runt.
286 2440 399 2477 Unde
417 2441 537 2488 patet,
558 2438 660 2474 hunc
691 2437 917 2474 Pontificem
931 2467 940 2483 ,
970 2438 999 2475 si
1030 2439 1105 2475 ali-

160 2493 312 2542 quando
326 2523 336 2540 ,
366 2495 408 2530 ut
441 2491 555 2530 multi
590 2490 847 2536 contendunt,
883 2491 1106 2529 humanitus

159 2545 292 2596 lapsus
320 2547 384 2592 sit,
419 2557 590 2583 errorem
628 2544 853 2581 correxisse.
879 2566 930 2572 -
952 2545 1107 2582 Liberio

160 2600 350 2638 Pontifice
372 2599 570 2637 conditum
591 2597 760 2635 traditur
779 2597 818 2634 in
839 2598 936 2635 60116
957 2598 1106 2647 Exqui-

160 2653 239 2691 lino
259 2654 302 2691 Β.
325 2653 476 2691 Mariae
496 2651 699 2702 templum,
721 2651 894 2689 aestivae
912 2651 1013 2690 nivis
1035 2652 1107 2690 mi-

161 2707 294 2745 raculo
315 2707 465 2757 insigne
485 2706 511 2744 ⁵.

201 2799 210 2820 ¹
230 2800 402 2834 Suzorncn..
419 2801 474 2831 loc.
496 2800 548 2832 cit.

201 2841 217 2862 ‘2
232 2842 362 2881 Socrat„
376 2841 462 2872 Hist.
480 2842 497 2872 1,
517 2843 562 2877 lv,
579 2850 603 2871 e.
623 2840 673 2876 ‘122
693 2840 822 2875 Sozom„
839 2839 856 2871 l.
874 2840 921 2879 VI,
934 2849 958 2871 c.
982 2839 1083 2871 111-11.

201 2883 215 2903 ³
231 2886 360 2919 socrat..
378 2885 393 2913 Ι.
413 2893 456 2919 c.;
475 2883 682 2919 ιἳο7.0111611.,1.
701 2892 726 2914 6.
743 2892 767 2912 c.
786 2881 832 2911 112.

205 2924 217 2947 ⁴
234 2926 325 2956 Basil.
350 2925 446 2964 Epist.
465 2925 523 2961 71;
546 2925 652 2963 lipiph.
670 2924 770 2955 IIner.
791 2923 846 2959 75;
870 2923 1006 2954 Ambros.
1031 2923 1047 2953 Ι.
1066 2923 1106 2953 ΙΙΙ

161 2965 198 2997 tle
216 2966 412 3006 1ἰν(].;811·16,
431 2966 525 3007 Epist.
542 2965 922 3003 (111ΙΙῐ11161-.;’1110000101
939 2964 1016 2996 mse.
1031 2964 1104 2996 eccl.

162 3009 179 3038 Ι.
199 3009 230 3043 11,
248 3019 275 3039 6.
295 3008 339 3038 17.

203 3051 217 3071 ⁵
234 3051 337 3081 [ilrnni
355 3051 439 3085 hacc,
459 3058 495 3079 an
513 3050 752 3089 Translybcrina
770 3059 786 3079 a
801 3049 925 3078 Callisto
940 3049 951 3079 1
967 3047 1106 3077 acdifica-

162 3094 190 3121 ta
205 3092 345 3129 ecclesia,
366 3092 463 3130 prima
482 3092 594 3120 Rornae
612 3092 643 3122 13.
661 3092 692 3122 V.
710 3091 824 3122 Mariae
838 3089 940 3121 (licata
956 3089 1097 3127 1’111·1“11,(11

162 3133 271 3172 squiril
288 3132 491 3163 Florentnnus
510 3133 537 3162 in
555 3132 763 3172 ill‹11·lyst‘‹›l‹›y,
782 3132 965 3171 llivrnnyin.
984 3131 1109 3161 Exerci-

162 3176 215 3204 tat.
243 3173 288 3211 12,
314 3178 404 3213 alque
429 3175 457 3204 in
483 3174 540 3203 linc
564 3175 768 3214 antiquiorem
793 3173 952 3204 tiberiana
977 3173 1108 3203 Basilica

162 3216 436 3255 Translyberinam
453 3216 603 3255 agnoseit.

641 130 798 156 EPOCHA
826 129 881 154 111.
911 128 937 153 Α
966 127 1239 154 CONVERSIONE
1266 127 1533 155 CONSTANTINI
1560 129 1604 155 M.

1211 191 1324 228 Anno
1343 191 1518 240 sequenti
1534 191 1617 228 vita
1631 203 1787 241 quoque
1803 193 1971 231 excessit
1985 206 2015 232 3.
2031 194 2096 232 Hi-

1157 243 1277 281 larius
1292 244 1546 282 Pictavorum
1573 244 1794 294 episcopus,
1823 250 1863 284 et
1890 259 1990 284 anno
2019 248 2096 285 370

1159 309 1187 334 s.
1218 297 1411 334 Eusebius
1446 297 1704 336 Ver-cellensis
1732 299 1799 346 qui
1836 301 1948 337 ambo
1980 300 2098 338 fidem

1157 349 1372 387 Nicaenam
1392 351 1577 389 adversus
1598 350 1750 388 arianos
1766 354 1954 391 acerrime
1969 353 2103 391 defen-

1159 403 1306 441 derant.
1327 404 1436 441 Inter
1461 415 1577 453 opera
1610 415 1639 440 s.
1674 404 1816 442 Hilarii
1850 406 2098 444 celebrantur

1157 456 1433 494 Commentarii
1462 458 1502 494 in
1531 457 1709 495 Psalmos
1731 459 1772 494 et
1789 470 1818 495 s.
1839 458 2097 506 Matthaeum,

1157 509 1248 547 libri
1272 510 1320 547 12
1338 511 1384 547 de
1409 510 1625 557 Trz'm'tate,
1644 510 1745 547 liber
1764 511 1813 548 de
1833 511 2026 560 Synodz‘s,
2045 513 2098 550 li-

1157 563 1217 599 bri
1237 563 1286 600 ad
1305 563 1576 601 Constantium
1597 563 1890 612 imperatorem,
1905 567 1946 602 et
1965 568 2101 604 contra

1157 616 1397 654 Auxentium
1422 617 1754 654 Mediolanensem
1785 616 1810 655 ¹.
1840 618 1880 655 S.
1911 618 2101 657 Eusebius

1157 669 1417 708 Vercellensis
1436 671 1590 719 scripsit
1619 670 1802 719 epistolas
1827 671 1878 708 ad
1905 671 2100 709 Constan—

1158 723 1257 760 tium
1277 726 1489 772 augustum
1503 728 1542 762 et
1557 724 1665 770 alios,
1682 725 1865 772 deditque
1880 724 2101 762 versionem

1157 776 1319 813 latinam
1348 777 1751 823 Commentariorum,
1784 789 1881 825 quos
1906 777 2101 816 Eusebius

1158 829 1428 868 Caesareensis
1457 831 1666 880 scripserat
1693 831 1732 868 in
1763 831 1964 877 Psalmos‚
1991 831 2100 870 Mat-

1156 883 1314 920 thaeum
1335 887 1375 921 et
1386 884 1563 922 Marcum
1575 884 1600 922 ².
1617 884 1675 922 De
1691 884 1826 922 eodem
1841 887 1976 922 sancto
1991 896 2103 934 prae-

1156 936 1240 973 sule
1270 942 1548 976 commemorat
1578 938 1623 975 D.
1659 937 1907 984 Ambrosius,
1928 938 2030 986 quod
2050 951 2101 976 ex

1157 990 1315 1028 Oriente
1352 991 1501 1039 primus
1538 992 1578 1028 in
1613 991 1862 1028 Occidentem
1903 991 2102 1029 invexerit

1155 1047 1334 1081 sanctum
1354 1045 1511 1082 vivendi
1540 1056 1688 1094 genus,
1718 1045 1819 1093 quod
1848 1044 1980 1081 clerici
2010 1056 2099 1082 cum

1156 1097 1332 1145 episcopo
1354 1098 1559 1144 ducebant,
1578 1098 1617 1134 in
1638 1098 1773 1135 eadem
1793 1097 1961 1135 ecclesia
1977 1097 2098 1135 cleri-

1156 1151 1232 1187 cali
1261 1152 1364 1188 vitae
1384 1152 1637 1189 monasticam
1658 1151 1823 1188 formam
1844 1151 2050 1200 iungentes
2071 1149 2101 1190 ³.

1206 1204 1268 1241 42.
1290 1205 1499 1242 Damasus
1519 1206 1716 1253 Pontifex
1736 1203 1816 1254 (an.
1837 1204 1932 1255 366)
1946 1204 2101 1242 —Post

1154 1258 1301 1296 obitum
1331 1258 1473 1295 Liberii
1501 1258 1686 1306 legitimis
1706 1257 1904 1306 suffragiis
1923 1257 2099 1306 pontifex

1154 1313 1297 1349 electus
1318 1316 1376 1349 est
1392 1313 1431 1348 et
1446 1312 1649 1349 ordinatus
1667 1312 1872 1357 Damasus,
1889 1311 2099 1360 Hispanus,

1155 1366 1216 1402 vir
1244 1364 1348 1402 omni
1369 1365 1559 1402 virtutum
1593 1377 1736 1414 genere
1763 1367 1940 1412 ornatus,
1967 1366 2012 1403 ut
2041 1365 2098 1402 ait

1155 1418 1422 1456 Theodoretus
1443 1417 1469 1455 ⁴.

1208 1472 1396 1510 Schisma
1422 1472 1660 1509 Ursicini—
1672 1471 1766 1509 Eius
1785 1471 2015 1510 electionem
2034 1470 2099 1510 fu-

1155 1528 1263 1563 nesto
1285 1525 1494 1562 schismate
1514 1526 1692 1563 turbavit
1710 1526 1938 1571 Ursicinus,
1958 1526 2007 1564 R.
2030 1537 2097 1562 ec-

1154 1579 1294 1616 clesiae
1315 1579 1515 1624 diaconus,
1536 1579 1601 1627 qui
1621 1591 1645 1616 a
1665 1580 1834 1627 quadam
1855 1579 1947 1617 cleri
1968 1582 2008 1616 et
2027 1590 2099 1627 po-

1153 1632 1235 1681 puli
1256 1631 1426 1669 factione
1444 1632 1592 1669 electus
1612 1634 1651 1670 et
1670 1632 1708 1669 in
1726 1632 1889 1670 basilica
1905 1631 2027 1670 Sicini
2044 1643 2101 1669 or-

1155 1686 1311 1723 dinatus
1324 1716 1332 1732 ,
1352 1686 1487 1723 turbas
1507 1685 1759 1735 gravissimas
1774 1686 1814 1723 in
1832 1686 1926 1723 urbe
1946 1685 2100 1723 excita-

1153 1740 1222 1786 vit,
1241 1740 1306 1777 sed
1330 1739 1446 1776 rebus
1466 1740 1513 1776 ad
1536 1739 1860 1777 Valentinianum
1880 1739 2098 1788 imperato-

1152 1805 1234 1830 rem
1255 1792 1413 1839 delatis,
1434 1792 1636 1830 Ursicinus
1658 1805 1744 1830 cum
1766 1793 1988 1842 praecipuis
2017 1792 2096 1830 suis

1151 1846 1370 1884 fautoribus
1390 1846 1485 1884 urbe
1505 1846 1664 1884 exulare
1684 1846 1816 1884 iussus
1836 1848 1895 1884 est
1910 1845 1935 1883 ⁵.

1205 1901 1395 1937 Damasus
1434 1912 1509 1937 non
1548 1902 1699 1937 tantum
1733 1900 1958 1949 abrogando
1992 1898 2099 1938 schi-

1151 1954 1279 1999 smati,
1309 1954 1376 1991 sed
1405 1953 1586 1991 tollendis
1607 1965 1774 2002 quoque,
1794 1965 1893 2002 quac
1913 1953 2041 1991 adhuc
2062 1953 2100 1990 in

1150 2007 1358 2044 Occidente
1379 2007 1579 2052 extabant,
1596 2007 1790 2045 arianismi
1806 2006 1980 2055 reliquiis
1995 2007 2101 2044 adla-

1151 2061 1316 2098 boravit.
1346 2063 1458 2098 Anno
1487 2060 1564 2098 368
1593 2061 1742 2098 Romae
1770 2060 1942 2110 plurium
1960 2060 2102 2109 episco-

1150 2126 1285 2162 porum
1316 2113 1509 2162 synodum
1539 2114 1768 2159 celebravit,
1797 2114 1836 2151 in
1857 2125 1934 2162 qua
1953 2113 2101 2151 Valens

1148 2170 1187 2204 et
1220 2167 1416 2213 Ursaeius,
1445 2167 1638 2216 quondam
1666 2167 1704 2204 in
1733 2167 1891 2216 Illyrico
1920 2167 2100 2217 episcopi,

1149 2232 1361 2271 paucorum
1382 2220 1446 2269 qui
1467 2221 1505 2257 in
1522 2221 1728 2258 Occidente
1744 2224 1986 2270 supererant,
2004 2221 2101 2258 aria-

1150 2286 1288 2312 norum
1309 2274 1531 2323 coryphaei,
1553 2274 1727 2312 damnati
1748 2281 1852 2320 sunt,
1872 2276 1912 2311 et
1933 2274 1988 2312 uti
2005 2273 2101 2312 tales

1151 2328 1331 2365 universo
1362 2327 1571 2365 christiano
1599 2328 1681 2365 orbi
1703 2327 1921 2366 denuntiati
1937 2325 1963 2365 ⁶.
1984 2329 2099 2365 Anno

1148 2382 1238 2426 370,
1259 2382 1428 2430 acceptis
1447 2382 1495 2418 ab
1518 2381 1733 2419 Athanasio
1752 2380 2020 2418 Alexandrino
2035 2379 2103 2418 111-

1148 2435 1255 2481 teris,
1275 2435 1390 2472 aliam
1413 2434 1463 2473 93
1484 2446 1532 2471 ex
1554 2435 1669 2472 ltalia
1689 2438 1728 2472 et
1748 2434 1878 2472 Gallia
1898 2434 2101 2484 episcopo-

1150 2501 1233 2526 rum
1254 2487 1444 2537 synodum
1461 2489 1608 2526 Romae
1628 2488 1845 2526 celebravit
1861 2493 1998 2526 contra
2016 2489 2102 2526 Au-

1191 2627 1200 2648 ¹
1219 2628 1319 2668 Opera
1343 2628 1406 2658 eins
1429 2627 1592 2658 ediderunt
1615 2628 1643 2657 P,
1661 2628 1819 2666 Constant,
1842 2627 1939 2659 Paris.
1958 2624 2103 2657 1693111-

1152 2669 1214 2707 sol„
1231 2674 1259 2700 et
1280 2670 1363 2708 Scip.
1385 2669 1493 2705 Maffei,
1511 2670 1618 2699 Veron.
1649 2668 1725 2700 1730
1740 2695 1746 2705 ,
1761 2668 1779 2699 2
1802 2669 1860 2700 vol.
1878 2668 2019 2700 in-sol.-
2029 2667 2099 2698 Pius

1153 2714 1204 2743 l'l’.
1222 2712 1261 2742 lx
1280 2713 1395 2741 titulum
1413 2710 1553 2741 hectoris
1577 2720 1636 2749 qno
1653 2710 1713 2741 iain
1730 2711 1850 2750 pridem
1863 2710 1946 2750 apud
1967 2708 2098 2740 nonnul-

1152 2754 1197 2784 las
1222 2753 1385 2783 Galliarum
1409 2753 1558 2783 ccclesias
1582 2752 1754 2793 gaudebat,
1781 2753 1816 2784 111
1843 2751 1911 2783 idus
1927 2751 2000 2783 maii
2020 2749 2095 2782 1851

1152 2806 1175 2825 s,
1194 2795 1308 2825 Hilario
1323 2794 1522 2824 confirmavit.

1191 2836 1206 2856 Ἰ
1222 2837 1259 2866 (31¹
1272 2836 1391 2874 nudor,
1412 2835 1478 2867 vies
1495 2834 1531 2865 cla
1548 2833 1592 2865 Ss.
1614 2835 1648 2865 15
1665 2836 1731 2866 dec.
1744 2835 1847 2874 Opera
1866 2843 1889 2865 s.
1910 2833 2022 2865 Euseb.
2035 2833 2103 2864 Ver-

1152 2878 1220 2910 cell.
1238 2877 1332 2907 01111111
1349 2879 1456 2917 Migiw,
1476 2876 1593 2908 I'nlrol.
1613 2877 1701 2909 latin.
1720 2881 1740 2908 1.
1757 2877 1818 2908 xil.

1192 2920 1205 2939 ²³
1221 2921 1247 2948 s.
1259 2919 1396 2949 Ainbros.
1411 2918 1507 2959 Epist.
1522 2918 1560 2949 δ’.)
1576 2928 1583 2955 ;
1608 2920 1645 2949 111
1656 2919 1848 2956 'fnum-assiu,
1869 2917 1966 2948 Vetus
1981 2917 2013 2948 et
2029 2924 2100 2946 non.

1154 2959 1424 3031 liccl.‡‹tisci1›lite.,
1442 2972 1468 3001 p.
1484 2961 1503 2997 1,
1526 2961 1544 2991 1.
1566 2960 1629 2999 ΙΙΙ,
1648 2961 1760 2998 Dcvoti,
1779 2959 1880 2991 Inslit.
1897 2967 1966 2990 can.
1985 2958 2039 2996 1.1,
2057 2958 2103 2989 111.

1153 3004 1179 3039 l),
1199 3003 1213 3040 Ξ
1252 3027 1258 3038 ,
1276 3006 1336 3032 nol.
1355 3002 1381 3033 3.

1193 3046 1204 3066 >¹
1224 3043 1522 3082 lli'xc.eccl.1.1i,c.
1545 3044 1588 3074 17.

1193 3086 1206 3107 5
1222 3087 1337 3116 socrat.
1356 3086 1373 3116 i.
1394 3087 1447 3125 lv,
1463 3096 1488 3117 c.
1505 3086 1560 3123 211ς
1578 3086 1739 3123 Sozomen,
1756 3084 1774 3115 Ι.
1791 3083 1847 3122 lV,
1864 3091 1889 3114 c.
1907 3081 1967 3120 ⁶233
1990 3082 2100 3114 Ruffin.

1153 3128 1169 3158 1.
1190 3128 1223 3161 ΙΙ,
1241 3137 1264 3157 c.
1288 3128 1330 3158 io.

1191 3170 1206 3191 s»
1221 3170 1248 3198 s.
1268 3171 1374 3200 Alban.
1394 3169 1492 3209 Epis-t.
1512 3168 1554 3199 ad
1571 3168 1657 3209 Ass-³
1675 3168 1751 3209 Pagi
1768 3191 1775 3205 ,
1799 3166 1837 3198 ad
1855 3174 1902 3197 an.
1921 3164 2000 3204 369;
2024 3165 2103 3197 Lab·

1152 3212 1199 3250 be,
1219 3210 1334 3244 Concil.
1353 3215 1371 3242 t.
1392 3213 1424 3250 ll,
1444 3221 1471 3251 p.
1489 3211 1559 3242 886.
