2241 3473
547 145 686 176 VSQVE
708 146 763 174 AD
784 145 1002 174 PVBLICAM
1023 144 1172 172 RERVM
1194 143 1238 171 IN
1260 142 1430 172 GALLHS
1449 140 1774 171 SVBVERSIONEM

2010 125 2088 164 245

185 229 271 262 son,
288 218 436 261 Gallus,
456 230 476 255 e
496 219 706 255 calvinista
723 217 939 254 catholicus
960 215 1024 264 qui
1053 226 1139 252 cum
1193 225 1263 262 per
1287 216 1415 249 terras
1438 210 1654 247 catholicas
1671 212 1712 246 et
1728 207 1970 245 calvinianas
1988 206 2144 253 itinera,

186 272 378 309 Leibnitio
398 272 550 308 litteras
570 273 716 320 aliquot
730 271 777 308 de
796 271 939 307 unione
955 272 1142 316 religiosa
1192 279 1212 303 o
1227 267 1362 315 quibus
1378 276 1514 302 eorum
1531 264 1745 310 religiones
1760 261 1986 298 accuratius
2001 272 2144 308 cogno-

185 325 502 366 communicavit,
533 331 573 362 et
605 326 748 373 gallice
776 324 937 371 scripsit
964 323 1142 359 reflexio·
1192 321 1262 363 vit,
1278 330 1379 356 anno
1398 317 1488 354 1614
1503 318 1540 353 in
1556 316 1824 354 Univcrsitate
1836 313 2143 350 Helmstadiensi

184 389 255 414 nes
268 377 315 414 de
331 379 612 415 controversiis
629 378 838 425 religiosis.
860 378 941 412 lam
963 376 1143 412 laudatus
1195 373 1419 419 theologiae
1443 370 1643 418 professor
1669 370 1794 405 sactus
1812 396 1821 411 ‚
1850 368 1964 416 plura
1998 367 2147 414 scripta

186 431 427 474 Bossuetius,
449 433 559 468 cuius
577 432 770 479 expositio
789 430 992 466 doctrinae
1012 428 1143 464 catho-

186 483 286 520 licae
304 485 341 520 in
358 486 536 522 materiis
551 484 830 526 controversis,
841 483 982 529 gallice
997 482 1144 528 scripta

185 540 226 574 et
243 537 411 585 plurium
435 539 692 575 cardinalium
719 537 963 583 aliorumque
991 536 1143 582 praela-

186 594 316 627 torum
343 596 382 628 et
408 592 525 640 ipsius
545 591 761 628 Innocentii
778 590 832 625 Xl
851 587 1143 636 approbationi-

187 643 257 680 bus
282 644 485 689 decorata,
513 645 614 681 haud
641 655 785 690 paucos
812 645 1078 690 protestantes
1096 640 1144 676 ad

186 698 434 746 suscipienda
460 699 654 735 catholica
680 707 797 734 sacra
823 694 1030 744 permovit.

222 750 424 792 Quamvis
442 757 573 788 autem
593 751 768 788 instituta
785 750 833 786 de
848 748 1004 785 unionis
1028 758 1144 795 nego-

187 803 241 840 tio
271 805 462 852 colloquia
488 805 668 853 editaque
695 805 732 839 in
759 804 860 839 hanc
888 813 972 838 rem
998 801 1146 847 scripta

186 857 336 894 intento
362 861 438 895 line
467 861 696 901 caruerint,
724 857 830 893 omni
858 863 988 892 tamen
1016 855 1145 890 fructu

186 922 264 946 non
291 911 450 949 fuerunt
476 913 678 949 destituta.
712 911 802 947 Inde
830 911 935 946 enim
962 910 1146 945 effectum

186 969 261 1006 est,
281 970 324 1001 ut
343 966 616 1003 Protestantes
633 965 848 1002 catholicas
866 963 1066 999 doctrinas
1089 973 1148 997 re-

186 1018 286 1054 ctius
312 1021 598 1066 cognoverint,
635 1020 780 1055 multas
809 1018 1016 1065 opiniones
1045 1015 1148 1051 male

186 1078 401 1119 conceptas
423 1078 561 1110 contra
587 1073 792 1110 Ecclesiae
819 1071 1020 1107 doctrinas
1046 1070 1149 1105 abie-

187 1125 327 1169 cerint,
342 1128 483 1164 maiori
503 1127 713 1164 tolerantia
732 1137 831 1173 erga
850 1124 1075 1169 Catholicos
1091 1123 1150 1159 usi

185 1179 265 1216 sint
298 1181 483 1228 multique
517 1192 679 1224 eorum,
715 1180 836 1216 etiam
869 1180 945 1215 viri
976 1179 1080 1214 docti
1110 1181 1149 1214 et

186 1233 398 1281 principes,
430 1234 476 1270 ad
506 1235 726 1271 Ecclesiam
745 1233 981 1271 catholicam
998 1243 1041 1268 se
1059 1243 1149 1268 con-

186 1287 393 1324 verterint.

233 1339 401 1399 Praeter
435 1348 766 1380 commemoratos
804 1342 1059 1379 Bertholdum
1084 1342 1149 1378 Ni-

185 1393 338 1430 husmm
366 1400 406 1432 et
432 1396 597 1434 Paulum
624 1398 814 1440 Pelisson‚
842 1397 908 1433 alii
928 1397 1059 1444 plures
1077 1397 1151 1432 hoc

185 1449 360 1492 saeculo,
376 1451 516 1487 relicta
530 1452 702 1495 haeresi,
719 1453 766 1488 ad
783 1452 1017 1488 catholicam
1033 1451 1150 1487 fidem

187 1502 443 1540 transierunt.
478 1505 590 1541 Varii
623 1507 744 1542 etiam
774 1505 849 1541 viri
880 1505 1076 1552 principes
1103 1504 1151 1540 ad

187 1554 392 1593 Ecclesiae
419 1559 616 1603 gremium
635 1559 786 1596 reversi
813 1562 916 1601 sunt,
936 1558 1040 1594 inter
1058 1569 1152 1605 quos

187 1615 447 1647 numerantur
489 1612 728 1660 VVolfangus
769 1612 998 1648 Guilielmus
1018 1640 1027 1655 ,
1076 1611 1152 1647 dux

188 1660 513 1711 Neoburgensis;
548 1667 625 1702 iam
660 1671 992 1702 commemoratus
1030 1666 1152 1701 Erne-

188 1719 285 1774 stus,
312 1729 444 1755 comes
471 1721 720 1767 provincialis
739 1718 1153 1755 Hasso-Rheinfelsen-

189 1779 268 1814 sls3
298 1771 546 1810 Christianus
576 1776 800 1822 Augustus,
831 1773 982 1809 elector
1008 1772 1153 1808 Palati-

190 1835 262 1860 nus
282 1853 291 1869 ‚
319 1827 426 1862 cuius
452 1829 676 1875 exemplum
702 1838 861 1864 sorores
886 1827 1152 1874 praeclarissi-

190 1888 278 1915 mae
293 1885 454 1918 secutae
469 1888 575 1926 sunt;
593 1883 794 1919 Christina
812 1881 954 1927 regina
971 1880 1152 1924 Sueciae;

191 1931 420 1970 Fridericus
450 1937 674 1982 Augustus,
710 1937 859 1972 elector
889 1935 1085 1971 saxoniae
1114 1939 1153 1970 et

192 1995 296 2022 anno
316 1987 406 2024 1697
424 2001 494 2025 rex
514 1990 716 2026 Poloniae.

237 2040 299 2075 Ad
326 2043 612 2079 conciliandam
637 2044 823 2079 unionem
842 2043 944 2079 inter
962 2042 1149 2078 Luthera-

192 2104 264 2130 nos
289 2098 330 2131 et
355 2096 594 2133 Calvinistas
617 2097 806 2133 ardenter
823 2097 1019 2132 laboravit
1044 2096 1152 2131 Ioan-

192 2159 264 2184 nes
289 2149 482 2194 Duraeus,
510 2151 669 2187 natione
689 2152 831 2187 Scotus
849 2155 888 2187 et
907 2150 1096 2196 Elbingae
1116 2149 1153 2184 in

191 2201 380 2239 Borussia
402 2204 610 2240 Scotorum
639 2209 678 2241 et
703 2205 922 2251 Anglorum
950 2203 1152 2250 praedica-

194 2260 269 2297 tor,
297 2257 361 2303 qui
386 2258 435 2293 ab
453 2268 554 2294 anno
575 2259 665 2295 1634
681 2270 802 2305 usque
821 2257 870 2293 ad
891 2257 981 2294 1674
997 2256 1045 2292 ad
1065 2267 1152 2292 eam

193 2310 378 2346 unionem
397 2313 705 2359 promovendam
725 2312 848 2347 multa
866 2311 1008 2346 itinera
1027 2321 1155 2345 susce-

195 2363 252 2410 pit
266 2375 337 2411 per
350 2365 619 2408 Germaniam,
636 2365 873 2408 Helvetiam,
890 2364 1155 2407 Hollandiam‚

195 2417 377 2461 Daniam,
398 2419 596 2463 Sueciam,
616 2420 788 2466 aliasque
807 2424 951 2462 terras;
976 2429 1054 2453 non
1072 2422 1154 2452 tan-

197 2475 278 2506 tum
305 2483 393 2507 cum
411 2472 617 2520 theologis,
636 2473 704 2509 scd
723 2473 842 2508 etiam
863 2483 950 2508 cum
971 2470 1155 2518 principi-

197 2524 267 2561 bus
292 2536 508 2573 eorumque
535 2527 777 2562 administris
795 2526 842 2562 de
865 2525 1020 2561 unionis
1037 2535 1155 2570 nego-

197 2579 252 2614 tio
270 2581 444 2622 contulit,
461 2585 500 2616 et
518 2580 675 2616 diversa
688 2580 838 2627 scripta
856 2579 903 2615 de
923 2579 997 2613 hac
1016 2588 1059 2613 re
1078 2577 1155 2613 edi-

197 2631 267 2668 dit.
294 2633 405 2670 Haec
431 2634 485 2669 illi
511 2639 599 2670 erat
622 2645 753 2676 mens,
778 2638 821 2668 ut
847 2631 976 2668 missis
1002 2634 1156 2667 contro-

197 2687 339 2723 versiis
355 2716 363 2729 ,
388 2687 590 2723 doctrinae
608 2716 616 2730 ,
648 2687 685 2722 in
709 2687 845 2734 quibus
869 2691 1035 2732 utraque
1064 2695 1155 2731 pars

199 2741 484 2784 conveniebat,
515 2742 851 2788 coniungerentur
881 2740 919 2774 in
948 2749 1154 2774 commune

198 2795 416 2843 symbolum
430 2824 438 2838 ‚
466 2796 526 2831 cui
550 2806 687 2831 omnes
706 2795 1018 2841 acquiescerent.
1037 2792 1089 2827 At
1107 2792 1154 2826 ir-

200 2850 280 2884 rita
305 2849 416 2885 fuere
444 2848 589 2885 Duraei
613 2848 835 2890 conamina;
854 2846 943 2894 quin
962 2846 1040 2881 imo
1058 2845 1155 2880 mul-

198 2907 344 2946 torum,
364 2903 535 2939 maxime
554 2902 884 2943 Lutheranorum‚
903 2899 1034 2935 odium
1054 2898 1092 2933 in
1111 2909 1153 2934 se

200 2957 427 2994 concitavit.

246 3012 352 3048 Inter
386 3011 633 3047 Lutheranos
666 3019 782 3045 nemo
815 3007 942 3053 magis
978 3006 1016 3041 in
1047 3006 1156 3042 unio—

198 3076 287 3102 nem
305 3066 572 3102 Ecclesiarum
589 3062 855 3099 dissidentium
872 3059 1153 3108 propendebat,

199 3131 313 3167 quam
342 3119 536 3165 Georgius
561 3117 749 3159 Calixtus,
777 3114 934 3161 proprie
961 3113 1153 3155 Calisson,

200 3185 265 3210 an·
286 3174 376 3211 1586
395 3177 509 3209 natus
524 3173 562 3208 in
577 3170 719 3206 ducatu
735 3167 972 3205 Slesvicensi
987 3167 1078 3203 etin
1095 3178 1153 3202 re-

203 3227 350 3274 ligione
382 3228 592 3264 lutherana
617 3223 830 3260 institutus.
865 3222 900 3258 Is
930 3223 1018 3269 post
1042 3220 1156 3267 plura

1195 425 1415 472 theologica
1434 426 1472 459 in
1493 425 1619 460 lucem
1638 423 1757 466 dedit,
1788 423 1823 458 in
1851 421 1988 468 quibus
2012 422 2147 457 varias

1194 479 1413 517 sententias
1439 489 1462 512 a
1481 477 1718 513 Lutheranis
1744 475 1935 511 doctrinis
1953 474 2147 517 diversas,

1195 543 1456 580 magnamque
1475 531 1778 577 propensionem
1807 529 1845 564 in
1873 528 2059 564 unionem
2086 539 2148 564 ec-

1195 587 1404 623 clesiarum
1424 583 1694 620 dissidentium
1715 581 1996 618 manifestavit.

1242 637 1825 679 Contra,IoannesssHulsemam
1842 635 2046 682 theologus
2061 635 2148 681 Lip-

1195 692 1349 735 siensis,
1369 691 1472 727 edito
1491 701 1554 726 an.
1585 690 1676 727 1654
1700 690 1810 731 libro,
1839 689 2038 724 contendit
2062 688 2148 725 Cal-

1195 746 1374 781 vinianas
1392 744 1583 780 ecclesias
1602 754 1689 778 curn
1706 742 1946 778 Lutheranis
1964 752 2040 776 non
2061 752 2146 787 pos-

1196 811 1238 836 se
1257 797 1475 835 conciliari.

1244 852 1302 889 32.
1341 852 1445 887 Lites
1478 848 1778 897 synerecisclccoe
1812 847 1916 884 inter·
1953 847 2149 884 Lutlzcra-

1197 903 1696 952 nos—GeorgiusCalixtus
1708 912 1846 937 ansam
1861 901 1967 937 dedit
1986 902 2149 937 celebri-

1199 959 1269 996 bus
1287 959 1416 995 litibus
1433 959 1536 993 inter
1553 956 1814 997 Lutheranos,
1828 966 1927 1002 quae
1946 954 2147 1002 Syncrcti-

1197 1013 1323 1049 sticae
1350 1012 1571 1059 appellatae
1599 1014 1700 1045 sunt.
1730 1009 1765 1044 Is
1791 1009 1931 1055 quippe
1961 1009 1998 1043 in
2031 1008 2151 1055 pluri-

1201 1067 1271 1103 bus
1294 1066 1482 1102 doctrinis
1509 1064 1637 1111 magis
1664 1074 1749 1098 cum
1778 1062 2003 1099 Calvinistis
2021 1065 2061 1097 et
2078 1062 2151 1099 Ca-

1202 1120 1355 1156 tholicis
1373 1131 1487 1168 quam
1507 1129 1594 1154 cum
1611 1115 1849 1153 Lutheranis
1863 1115 2146 1151 consentiebat.

1203 1174 1344 1210 Docuit
1361 1178 1520 1220 praeter
1538 1184 1568 1207 s.
1591 1171 1854 1218 Scripturam,
1876 1169 2148 1213 traditionem,

1202 1239 1270 1264 seu
1285 1238 1518 1264 consensum
1531 1226 1691 1261 Patrum
1704 1223 1872 1270 quinque
1888 1227 1956 1258 aut
1969 1233 2038 1258 sex
2049 1224 2149 1268 prio-

1204 1293 1289 1317 rum
1306 1281 1507 1318 Ecclesiae
1518 1279 1860 1320 saeculorum,ceu
1875 1287 2053 1312 normam
2067 1287 2151 1313 cre-

1203 1335 1420 1372 dendorum
1436 1339 1476 1371 et
1490 1331 1799 1370 definiendarum
1815 1329 1904 1366 fidei
1920 1335 2151 1365 controver-

1202 1390 1350 1425 siarum
1366 1388 1576 1425 tenendam
1592 1396 1694 1429 esse;
1712 1384 1893 1419 Pontifici
1907 1383 2087 1418 Romano
2102 1395 2151 1420 ex

1204 1443 1287 1479 iure
1302 1443 1471 1478 humano
1489 1441 1700 1489 primatum
1716 1440 1754 1473 in
1769 1437 1948 1473 Ecclesia
1963 1440 2003 1473 et
2017 1448 2152 1484 supre-

1204 1508 1308 1533 mam
1336 1495 1646 1533 iurisdictionem
1674 1493 1712 1527 in
1739 1503 1876 1527 omnes
1902 1491 2151 1538 patriarchas

1205 1556 1446 1599 competere;
1466 1549 1632 1584 Missam
1650 1557 1790 1583 verum
1809 1545 2046 1581 sacrificium
2068 1551 2150 1581 tam

1206 1617 1275 1652 pro
1295 1604 1486 1641 defunctis
1504 1613 1620 1650 quam
1640 1612 1709 1648 pro
1726 1600 1825 1635 vivis
1843 1599 1918 1635 dici
1939 1610 2066 1646 posse;
2081 1599 2149 1634 ho-

1206 1661 1352 1696 minem
1373 1670 1449 1694 non
1468 1659 1553 1694 sola
1571 1656 1645 1692 fide
1664 1653 1889 1697 iustificari;
1913 1655 2016 1689 bona
2034 1664 2159 1700 opera

1207 1713 1255 1749 ad
1268 1714 1436 1750 salutem
1449 1723 1534 1749 esse
1545 1709 1829 1752 necessaria‚et
1840 1707 2058 1743 hominibus
2068 1718 2158 1754 quo-

1206 1767 1412 1804 dammodo
1423 1767 1545 1802 vitam
1554 1768 1761 1801 aeternam
1779 1761 2159 1809 promoveri;Deum

1206 1834 1282 1858 non
1303 1822 1373 1858 nisi
1394 1821 1602 1863 indirecte,
1622 1830 1690 1855 seu
1708 1829 1782 1864 per
1803 1816 2002 1860 accidens,
2029 1811 2159 1851 aucto-

1207 1887 1290 1911 rem
1318 1874 1470 1922 peccati
1497 1873 1572 1908 dici
1601 1882 1741 1918 posse;
1769 1881 1906 1906 omnes
1939 1869 2132 1905 ecclesias
2150 1896 2160 1912 ,

1205 1941 1304 1977 quae
1322 1931 1397 1965 tria
1416 1926 1689 1974 antiquissima
1706 1924 1882 1971 symbola
1913 1926 1952 1959 et
1973 1922 2163 1959 definitio-

1206 1995 1276 2019 nes
1289 1986 1440 2030 septem
1456 1981 1632 2028 priorum
1644 1978 1901 2014 conciliorum
1911 1975 2160 2024 generalium

1205 2037 1427 2085 accipiant,
1454 2035 1493 2070 in
1511 2033 1599 2069 fidei
1629 2032 1886 2068 fundamento
1914 2030 2132 2066 convenire
2152 2057 2160 2071 ,

1206 2102 1293 2126 cum
1312 2087 1628 2125 fundamentales
1654 2085 1742 2121 fidei
1771 2084 1930 2120 articuli
1957 2095 2094 2119 omnes
2121 2082 2160 2117 in

1206 2145 1288 2180 istis
1302 2143 1490 2192 symbolis
1505 2146 1545 2178 et
1560 2139 1734 2176 conciliis
1743 2139 2057 2181 continerentur;
2069 2137 2158 2172 hae-

1208 2209 1318 2234 reses
1337 2202 1376 2233 et
1393 2196 1663 2242 discrepantes
1681 2192 1920 2235 sententias,
1940 2194 2077 2237 postea
2095 2201 2159 2225 ex-

1207 2256 1315 2288 ortas
1333 2280 1341 2294 ‚
1360 2250 1540 2298 quamvis
1566 2259 1643 2283 non
1671 2245 1978 2283 contemnendas
1996 2273 2004 2288 ‚
2026 2248 2159 2279 tamen

1207 2317 1284 2341 non
1302 2304 1437 2351 magni
1457 2315 1544 2340 esse
1571 2301 1761 2337 momenti
1781 2329 1789 2343 ,
1809 2298 1972 2346 proinde
2000 2298 2159 2333 coniun-

1208 2360 1328 2395 ctioni
1343 2357 1600 2394 ecclesiarum
1619 2354 1887 2390 dissidentium
1921 2352 2056 2387 obesse
2080 2362 2158 2386 non

1208 2425 1336 2461 posse.
1356 2411 1442 2447 Alia
1463 2410 1650 2446 nonnulla
1668 2407 1858 2449 asseruit,
1883 2416 1907 2440 a
1925 2404 2157 2442 Calvinista-

1209 2478 1294 2502 rum
1315 2470 1354 2502 et
1375 2464 1667 2503 Catholicorum
1689 2471 1814 2507 aeque
1841 2470 1888 2494 ac
1914 2458 2158 2494 Lutherano-

1209 2532 1294 2556 rum
1314 2519 1519 2556 sententiis
1537 2517 1681 2552 aliena.
1702 2515 1815 2549 Hanc
1834 2512 1977 2549 Calixti
2000 2511 2157 2547 liberta-

1209 2578 1289 2610 tem
1307 2585 1384 2609 non
1402 2576 1552 2608 tantum
1574 2568 1762 2614 theologi,
1778 2566 1846 2603 sed
1866 2566 1984 2602 etiam
2004 2564 2155 2601 caeteri

1208 2629 1452 2675 professores
1485 2621 1823 2660 Helmstadienses
1864 2622 2126 2666 susceperunt
2146 2629 2155 2662 ;

1208 2686 1347 2718 contra
1363 2680 1540 2728 plerique
1560 2674 1775 2712 Lutherani
1795 2702 1802 2716 ,
1822 2673 1878 2710 sic
1905 2673 1997 2709 dicti
2027 2672 2156 2707 ortho-

1207 2736 1312 2779 doxi,
1330 2735 1525 2772 Calixtum
1546 2731 1703 2775 eiusque
1724 2727 1898 2764 asseclas
1916 2738 1987 2763 ceu
2006 2726 2155 2761 indiffe-

1208 2790 1394 2826 rentistas
1413 2785 1714 2833 impugnarunt,
1736 2786 1775 2817 et
1797 2782 2064 2829 Syncretistas
2090 2790 2155 2826 ap-

1208 2844 1498 2891 pellarunt‚quo
1516 2837 1671 2873 nomine
1683 2836 2006 2882 intelligebantur
2022 2834 2061 2877 ii,
2075 2833 2152 2880 qui,

1208 2898 1390 2944 neglecta
1409 2898 1475 2930 aut
1492 2892 1641 2927 violata
1659 2890 1866 2936 religionis
1886 2888 2074 2930 veritate,
2093 2898 2153 2922 ec-

1207 2951 1347 2987 clesias
1362 2946 1593 2983 dissidentes
1603 2945 1717 2980 unire
1735 2943 1954 2979 tentabant.
1966 2941 2074 2976 Lites
2088 2951 2153 2976 ve-

1207 3004 1410 3040 hementes
1429 3004 1469 3035 et
1493 2998 1721 3045 quandoque
1740 2997 1879 3032 turbae
1908 3005 2052 3041 graves
2070 3021 2078 3034 ,
2098 2993 2153 3027 in-

1207 3062 1267 3093 ter
1285 3053 1423 3092 Calixti
1445 3052 1674 3088 defensores
1693 3079 1700 3094 ,
1721 3050 1880 3096 eiusque
1900 3046 2152 3084 adversarios

1206 3113 1363 3149 enatae,
1384 3111 1423 3143 et
1441 3117 1511 3153 per
1530 3103 1732 3140 dimidium
1752 3102 1953 3138 saeculum
1974 3100 2150 3147 agitatae

1206 3160 1415 3206 sunt‚adeo
1430 3164 1473 3196 ut
1486 3158 1672 3195 meliores
1687 3157 1790 3192 inter
1806 3156 1911 3203 ipsos
1921 3154 2151 3190 Protestan-

1207 3221 1266 3253 tes
1284 3216 1550 3262 agnoscerent
1569 3215 1729 3260 praeter
1748 3211 1786 3247 S.
1805 3209 2065 3256 Scripturam,
2086 3217 2152 3242 ne-
