2241 3473
250 166 329 208 356

195 250 356 287 Vieario
387 248 600 296 apostolico
626 249 663 284 in
691 249 774 286 Ora
800 250 1140 288 Coromandelica.

194 305 360 341 Demum
387 302 708 340 animadvertens
733 304 835 340 alias
853 316 1062 353 superesse
1081 318 1143 343 re-

193 358 345 405 giones,
360 357 498 404 quibus
523 357 806 404 providendum
827 358 946 403 foret,
966 371 1142 408 quaeque

195 415 309 448 erant
341 410 445 445 infra
477 410 576 447 fines
601 410 825 447 dioecesum
852 412 963 449 initio
991 425 1138 449 memo-

192 468 384 507 ratarum,
403 463 549 499 idcirco
569 464 754 511 regiones
772 477 871 512 quae
899 471 1014 503 erant
1039 468 1143 503 intra

192 517 406 554 dioecesim
428 518 766 564 Meliaporensem
782 531 853 556 seu
867 521 1088 558 S.Thomae
1105 526 1145 559 et

192 571 285 606 nulli
305 570 430 606 adhuc
449 571 612 607 Vicario
631 573 850 619 apostolico
865 574 1025 611 fuerant
1039 586 1142 611 com-

191 624 349 666 missae,
379 624 622 661 concredidit
639 626 802 662 Vicario
820 629 1038 675 apostolico
1057 629 1144 665 Ma-

191 677 443 725 draspatano;
463 678 550 715 illas
569 690 664 715 vero
683 691 799 727 quae,
818 682 914 717 nulli
933 682 1059 719 adhuc
1077 683 1142 719 Vi-

191 730 299 766 cario
339 732 555 778 apostolico
588 733 827 771 commissae
860 740 1005 780 erant„
1037 737 1143 774 intra

190 783 395 821 dioeceses
406 787 780 833 Cranganorensem
792 793 832 825 et
841 790 1142 835 Coccinensem,

191 837 348 885 subegit
383 838 544 875 Vicario
572 841 788 887 apostolico
825 842 863 877 in
897 843 1144 880 Malabarica

192 892 355 938 regione
391 891 568 930 instituto
588 922 596 936 ,
631 895 740 931 cuius
766 895 880 933 sedes
906 902 994 934 erat
1019 899 1143 935 Vera-

192 945 283 991 poli;
310 945 476 994 denique
505 947 777 986 Malacensem
804 950 1011 997 regionem
1033 956 1144 990 trans

190 999 370 1045 Gangem
389 1001 585 1037 commisit
598 1002 761 1039 Vicario
778 1005 1143 1050 apostolicoAvano

189 1056 228 1088 et
255 1052 464 1100 Peguensi.

241 1106 460 1144 Pontificiis
487 1108 657 1146 decretis
676 1113 910 1151 restiterunt
928 1116 1062 1162 plures
1081 1128 1144 1153 eo-

192 1171 293 1204 rum,
311 1161 375 1207 qui
393 1161 598 1199 dioeceses
623 1164 713 1200 olim
733 1177 756 1202 a
774 1167 959 1214 Gregorii
979 1170 1141 1217 praede-

190 1215 410 1251 cessoribus
445 1222 604 1254 erectas
624 1247 632 1261 ,
661 1231 902 1269 quarumque
930 1225 1140 1261 nonnullae

190 1268 334 1304 iamdiu
362 1273 570 1315 vacabant,
597 1273 681 1310 sive
707 1275 860 1311 vicaria
886 1288 956 1324 pro
983 1279 1140 1326 Capitu-

190 1322 235 1358 lis
267 1328 464 1370 potestate
488 1354 496 1367 ,
523 1327 607 1363 sive
641 1329 718 1364 alio
753 1329 862 1366 titulo
889 1331 1139 1369 administra-

189 1377 294 1412 bant.
319 1378 587 1417 Resistentiae
607 1388 740 1418 autern
760 1385 895 1421 varios
914 1387 1141 1434 allegabant

191 1436 433 1476 praetextus,
462 1438 545 1469 tum
575 1436 675 1482 quod
695 1437 915 1484 Gregorius
935 1452 1011 1476 non
1031 1441 1141 1478 dero-

189 1490 323 1531 gasset
339 1497 529 1533 expresse
547 1489 813 1536 antiquiorum
830 1491 1066 1530 Pontificum
1077 1495 1140 1531 de-

187 1539 307 1575 cretis
339 1539 386 1576 de
419 1553 541 1588 supra
566 1542 761 1580 dictarum
789 1546 1016 1584 dioecesum
1046 1549 1141 1585 limi-

188 1593 304 1636 tibus,
333 1598 412 1630 tum
443 1600 698 1642 patronatum
726 1600 819 1635 olim
846 1602 1009 1649 regibus
1036 1603 1142 1640 Lusi-

186 1647 318 1683 taniae
345 1659 592 1686 concessum.
622 1652 679 1687 Eo
706 1658 840 1690 autem
869 1655 1026 1692 illorum
1056 1669 1142 1704 per·

188 1702 291 1738 rexit
317 1702 504 1747 audacia,
530 1711 574 1741 ut
599 1717 674 1741 non
705 1708 1036 1753 reformidarent,
1065 1723 1141 1747 non

187 1755 434 1792 obstantibus
463 1758 646 1805 Gregorii
675 1760 861 1807 decretis,
889 1765 926 1799 in
955 1765 1050 1811 ipsis
1079 1766 1142 1801 Vi-

188 1810 401 1846 cariatibus
427 1813 670 1858 apostolicis,
699 1815 738 1850 in
767 1828 864 1863 quos
882 1822 1013 1855 tamen
1034 1820 1141 1856 nulla

189 1863 266 1899 iam
294 1865 533 1903 auctoritate
553 1868 790 1913 gaudebant,
811 1876 891 1907 tum
913 1884 982 1919 per
1002 1886 1044 1910 se
1061 1879 1140 1910 tum

189 1928 260 1963 per
287 1918 385 1954 alios
412 1930 601 1957 exercere
629 1923 964 1969 iurisdictionem,
994 1933 1032 1963 et
1061 1931 1141 1964 tum

188 1971 286 2007 actis
318 1976 399 2008 tum
427 1975 584 2022 scriptis
611 1976 649 2011 in
678 1977 850 2024 ipsorum
878 1981 998 2016 etiam
1028 1982 1142 2018 Vica-

189 2026 359 2062 riatuum
389 2027 495 2064 clero
523 2036 564 2065 et
590 2032 732 2078 populo
751 2033 1025 2071 scandalosum
1045 2037 1142 2072 schi-

187 2090 274 2115 sma
301 2081 477 2119 excitare
505 2095 552 2119 ac
579 2084 727 2122 fovere,
750 2086 990 2126 Praetextus
1010 2096 1141 2127 autem

189 2134 275 2170 illos
306 2136 462 2183 saepius
491 2138 680 2175 refutavit
706 2141 926 2188 Gregorius
954 2145 1062 2189 XVI,
1088 2152 1139 2188 et,

190 2187 281 2224 lieet
299 2191 524 2227 nullatenus
544 2191 616 2227 hoc
635 2198 739 2230 esset
755 2198 1041 2242 necessarium,
1055 2212 1141 2236 cum

189 2242 418 2289 plenissima
453 2245 625 2281 omnium
659 2250 950 2287 contrariorum
977 2252 1139 2301 deroga—

188 2295 294 2332 tione
310 2297 539 2335 Vicariatus
558 2302 796 2347 apostolicos
814 2304 980 2341 diversis
1001 2307 1141 2344 litteris

188 2350 427 2396 Apostolieis
464 2353 723 2390 confirmavit.
759 2356 971 2405 Postquam
1007 2367 1137 2397 autem

189 2403 224 2438 in
255 2405 375 2440 variis
401 2405 545 2443 litteris
572 2410 814 2454 apostolicis,
833 2412 1008 2458 singulos
1028 2415 1141 2451 Vica-

190 2457 312 2494 riatus
338 2460 576 2506 apostolicos
603 2465 893 2509 spectantibus,
922 2468 1141 2514 Gregorius

189 2511 441 2556 ostendisset,
461 2524 576 2561 quam
606 2517 744 2553 inanes
770 2524 905 2555 essent
924 2520 1140 2559 schismati-

189 2576 323 2601 corum
361 2574 590 2613 praetextus
611 2598 620 2613 ‚
650 2571 772 2607 fusius
807 2572 908 2608 idern
946 2578 1141 2621 praestitit

191 2619 224 2653 in
255 2620 371 2657 Brevi
406 2621 545 2657 ,Μιιῖία
568 2625 786 2670 praeclar-c
804 2655 812 2668 ,
839 2630 928 2663 νιιι0
957 2630 1141 2667 calendas

189 2673 280 2708 maii
316 2675 414 2711 1838.
453 2676 492 2710 ln
529 2676 601 2713 hoc
635 2681 740 2714 enim
772 2691 925 2716 rui-suin
955 2694 1141 2730 expresse

185 2726 406 2763 declaravit
424 2728 657 2777 derogatum
680 2744 767 2769 csse
783 2734 1137 2780 praedecessorum

188 2791 346 2816 suorum
392 2782 565 2820 decretis
603 2785 649 2821 de
690 2787 876 2825 limitibus
915 2790 1138 2828 dioecesum

188 2836 543 2881 Crangaronensis,
560 2840 1139 2892 Coccinensis,Meliaporcnsis

186 2899 253 2923 seu
287 2891 324 2924 S.
354 2890 529 2929 'rhomae
548 2922 556 2935 ,
588 2895 851 2940 Malacensis,
881 2906 921 2935 et
947 2900 1139 2947 archicpi-

186 2948 370 2988 seopatus
397 2945 538 2990 Goani;
566 2949 668 2984 solos
696 2950 877 2987 Vicat-ios
903 2955 1140 3000 apostolicos

189 3007 275 3032 csse
304 2998 537 3036 Ordinarios
566 3002 602 3037 in
631 3005 790 3041 creditis
809 3006 880 3042 sibi
902 3008 1139 3055 regionibus;

192 3053 521 3098 praedecessores
555 3070 646 3095 suos
681 3062 851 3099 noluisse
887 3064 954 3099 sibi
995 3077 1138 3112 ponere

193 3107 511 3152 impedimentum
529 3141 536 3155 ‚
565 3116 771 3160 quominus
799 3118 896 3153 bono
924 3120 1140 3167 Religionis

194 3162 445 3203 providerent
465 3177 534 3211 pro
556 3171 774 3214 temporum
797 3173 1138 3220 necessitate;1u·i-

193 3213 376 3260 vilegium
416 3219 570 3265 regibus
602 3222 827 3260 Lusitaniae
862 3227 952 3263 olim
981 3239 1140 3265 conces-

192 3278 273 3303 sum
308 3270 425 3306 fuisso
452 3273 619 3309 diversis
648 3279 887 3323 temporibus
915 3286 955 3316 et
981 3293 1004 3317 a
1030 3294 1139 3329 prae-

536 179 702 206 EPOCHA
721 180 809 208 XIII.
833 183 860 208 A
881 179 1065 208 PVBLICA
1087 179 1237 208 RERVM
1260 182 1302 208 IN
1322 182 1495 211 GALLIIS
1517 187 1804 230 szvERSIONE

1195 253 1296 289 senti
1323 265 1456 291 rerum
1485 260 1590 293 statu
1615 256 1822 301 distinetis3
1851 256 2033 304 regiones
2058 256 2147 293 illas

1196 318 1274 343 non
1289 309 1457 356 amplius
1466 311 1593 347 veteri
1606 311 1764 358 politico
1775 310 1958 357 regimini
1968 310 2146 354 subesse,

1195 372 1269 408 quo
1301 363 1460 409 regibus
1493 365 1720 400 Lusitaniae
1747 364 1862 400 facile
1887 367 1977 400 erat
2001 363 2054 399 ibi
2080 373 2146 410 pa-

1195 419 1393 453 tronatum
1422 429 1627 461 exercere,
1655 419 1723 455 sed
1754 418 1959 455 devenisse
1976 418 2017 453 in
2035 417 2148 454 ditio-

1194 479 1283 505 nem
1299 471 1561 516 potentissimi
1575 472 1696 518 regis,
1709 471 1818 507 euius
1827 471 2008 518 gubernii
2017 470 2146 507 forma

1194 526 1233 558 et
1248 523 1426 560 instituta
1443 525 1605 561 minime
1625 525 1878 572 patiebantur
1896 524 2000 560 illius
2014 529 2145 572 patro-

1194 579 1310 613 natus
1335 579 1583 623 exercitium;
1602 578 1769 626 denique
1787 578 2026 614 observabat
2043 577 2146 614 Pon-

1195 629 1304 674 tifex,
1330 630 1435 678 ipsos
1453 633 1573 668 etiam
1591 632 1922 679 praedecessores
1940 642 2046 675 suos,
2066 642 2144 667 non

1195 683 1375 722 obstante
1402 691 1636 732 patronatus
1662 686 1939 728 concessione,
1966 696 2022 733 ex*
2041 684 2145 722 dioe-

1195 738 1350 775 cesibus
1368 750 1414 775 eo
1435 740 1642 787 privilegio
1658 739 1966 787 comprehensis,
1981 742 2147 786 propter

1195 791 1346 828 similes
1371 794 1547 830 rationes
1565 794 1772 841 aliquando
1791 792 2016 841 provincias
2032 802 2146 839 sepa-

1185 847 1598 893 ·rasse,etVicariatus
1609 848 1847 895 apostolicos
1856 844 2146 883 erexisseJnde

1195 899 1334 945 gravia
1367 900 1537 937 addebat
1569 902 1718 937 monita
1751 905 1891 937 contra
1921 898 2147 936 inobedien-

1197 953 1570 992 tiam.Nihilominus
1580 956 1712 1002 plures
1722 958 2032 991 memoratarum
2043 953 2146 989 dioe-

1195 1018 1328 1043 cesum
1353 1008 1696 1045 administratores
1712 1009 1882 1045 schisma
1901 1009 2042 1044 fovere
2059 1018 2145 1054 per-

1197 1066 1398 1105 rexerunt,
1427 1063 1566 1110 quibus
1592 1075 1668 1099 non
1695 1065 1837 1099 deerat
1861 1062 1981 1098 etiam
2007 1061 2148 1121 guber-

1196 1115 1301 1151 nium
1329 1117 1614 1161 Lusitanicum,
1642 1117 1734 1154 licet
1759 1128 1833 1154 nec
1857 1116 1982 1165 ipsu'm
2000 1114 2144 1151 iamdiu

1194 1169 1332 1206 officiis
1358 1170 1613 1218 fungeretur,
1641 1171 1766 1213 quoad
1792 1171 1919 1207 dictas
1944 1170 2148 1206 dioeceses

1194 1225 1352 1272 regibus
1366 1227 1594 1264 Lusitaniae
1613 1227 1983 1269 incumbentibus‚et
2006 1224 2146 1261 harum

1195 1280 1328 1325 plures
1353 1282 1432 1317 iam
1459 1283 1612 1329 pridem
1640 1283 1836 1330 episcopis
1853 1285 2050 1318 carerent.

1242 1335 1409 1371 Demum
1427 1348 1496 1383 pro
1513 1341 1682 1373 vacante
1698 1337 1870 1373 ecclesia
1883 1337 2145 1383 Goanaprae—

1194 1389 1318 1425 sulem
1332 1390 1471 1437 regina
1483 1390 1661 1427 Pontifici
1673 1391 1891 1439 proposuit,
1901 1401 2032 1438 quem,
2044 1393 2146 1436 post-

1194 1454 1308 1490 quam
1337 1444 1372 1480 ei
1393 1447 1685 1481 communicata
1703 1446 1864 1482 fuerant
1879 1444 2062 1491 Gregorii
2081 1443 2146 1480 de·

1195 1502 1307 1533 creta
1333 1497 1380 1534 de
1403 1498 1563 1535 vicariis
1582 1499 1822 1546 apostolicis,
1844 1497 2026 1534 Pontifex
2043 1507 2146 1533 anno

1197 1550 1284 1588 1843
1303 1552 1647 1600 archiepiscopum
1666 1553 1846 1589 Goanum
1861 1551 2074 1588 constituit.
2093 1551 2147 1585 At

1195 1605 1226 1641 is
1261 1607 1324 1643 vix
1351 1607 1475 1643 Goam
1503 1608 1702 1654 appulsus,
1730 1618 1832 1643 anno
1861 1606 1970 1647 1844,
1998 1609 2038 1641 et
2063 1605 2146 1652 ipse

1195 1663 1276 1695 tum
1311 1660 1408 1696 actis
1435 1666 1516 1697 tum
1543 1661 1700 1708 scriptis
1726 1661 1898 1697 schisma
1921 1659 2030 1695 fovit.
2051 1657 2146 1694 Post

1194 1713 1360 1750 iteratas
1387 1726 1408 1750 a
1437 1715 1537 1751 Sede
1572 1715 1800 1762 Apostoliea
1826 1713 2148 1755 reclamationes,

1197 1767 1352 1804 tandem
1382 1767 1476 1804 Pius
1505 1768 1559 1803 IX
1586 1779 1610 1804 a
1626 1768 1820 1815 gubernio
1839 1765 2063 1803 Lusitanico
2083 1775 2144 1801 ar-

1196 1821 1433 1869 chiepiscopi
1459 1821 1563 1857 illius
1591 1821 1889 1858 revocationem
1907 1819 2075 1856 obtinuit
2095 1829 2147 1880 ‘ea

1196 1877 1298 1923 lege,
1319 1880 1362 1912 ut
1379 1877 1412 1912 is
1431 1876 1717 1913 transferretur
1736 1875 1784 1911 ad
1803 1875 1972 1922 aliquem
1995 1873 2145 1910 archie-

1196 1930 1439 1977 piscopatum
1469 1930 1495 1965 i.
1520 1941 1559 1978 p.
1593 1930 1634 1973 i.,
1654 1935 1694 1966 et
1713 1929 2020 1987 constitueretur
2043 1938 2148 1964 eom-

1195 1984 1400 2020 missarius
1425 1985 1665 2031 apostolicus
1693 1983 1833 2019 Bullae
1857 1983 2082 2026 Cruciatae,
2098 1992 2146 2017 ac

1195 2036 1282 2073 dein
1303 2042 1389 2084 post
1404 2038 1619 2074 exhibitum
1636 2037 1882 2074 obedientiae
1898 2040 1939 2073 et
1953 2038 2146 2072 retracta-

1195 2091 1311 2128 tionis
1331 2093 1614 2134 testimonium,
1632 2093 1906 2128 nominaretur
1925 2090 2147 2126 Bracaren—

1194 2145 1248 2181 sis
1274 2145 1564 2193 archiepiscopi
1579 2146 1793 2183 Coadiutor
1812 2155 1900 2180 curn
1920 2144 2145 2179 futurasuc-

1195 2199 1387 2236 cessione.
1418 2200 1602 2236 Pontifex
1636 2205 1766 2236 autem
1798 2209 1900 2235 anno
1934 2197 2023 2235 1848
2053 2208 2144 2234 eum

1196 2254 1373 2290 tanstulit
1407 2254 1454 2289 ad
1495 2254 1879 2300 archiepiscopatum
1915 2251 2145 2300 Palmyren-

1193 2318 1275 2342 sem
1305 2306 1327 2342 i⁴
1344 2319 1386 2355 p.
1405 2307 1446 2350 ι’.,
1461 2318 1564 2343 anno
1586 2307 1676 2344 1849
1695 2305 1899 2342 constituit
1917 2305 2144 2341 commissa-

1196 2359 1295 2395 rIum
1324 2360 1462 2397 Bullae
1490 2361 1717 2403 Cruciatae,
1745 2365 1785 2395 et
1811 2370 1913 2394 anno
1931 2359 2037 2401 1851,
2057 2361 2145 2406 post

1193 2413 1408 2449 exhibitum
1427 2426 1496 2461 per
1513 2414 1665 2450 litteras
1677 2414 1724 2449 ad
1736 2413 1967 2449 Pontificem
1976 2412 2144 2459 scriptas

1192 2478 1313 2514 supra
1351 2468 1497 2504 dictum
1533 2468 1801 2504 testimonium
1824 2496 1832 2511 ‚
1872 2466 2142 2503 coadiutorem

1195 2521 1486 2558 Bracarenseni
1517 2533 1603 2557 cum
1634 2523 1763 2558 sutura
1796 2520 2059 2557 successione.
2090 2521 2143 2555 At

1195 2575 1230 2609 in
1259 2575 1351 2622 ipsis
1379 2576 1495 2612 lndiis
1514 2588 1635 2611 novos
1655 2581 1884 2623 praetextus
1902 2574 2146 2616 schismatici

1192 2630 1481 2677 excogitarunt.
1505 2633 1542 2668 ln
1563 2633 1704 2679 vulgus
1723 2631 1978 2678 spargebant,
1992 2629 2144 2676 aliquas

1193 2694 1215 2718 a
1242 2684 1282 2719 S.
1314 2686 1457 2733 Congr.
1479 2685 1524 2722 de
1546 2686 1664 2734 Prop.
1687 2686 1784 2722 Fide
1804 2684 2084 2721 instructiones
2101 2687 2142 2719 et

1192 2737 1353 2775 decreta
1389 2739 1479 2776 data
1519 2740 1639 2776 fuisse
1675 2741 1798 2776 inscio
1834 2738 2054 2782 Pontifice;
2088 2737 2142 2772 in-

1193 2804 1338 2839 super,
1373 2795 1535 2831 decreta
1570 2795 1698 2831 Roma
1731 2793 1778 2830 ad
1817 2793 2048 2830 Orientales
2082 2802 2142 2828 re-

1192 2849 1330 2894 giones
1360 2851 1604 2893 transmissa,
1634 2852 1739 2887 nulla
1765 2852 1800 2886 vi
1823 2850 1986 2898 pollere,
2004 2852 2140 2896 utpote

1192 2904 1362 2940 nondum
1393 2907 1612 2953 approbata
1639 2917 1662 2942 a
1687 2906 1880 2954 gubernio
1904 2903 2138 2941 Lusitanico.

1192 2960 1323 2997 Quare
1352 2959 1444 2995 Pius
1473 2961 1524 2997 IX
1555 2962 1673 2999 Brevi
1702 2962 1830 2998 Probe
1855 2961 1977 2997 nostis
2001 2960 2024 2996 9
2047 2960 2139 2996 maii

1195 3014 1284 3049 1853
1311 3015 1358 3051 ad
1386 3017 1612 3065 episcopos.
1641 3020 1810 3055 vicarios
1836 3018 2073 3067 apostolicos
2099 3019 2140 3052 et

1194 3068 1325 3105 tideles
1360 3072 1585 3107 missionum
1622 3073 1819 3110 indiarum
1852 3072 2138 3113 Orientalium,

1193 3129 1420 3167 praetextus
1455 3126 1539 3162 illos
1566 3128 1704 3164 reiecit
1729 3127 2030 3174 damnavitque3
2058 3125 2140 3172 epi-

1190 3188 1349 3223 scopum
1382 3191 1477 3215 vero
1511 3181 1818 3219 Macaonensem
1838 3211 1846 3226 ,
1882 3182 1945 3229 qui
1971 3192 2014 3218 se
2040 3181 2140 3217 schi-

1190 3232 1325 3267 smatis
1344 3234 1463 3269 veluti
1483 3234 1620 3271 ducem
1642 3236 1805 3275 fecerat.
1824 3240 1864 3273 et
1882 3235 2032 3282 aliquos
2051 3245 2136 3283 pre·

1190 3285 1382 3331 sbyteros,
1411 3299 1506 3333 quos
1535 3288 1714 3326 Pontifex
1744 3293 1985 3337 nominabat,
2009 3294 2138 3331 decla-
