2241 3473
177 122 257 163 284

123 205 254 252 (liberi
272 203 482 248 muratori)
493 203 684 247 vocant‚E
691 203 859 239 eclesiae
871 202 1072 250 civilisque

120 260 326 298 societatis
364 258 496 294 hostes
533 257 762 293 teterrimos
786 284 795 301 ,
837 256 1072 293 Societates-

120 326 196 362 que
210 314 508 356 occultas,nova
521 310 808 350 Constitutione
824 309 1072 357 proscripsit.

119 368 182 403 Ad
199 365 369 403 fovenda
385 365 513 401 studia
531 364 664 411 plures
689 367 757 400 aut
782 364 910 400 erexit
932 367 1001 400 aut
1018 364 1074 398 in-

119 420 314 457 stauravit
338 418 581 460 academias,
598 417 818 454 seminaria
837 416 1075 460 construxit,

117 474 386 510 litteratorum
404 472 616 508 societates
633 471 850 516 adamavit,
866 471 986 508 aedes
1001 472 1074 507 Ca-

119 527 302 575 pitolinas
327 525 464 572 signis,
484 524 707 572 anaglyhis‚
728 525 889 573 aliisque
908 524 1074 571 antiqui-

120 581 211 616 tatis
229 579 494 616 monumentis
513 579 784 625 locupletavit,
803 590 1008 615 musaeum
1023 578 1072 614 ad

119 633 356 669 christianas
390 632 646 680 antiquitates
676 633 894 669 servandas
920 631 1074 679 aptissi-

117 698 224 723 mum
253 687 526 723 Bibliothecae
545 687 769 723 Vaticanae
798 687 986 730 adiunxit,
1007 697 1073 733 pu-

116 740 262 777 blicam
277 740 500 777 delineandi
519 740 696 777 scholam
715 741 887 777 instituit
901 745 942 777 et
959 741 1072 786 largo

119 806 240 831 censu
269 795 425 832 ditavit.
452 795 678 831 Romanum
703 795 1073 843 Aelfigymnasfflm,

119 848 373 897 Sapientiam
399 854 671 897 nuncupatum
689 878 698 893 ‚
725 850 839 885 novis
865 848 1075 886 Cathedris

118 903 388 951 amplificavit.
410 903 564 940 Summi
582 903 843 939 Pontificatus
862 914 985 939 onere
1004 902 1073 938 mi-

116 957 222 994 nime
248 968 408 1005 passus,
435 957 642 994 doctrinae
671 957 798 994 studia
822 957 926 993 haud
954 957 1076 993 inter-

115 1010 234 1056 misit,
264 1016 306 1048 et
331 1011 497 1058 singulis
527 1011 643 1048 lunae
670 1011 806 1048 diebus
833 1014 1074 1047 conventum

116 1065 218 1113 apud
245 1077 288 1103 se
307 1066 538 1103 celebrabat
555 1066 733 1102 virorum
753 1065 1013 1109 eruditorum,
1033 1065 1072 1101 in

116 1131 191 1168 quo
217 1120 265 1157 de
291 1120 523 1159 Catholicae
545 1121 752 1158 Ecclesiae
772 1120 953 1165 historia,
974 1121 1072 1158 Con-

115 1175 230 1220 cssiis,
249 1186 297 1212 ac
314 1176 432 1213 rebus
450 1176 665 1224 Liturgicis
690 1176 979 1224 disputationes
1005 1175 1073 1211 ha-

116 1229 324 1269 bebantur.

164 1285 295 1322 Multa
321 1289 413 1322 sunt
437 1286 551 1323 huius
573 1286 777 1322 Pontificis
795 1286 939 1323 merita
957 1296 1071 1332 egre-

117 1339 184 1386 gia
200 1368 209 1383 ‚
236 1340 370 1387 quibus
395 1340 515 1376 Urbis
542 1343 823 1377 ornamentum
847 1368 856 1384 ,
884 1343 925 1376 et
951 1340 1071 1375 totius

117 1392 222 1429 orbis
248 1393 399 1430 utilitas
425 1394 664 1430 continetur.
693 1394 930 1430 Liberianae
961 1392 1073 1428 Basi-

116 1445 214 1483 licae
242 1447 437 1494 porticum
466 1448 628 1492 refecit,
657 1452 776 1495 atque
803 1448 901 1484 adeo
927 1457 1071 1483 novam

116 1500 341 1538 lectissimis
368 1502 574 1549 lapidibus,
603 1505 644 1538 et
669 1502 862 1538 columnis
887 1504 1071 1538 ornatam

115 1554 329 1600 excitavit;
364 1556 599 1602 primariam
638 1556 734 1592 item
775 1556 861 1592 eius
897 1556 1071 1591 frontem

115 1608 288 1645 extruxit
313 1620 540 1646 marmoreo
566 1621 710 1658 opere,
740 1620 787 1645 ac
814 1609 956 1646 statuis
981 1608 1071 1645 insi-

115 1663 255 1709 gnivit;
273 1675 470 1711 superque
487 1675 575 1700 eam
591 1665 785 1711 porticum
801 1664 970 1701 alteram
987 1675 1072 1700 ere-

114 1716 186 1760 xit,
202 1716 306 1754 unde
326 1717 445 1753 Festo
465 1717 760 1766 Assumptionis
778 1717 822 1752 B.
841 1718 899 1753 M.
915 1718 964 1752 V.
981 1728 1073 1765 apo-

115 1770 296 1807 stolicam
315 1770 629 1808 benedictionem
648 1771 790 1819 populo
811 1771 978 1807 solemni
994 1771 1072 1807 ritu

113 1823 356 1871 impertiret3
383 1825 462 1861 alia
487 1824 655 1873 denique
683 1836 707 1861 a
733 1825 817 1862 solo
844 1829 982 1862 erecta
1008 1836 1072 1862 ae·

116 1877 248 1915 dificia
264 1878 314 1915 ad
336 1878 457 1915 totius
483 1879 591 1916 aedis
619 1879 787 1916 formam
816 1879 963 1926 exegit.
993 1880 1071 1915 An-

115 1931 239 1968 tonini
258 1931 319 1968 Pii
337 1933 544 1970 columnae
561 1934 815 1971 sustinendae
831 1935 1069 1982 stylobatem

117 1987 328 2023 collocavit
353 1999 375 2025 e
402 1988 566 2035 regione
585 1989 729 2026 Curiae
751 1990 1072 2033 Innocentianae;

117 2041 222 2078 Solis
236 2041 461 2078 Obeliscum
477 2054 525 2079 ex
541 2043 692 2090 Campo
712 2043 862 2080 Martio
882 2044 1067 2080 extraxit.

114 2096 368 2133 Lauretanae
394 2096 440 2131 B.
469 2097 526 2132 M.
547 2097 596 2131 V.
625 2098 769 2134 Domui
797 2098 939 2134 turrim
966 2097 1071 2134 addi·

116 2149 186 2194 dit,
213 2150 487 2198 porticumque
513 2151 784 2198 amplificavit.

162 2204 312 2241 Parum
345 2204 469 2241 abfuit
498 2206 590 2252 quin
617 2210 741 2242 totum
770 2211 986 2243 renovaret
1011 2218 1071 2243 sa-

116 2271 225 2296 crum
254 2259 526 2298 Cardinalium
550 2260 775 2307 collegium,
795 2273 885 2297 cum
911 2262 957 2298 54
975 2263 1073 2300 Car-

118 2313 270 2351 dinales
296 2317 456 2350 crearet
482 2317 616 2350 tantae
643 2314 829 2362 dignitati
858 2327 989 2362 pares.

165 2370 301 2417 Longo
320 2367 546 2406 debilitatus
564 2369 716 2413 morbo,
734 2381 820 2406 cum
843 2370 991 2408 Missae
1011 2381 1069 2407 sa-

118 2424 310 2461 crificium
336 2428 445 2460 stans
472 2435 668 2472 peragere
696 2436 774 2460 non
802 2428 956 2472 posset,
988 2427 1069 2474 pul-

119 2478 320 2515 cherrima
342 2478 562 2526 praemissa
580 2477 627 2515 de
642 2478 716 2515 hac
731 2490 775 2515 rc
790 2479 1070 2517 dissertatione

117 2538 242 2582 (quae
276 2533 419 2570 iterum
455 2543 503 2570 ac
534 2533 693 2581 saepius
718 2533 824 2571 edita
855 2534 956 2583 typis
984 2538 1070 2578 est)

116 2589 187 2626 sibi
213 2588 392 2633 indulsit,
420 2592 463 2625 ut
489 2599 585 2626 suae
612 2599 712 2636 erga
737 2589 971 2637 mysterium
998 2589 1072 2627 hoc

119 2643 238 2690 longe
280 2642 455 2679 omnium
496 2643 819 2690 augustissimum
850 2644 988 2691 pietati
1027 2655 1073 2680 ac

119 2697 319 2734 devotioni
342 2697 484 2734 sedens
510 2698 774 2734 satisfaceret.
805 2698 912 2734 Obiit
938 2698 982 2731 νο
1008 2709 1073 2733 no-

120 2763 190 2789 nas
218 2753 312 2788 maii
341 2752 432 2788 1757
454 2782 462 2797 ‚
490 2763 615 2789 annos
641 2756 757 2789 natus
783 2752 828 2789 83
850 2782 858 2797 ,
886 2756 975 2800 post
1006 2765 1074 2789 (ιιι-

118 2818 187 2843 nos
215 2806 476 2843 pontificatus
504 2808 562 2852 17,
580 2817 699 2844 mens.
720 2808 756 2851 7,
776 2806 859 2843 (lies
880 2807 937 2851 16,
957 2819 1072 2855 quum

119 2863 254 2912 paucis
285 2866 376 2899 ante
407 2861 543 2898 diebus
570 2862 619 2898 ad
654 2862 832 2899 Goanum
869 2862 1073 2909 Archiepi—

118 2930 280 2967 scopum
315 2917 418 2954 mira
449 2916 658 2965 prudentia
691 2922 731 2954 et
764 2916 986 2953 eruditione
1014 2929 1074 2954 re-

120 2974 342 3023 spondisset
371 2973 418 3009 de
446 2971 691 3008 matrimonii
717 2970 1008 3019 impedimentis
1035 2976 1075 3008 ct

121 3069 204 3090 anno
220 3059 303 3090 enim
323 3056 410 3088 171ss
424 3055 575 3089 Clemens
592 3054 630 3086 Xl
649 3063 747 3096 quum
764 3063 879 3087 omem
895 3056 926 3086 el
941 3055 1073 3098 pileum

122 3104 158 3137 ad
179 3105 357 3145 Principem
377 3103 556 3143 Eugenium
575 3103 610 3133 tle
626 3099 786 3133 sabaudia
804 3101 956 3139 misisset,
972 3102 1011 3134 ob
1029 3102 1075 3135 vi-

122 3150 252 3183 ctoriam
272 3150 309 3181 ab
327 3159 364 3182 eo
381 3150 418 3181 dc
436 3149 551 3182 'l'urcis
568 3148 604 3179 nd
634 3146 825 3178 Varadinum
853 3147 962 3179 eodem
989 3158 1073 3181 anno

123 3196 344 3233 retatu1n‚cos
366 3195 578 3228 benedixerat
605 3194 636 3227 in
662 3192 809 3226 Ecclesia
835 3202 863 3225 s.
893 3193 1012 3228 Mariae
1037 3195 1074 3229 de

120 3241 244 3284 Populo
261 3242 310 3275 die
328 3242 346 3272 8
365 3240 570 3284 septembris.

678 145 684 151 ·
698 134 871 162 EPOCHA
891 134 964 161 X11.
988 135 1017 161 Α
1035 133 1204 163 LITIBVS
1223 133 1533 164 IANSENISTICIS

1123 203 1280 250 effugiis
1306 203 1558 251 quibusdam,
1586 203 1636 240 ad
1660 205 1828 242 Concilii
1855 204 2081 243 Tridentini

1123 256 1287 293 decreta
1304 257 1552 302 declinanda,
1569 258 1610 293 in
1628 268 1678 294 ea
1695 259 1860 306 regione
1875 259 2076 307 quaesitis.

1124 309 1376 346 Postremum
1399 311 1473 347 hoc
1492 311 1617 347 maius
1637 315 1698 348 est
1717 312 1899 359 quiddam
1917 313 1957 349 in
1976 324 2079 349 sum-

1125 373 1215 399 mae
1243 365 1458 401 senectutis
1484 365 1642 401 homine
1663 366 1864 413 perpetuis
1881 367 2082 403 laboribus

1122 416 1250 453 fracto
1285 421 1326 454 et
1360 418 1419 454 bis
1446 418 1582 455 lethali
1614 419 1752 454 morbo
1784 419 1834 456 ad
1859 424 2081 457 extremam

1122 481 1244 518 usque
1264 482 1422 508 sacram
1438 473 1677 509 Unctionem
1693 473 1838 509 afflicto
1853 477 1895 510 et
1907 478 2083 522 prostra-

1124 527 1176 568 to,
1204 536 1323 572 quam
1358 530 1402 562 ut
1429 526 1597 574 exprimi
1622 526 1756 563 verbis
1781 527 1918 573 possit.
1945 527 2082 564 Profe-

1123 581 1186 614 cto
1205 579 1296 615 talis
1315 579 1390 616 fuit
1407 580 1608 624 Pontifex,
1623 580 1789 628 quicum
1803 591 1960 617 summa
1974 581 2082 618 vitae

1123 631 1354 671 innocentia
1370 637 1523 670 tantam
1538 633 1744 670 doctrinae
1756 634 1909 681 copiam
1923 634 2083 671 coniun-

1125 687 1195 731 xit,
1215 692 1258 723 ut
1283 688 1334 724 ad
1359 693 1522 726 veteres
1540 688 1746 724 Ecclesiae
1763 688 1908 725 Patres
1933 699 1981 725 ac
2005 689 2083 725 Do-

1126 744 1259 777 ctores
1287 743 1468 789 proxime
1495 742 1714 781 accessisse
1739 741 1922 778 videatur
1937 744 1967 776 1.
1985 742 2084 779 Eius

1125 793 1264 831 laudes
1279 796 1353 843 ipsi
1370 799 1641 842 protestantes
1655 796 1854 840 cecinere,
1870 796 1973 832 inter
1986 807 2083 843 quos

1124 847 1355 886 Matthaeus
1371 850 1550 895 Pfaffius,
1566 849 1774 886 doctrinae
1792 850 2083 897 praestantiam

1124 901 1452 948 admiratus,eum
1468 904 1524 941 uti
1540 904 1663 940 talem
1677 903 1806 940 virum
1816 904 2082 951 celebrat,quo

1121 967 1195 1004 per
1210 957 1335 993 multa
1355 958 1519 995 saecula
1539 970 1614 994 non
1632 957 1734 994 sedit
1750 957 1948 995 eruditior
1962 957 2080 994 alter.

1173 1011 1232 1047 57.
1262 1011 1486 1059 Religyionis
1511 1014 1640 1049 statas
1666 1011 1708 1048 in
1736 1011 1858 1052 Sinis,
1886 1010 2019 1048 Indiis
2042 1011 2082 1047 et

1123 1065 1147 1101 I
1150 1065 1541 1115 usulis—Postquam
1556 1067 1795 1105 Benedictus
1813 1067 1907 1103 XIV
1921 1065 2083 1103 dissidia

1124 1121 1172 1157 de
1200 1121 1342 1157 ritibus
1369 1122 1599 1158 Sinensibus
1617 1122 1844 1159 diremisset
1861 1124 1903 1158 et
1921 1123 2084 1158 concor-

1124 1175 1231 1212 diam
1253 1176 1360 1213 inter
1379 1176 1651 1214 missionarios
1670 1176 1930 1221 restituisset,
1949 1187 2083 1224 perse-

1123 1231 1226 1267 cutio
1244 1259 1253 1274 ‚
1288 1231 1366 1267 iam
1401 1236 1541 1268 contra
1573 1231 1818 1269 Christianos
1844 1231 1886 1267 in
1910 1229 2078 1278 imperio

1123 1285 1278 1322 Sinensi
1304 1290 1460 1333 coepta,
1486 1290 1608 1323 aucta
1631 1291 1703 1323 est.
1735 1286 1811 1327 Qui
1837 1285 1944 1322 enim
1969 1284 2082 1322 Chri-

1122 1341 1272 1376 stianos
1299 1341 1481 1383 oderant,
1509 1340 1670 1377 eosdem
1695 1339 1960 1383 accusabant,
1978 1338 2082 1387 quod

1123 1394 1224 1430 ritus
1241 1394 1428 1442 legesque
1446 1395 1603 1442 imperii
1613 1397 1927 1431 contemnerent.
1942 1393 1984 1430 In
1994 1403 2081 1440 pro-

1124 1447 1255 1484 vincia
1282 1448 1471 1485 Foliiensi
1497 1449 1520 1485 5
1548 1448 1790 1484 missionarii
1815 1446 2079 1487 Dominieani.

1122 1513 1286 1549 quorum
1313 1514 1429 1546 unus,
1458 1502 1602 1538 Petrus
1628 1502 1849 1549 Martyrius
1876 1502 1992 1546 Sanz,
2011 1500 2082 1536 Hi-

1122 1567 1284 1603 spanus,
1310 1560 1399 1592 erat
1424 1556 1634 1604 episcopus
1661 1560 1703 1592 et
1728 1555 1902 1592 vicarius
1926 1558 2084 1603 aposto-

1124 1610 1234 1653 licus,
1263 1621 1327 1646 an.
1359 1610 1452 1646 1747
1479 1613 1566 1657 post
1591 1610 1858 1658 quaestiones,
1877 1611 2081 1646 tormenta

1121 1668 1161 1699 et
1187 1675 1375 1700 carceres
1401 1664 1524 1700 occisi
1551 1663 1726 1700 fuerunt.
1753 1664 1870 1699 Anno
1902 1662 2080 1710 sequenti

1122 1718 1143 1753 3
1176 1718 1347 1754 Iesuitae
1381 1717 1565 1754 eamdem
1599 1722 1751 1754 sortem
1785 1717 1942 1764 experti
1975 1719 2080 1753 sunt.

1122 1772 1211 1808 Non
1239 1772 1279 1807 in
1311 1771 1418 1808 solos
1451 1771 1750 1816 missionarios,
1782 1771 1851 1808 sed
1881 1770 2002 1807 etiam
2040 1770 2082 1806 in

1122 1825 1369 1863 Christianos
1395 1825 1591 1862 saevitum
1617 1829 1693 1870 est,
1720 1824 1784 1872 qui
1810 1823 1861 1861 ad
1886 1825 2083 1872 quaestio-

1122 1891 1212 1917 nem
1239 1879 1384 1925 vocati,
1414 1879 1623 1915 tormentis
1648 1878 1832 1924 subiecti,
1849 1878 2084 1916 verberibus

1122 1935 1269 1979 affecti,
1299 1934 1410 1970 bonis
1428 1933 1601 1982 spoliati,
1625 1933 1665 1970 in
1684 1943 1892 1970 carcerem
1912 1929 2083 1971 coniecti

1122 1993 1189 2025 aut
1214 1990 1253 2025 in
1281 1989 1444 2026 exilium
1480 1988 1651 2035 relegati
1676 1991 1789 2032 sunt;
1817 1986 2013 2024 ecclesiae
2038 1986 2081 2022 in

1123 2044 1256 2080 multis
1288 2043 1502 2092 provinciis
1532 2042 1786 2086 destructae3
1821 2045 2005 2089 pastores
2030 2040 2081 2078 ad

1122 2099 1258 2145 fugam
1287 2097 1493 2146 compulsi.
1520 2098 1638 2133 Anno
1658 2097 1751 2133 1750
1770 2095 1996 2143 persecutio
2014 2106 2080 2132 ve-

1123 2152 1346 2189 hementius
1371 2151 1544 2196 exarsit;
1572 2151 1707 2199 plures
1730 2160 1847 2198 quam
1865 2149 2082 2188 70missi0-

1125 2207 1225 2242 narii
1259 2206 1297 2242 in
1332 2217 1519 2242 carceres
1552 2204 1754 2248 coniecti,
1787 2208 1827 2241 et
1864 2203 2082 2242 Christiani

1123 2271 1240 2308 quam
1279 2260 1440 2308 plurimi
1478 2259 1588 2295 bonis
1624 2258 1787 2305 ipsaque
1819 2258 1902 2294 vita
1935 2257 2082 2306 privati

1123 2315 1294 2351 fuerunt.
1325 2314 1440 2350 Multi
1468 2313 1626 2362 quidem
1648 2315 1940 2349 tormentorum
1957 2312 1998 2348 vi
2015 2312 2080 2348 Fi-

1123 2367 1186 2405 dei
1204 2369 1505 2411 renunciat-unt,
1533 2368 1602 2405 sed
1629 2367 1736 2403 multi
1767 2367 1886 2403 etiam
1913 2367 2082 2414 egregia

1124 2422 1364 2460 christianae
1393 2422 1641 2459 constantiae
1659 2421 1845 2469 exempla
1870 2420 2078 2458 dederunt.

1123 2478 1238 2513 Anno
1265 2477 1423 2514 demum
1452 2477 1544 2514 1753
1571 2477 1726 2524 legatus
1751 2487 1776 2512 a
1801 2487 1898 2523 rege
1925 2475 2080 2513 Lusita-

1125 2531 1212 2569 niae
1246 2532 1296 2569 ad
1329 2532 1616 2581 imperatorem
1643 2536 1683 2568 et
1708 2531 1964 2568 mandarinos
1989 2541 2079 2568 cum

1124 2587 1351 2624 muneribus
1369 2588 1527 2632 missus,
1542 2587 1778 2625 Christianis
1798 2596 1937 2635 pacem
1955 2585 2081 2634 impe-

1126 2641 1260 2685 travit,
1277 2645 1484 2689 postquam
1500 2652 1639 2678 corum
1659 2652 1846 2677 numerus
1863 2640 2079 2676 multorum

1124 2699 1358 2734 enecatione
1378 2709 1425 2734 ac
1447 2699 1652 2735 variorum
1670 2698 1893 2735 defectione
1912 2697 2079 2734 multum

1125 2755 1216 2788 crat
1242 2753 1483 2791 imminutus.
1513 2755 1625 2791 Tunc
1645 2754 1824 2802 plerique
1842 2764 1994 2799 eorum,
2014 2753 2079 2801 qui

1125 2805 1294 2845 durante
1322 2809 1600 2856 persecutione
1629 2809 1724 2846 Fide
1751 2809 1996 2853 defecerant,
2013 2819 2079 2844 ve—

1126 2864 1231 2899 niam
1262 2865 1513 2911 postularunt
1535 2870 1576 2901 et
1599 2865 1750 2901 crimen
1769 2875 1880 2901 suum
1901 2875 1972 2913 per
1991 2873 2081 2912 poe-

1126 2918 1334 2955 nitentiam
1362 2920 1586 2968 expiarunt.
1619 2919 1862 2956 Missionarii
1880 2918 1988 2955 mala
2005 2918 2081 2955 Re-

1127 2973 1260 3020 ligioni
1290 2974 1399 3011 illata
1418 2978 1672 3022 repararunt,
1691 2974 1882 3011 ccclesias
1900 2972 2081 3010 restitue-

1130 3031 1244 3072 runt,
1273 3040 1454 3077 novoque
1489 3028 1632 3065 ardore
1660 3026 1943 3077 propagandae
1968 3025 2080 3063 Fidei

1172 3149 1179 3169 ¹
1202 3146 1303 3178 Vitam
1329 3146 1425 3179 liuius
1444 3146 1611 3181 pontificis
1637 3146 1796 3185 exaravit,
1813 3145 1867 3179 sed
1892 3145 2016 3179 calamo
2034 3144 2081 3178 le-

1127 3191 1206 3224 viori
1223 3193 1258 3224 D.
1277 3192 1473 3232 Gai-accioli,
1491 3193 1594 3226 Paris.
1613 3193 1697 3226 1783
1716 3192 1839 3226 ἰπὶ-120.
1855 3191 1894 3226 Cf
1910 3190 2017 3225 Natal.
2039 3191 2080 3224 Α-

1129 3238 1259 3272 lexand.
1283 3239 1370 3271 llis-t.
1389 3239 1468 3272 cccl.
1489 3238 1656 3282 Supplem.
1678 3242 1702 3273 t.
1720 3238 1762 3271 11.
