2241 3473
195 125 275 167 316

136 211 252 259 palis,
265 207 530 246 sacerdotalis
547 206 612 243 vel
631 205 796 242 alterius
809 201 959 239 ordinis
974 211 1084 237 exer-

136 254 1084 311 citiosuspensospronuntiavit.Mandavitetiam

137 314 505 360 omnibus‚cuiusvis
520 313 668 349 ordinis
683 315 751 348 aut
764 309 1012 353 conditionis,
1026 319 1086 345 ec-

137 370 370 408 elesiasticis
388 368 499 412 viris,
526 366 590 415 qui
617 367 883 402 iuramentum
905 363 1087 405 civicum,

483 137 650 165 EPOCHA
668 132 757 164 xm.
784 136 812 162 A
829 132 1015 161 PVBLICA
1035 131 1185 160 RERVM
1205 132 1251 160 IN
1271 131 1442 159 GALLnS
1459 130 1750 160 SVBVERSIONE

1139 199 1330 237 successit
1355 197 1615 246 congregatio
1641 197 1698 234 sic
1723 197 1828 235 dicta
1855 197 2094 245 legislativa,

1140 264 1240 301 quae
1260 252 1465 290 deteriora
1483 259 1567 289 tum
1585 254 1723 288 contra
1737 253 2018 289 auctoritatem
2036 264 2098 289 re-

1141 308 1249 353 giam
1277 310 1360 342 tum
1380 310 1522 342 contra
1539 304 1788 352 Religionem
1807 305 2006 350 decrevit3
2025 306 2099 342 Lu-

1140 360 1322 397 dovicum
1347 360 1457 404 XVI,
1477 359 1657 396 omnibus
1682 359 1832 395 iuribus
1857 360 1939 396 suis
1964 362 2006 396 et
2024 359 2100 407 pri-

138 434 163 460 a
201 420 512 470 congregatione
545 419 736 455 nationali
769 416 1086 465 praescriptum,
1140 414 1296 462 vilegiis
1322 415 1522 458 orbatum,
1549 424 1629 450 una
1657 424 1745 450 cum
1775 424 1793 448 r
1823 412 2103 460 gina,infanti-

138 477 367 518 emiserant,
394 478 438 511 ut
463 474 556 510 illud
582 474 688 509 intra
711 472 757 511 40
783 471 867 509 dies
893 473 1088 507 retracta-

139 534 242 574 rent;
261 540 376 566 secus
395 539 418 565 a
437 527 715 575 cuiuscumque
733 526 884 562 ordinis
897 522 1089 561 exercitio

139 588 270 621 essent
295 583 495 631 suspensi,
521 585 563 619 et
588 580 881 629 irregularitati
908 577 1090 622 obnoxii,

139 639 173 674 si
199 637 356 674 ordines
382 636 668 673 exercuissent.

188 691 284 728 Post
308 691 410 728 hanc
436 691 692 739 Apostolicae
719 689 831 726 Sedis
850 686 1089 725 sententiam

141 746 266 790 multi,
293 746 358 793 qui
384 745 652 782 iuramentum
671 744 839 780 civicum
858 743 1092 784 emiserant,

141 799 189 836 ad
201 799 407 836 meliorem
421 802 596 836 mentem
607 798 874 842 reversisunt3
888 796 956 833 sed
966 795 1094 831 maior

142 865 234 901 pars
261 853 641 890 constitutionalium
668 852 948 901 episcoporum
972 853 1013 886 et
1030 859 1098 896 pa-

142 907 353 944 rochorum
385 908 424 943 in
451 908 666 944 schismate
693 906 885 955 perrexit.
922 904 1016 941 Pius
1041 902 1095 938 Vl

140 961 215 999 hoc
240 967 281 998 et
306 961 486 1009 sequenti
513 973 613 998 anno
648 961 782 1009 plures
809 959 859 996 ad
891 958 1098 1007 episcopos

142 1016 293 1053 Galliae
323 1016 478 1053 litteras
503 1016 674 1064 scripsit,
693 1014 830 1063 quibus
848 1025 916 1051 eos
934 1012 1098 1049 faculta-

142 1070 259 1115 tibus,
291 1082 362 1120 pro
388 1070 697 1107 circumstantiis
723 1075 946 1117 temporum
974 1069 1014 1104 et
1044 1066 1097 1102 lo-

143 1136 280 1161 corum
311 1126 564 1171 necessariis,
591 1124 789 1168 instruxit,
818 1128 857 1160 et
882 1122 930 1159 ad
958 1128 1098 1170 propo-

143 1179 238 1217 sitas
253 1181 302 1217 ab
320 1180 468 1218 eisdem
487 1181 738 1229 quaestiones
758 1175 1098 1227 respondit.XIV⁰

145 1236 298 1273 calend.
327 1237 464 1284 aprilis
490 1235 584 1273 1792
607 1246 733 1272 novas
759 1234 912 1270 litteras
937 1231 1100 1267 monito-

146 1291 227 1328 rias
253 1291 303 1328 ad
328 1292 556 1328 universum
576 1291 726 1327 clerum
746 1293 786 1325 et
810 1287 996 1336 populum
1014 1284 1103 1321 Gal-

146 1345 222 1383 liae
254 1345 384 1391 dedit,
411 1345 548 1393 quibus
572 1345 618 1382 60
644 1344 728 1380 dies
754 1353 826 1390 pro
853 1339 1041 1382 secunda,
1062 1342 1103 1375 et

146 1400 244 1436 alios
258 1401 304 1438 60
323 1412 393 1448 pro
414 1399 532 1436 tertia
550 1398 768 1435 monitione
788 1394 1007 1443 assignavit
1022 1393 1103 1440 epi-

145 1454 274 1501 scopis
301 1455 359 1490 sic
386 1453 502 1490 dictis
528 1450 938 1493 constitutionalibus‚
964 1457 1104 1484 eorum

148 1508 493 1545 consecratoribus
507 1511 546 1544 et
563 1501 1105 1551 adsistentibus‚pseudo-epi-

146 1562 277 1611 scopis
303 1562 476 1605 intrusis,
503 1560 700 1609 episcopis
725 1559 885 1601 iuratis,
909 1554 1103 1604 parochis,

147 1616 307 1653 vicariis
333 1615 580 1662 caeterisque
607 1612 852 1662 presbyteris
877 1609 1039 1646 intrusis
1065 1611 1105 1645 et

149 1669 287 1706 iuratis
315 1671 378 1707 vel
409 1670 449 1705 in
488 1680 613 1714 regno
645 1668 864 1704 Galliarum
895 1663 1104 1711 delegatis.

149 1724 336 1761 Eiusdem
361 1724 511 1760 tenoris
529 1723 685 1759 litteras
712 1720 817 1757 dedit
838 1719 961 1767 pridie
981 1728 1105 1754 nonas

151 1778 307 1825 aprilis,
333 1778 382 1814 ad
408 1777 616 1826 episcopos
644 1775 797 1812 insulae
825 1773 1013 1812 Corsicae
1031 1800 1040 1815 ,
1066 1771 1105 1806 in

151 1843 270 1880 quam
297 1833 417 1869 etiam
445 1832 570 1869 civilis
587 1829 824 1869 Constitutio
852 1827 949 1864 cleri
975 1828 1107 1862 fuerat

152 1887 325 1924 invecta.
354 1887 461 1923 Vll[0
489 1885 643 1923 calend·
663 1884 791 1921 maias
810 1893 935 1919 novas
954 1882 1107 1918 litteras

154 1941 478 1978 commonitorias
497 1940 657 1988 scripsit
683 1939 732 1976 ad
759 1939 909 1975 clerum
930 1940 971 1974 et
990 1946 1106 1984 popu-

155 1996 234 2033 lum
254 1997 424 2033 civitatis
439 1994 731 2032 Avenionensis
746 1999 786 2030 et
804 1992 1014 2029 comitatus
1032 1990 1110 2026 Ve-

153 2051 322 2096 nascini,
348 2062 462 2099 quem
488 2050 546 2087 uti
571 2053 611 2086 et
637 2048 883 2085 Avenionem
911 2044 1109 2083 exercitus

155 2105 359 2142 Gallorum
387 2107 619 2153 occuparat,
640 2107 679 2139 et
697 2100 957 2149 congregatio
986 2099 1110 2135 natio-

154 2160 256 2196 nalis
283 2159 470 2208 postridie
489 2159 574 2195 idus
591 2157 832 2205 septembris
859 2155 949 2191 1791
970 2155 1018 2190 ab
1045 2165 1110 2190 au-

154 2214 341 2251 ctoritate
369 2213 482 2250 Sedis
507 2212 760 2260 Apostolicae
779 2209 1110 2253 avulsum,terri-

154 2269 256 2304 torio
272 2268 422 2304 Gallico
439 2265 914 2304 adfflnxeratPraeterea
930 2262 1111 2299 Pontifex

156 2322 348 2370 epistolas
374 2321 601 2370 encyclicas
628 2319 786 2366 scripsit
805 2317 854 2354 ad
880 2327 1017 2352 omnes
1034 2316 1112 2364 epi-

156 2387 298 2424 scopos
326 2376 365 2411 in
392 2387 461 2412 suo
483 2373 698 2417 territorio,
724 2373 818 2408 item
839 2370 887 2407 ad
914 2370 1114 2407 antistites

159 2434 417 2478 caeterosque
444 2429 646 2478 praelatos
672 2430 712 2463 et
739 2426 787 2462 ad
815 2429 939 2461 totum
963 2424 1113 2460 clerum

161 2485 416 2528 Germaniae,
444 2494 581 2520 eorum
610 2479 835 2518 liberalitati
858 2483 898 2515 et
916 2478 1114 2526 hospitali-

162 2540 234 2577 tati
273 2537 557 2575 commendans
589 2534 882 2574 ecclesiasticos
914 2535 1022 2569 viros
1052 2533 1114 2580 qui

163 2598 325 2644 propter
353 2593 549 2630 infelicem
580 2602 713 2629 rerum
741 2591 781 2626 in
808 2588 946 2626 Galliis
973 2589 1116 2624 confla-

163 2648 389 2697 grationem
417 2648 609 2685 ecclesias
634 2657 748 2690 suas,
776 2643 986 2686 domicilia,
1014 2643 1117 2679 bona

163 2703 440 2751 derelinquere
466 2707 507 2740 et
534 2701 733 2749 emigrare
760 2700 920 2736 fuerant
938 2702 1115 2735 coactae.

163 2759 253 2794 V1l⁰
281 2760 435 2796 calend.
469 2757 659 2795 februarii
688 2756 779 2793 1793
806 2754 975 2802 epistola
1002 2765 1118 2801 ency-

164 2814 264 2850 clica
291 2814 550 2861 praescripsit
575 2812 806 2861 generalem
830 2819 1027 2851 normam,
1048 2821 1117 2857 per

163 2870 316 2905 Statum
339 2869 581 2915 pontificium
600 2865 903 2910 observandam,
928 2865 1053 2902 relate
1069 2866 1116 2901 ad

163 2923 456 2960 ecclesiasticos
487 2923 714 2960 saeculares
741 2927 781 2958 et
808 2920 1026 2968 regulares,
1055 2921 1116 2968 qui

163 2988 185 3013 e
204 2976 331 3013 Gallia
352 2976 389 3012 in
409 2989 498 3013 eum
515 2977 764 3024 emigrarant
778 2977 804 3008 ¹.

210 3031 246 3066 4.
266 3030 479 3066 Anam-leia
499 3031 538 3066 in
559 3030 708 3067 Galliis
726 3051 763 3057 —
783 3028 997 3065 Elaborata
1017 3039 1120 3066 nova

166 3084 278 3129 regni
305 3084 598 3127 constitutione,
629 3082 889 3130 congregatio
909 3083 1120 3119 nationalis

167 3137 290 3182 pridie
317 3138 504 3175 calendas
530 3139 680 3175 octobr.
704 3138 793 3174 1791
823 3139 951 3173 soluta
969 3138 1053 3174 fuit.
1075 3137 1119 3174 Ei

215 3208 222 3228 ¹
254 3206 390 3238 Collect.
417 3206 581 3239 Brerium
611 3205 662 3238 Pii
687 3205 741 3244 l‘'};
762 3205 907 3237 Histoire
923 3203 1064 3247 abre'qc'e
1082 3205 1121 3239 cle

169 3251 204 3283 la
231 3249 460 3286 Consulatum
485 3253 583 3285 civile
607 3251 652 3284 ‹Iu
683 3249 802 3293 Clerye'
827 3251 867 3283 de
886 3251 1029 3285 France.

1141 467 1212 504 bus
1231 471 1271 504 et
1289 479 1428 504 sorore
1448 466 1651 504 custodiae
1670 466 1913 513 mane.pavit
1925 494 1934 511 ,
1952 470 1993 503 et
2012 478 2102 503 con·

1143 522 1262 559 tinuis
1287 522 1510 570 opprobriis
1537 519 1754 564 saturavit;
1775 519 2019 565 sacerdotes,
2037 520 2102 568 qui

1145 577 1436 625 praescriptum
1457 605 1465 620 ‚
1493 575 1594 623 qued
1621 574 1805 618 vidimus,
1833 574 2102 612 iuramentum

1144 634 1352 678 praestare
1380 629 1639 673 recusabant,
1667 628 1749 664 iam
1776 631 1894 664 antea
1919 639 2102 676 persecu-

1145 684 1240 720 tioni
1267 685 1457 721 obnoxios
1477 713 1487 729 ,
1513 683 1720 731 deportari
1745 682 1870 719 iussit.
1900 682 1944 718 In
1969 682 2104 719 multis

1146 739 1374 776 civitatibus
1394 738 1623 775 sacerdotes
1643 736 1842 785 prehensi,
1857 736 1897 772 in
1916 747 2105 774 carceres

1147 791 1725 838 coniecti,interfectiParisiis
1741 802 1877 828 mense
1891 791 2105 839 septembri

1148 848 1240 884 1792
1265 859 1389 896 prope
1416 848 1485 886 300
1512 846 1744 883 sacerdotes
1767 851 1808 882 et
1825 845 1847 882 3
1865 845 2039 893 episcopi
2064 844 2105 882 in

1148 913 1333 939 carceres
1361 903 1556 946 coniecti,
1591 900 1723 937 necati
1758 899 1933 936 fuerunt.
1961 899 2106 936 Meldis

1148 957 1282 1001 etiam,
1299 956 1480 1004 Lugduni
1506 956 1672 1003 aliisque
1698 955 1739 990 in
1765 954 1992 991 civitatibus
2018 964 2107 991 cae-

1148 1011 1218 1048 des
1231 1011 1486 1048 sacerdotum
1503 1022 1527 1047 a
1541 1008 1796 1047 iureiurando
1807 1008 2105 1047 abhorrentium

1150 1070 1409 1115 perpetratae
1436 1071 1540 1103 sunt.
1938 1100 1941 1103 .

1199 1121 1328 1159 Porro
1347 1124 1386 1159 in
1406 1123 1587 1172 generali
1613 1122 1688 1160 hae
1708 1133 1842 1159 rerum
1862 1121 2107 1170 publicarum

1151 1178 1188 1214 in
1204 1178 1342 1215 Galliis
1358 1178 1671 1227 conflagratione
1687 1178 1800 1214 multi
1815 1177 2110 1226 quidem‚prae-

1150 1233 1286 1270 sertim
1306 1233 1603 1282 Lugdunenses,
1623 1244 1739 1270 arma
1765 1244 1835 1280 pro
1863 1231 1971 1280 regis
1990 1236 2032 1269 et
2051 1243 2111 1269 re-

1152 1287 1310 1334 ligionis
1337 1299 1458 1325 causa
1484 1291 1759 1336 sumpserunt;
1779 1287 1847 1324 sed
1865 1286 2037 1335 propriis
2055 1285 2112 1322 vi-

1152 1341 1259 1378 ribus
1284 1343 1478 1390 derelicti,
1499 1354 1606 1378 anno
1627 1342 1718 1380 1792
1743 1341 2051 1384 succubuerunt,
2070 1343 2112 1377 et

1152 1396 1373 1433 terribilem
1397 1396 1713 1444 demagogorum
1738 1395 1929 1432 ultionem
1956 1393 2110 1442 experti

1153 1454 1262 1486 sunt.
1278 1450 1429 1498 Magno
1445 1451 1589 1488 ardore
1605 1454 1644 1487 et
1657 1450 1896 1487 dexteritate
1905 1460 1976 1498 pro
1991 1458 2113 1486 causa

1154 1504 1267 1551 regia
1295 1509 1504 1542 certarunt
1521 1504 1796 1548 Vendeenses,
1816 1503 1879 1552 qui
1897 1513 2001 1540 anno
2021 1501 2113 1539 1792

1155 1562 1195 1594 et
1213 1559 1469 1605 sequentibus
1489 1558 1629 1594 maiori
1647 1569 1768 1605 saepe
1787 1557 2017 1604 demagogis
2033 1560 2114 1593 ter-

1155 1612 1235 1647 rori
1255 1612 1430 1657 fuerunt,
1449 1623 1567 1660 quam
1587 1611 1705 1648 totius
1731 1612 1916 1658 Europae
1934 1609 2114 1646 coalitio.

1156 1665 1305 1702 Deinde
1338 1669 1548 1702 cernentes
1570 1693 1577 1708 ,
1605 1676 1648 1702 se
1673 1664 1829 1701 defectu
1862 1663 2008 1700 auxilio
2034 1673 2112 1698 non

1157 1729 1270 1766 posse
1305 1731 1524 1766 procurare
1561 1718 1760 1767 publicum
1795 1717 1911 1766 regni
1942 1718 2086 1754 bonum
2103 1743 2112 1762 ‚

1158 1777 1274 1821 pacto
1302 1774 1412 1819 inito,
1439 1774 1728 1810 consuluerunt
1752 1772 1927 1821 proprio.

1207 1827 1368 1864 Solutae
1387 1828 1447 1864 xi⁰
1469 1827 1626 1864 calend.
1648 1826 1821 1863 octobris
1840 1826 1933 1864 1792
1952 1837 2119 1874 congre-

1158 1881 1307 1928 gationi
1324 1882 1586 1929 legislativae,
1603 1881 1796 1918 successit
1809 1880 1866 1917 sic
1882 1881 2009 1917 dictus
2019 1881 2119 1917 Con-

1159 1938 1290 1973 ventas
1304 1935 1537 1973 nationalis.
1554 1936 1628 1972 Hic
1637 1936 1899 1972 scelestorum
1915 1934 2117 1971 hominum

1161 1996 1297 2028 coetus
1324 1995 1561 2039 potestatem
1578 1992 1733 2038 regiam
1759 1990 1958 2035 abolevit,
1978 1994 2019 2027 et
2044 2000 2117 2037 pro

1161 2049 1242 2082 toto
1259 2047 1460 2083 territorio
1476 2046 1627 2082 Gallico
1644 2044 1945 2092 Rempublicam
1962 2044 2118 2092 procla-

1161 2101 1296 2145 mavit;
1317 2101 1557 2137 Ludovicum
1585 2101 1679 2136 XVI
1699 2100 1737 2135 in
1755 2100 1815 2135 ius
1833 2103 2032 2142 vocatum,
2054 2108 2118 2134 ca-

1162 2155 1252 2203 pitis
1279 2155 1498 2200 damnavit,
1519 2166 1619 2203 quae
1646 2155 1846 2191 sententia
1868 2154 1943 2190 xu⁰
1961 2152 2116 2190 calend.

1164 2209 1336 2245 februar.
1356 2210 1447 2246 1793
1462 2209 1684 2246 executioni
1699 2208 1888 2244 mandata
1903 2207 1988 2245 fuit.
2001 2208 2120 2244 Earn-

1163 2263 1251 2300 dem
1267 2268 1416 2300 sortem
1432 2263 1637 2300 subierunt
1651 2262 1783 2298 Maria
1793 2261 2119 2310 Antoniaregina

1164 2321 1204 2354 et
1227 2317 1458 2354 Elisabetha
1485 2318 1591 2365 regis
1617 2328 1745 2353 soror.
1763 2316 1887 2363 Regis
1905 2327 2044 2353 necem
2060 2327 2119 2354 se-

1165 2375 1256 2408 cuta
1269 2375 1329 2408 est
1349 2371 1557 2408 teterrima
1571 2371 1774 2414 anarchia,
1791 2370 2026 2407 factionibus
2042 2381 2120 2407 non

1166 2425 1294 2462 minus
1313 2426 1352 2462 in
1371 2430 1546 2462 mutuam
1563 2436 1726 2462 suarum
1743 2425 1934 2472 ipsarum,
1949 2435 2066 2473 quam
2081 2423 2120 2461 in

1166 2479 1386 2526 Religionis
1413 2479 1724 2516 destructionem
1744 2479 1917 2516 intentis.
1939 2478 2120 2517 Caeteris

1168 2535 1424 2582 praevalebat
1452 2535 1574 2582 impia
1599 2539 1640 2571 et
1665 2534 1975 2582 sanguinolenta
2000 2533 2119 2571 factio

1170 2589 1507 2635 Ter-roriscarmn,
1535 2600 1634 2637 quae
1662 2590 1823 2637 antiquo
1842 2588 2025 2638 regimini
2051 2590 2121 2625 aut

1168 2645 1340 2681 familiae
1374 2644 1508 2692 regiae
1543 2645 1684 2681 deditis
1724 2646 1788 2681 vel
1829 2643 2023 2692 suspectis
2056 2642 2121 2680 vel

1171 2707 1284 2751 prout
1311 2703 1409 2740 tales
1435 2702 1592 2746 delatis,
1619 2701 1658 2737 in
1683 2711 1870 2738 carceres
1886 2699 2121 2738 coniiciebat

1169 2759 1230 2795 vel
1259 2758 1440 2795 necabat.
1471 2757 1656 2804 Episcopi
1683 2760 1724 2793 et
1750 2755 1992 2805 presbyteri,
2019 2754 2122 2792 anti·

1169 2812 1527 2856 σοηείίίιιίῐοηαίεε,
1546 2812 1689 2860 ubique
1708 2811 1930 2860 conquisiti,
1950 2811 2122 2849 carceri-

1172 2869 1240 2905 bus
1260 2867 1487 2915 mancipati‚
1509 2867 1708 2915 deportati
1733 2871 1774 2904 et
1791 2878 1937 2916 magno
1955 2877 2121 2904 numero

1172 2923 1371 2959 interfecti
1398 2933 1447 2959 ca
1477 2922 1708 2959 crudelitate
1727 2951 1735 2966 ,
1763 2933 1862 2970 quae
1888 2922 1994 2959 inter
2018 2921 2124 2970 ipsos

1172 2978 1337 3025 populos
1362 2977 1551 3013 barbaros
1570 2989 1644 3013 non
1664 2977 1831 3015 videtur.
1852 2978 1894 3014 ln
1920 2977 2024 3026 ipsas
2041 2986 2123 3013 mo·

1173 3032 1296 3069 niales
1326 3032 1535 3080 tyrannica
1564 3043 1704 3069 manus
1730 3032 1934 3077 desaeviit;
1962 3030 2124 3068 Parisiis

1175 3087 1217 3121 17
1242 3086 1484 3123 Carmelitae
1504 3098 1525 3122 e
1544 3087 1733 3123 coenobio
1753 3085 2068 3135 Compendiensi,
2084 3087 2126 3122 et

1174 3140 1392 3177 Arausicae
1413 3140 1457 3177 28
1473 3141 1676 3185 moniales,
1694 3153 1714 3178 e
1730 3141 1897 3178 diversis
1911 3138 2125 3183 coenobiis,

1174 3198 1338 3231 necatae
1365 3198 1468 3239 sunt,
1489 3205 1589 3242 quae
1607 3207 1745 3233 omnes
1771 3195 1857 3244 pari
1875 3205 1922 3231 ac
1940 3192 2127 3231 sacerdo-

1175 3250 1234 3284 tes
1248 3247 1464 3284 christiana
1475 3249 1698 3286 constantia
1707 3246 2122 3299 suppliciasubierunt.
