2241 3473
580 129 707 160 vst
734 129 789 156 An
817 126 1116 156 PONTIFIGATVM
1144 126 1174 154 S.
1205 125 1400 154 GREGORII
1428 123 1497 152 vn.

87 195 270 236 historiae
291 192 578 245 ecclesiasticae
607 193 864 232 monumentis
892 191 1031 230 evinci-

88 253 167 288 tur.
188 248 248 286 Ex
269 245 439 283 auctoris
458 245 700 294 praefatione
721 248 761 283 et
778 256 827 283 ex
847 245 1031 282 universo

89 298 325 339 collectionis
346 302 574 346 argumento
591 299 841 336 manifestum
862 301 933 343 est,
952 309 1033 334 sco-

87 364 178 404 pum
194 350 411 388 collectoris
431 350 558 395 fuisse,
573 354 615 388 ut
630 351 898 400 episcoporum
918 353 1032 387 tran-

89 403 276 454 quillitati
297 403 580 447 consuleretur,
600 403 704 452 iique
733 404 782 440 ab
803 401 1034 450 importunis

89 460 130 496 et
140 456 295 494 iniustis
309 456 619 493 accusationibus
630 456 905 492 liberarentur.
921 455 1036 490 Prae-

89 513 202 548 terea
221 509 364 545 Petrus
384 508 430 545 de
449 508 584 545 Marca
606 506 630 553 ¹,
646 507 843 544 Launoius
863 505 890 551 ²,
906 506 1035 543 Nata-

91 562 139 599 lis
159 561 384 599 Alexander
403 560 431 605 ³,
447 560 590 609 aliique
606 559 866 605 consentiunt,
882 570 952 595 nec
968 557 1037 594 dif-

87 614 222 652 fitetur
259 613 340 661 ipse
373 613 614 656 Blondellus,
651 614 851 650 caeterum
890 609 1036 648 Isidoro

88 666 301 705 Mercatori
321 665 493 702 infensus
512 664 539 709 ⁴,
559 665 710 713 spurias
740 664 835 701 istas
856 663 1035 700 decreta—

88 718 146 757 les
171 718 376 767 plerasque
396 729 416 754 e
444 717 644 754 sententiis
674 718 713 754 et
739 716 867 752 verbis
896 716 1038 762 legum,

91 782 282 809 canonum
304 774 343 806 et
355 770 518 806 Patrum
536 768 765 817 praesertim
782 768 838 806 IV
854 770 893 804 et
907 767 942 804 V
958 778 1039 803 sae-

94 823 170 861 culi
191 834 276 860 esse
297 818 598 867 consarcinatas;
620 832 664 858 ac
691 820 857 869 proinde
878 831 942 856 eas
964 830 1039 856 non

94 875 331 914 constituere
346 874 404 910 ius
420 885 576 910 novum.
594 873 687 914 Quis
703 874 872 921 ignorat,
889 882 1041 908 omnem

95 927 388 965 innovationem
407 929 540 963 contra
563 937 653 962 usus
674 928 847 973 receptos
868 926 907 961 et
928 926 1041 960 vete-

93 992 158 1018 res
178 979 473 1017 consuetudines
502 989 585 1016 esse
606 977 806 1015 odiosam?
826 977 901 1018 Qui
921 976 1044 1025 igitur

95 1033 183 1070 fieri
205 1031 414 1080 potuisset,
444 1034 488 1068 ut
524 1031 658 1067 tantae
696 1030 979 1074 innovationes,
1000 1029 1045 1064 ut

95 1085 154 1122 illi
175 1084 427 1128 contendunt,
455 1083 495 1119 in
516 1082 733 1120 Ecclesiam
755 1082 886 1131 quiete
907 1084 947 1119 et
963 1080 1044 1117 uni-

95 1137 301 1175 versaliter
319 1136 665 1173 introducerentur
681 1135 696 1172 2
712 1136 875 1172 Demum
896 1134 927 1171 si
945 1145 1043 1181 quae

96 1190 171 1227 hoc
191 1191 229 1226 et
257 1189 512 1237 sequentibus
546 1187 712 1225 saeculis
746 1187 985 1225 mutationes
1003 1185 1042 1222 in

98 1239 306 1291 disciplina
325 1240 451 1278 factae
479 1240 635 1286 fuerint,
656 1240 704 1278 iis
733 1252 808 1277 non
831 1239 1046 1277 Isidoriana

100 1293 294 1340 collectio,
306 1294 373 1331 sed
388 1295 607 1343 temporum
623 1293 943 1330 circumstantiae
959 1303 1047 1329 cau-

102 1357 186 1385 sam
207 1346 401 1384 dederunt
419 1345 446 1383 ⁵.

151 1399 214 1436 41.
235 1399 479 1436 Benedictus
495 1398 571 1435 III
582 1399 782 1447 Pontifex
797 1397 883 1448 (an.
899 1395 1045 1446 855)-

97 1451 138 1489 S.
159 1452 287 1488 Leone
307 1451 378 1499 Pp.
402 1450 470 1497 IV,
489 1451 578 1488 xvi⁰
599 1451 782 1488 calendas
802 1450 966 1494 sextilis,
987 1461 1049 1485 an-

99 1515 149 1541 no
169 1502 259 1549 855,
278 1505 452 1548 mortuo,
482 1503 529 1540 ad
558 1515 752 1541 summum
787 1502 1048 1547 sacerdotium

100 1556 248 1594 electus
265 1554 340 1593 fuit
355 1555 591 1593 Benedictus
608 1556 678 1602 III,
689 1557 905 1601 Romanus,
916 1566 944 1592 s.
959 1554 1048 1592 Cal—

98 1608 180 1646 listi
199 1608 304 1646 tituli
324 1609 541 1657 presbyter.
560 1609 637 1646 Sed
658 1609 778 1658 legati
792 1637 802 1654 ,
822 1620 844 1645 a
864 1606 1048 1644 Lothario

99 1662 140 1699 et
167 1661 366 1698 Ludovico
395 1661 573 1709 augustis
592 1662 759 1698 Romam
780 1660 900 1706 missi,
921 1662 964 1696 ut
979 1671 1049 1707 pro

99 1725 208 1752 more
245 1713 448 1750 Pontificis
485 1713 768 1751 consecrationi
800 1713 1049 1757 interessent,

100 1765 262 1804 Arsenio
291 1765 478 1814 Episcopo
509 1766 715 1815 Eugubino
740 1765 974 1814 instigante,
1003 1764 1050 1801 ab

101 1819 249 1866 aliquot
263 1817 434 1855 factiosis
458 1818 679 1867 eligendum
695 1818 937 1856 sustulerunt
951 1819 1051 1855 Ana-

100 1870 284 1916 stasium,
312 1882 430 1919 supra
452 1883 475 1908 a
493 1871 622 1908 Leone
643 1871 700 1909 IV
721 1871 949 1919 depositum.
971 1869 1046 1906 Sed

99 1923 211 1961 brevi
239 1925 325 1971 post
353 1923 634 1972 episcoporum,
664 1923 758 1960 cleri
779 1926 818 1961 et
838 1922 968 1972 populi
988 1933 1050 1959 1²0-

101 1975 207 2014 mani
223 1975 458 2013 testimoniis
475 1978 514 2013 et
530 1976 752 2013 constantia
773 1975 946 2024 superati
966 1974 1053 2011 illas

102 2027 290 2066 factiones
310 2028 576 2065 deseruerunt.
608 2028 816 2066 Anastasio
847 2029 894 2064 ab
924 2027 1052 2064 omni-

101 2081 175 2118 bus
204 2081 322 2117 etiam
351 2081 399 2117 ab
426 2081 486 2126 iis,
503 2081 569 2129 qui
589 2081 623 2117 ei
644 2081 922 2125 adhaeserant,
942 2079 1052 2116 abie-

103 2137 178 2178 cto,
205 2132 440 2170 Benedictus
469 2134 526 2170 III
556 2133 616 2170 die
637 2133 704 2170 111⁰
734 2133 883 2170 calend.
905 2132 1051 2168 octobr.

103 2184 263 2222 solemni
291 2185 369 2222 ritu
396 2185 595 2222 ordinatus
615 2185 702 2230 fuit,
724 2188 764 2223 et
782 2184 1053 2235 pontificatum

104 2237 223 2286 gessit
251 2248 373 2285 usque
402 2238 450 2274 ad
471 2249 615 2274 annum
637 2238 714 2275 858
727 2236 754 2275 ⁶.

156 2289 347 2335 Fuerunt,
366 2290 432 2338 qui
464 2290 566 2327 inter
596 2291 765 2327 Leonem
786 2289 842 2326 IV
862 2291 902 2326 et
922 2289 1053 2327 Bene-

105 2340 249 2378 dictum
268 2341 340 2386 III,
359 2343 385 2379 2
405 2342 517 2379 annis
544 2344 585 2379 et
604 2344 628 2380 5
657 2343 865 2387 mensibus,
885 2342 924 2378 in
947 2339 1055 2378 Petri

107 2393 293 2430 cathedra
305 2393 486 2431 locarunt
511 2395 696 2432 feminam
715 2395 904 2432 Ioannam
925 2393 1055 2442 papis-

108 2456 210 2489 sam,
225 2446 482 2493 producentes
514 2447 739 2484 testimonia
762 2446 932 2484 Mariani
952 2444 1057 2482 Scoti

109 2499 149 2534 et
167 2496 327 2534 Martini
348 2497 496 2536 Poloni.
515 2499 667 2537 Verum
681 2502 869 2548 papatum
889 2499 1058 2535 Ioannae

110 2560 194 2586 esse
213 2548 400 2595 fabulam,
419 2551 492 2598 ipsi
507 2552 610 2589 inter
627 2553 891 2589 heterodoxos
911 2551 1059 2598 sapien-

109 2601 242 2647 tiores,
261 2601 506 2649 Blondellus,
533 2604 765 2651 Leibnitius,
794 2602 1060 2648 Boxhornius,

152 2715 163 2736 ¹
184 2713 362 2746 Concordia
377 2714 532 2746 sacerdot.
549 2717 579 2747 et
594 2716 705 2757 imper.
723 2718 741 2749 1.
763 2718 813 2756 ΙΙΙ,
830 2727 855 2748 c.
873 2718 900 2755 5,
917 2726 947 2748 n.
965 2717 990 2747 1.

151 2756 166 2779 2
181 2756 430 2787 Anti-Bellarm.
447 2756 542 2786 addit.
560 2757 579 2786 l.

152 2796 167 2818 ³
182 2796 261 2827 Hisl.
279 2796 353 2828 eccl.
371 2806 451 2826 saec.
469 2798 490 2833 l,
507 2797 580 2827 diss.
597 2797 644 2827 ⁶21.

152 2837 166 2859 ⁴
182 2836 476 2868 Pseudo—Isidorus
491 2839 520 2867 et
541 2837 717 2869 anrianus
734 2838 935 2879 vapulantes.

154 2877 169 2899 5
191 2878 228 2908 ef
247 2878 358 2908 Baton.
384 2878 421 2907 ad
447 2886 495 2907 an.
521 2877 595 2915 865;
612 2879 665 2908 FF.
690 2879 833 2910 Ballerin.
851 2879 895 2909 De
919 2879 1061 2919 antiquis

114 2917 293 2949 collection.
309 2921 339 2949 et
354 2918 514 2948 collector.
532 2927 644 2948 canon.
665 2928 693 2954 p.
710 2919 750 2950 ΙΙΙ
762 2945 769 2954 ,
786 2929 811 2950 c.
829 2920 856 2956 6,
874 2921 902 2950 in
921 2920 1061 2959 Append.
1098 2924 1102 2927 ’

119 2957 210 2998 Oper.
234 2968 259 2989 s.
274 2960 396 2995 Leonis;
415 2960 433 2988 Ι.
452 2959 626 2995 Marc-hetti,
648 2958 822 2990 Commeat.
839 2960 911 2990 crit.
927 2961 960 2990 in
980 2960 1058 2990 Hisl.

116 2999 190 3029 eccl.
210 2997 242 3030 C,
258 2999 394 3038 Fleury,
418 3000 534 3037 italicc;
550 3000 665 3037 Blasci,
687 2999 729 3030 De
744 3000 929 3030 collectione
946 3000 1062 3032 Isidori

116 3038 318 3111 fiet-gagerig
341 3041 373 3071 F.
389 3039 422 3070 A.
444 3040 602 3079 zaccaria,
623 3040 893 3071 Anti-Febronius
915 3044 972 3072 etc.
990 3041 1060 3072 diss.

161 3103 170 3117 ,
201 3105 206 3109 .
244 3103 250 3109 .

119 3120 348 3191 ὃηῗὲλέιὸἃεῑεεἿ
377 3120 466 3154 Vitae
495 3120 556 3153 [ist.
580 3120 720 3159 Pontif.;
753 3122 846 3161 Pagi,
879 3120 999 3154 Critica
1021 3122 1061 3153 ad

1893 110 1971 149 231

1073 189 1238 236 Caveus,
1259 189 1401 237 aliique
1421 185 1688 231 consentiunt3
1709 183 1909 222 Marianus
1927 185 2026 223 Sco—

1074 246 1136 281 tus
1156 243 1281 280 solum
1294 240 1358 279 xl⁰
1375 243 1414 279 ct
1428 239 1624 279 Martinus
1641 237 1811 275 Polonus
1830 237 1924 274 xm⁰
1937 248 2027 275 sae-

1075 295 1162 333 culo
1173 295 1318 340 ssoruit;
1330 295 1418 331 ante
1435 305 1500 331 eos
1517 291 1644 330 nullus
1661 289 1829 338 scriptor
1844 289 1958 327 istius
1971 290 2028 327 rei

1076 349 1271 393 meminit3
1292 347 1359 384 il-la
1379 346 1513 384 falmia
1533 345 1571 382 in
1589 342 1872 391 antiquioribus
1894 342 2027 379 codici-

1076 402 1148 438 bus
1164 400 1443 437 Chronicorum
1460 397 1626 435 Mariani
1644 398 1684 434 et
1700 395 1862 434 Martini
1883 394 2030 432 deside-

1078 455 1200 498 ratur,
1210 455 1249 489 et
1269 451 1517 499 chronologia
1533 450 1638 487 iuter
1654 449 1823 486 Leonem
1841 449 1880 484 et
1895 447 2026 484 Bene-

1079 505 1224 542 dictum
1241 504 1394 540 nullum
1410 504 1536 540 locum
1553 502 1737 550 relinquit
1760 501 1938 537 Ioannac.
1950 499 2027 536 Un-

1080 558 1217 594 denam
1238 557 1312 594 ista
1329 556 1461 593 fabula
1480 554 1695 600 emerserit,
1718 554 1911 591 incertum
1929 550 2026 599 est¹3

1079 609 1147 646 alii
1167 611 1345 646 auctores
1365 608 1464 645 aliae
1485 608 1587 644 illius
1607 618 1745 644 causac
1765 605 1958 643 adferunt.

1134 662 1195 698 42.
1215 661 1424 698 Ecclesiae
1460 665 1595 697 status
1617 661 1662 696 z'n
1692 659 1905 707 Hispania
1919 658 2027 695 -—In

1081 713 1273 761 Hispania
1291 713 1512 761 Alphonsus
1546 712 1684 749 Castus
1700 741 1709 757 ,
1730 723 1802 748 rex
1832 710 2029 756 Asturiae,

1082 766 1177 803 obiit
1197 777 1258 803 an.
1280 765 1369 802 844.
1391 766 1427 802 Is
1448 765 1577 813 plures
1609 764 1794 800 victorias
1816 763 1863 800 de
1883 762 2031 800 Mauris

1082 818 1230 864 retulit,
1249 817 1382 866 eisque
1405 817 1508 854 ultra
1536 816 1703 853 Durium
1732 816 1898 859 reiectis,
1919 814 2032 863 regni

1084 871 1143 908 sui
1164 871 1309 908 limites
1328 870 1491 919 protulit
1513 871 1553 905 et
1572 869 1702 906 sedem
1720 868 1803 905 eius
1823 869 1953 916 posuit
1972 867 2030 904 Ο-

1084 923 1178 969 veti3
1199 922 1329 970 plures
1349 921 1661 970 elegantissimas
1682 920 1866 957 ecclesias
1886 920 2031 957 excita-

1079 976 1153 1021 vit3
1192 987 1313 1023 eoque
1351 976 1556 1023 regnante,
1596 975 1640 1010 ut
1676 972 1860 1018 traditur,
1890 984 2030 1021 corpus

1085 1041 1114 1068 S.
1135 1028 1263 1065 Iacobi
1300 1027 1460 1066 Maioris
1481 1025 1646 1075 apostoli
1673 1025 1711 1062 in
1746 1025 1945 1062 Gallaecia
1965 1036 2032 1061 re-

1087 1084 1260 1130 pertum,
1282 1083 1322 1118 et
1351 1079 1648 1128 Compostellam
1676 1077 1910 1115 translatum
1931 1079 1991 1114 est
2009 1076 2037 1115 2.

1086 1133 1284 1180 Ramirus,
1303 1144 1504 1170 successor
1539 1130 1750 1179 Alphonsi,
1787 1130 1980 1178 insignem
2001 1142 2040 1166 e-

1086 1188 1183 1225 tiam
1203 1185 1408 1223 victoriam
1426 1187 1471 1222 de
1491 1184 1641 1222 Mauris
1663 1183 1767 1230 tulit,
1787 1182 2037 1232 Normannos

1087 1251 1249 1288 quoque,
1266 1250 1373 1276 oram
1390 1237 1613 1275 Gallaeciae
1630 1235 1872 1281 infestantes,
1889 1235 2036 1272 reiecit.

1088 1294 1189 1330 Eum
1222 1305 1282 1330 an.
1305 1291 1380 1329 851
1403 1290 1559 1338 excepit
1591 1289 1798 1335 Ordonius,
1819 1288 1882 1336 qui
1905 1287 2040 1325 multis

1089 1345 1199 1383 annis
1224 1356 1312 1382 cum
1331 1344 1556 1381 Mahomete
1575 1342 1806 1379 Maurorum
1827 1339 1942 1378 califa
1963 1351 2038 1376 va-

1088 1398 1145 1435 rio
1171 1400 1297 1435 marte
1317 1396 1496 1434 certavit.
1516 1395 1667 1432 Ve'rsus
1686 1394 1898 1431 Pirenaeos
1920 1393 2041 1430 etiam

1090 1450 1299 1489 Christiani
1315 1461 1355 1487 se
1372 1452 1509 1486 contra
1519 1447 1751 1485 Maurorum
1769 1445 2041 1495 aggressiones

1090 1503 1209 1541 tutati
1228 1505 1321 1540 sunt
1336 1503 1435 1539 duce
1455 1501 1565 1549 Inigo
1581 1499 1725 1549 Arista‘
1742 1500 1885 1536 comite
1900 1499 2041 1547 Biger-

1091 1556 1207 1602 rensi,
1219 1556 1284 1604 qui
1296 1556 1343 1592 ab
1357 1555 1432 1591 illis
1444 1565 1512 1590 rex
1529 1554 1694 1598 creatus,
1711 1564 1774 1589 an.
1791 1552 1948 1588 circiter
1962 1551 2041 1587 830

1091 1609 1202 1658 regni
1223 1608 1430 1645 Navarrae
1445 1606 1703 1644 fundamenta
1717 1604 1817 1642 iecit.
1830 1604 1874 1641 Ei
1887 1615 1947 1640 an.
1965 1602 2045 1640 835

1092 1661 1276 1699 successit
1314 1660 1529 1705 Chimenes,
1564 1658 1733 1705 huicque
1771 1657 1881 1705 Inigo
1919 1656 1969 1693 ΙΙ.
1991 1654 2045 1692 Hi

1092 1713 1285 1763 principes
1306 1723 1518 1760 eorumque
1538 1721 1794 1756 successores,
1812 1709 2043 1747 Maurorum

1093 1767 1246 1804 dissidis
1267 1769 1306 1803 et
1333 1764 1445 1802 bellis
1475 1763 1545 1811 usi,
1565 1762 1777 1800 Navarrici
1801 1761 1912 1810 regni
1935 1760 2043 1798 limi-

1094 1823 1153 1857 tes
1164 1819 1290 1868 magis
1302 1818 1503 1866 magisque
1516 1815 1775 1864 protulerunt.
1788 1813 2046 1852 Catalauniae

1093 1874 1224 1909 autem
1236 1873 1275 1908 et
1287 1868 1572 1908 Ruscinonensi
1583 1867 1783 1905 comitatui
1800 1867 2046 1915 imperabant

1094 1935 1205 1973 reges
1224 1922 1377 1961 Franci.
1399 1923 1444 1959 In
1472 1920 1633 1969 reliquis
1654 1920 1863 1969 Hispaniae
1887 1918 2046 1967 provin-

1094 1977 1163 2014 ciis
1182 1976 1399 2025 regnabant
1418 1974 1562 2012 Mauri.
1596 1973 1647 2010 Hi
1667 1984 1728 2010 an.
1768 1972 1845 2009 850
1883 1982 2046 2020 gravem

1094 2028 1403 2078 persecutionem
1421 2028 1459 2064 in
1473 2025 1706 2063 christianos
1718 2025 1955 2070 excitarunt,
1967 2034 2047 2072 qua

1096 2083 1262 2119 durante
1277 2081 1388 2118 multi
1402 2092 1451 2116 ex
1462 2079 1522 2116 his
1534 2078 1752 2116 constantia
1764 2077 1876 2126 plane
1888 2077 2046 2113 heroica

1094 2134 1326 2184 gravissima
1362 2132 1550 2181 supplicia
1577 2131 1782 2168 subierunt
1811 2133 1851 2167 et
1876 2128 2049 2178 palmam

1097 2188 1223 2235 marty
1231 2187 1276 2223 rii
1291 2186 1531 2231 meruerunt,
1544 2194 1707 2231 quorum
1719 2182 1945 2220 memoriale
1962 2192 2050 2217 cum

1097 2238 1368 2277 exhortatione
1389 2238 1437 2274 ad
1454 2236 1690 2284 martyrium
1710 2235 1865 2284 scripsit
1886 2246 1917 2271 s.
1935 2233 2055 2270 Eulo-

1098 2293 1198 2341 gius,
1210 2292 1414 2339 presbyter
1430 2289 1701 2334 Cordubensis,
1717 2289 1781 2337 qui
1798 2290 1837 2325 et
1851 2287 1929 2336 ipse
1946 2296 2051 2322 mar-

1098 2344 1247 2393 tyrium
1268 2355 1403 2391 passus
1424 2344 1484 2379 est
1503 2354 1564 2379 an.
1585 2341 1663 2378 859
1683 2339 1710 2378 3.

1155 2397 1216 2434 43.
1238 2396 1448 2432 Ecclesiae
1462 2399 1594 2432 status
1605 2395 1652 2431 z'n
1676 2393 1834 2441 Anylz'a
1850 2414 1900 2418 ——
1912 2391 1956 2428 In
1971 2391 2053 2428 An-

1100 2449 1179 2497 glia
1198 2447 1451 2485 ecclesiarum
1480 2449 1606 2484 status
1645 2447 1822 2494 graviter
1845 2454 2054 2481 concussus

1100 2501 1176 2539 fuit
1191 2500 1494 2537 dissensionibus
1511 2498 1708 2546 bellisque,
1733 2509 1800 2546 per
1814 2497 1926 2533 initia
1936 2495 2056 2532 liuius

1101 2552 1250 2591 saeculi
1281 2552 1363 2589 fere
1385 2552 1589 2589 continuis,
1611 2552 1683 2588 An.
1709 2550 1786 2587 816
1818 2548 2054 2587 Wulfredus

1102 2605 1416 2654 archiepiscopus
1432 2603 1735 2648 Cantuariensis,
1752 2603 1799 2639 ad
1818 2612 2057 2649 componen-

1103 2659 1194 2695 dum
1216 2658 1469 2694 ecclesiarum
1490 2658 1636 2693 statum
1667 2656 1706 2691 et
1741 2653 2056 2702 prospiciendum

1103 2710 1428 2748 monasteriorum
1449 2707 1571 2756 quieti
1590 2707 1876 2754 commodisque
1889 2735 1898 2750 ,
1921 2705 2054 2742 natio-

1104 2763 1232 2800 nalem
1278 2763 1471 2810 synodum
1517 2759 1644 2807 coegit
1681 2759 1719 2795 in
1753 2758 1837 2795 loco
1882 2757 2054 2805 Celchyt.

1103 2815 1380 2852 Convenerunt
1409 2815 1566 2862 praeter
1597 2810 1793 2859 episcopos
1813 2813 1852 2848 et
1871 2811 2033 2848 abbates
2050 2838 2060 2856 ,

1144 2918 1154 2939 ¹
1173 2919 1210 2949 Cf
1229 2918 1327 2949 Natal.
1353 2917 1453 2952 Alex„
1469 2914 1548 2945 Hist.
1572 2913 1645 2945 ecel.
1663 2922 1747 2945 saec.
1764 2914 1819 2952 lx,
1837 2913 1916 2945 diss.
1934 2912 1969 2950 3;
1987 2913 2006 2942 l.
2023 2913 2061 2942 B.

1104 2960 1218 2995 Palma,
1231 2958 1382 2989 Praelect.
1399 2956 1478 2987 Hist.
1495 2955 1568 2986 eccl.
1588 2958 1606 2984 t.
1625 2954 1667 2993 11,
1684 2958 1763 2994 part.
1781 2955 1811 2994 2,
1827 2965 1852 2986 c.
1868 2955 1903 2992 9,
1919 2953 2061 2990 Sandini,

1110 2999 1196 3031 Vitae
1211 2998 1272 3030 ΗΒ.
1287 2997 1492 3036 Pontificum,
1507 2995 1566 3027 Leo
1583 2994 1633 3027 IV.
1968 3026 1971 3028 ‚

1143 3039 1157 3060 2
1177 3040 1299 3075 Flores,
1317 3037 1444 3076 Eepana
1471 3035 1628 3076 sayracla,
1647 3038 1664 3067 t.
1684 3036 1737 3076 ΙΙΙ,
1753 3046 1781 3076 p.
1800 3036 1838 3069 50
1860 3039 1890 3067 et
1914 3033 1972 3072 563
1988 3034 2061 3065 Bol-

1104 3081 1197 3115 land.,
1212 3081 1292 3109 Acta
1308 3077 1363 3109 SS.
1380 3082 1399 3108 t.
1417 3078 1451 3107 Vl
1468 3078 1518 3107 iul.

1145 3121 1158 3141 ³
1170 3119 1326 3155 bolland„
1342 3118 1422 3149 Acta
1439 3116 1493 3148 SS.
1511 3117 1528 3148 9
1552 3118 1664 3148 martii.
1679 3118 1801 3156 Scripta
1817 3127 1841 3148 s.
1858 3117 1987 3156 Eulogii
2003 3125 2058 3148 ex-

1107 3164 1169 3192 tant
1184 3161 1214 3191 in
1230 3158 1387 3199 Hispania
1403 3158 1520 3190 illustr.
1537 3162 1555 3189 t.
1575 3159 1622 3197 lv,
1639 3163 1668 3190 et
1683 3158 1833 3191 Biblioth.
1850 3158 1911 3191 PP.
1928 3161 1947 3189 t.
1965 3158 2016 3189 lx.
