2241 3473
227 155 304 195 372

170 249 246 275 nae
270 239 428 276 fuerunt
446 239 594 274 Summi
615 238 831 281 pontificis,
850 243 890 274 et
908 238 1117 285 Episcopo-

169 303 255 328 rum
284 291 628 340 expostulationes.

221 346 298 383 Sed
316 358 387 381 nec
408 346 444 380 in
465 345 527 379 via
548 344 743 380 scelerum
763 345 1024 380 substiterunt
1043 345 1116 379 Re-

171 400 328 447 ligionis
346 399 489 434 hostes.
510 397 611 432 Nam
633 409 681 433 ex
700 409 773 444 quo
793 398 1025 444 gubernium
1048 398 1118 433 Pe-

169 455 447 490 demontanum
468 480 475 493 ,
506 451 816 498 Longobardiam
833 482 840 495 ‚
871 452 1118 495 Hetruriam,

171 508 390 548 Mutinam,
421 505 632 547 Parmam,
663 506 871 541 Aemiliam
895 534 902 548 ,
930 506 1118 549 Siciliam,

170 567 284 607 atque
312 559 520 605 Neapolim
549 559 772 605 occupavit,
800 561 838 594 in
868 560 944 595 illis
970 559 1118 605 pariter

170 613 394 660 regionibus
429 612 607 658 ingentia
642 613 746 648 mala
782 613 976 659 Religioni
1011 613 1119 648 illata

169 673 270 703 sunt.
299 667 377 702 lllic
403 667 522 702 etiam
550 667 723 713 episcopi
749 671 789 702 et
807 667 1036 703 sacerdotes
1056 667 1118 714 qui

169 721 320 756 iniustis
347 720 524 766 gubernii
558 720 709 766 legibus
736 725 804 756 aut
822 721 995 757 decretis
1018 720 1119 755 haud

169 773 525 820 obtemperabant,
563 774 624 809 vel
650 773 688 808 in
718 785 901 810 cacerem
929 773 1118 817 coniecti,

168 828 231 864 vel
256 828 372 863 exilio
401 827 538 862 aliisve
567 828 705 873 poenis
731 828 912 871 multati,
943 827 1120 875 religiosi

168 892 215 917 ac
242 881 434 916 moniales
460 881 713 917 monasteriis
740 882 887 925 eiecti,
905 893 1119 929 eorumque

168 935 307 971 domus
323 939 363 971 et
382 935 486 970 bona
503 939 711 981 occupata.
731 936 757 971 li
777 936 840 982 qui
861 935 997 972 eiectis
1017 936 1117 982 prin-

167 989 319 1036 cipibus
344 988 480 1025 fideles
499 993 630 1031 erant,
651 990 713 1024 vel
734 1001 835 1024 novo
856 989 1039 1037 regimini
1060 1002 1116 1026 re-

166 1043 438 1086 sistebant,vel
453 1054 555 1078 novo
571 1043 762 1090 gubernio
774 1048 988 1091 utcumque
1005 1048 1120 1080 erant

167 1096 353 1144 suspecti,
382 1096 420 1131 in
447 1107 635 1132 carceres
662 1097 831 1132 coniecti
857 1100 973 1141 sunt,
1000 1109 1119 1144 saepe

166 1150 322 1197 saepius
349 1150 483 1186 occisi.
511 1150 730 1196 Religionis
756 1150 976 1187 catholicae
1001 1151 1118 1187 hosti-

167 1204 237 1240 bus
254 1203 435 1249 docendi,
454 1204 664 1249 scribendi,
685 1208 725 1241 et
751 1205 973 1242 Ecclesiam
1001 1217 1119 1253 oppu-

167 1258 313 1305 gnandi
334 1259 496 1295 libertas
515 1269 703 1295 concessa
722 1262 795 1303 est;
816 1260 1031 1298 Catholicis
1057 1272 1120 1295 ve—

167 1323 212 1348 ro
247 1324 290 1349 se
329 1324 517 1360 suamque
559 1324 719 1349 causam
759 1313 995 1350 defendendi
1033 1314 1120 1350 iura

167 1366 366 1414 adempta.

214 1421 314 1457 Dum
333 1420 496 1457 sectarii
524 1424 604 1456 tam
623 1422 772 1458 acriter
792 1422 1013 1458 catholicae
1033 1422 1120 1458 reli-

167 1474 272 1521 gioni
291 1474 438 1510 damna
458 1475 696 1519 inferebant,
715 1480 872 1513 ceteras
891 1476 1012 1512 falsas
1034 1476 1119 1513 reli-

164 1529 1119 1578 giones‚praecipueprotestantem,protegebant

164 1582 427 1630 fovebantque
450 1595 458 1625 ;
486 1583 574 1619 hinc
600 1583 757 1620 scholas
785 1584 1045 1621 instituebant
1071 1585 1119 1621 ad

166 1636 409 1673 iuventutem
429 1637 538 1673 iuxta
557 1638 876 1684 protestantismi
897 1639 1043 1686 placita
1062 1639 1118 1674 in-

165 1690 410 1734 struendam,
427 1694 508 1726 tum
526 1691 674 1738 templa
690 1692 911 1738 erigebant,
928 1693 966 1727 in
984 1693 1121 1740 quibus

166 1744 335 1780 ministri
365 1748 635 1791 protestantes
663 1745 838 1792 publicos
868 1750 1003 1782 coetus
1030 1757 1120 1793 age-

167 1799 272 1842 bant,
292 1802 330 1834 et
348 1798 564 1834 catholicos
583 1798 824 1843 alliciebant,
844 1803 887 1835 ut
906 1811 928 1835 a
956 1800 1031 1837 fide
1057 1801 1120 1837 de-

166 1851 344 1889 ficerent.
367 1852 420 1888 At
438 1852 651 1897 incassum3
672 1864 763 1888 nam
784 1854 823 1888 in
844 1854 970 1897 Italia,
989 1855 1027 1890 in
1046 1866 1121 1902 qua

167 1906 385 1941 catholicae
406 1906 607 1952 religionis
627 1911 807 1943 centrum
827 1911 866 1943 et
893 1913 1013 1955 caput
1039 1912 1119 1952 est,

168 1970 245 1994 non
267 1959 412 2007 placita
432 1960 573 2004 solum,
593 1960 662 1996 sed
682 1965 721 1997 et
740 1961 867 2008 ipsum
888 1961 1119 1998 protestan-

169 2014 271 2048 tismi
300 2025 443 2049 nomen
471 2015 636 2061 populus
661 2015 912 2051 exhorrebat.
937 2016 1028 2051 Pius
1049 2016 1120 2063 Pp.

169 2066 220 2103 {X
257 2067 293 2101 in
330 2068 564 2103 consistorio
600 2068 732 2104 habito
759 2069 917 2106 calend.
947 2071 1120 2107 octobris

165 2131 228 2156 an.
259 2121 348 2158 1861
372 2150 380 2163 ,
408 2122 578 2157 Allocut.
609 2122 816 2167 Meminit,
849 2124 906 2159 sic
933 2123 1121 2161 describit

166 2175 432 2211 miserrimam
448 2175 586 2211 horum
606 2181 827 2223 temporum
840 2178 1118 2215 conditionem:

166 2241 186 2261 «
208 2229 307 2265 Hinc
325 2258 334 2271 ,
362 2230 542 2265 omnibus
570 2229 710 2265 divinis
737 2231 999 2278 humanisque
1037 2245 1121 2280 pro—

168 2283 331 2318 culcatis
366 2283 532 2326 iuribus,
563 2287 604 2319 ct
635 2284 916 2320 ecclesiasticis
942 2287 1121 2323 censuris

167 2337 326 2371 omniuo
353 2337 514 2384 spretis,
534 2337 750 2373 Sacrorum
770 2339 978 2375 Antistites
1005 2341 1121 2377 auda-

172 2391 254 2425 cius
281 2391 317 2426 in
346 2391 430 2427 dies
460 2402 483 2426 a
515 2391 682 2438 propriis
713 2392 957 2429 dioecesibus
990 2397 1120 2442 expul-

167 2445 197 2478 si
218 2448 243 2486 ',
259 2450 376 2491 atque
389 2445 509 2481 etiam
526 2445 563 2480 in
580 2456 786 2481 carcerem
800 2447 972 2490 missi,et
988 2460 1122 2495 quam-

169 2499 324 2544 plurimi
353 2498 488 2535 lideles
517 2499 646 2546 populi
679 2500 758 2535 suis
790 2501 918 2536 orbati
956 2505 1118 2548 pastori-

166 2552 248 2593 bus,
277 2557 316 2588 ct
342 2553 544 2600 utriusque
571 2553 676 2590 Cleri
695 2553 770 2588 viri
790 2554 1057 2591 miserandum
1081 2558 1118 2592 iu

166 2606 320 2641 modum
349 2606 535 2650 divexati,
565 2607 822 2655 omnibusque
850 2608 1001 2645 iniuriis
1028 2622 1119 2647 exa-

166 2660 292 2704 gitati,
313 2665 351 2696 et
379 2661 604 2707 Religiosae
626 2661 797 2697 familiae
819 2662 1035 2707 extinctae,
1056 2676 1119 2700 ea·

212 2748 221 2758 ’
245 2748 300 2779 libi
329 2748 463 2789 primum
485 2748 677 2782 Franciscus
699 2748 740 2788 ll,
766 2748 920 2790 pestiillie
941 2758 1043 2781 nonas
1072 2760 1120 2783 sc-

166 2794 300 2835 piorum.
324 2794 421 2834 1860,
440 2794 574 2836 Neapoli
595 2796 724 2829 relicta.
752 2794 890 2836 Capuam
913 2796 996 2826 iuter
1015 2799 1045 2826 ct
1063 2795 1118 2827 Ca-

167 2846 259 2871 ietam
282 2849 314 2872 se
334 2841 455 2881 recepit
469 2865 476 2876 ,
495 2846 527 2872 et
547 2846 678 2882 postero
697 2841 748 2873 «lie
768 2841 931 2873 Garibalili
953 2841 1118 2881 ingressus

166 2891 228 2923 esi,
249 2887 477 2928 neapolitanus
491 2888 635 2919 Antistes
650 2887 702 2919 κιο
718 2887 844 2920 calenil.
857 2887 982 2920 octobr.
998 2888 1034 2919 ab
1052 2890 1119 2929 epi-

166 2931 348 2974 scopalibus
368 2932 499 2963 aedibus
527 2934 693 2976 abreptus,
715 2934 856 2965 Genuam
874 2934 1034 2967 maritimo
1067 2935 1117 2966 ili-

166 2987 240 3009 nere
261 2979 435 3019 perductus
454 2984 501 3009 cst
521 3005 526 3017 ,
549 2980 653 3022 ibique
671 2981 798 3021 aliquot
816 2980 927 3013 (liebus
948 2985 1117 3020 moratus,

166 3023 337 3055 Massiliam
359 3029 447 3056 extra
469 3024 592 3057 llaliain
620 3027 762 3067 perrexit
781 3049 788 3066 ‚
810 3028 892 3058 uuile
915 3032 1024 3068 postea
1056 3026 1120 3058 lto—

165 3078 243 3101 mam
263 3072 368 3111 petiit.
391 3071 428 3102 Αῑ
455 3071 563 3102 clerus
583 3074 789 3114 populusque
815 3074 1042 3114 neapolitanus
1062 3073 1116 3105 Ρη-

164 3119 281 3147 §lert-ui
310 3126 400 3148 suum
431 3116 593 3149 nbsrnlrui
617 3118 765 3155 lugebant
794 3123 824 3149 et
851 3120 995 3160 quetidie
1021 3128 1119 3161 expc-

166 3162 288 3192 tebant.
310 3163 386 3194 llinc
412 3163 573 3204 subalpini
596 3165 815 3202 magistratus,
832 3175 870 3197 nc
891 3166 1017 3197 fervens
1039 3167 1118 3197 Nea—

511 167 677 195 EPOCHA
696 165 789 193 xlll.
813 166 839 191 A
860 164 1043 192 PVBLICA
1064 165 1213 191 RERVM
1235 164 1278 191 IN
1301 164 1470 191 GALLIIS
1489 163 1779 192 SVBVERSIONE

1171 249 1335 284 rumque
1352 236 1515 273 Sodales
1541 248 1563 273 e
1590 236 1669 272 suis
1697 236 1895 272 coenobiis
1922 234 2053 278 eiecti,
2074 234 2123 271 ad

1172 302 1304 327 rerum
1333 291 1507 326 omnium
1529 290 1703 337 inopiam
1719 289 1870 325 redacti
1889 319 1897 333 ,
1927 294 1966 326 et
1993 288 2124 335 Virgi-

1171 356 1241 380 nes
1261 345 1343 380 Deo
1363 355 1503 381 sacrae
1517 355 1658 391 panem
1676 343 1928 379 emendicare
1945 349 2122 386 coactae,

1171 401 1211 433 et
1237 398 1537 445 religiosissima
1564 397 1634 433 Dei
1664 397 1810 443 templa
1836 398 2020 444 spoliata,
2047 397 2124 444 pol-

1170 450 1267 495 luta,
1284 457 1322 487 et
1350 452 1386 486 in
1416 452 1612 487 latronum
1634 451 1841 497 speluncas
1859 461 2066 494 conversa,
2085 453 2126 486 et

1170 515 1289 540 sacra
1316 505 1418 540 bona
1444 504 1598 551 direpta
1618 533 1626 548 ,
1654 508 1694 539 et
1719 504 1993 540 ecclesiastica
2020 510 2127 551 pote-

1171 562 1278 601 stas,
1310 570 1357 594 ae
1386 558 1601 593 iurisdictio
1634 557 1810 601 violata,
1842 562 2033 604 usurpata
2051 586 2060 602 ,
2087 561 2127 594 et

1171 612 1374 648 Ecclesiae
1405 612 1513 657 leges
1544 611 1756 658 despectae
1783 614 1823 647 et
1853 612 2125 647 conculcatae.

1172 664 1274 701 Hinc
1302 666 1482 713 publicae
1516 666 1820 711 depravatarum
1855 664 2127 701 doctrinarum

1171 719 1330 755 scholae
1370 719 1626 762 constitutae,
1654 722 1694 754 et
1720 718 1897 765 pestiferi
1929 719 2048 754 libelli
2086 722 2126 756 et

1171 773 1446 820 ephemerides
1473 785 1494 809 e
1524 772 1697 808 tenebris
1734 772 1902 808 emissae
1921 801 1929 816 ,
1958 783 2006 808 ac
2043 773 2123 809 late

1173 839 1243 874 per
1270 827 1406 863 omnia
1432 828 1519 863 loca
1546 826 1782 862 immanibus
1802 826 1915 863 huius
1933 827 2128 863 scelestae

1172 882 1455 917 coniurationis
1498 880 1718 927 sumptibus
1761 880 1992 928 dissipatae.
2036 881 2130 922 Qui-

1174 935 1243 972 bus
1271 935 1616 983 perniciosissimiS
1643 938 1681 970 et
1709 934 1983 972 abominandis
2010 935 2155 982 scrip--

1173 990 1221 1025 tis
1248 990 1503 1026 sanctissima
1530 989 1626 1025 fides
1648 1017 1656 1032 ,
1686 989 1827 1035 religio
1849 1018 1857 1034 ‚
1885 990 2011 1037 pietas
2032 1018 2041 1033 ,
2069 989 2135 1025 ho-

1172 1047 1321 1087 nestas,
1355 1043 1567 1090 pudicitia,
1596 1042 1747 1090 pudor,
1778 1043 1983 1090 omnisque
2010 1043 2135 1080 virtus

1173 1102 1443 1144 oppugnatur,
1473 1109 1520 1133 ac
1548 1108 1645 1133 vera
1672 1100 1711 1132 et
1737 1097 1975 1133 inconcussa
2006 1101 2136 1134 aeter-

1171 1163 1247 1188 nae
1268 1153 1539 1200 naturalisque
1560 1152 1733 1199 legis,ac
1749 1151 1891 1199 publici
1908 1152 2129 1200 privatique

1173 1205 1270 1243 iuris
1291 1206 1502 1254 principia,
1525 1209 1741 1254 praecepta
1756 1209 2004 1251 evertuntur,
2024 1210 2064 1243 et
2082 1206 2135 1243 le-

1173 1259 1314 1305 gitima
1349 1261 1537 1307 cuiusque
1575 1260 1740 1296 libertas
1762 1288 1770 1304 ,
1808 1259 2034 1307 proprietas
2065 1260 2136 1296 irn-

1175 1312 1330 1359 peditur
1356 1325 1402 1349 ae
1429 1313 1674 1349 domesticae
1695 1313 1882 1360 cuiusque
1904 1313 2075 1350 familiae
2094 1316 2136 1351 et

1173 1366 1296 1402 civilis
1324 1367 1497 1404 societas
1527 1367 1785 1403 fundamenta
1812 1367 2107 1404 labefactantur
2125 1396 2134 1413 ‚

1173 1421 1427 1468 omniumque
1455 1422 1647 1457 bonorum
1681 1421 1788 1457 fama
1814 1421 1922 1457 falsis
1949 1421 2136 1458 crimina-

1174 1474 1362 1518 tionibus,
1393 1476 1654 1523 maximisque
1683 1476 1886 1512 laceratur
1921 1476 2131 1519 conviciis,

1173 1532 1212 1564 et
1238 1530 1426 1566 effraenis
1441 1529 1597 1566 vivendi
1613 1534 1651 1566 et
1678 1529 1866 1577 quidlibet
1892 1529 2060 1566 audendi
2090 1530 2130 1566 li-

1173 1583 1332 1628 centia,
1362 1585 1615 1632 omniumque
1651 1585 1838 1620 vitiorum
1872 1588 1912 1620 et
1943 1595 2129 1621 errorum

1174 1638 1386 1685 impunitas
1406 1639 1597 1675 maiorem
1618 1639 1657 1674 in
1677 1638 1832 1674 modurn
1850 1639 2023 1683 fovetur,
2041 1651 2131 1686 pro-

1175 1696 1364 1738 pagatur,
1393 1704 1440 1729 ac
1468 1696 1740 1740 promovetur.
1769 1692 1897 1729 Nemo
1925 1703 2022 1728 vero
2053 1704 2131 1728 non

1175 1745 1282 1783 videt
1309 1758 1424 1794 quam
1446 1747 1626 1786 luctuosa
1645 1746 1819 1783 omnium
1839 1747 2131 1791 calamitatum,

1173 1801 1384 1845 scelerum,
1405 1805 1446 1838 et
1474 1801 1688 1838 exitiorum
1715 1802 1840 1838 series
1860 1813 1909 1838 ex
1927 1800 2000 1837 hoc
2021 1805 2129 1837 tanto

1174 1855 1318 1902 impiae
1332 1855 1746 1893 rebellionisincendio
1764 1855 1802 1890 iu
1816 1855 2003 1891 miseram
2016 1865 2130 1902 prae-

1174 1910 1311 1945 sertim
1345 1910 1498 1945 Italiam
1533 1910 1832 1946 redundaverit.
1869 1909 2056 1954 Etenim,
2089 1911 2133 1944 ut

1176 1962 1400 2010 Prophetae
1427 1964 1561 2000 verbis
1587 1968 1762 2006 utamur,
1791 1963 2063 2007 maledictum,
2091 1963 2127 1998 et

1173 2017 1434 2057 mendacium..
1455 2020 1490 2054 et
1508 2017 2014 2064 homicidium,etfzcrtzcm,
2035 2019 2070 2052 et
2089 2027 2130 2051 α-

1173 2070 1388 2107 dulterium
1416 2072 1729 2112 inundaeerunt,
1769 2073 1805 2108 et
1834 2070 1999 2118 sanquis
2038 2081 2131 2106 san-

1173 2124 1328 2170 quinem
1358 2126 1487 2172 tetiyc't
1505 2128 1519 2149 ‘2
1539 2140 1572 2159 >›.

1221 2180 1279 2215 69.
1312 2179 1644 2216 *machinationes
1677 2181 1866 2217 adversus
1899 2179 2128 2215 Romam——

1179 2233 1278 2268 Dum
1297 2237 1354 2268 tot
1368 2233 1537 2269 dissidiis
1549 2238 1679 2281 totque
1691 2234 1908 2271 sceleribus
1925 2233 2128 2280 impietate

1181 2290 1297 2333 atque
1319 2287 1566 2323 immanitate
1595 2289 1857 2325 atrocissimis
1876 2287 2038 2324 sectarii
2055 2287 2128 2323 Ita-

1178 2341 1267 2375 liam
1296 2340 1637 2385 dilaceraverant,
1669 2354 1746 2378 non
1775 2342 1985 2379 cessabant
2011 2341 2130 2377 etiam

1177 2394 1328 2430 Romae
1367 2394 1475 2430 urbis
1502 2396 1623 2442 quieti
1651 2397 1830 2433 invidere
1851 2425 1859 2440 ‚
1896 2395 2131 2442 insidiasque

1175 2450 1349 2491 struere,
1367 2449 1583 2496 conarique
1603 2454 1644 2485 ut
1662 2462 1750 2487 eam
1770 2450 1874 2495 dolo,
1891 2449 2127 2498 proditioue,

1174 2501 1443 2546 seditionibus,
1456 2503 1517 2539 vel
1534 2504 1901 2548 armis,caeterisve
1919 2503 2053 2551 pravis
2070 2513 2132 2538 ar-

1175 2555 1275 2591 tibus
1295 2561 1503 2592 mausueto
1520 2556 1701 2594 Pontifici
1717 2559 1931 2606 eriperent.
1954 2558 2008 2594 At
2022 2557 2130 2594 Deus

1174 2609 1237 2655 qui
1259 2610 1403 2646 almam
1424 2611 1573 2647 Urbem
1594 2613 1756 2660 speciali
1786 2612 2035 2660 providentia
2067 2622 2131 2647 cu-

1173 2663 1406 2707 stodiverat‚
1429 2675 1553 2711 prava
1569 2665 1744 2712 ipsorum
1764 2666 1931 2704 consilia
1948 2665 2130 2714 saepissi-

1174 2756 1262 2788 snnt,
1281 2757 1313 2782 nt
1328 2752 1365 2782 all
1381 2760 1470 2783 suani
1487 2752 1591 2784 sedem
1608 2755 1724 2787 reverti
1739 2757 1856 2789 vellet.
1872 2755 1920 2788 lta
1932 2760 2007 2798 post
2032 2755 2129 2788 trium

1173 2797 1302 2829 circiter
1320 2798 1474 2829 niensium
1495 2799 1648 2840 spatium,
1667 2801 1940 2844 archiepiscopus
1959 2800 2129 2843 Neapolim

1173 2844 1278 2874 rediit.
1300 2845 1336 2874 itt
1365 2853 1487 2876 summa
1508 2845 1607 2886 ipsius
1636 2846 1804 2886 vigilantia
1835 2849 2029 2889 fervensque
2062 2851 2132 2880 stu-

1172 2889 1254 2920 ‹lium
1282 2899 1339 2932 pro
1358 2890 1463 2929 gregis
1491 2891 1542 2922 sui
1572 2892 1712 2925 moribus
1740 2894 1864 2936 [ideque
1891 2894 2018 2927 tuendis
2049 2894 2131 2926 assi-

1171 2936 1248 2967 ‹lnos
1268 2936 1474 2968 seductorum
1497 2942 1633 2970 cenatus
1653 2948 1760 2973 cassos
1781 2941 1957 2983 irritosque
1970 2939 2128 2972 reddidit.

1172 2982 1277 3018 Quare
1298 2991 1413 3013 novum
1446 2982 1589 3015 inierunt
1615 2987 1783 3019 eonsilium
1806 3011 1813 3026 ‚
1835 2991 1870 3019 ut
1896 2990 2058 3028 pastorem
2092 2985 2131 3017 ah

1171 3027 1281 3058 nribus
1307 3033 1517 3069 sepaiarenl,
1547 3035 1578 3062 et
1605 3032 1708 3072 pridie
1733 3033 1860 3066 calend.
1890 3035 2020 3073 august.
2042 3030 2123 3064 1861

1170 3072 1409 3105 Centumcellas
1425 3075 1742 3116 11‹=‹luxernnt,nnde
1756 3079 1885 3111 Romam
1907 3079 1975 3120 ipse
1993 3081 2130 3110 conten-

1169 3119 1225 3149 dit.
1245 3120 1285 3150 lle
1301 3120 1359 3151 linc
1379 3121 1499 3152 iniuste
1518 3132 1553 3153 ac
1572 3125 1731 3163 sacrilego
1753 3126 1782 3157 iu
1797 3125 1984 3158 praesulem
1999 3123 2129 3156 scelere

1169 3166 1317 3197 Snnnuus
1333 3166 1481 3198 Pontifex
1500 3168 1562 3199 alte
1580 3171 1799 3210 quaerebatur
1815 3180 1920 3204 coram
1950 3177 2040 3202 sacro
2053 3167 2131 3200 Car-

166 3208 383 3248 pelilanoiuin
415 3209 443 3239 in
473 3211 628 3241 senilium
658 3210 756 3249 inagis
785 3215 973 3250 augeretur,
987 3212 1114 3244 Romaim
1167 3211 1323 3243 ‹liualauiu
1341 3211 1489 3251 Collegit)
1509 3215 1538 3245 iu
1555 3224 1612 3246 sua
1630 3216 1834 3250 allocutione
1849 3215 2003 3249 Meminit
2020 3224 2131 3247 unus-

165 3254 438 3296 archipraesulem
457 3261 601 3296 rogatum
617 3257 787 3294 miseruut,
800 3265 938 3298 eumque
955 3257 1116 3300 deprecati

1167 3258 1318 3297 quisque,
1340 3259 1442 3299 pr'nlie
1461 3259 1590 3293 calend.
1612 3265 1677 3294 oct.
1699 3261 1867 3295 '1861.-2
1892 3262 2007 3301 escas,
2027 3260 2126 3301 IV,2.
