2241 3473
565 144 691 176 VSQVE
718 145 773 172 At>
801 143 1098 172 PONTIFICATVM
1126 145 1156 173 S.
1177 145 1369 174 GREGORII
1398 147 1468 175 vu.

66 213 171 261 sices
192 206 276 259 (an.
297 207 658 258 816-17)-Le0ni
679 209 830 258 Pp.III,
845 220 905 246 an.
921 208 1013 252 816,

69 262 166 300 vm⁰
186 261 273 299 idus
309 260 406 299 iunii
427 261 610 300 defuncto
628 260 654 308 ¹,
673 261 718 300 x⁰
739 262 919 300 calendas
950 259 1012 297 iu-

71 315 113 354 lii
129 315 303 353 eiusdem
319 314 408 352 anni
425 316 605 353 successit
618 315 839 364 Stephanus
850 313 918 359 IV,
933 313 1012 350 Ro-

73 378 222 406 manus.
244 367 317 404 Hic
331 397 339 412 ,
359 380 476 416 quum
507 369 672 417 primum
700 369 954 416 inauguratus
974 365 1011 402 in

71 421 240 459 Galliam
269 421 317 458 ad
339 421 582 458 Ludovicum
604 421 714 458 Pium
736 432 802 469 pro
823 418 1009 456 ecclcsia-

69 486 156 512 rum
188 473 424 511 utilitatibus
451 474 527 511 iter
554 474 734 522 suscepit.
755 472 912 510 Summo
941 472 1013 508 ho-

69 538 160 564 nore
175 538 198 563 a
214 525 411 564 Ludoxico
431 531 628 576 exceptus,
641 538 729 563 eum
745 525 903 573 eiusque
918 535 1011 561 con-

70 579 199 628 iugem
228 579 512 628 Irmingardam
543 579 703 617 Rhemis
731 577 905 615 sollemni
935 577 1012 614 ritu

71 635 259 681 augustos
278 633 490 670 coronavit.
514 633 677 669 Romam
711 631 836 668 redux
860 629 920 668 1x⁰
941 629 1010 667 cal.

70 686 165 724 febr.
186 686 275 723 anni
297 686 511 734 insequenti
530 685 603 722 817
629 685 710 722 vita
730 683 909 729 excessit,
923 694 1011 720 cum

72 738 235 776 sedisset
255 739 278 775 7
299 739 496 776 mensibus
515 735 540 776 ².

127 792 318 830 Postridie
354 798 517 828 mortem
548 789 734 839 Stephani
763 789 910 827 electus
940 788 1013 826 fuit

75 845 276 883 Paschalis
294 845 330 890 I,
350 845 569 888 Romanus,
590 844 650 880 vir
677 854 879 880 sacrarum
899 842 1011 879 litte-

75 909 206 935 rarum
227 903 266 935 et
285 899 475 935 virtutum
494 896 609 934 laude
628 895 776 940 clarus,
796 897 860 944 qui
883 895 1013 933 Eccle-

73 951 171 988 siam
191 951 426 1000 gubernavit
446 962 563 998 usque
584 949 630 987 ad
652 961 714 986 an.
735 949 823 986 824.
846 948 1012 987 Pontifi-

75 1009 165 1041 catu
195 1004 291 1041 inito
310 1003 460 1051 legatos
479 1003 585 1040 misit
604 1002 651 1039 ad
673 1003 914 1039 Ludovioum
935 1003 1011 1039 im-

76 1061 293 1106 peratorem
312 1057 359 1094 ad
374 1055 636 1094 renovandam
655 1055 867 1093 amicitiam
887 1059 925 1091 et
940 1067 1013 1103 pa-

79 1110 248 1148 ctionem
264 1110 313 1147 ab
332 1121 406 1147 avo
429 1109 511 1146 eius
531 1114 570 1146 et
589 1111 699 1157 patre
715 1120 803 1145 cum
819 1109 905 1146 RR.
920 1109 1017 1145 Pon-

78 1163 251 1201 tificibus
283 1163 430 1200 initam.
462 1162 678 1211 Imperator
706 1162 756 1198 ad
785 1161 1013 1198 Pontificem

78 1216 293 1254 transmisit
303 1215 494 1253 celebrem
506 1214 818 1252 constitutionem
828 1215 916 1262 Eyo
928 1214 1015 1251 Lu-

78 1270 268 1314 clom‘eus,
287 1280 364 1317 qua
384 1268 566 1306 Pascbali
586 1268 656 1316 Pp.
672 1269 833 1316 eiusque
855 1279 1015 1304 succes-

78 1322 230 1360 soribus
248 1322 286 1358 in
303 1324 534 1370 perpetuum
551 1321 799 1359 confirmavit
813 1320 1016 1358 civitatem

79 1376 297 1414 Romanam
318 1387 407 1412 cum
427 1375 569 1412 ducatu
591 1386 674 1421 suo,
694 1386 905 1422 omnesque
927 1373 1017 1410 civi-

79 1432 204 1474 tates,
223 1427 404 1475 castella,
426 1427 564 1477 oppida
592 1431 679 1472 ete.,
701 1440 800 1476 quae
829 1428 868 1464 in
897 1438 1017 1464 exar-

82 1482 212 1528 chatu,
231 1481 448 1530 Pentapoli,
469 1481 636 1527 Corsica,
658 1480 851 1527 Sardinia,
872 1480 1020 1526 Sicilia,

81 1534 242 1583 aliisque
271 1535 402 1581 terris,
423 1546 447 1572 a
465 1534 605 1583 Pipino
633 1536 673 1571 et
701 1534 837 1572 Carolo
862 1533 915 1571 M.
935 1534 1019 1570 Ro-

81 1599 220 1626 manae
249 1587 445 1626 Ecclesiae
473 1588 630 1625 fuerant
658 1588 800 1625 donata
820 1587 882 1624 vel
902 1586 1020 1624 resti-

81 1643 180 1679 tuta.
196 1640 240 1678 In
260 1641 396 1679 eadem
411 1640 692 1679 constitutione
707 1641 920 1689 imperator
936 1642 1020 1677 sta-

82 1694 183 1741 tuit,
204 1697 246 1731 ut
265 1695 420 1744 quando
440 1695 489 1731 R.
511 1694 694 1731 Pontifex
714 1706 734 1731 e
751 1694 834 1731 vita
849 1693 1019 1742 migras-

83 1751 163 1793 set,
183 1759 294 1785 nemo
323 1747 470 1796 aliquid
498 1747 591 1784 mali
619 1747 658 1784 in
678 1748 794 1784 terris
822 1747 1023 1784 Romanae

82 1800 268 1838 ecelesiae
296 1800 424 1838 facere
451 1804 739 1849 praesumeret3
761 1803 803 1837 ut
821 1800 854 1836 is
873 1799 939 1848 qui
958 1799 1025 1837 di-

85 1854 176 1891 vina
202 1853 454 1902 inspiratione
484 1866 507 1891 a
526 1854 712 1891 Romanis
739 1854 788 1891 ad
808 1852 1024 1890 Pontifica—

84 1910 169 1945 tum
197 1908 439 1944 concorditer
466 1906 604 1944 fuisset
631 1907 803 1953 electus,
825 1905 1024 1944 confestim

86 1972 192 1998 more
207 1961 390 2011 canon'gzo
407 1963 716 2007 consecraretur,
731 1960 870 1998 deinde
884 1959 933 1997 ad
950 1960 1025 1996 im-

87 2017 308 2063 peratorem
337 2013 458 2062 legati
477 2013 740 2062 dirigerentur
761 2014 809 2051 ad
830 2024 1028 2049 renovan-

90 2068 177 2105 dam
208 2067 421 2105 amicitiam
440 2070 479 2104 et
499 2078 635 2116 pacem
648 2097 657 2113 ,
677 2067 776 2104 sicut
796 2079 819 2104 a
838 2065 1028 2114 tempori-

89 2121 159 2158 bus
188 2117 340 2167 Caroli,
361 2120 509 2168 Pipini,
529 2122 567 2156 et
587 2120 714 2157 Caroli
734 2120 787 2157 M.
809 2132 899 2157 mox
929 2118 1030 2155 obti-

91 2177 232 2211 nuerat
242 2173 266 2212 ³.
287 2172 362 2212 An.
382 2173 460 2211 823
481 2173 630 2210 Romae
650 2173 894 2219 Lotharium,
907 2185 929 2209 a
950 2172 1032 2209 Lu-

92 2227 229 2264 dovico
258 2230 368 2276 patre
399 2227 438 2264 in
458 2227 608 2275 imperii
640 2227 875 2264 consortium
905 2225 1032 2263 adsci-

91 2284 198 2326 tum,
217 2292 359 2318 corona
388 2284 426 2317 et
449 2281 605 2329 augusti
635 2280 788 2317 nomine
813 2278 1034 2323 decoravit,

95 2332 207 2380 eique
227 2336 458 2382 potestatem
479 2333 602 2378 dedit,
625 2335 667 2370 ut
687 2333 874 2370 factiones
891 2334 931 2369 et
949 2335 1038 2370 tur-

97 2386 186 2432 bas,
206 2386 238 2423 si
258 2399 357 2434 quae
378 2387 416 2423 in
440 2387 535 2424 urbe
551 2387 821 2423 excitarentur
834 2416 843 2432 ,
859 2386 1040 2434 reprime—

98 2440 162 2476 ret
183 2443 224 2475 et
252 2439 469 2477 Ecclesiam
497 2440 545 2477 ab
565 2440 735 2477 hostium
756 2439 907 2477 iniuriis
931 2442 1039 2477 tuta-

98 2496 209 2529 retur
227 2490 254 2529 4.
283 2491 483 2530 Monachis
512 2494 680 2541 graecis,
710 2493 775 2540 qui
804 2491 1042 2541 persecutio-

99 2545 158 2582 nis
187 2556 307 2582 causa
344 2546 413 2583 sub
442 2546 740 2594 imperatoribus
776 2544 1035 2583 iconomachis

140 2663 150 2684 1
168 2661 356 2692 Walasridus
374 2660 483 2691 Strabo
504 2659 561 2696 (De
576 2659 671 2691 rebus
683 2660 926 2699 ecclesiasticis,
949 2671 975 2691 c.
994 2661 1045 2699 ⁶21)

99 2704 205 2742 tradit,
223 2702 359 2734 Leonem
383 2710 447 2731 una
473 2700 526 2731 die
541 2702 658 2740 sepcies
677 2703 726 2732 vel
742 2702 848 2733 nevies
864 2702 1044 2733 Missurum

98 2744 260 2776 solemnia
279 2743 410 2783 saepius
426 2741 598 2774 celebrasse
610 2743 769 2781 ,fidelium
786 2742 943 2774 relatione
962 2744 1044 2775 eiro-

97 2794 180 2817 rum.
196 2785 283 2817 Card.
302 2787 398 2820 Bona,
414 2793 487 2814 vero
504 2782 588 2820 (ster.
605 2783 760 2824 Licuryic.
779 2784 797 2815 l.
816 2786 842 2821 1,
860 2794 886 2816 c.
907 2784 955 2822 18,
972 2784 987 2825 ἕ
1004 2785 1043 2823 5),

99 2827 194 2858 multa
211 2830 351 2858 recenset
359 2827 539 2856 Sanctorum
555 2825 688 2856 virorum
704 2826 910 2865 exen1pla‚qui
930 2827 1043 2865 pluries

101 2877 160 2900 uno
173 2867 418 2899 dieSacrificium
436 2865 639 2905 peragebant,
649 2866 733 2896 nulla
746 2868 837 2897 etiam
853 2871 981 2906 urgente
994 2878 1044 2899 ne-

101 2911 254 2946 cessitate,
267 2918 301 2940 ex
316 2909 381 2939 sola
396 2909 508 2947 pictate
524 2907 554 2936 in
568 2907 671 2943 Deum;
684 2908 755 2946 quia
772 2909 911 2938 nimirum
929 2917 967 2940 ea
980 2914 1044 2939 erat

100 2951 223 2982 illorum
239 2955 410 2987 temporum
428 2947 631 2985 consuetudo,
648 2957 736 2987 quam
755 2953 863 2987 postea
879 2950 1044 2990 abrogavit

102 2992 274 3023 Alexander
288 2992 325 3029 11,
340 2989 524 3021 Vid.Bened.
540 2990 609 3026 XIV,
623 2988 666 3019 De
678 2987 844 3029 Sacrificio
857 2991 982 3030 Missae,
998 3001 1045 3022 se-

103 3037 141 3064 et.
157 3034 194 3069 11,
210 3042 237 3063 n.
254 3032 292 3064 33
309 3035 338 3063 et
354 3032 400 3063 36.

143 3075 157 3096 ²
174 3075 282 3105 Baron.
301 3074 339 3103 ad
356 3082 403 3103 an.
421 3071 541 3103 Sia-17.

144 3115 159 3136 ³
173 3115 246 3146 lbid.
263 3120 292 3146 et
306 3115 408 3146 Baluz.
421 3112 598 3154 Gupilzilur.
617 3116 636 3143 t.
654 3113 672 3150 l,
686 3122 713 3152 p.
732 3112 801 3151 791;
815 3113 926 3153 Labbe,
944 3117 965 3147 t.
982 3115 1042 3153 vu,

104 3165 133 3195 p.
150 3156 238 3188 1515.

145 3198 159 3219 ⁴
175 3198 285 3229 Baton.
302 3200 332 3228 et
352 3197 439 3237 Pagi,
456 3196 495 3227 ad
513 3204 562 3226 an.
577 3194 646 3226 823.

1857 137 1933 176 221

1057 208 1224 248 Romam
1244 211 1736 260 confugerant,liberaliter
1755 211 1938 250 subvenit
1951 214 1991 251 et

1057 263 1335 301 monasterium
1351 265 1457 302 dedit
1472 266 1652 314 opulento
1668 277 1783 304 censu
1799 265 1989 304 dotatum.

1108 316 1170 353 25.
1191 316 1471 355 Dz'ssz'dz'erum
1492 320 1614 356 initia
1635 321 1680 357 in
1703 319 1842 356 Gallia
1852 318 1989 356 —Ve-

1057 375 1274 406 rumtamen
1303 381 1421 419 supra
1450 374 1665 410 memorata
1683 371 1835 421 imperii
1863 372 1990 420 parti-

1057 421 1131 467 tio,
1152 433 1175 458 a
1202 422 1400 461 Ludovico
1420 424 1490 461 Pio
1517 425 1621 462 inter
1639 425 1736 462 filios
1756 436 1846 462 suos
1865 424 1991 471 facta,

1056 474 1237 522 gravium
1267 475 1512 514 dissidiorum
1539 479 1820 526 turbarumque
1840 477 1991 516 occasio

1056 527 1207 573 extitit,
1227 530 1271 565 ut
1301 528 1404 566 infra
1432 530 1660 569 videbimus.
1681 531 1903 569 Bernardus
1922 542 1993 569 rex

1056 580 1213 625 Italiae,
1243 580 1432 618 electione
1467 583 1640 620 Letharii
1678 585 1762 622 iure
1791 584 1839 622 ad
1867 584 1993 632 impe-

1057 633 1172 680 rium,
1193 633 1239 670 de
1260 645 1334 682 quo
1354 636 1626 680 contendebat,
1647 637 1838 686 delapsus,
1855 637 1903 675 ab
1918 637 1994 674 im-

1058 688 1235 735 peratore
1264 689 1406 736 patruo
1426 699 1494 725 suo
1522 689 1747 736 rebellavit;
1766 691 1833 728 sed
1854 702 1994 740 prope-

1056 739 1233 777 rantibus
1251 740 1289 777 in
1311 740 1463 778 Italiam
1485 741 1670 780 Ludovici
1693 743 1752 780 Pii
1773 743 1891 791 copiis
1907 755 1992 792 per-

1056 793 1242 840 territus,
1263 805 1304 831 se
1333 793 1369 830 ei
1398 793 1554 832 dedidit.
1582 795 1798 844 Imperator
1825 796 1998 834 Bernar-

1057 846 1170 892 dum,
1200 857 1223 883 a
1251 846 1411 884 concilio
1441 847 1546 896 regio
1575 849 1715 896 capitis
1745 849 1998 895 damnatum,

1058 902 1210 937 mutata
1237 900 1432 937 sententia
1460 902 1665 938 excaecari
1687 902 1818 948 iussit,
1840 903 1938 940 unde
1964 903 1997 940 is

1058 953 1170 1002 paulo
1209 957 1296 1002 post
1323 965 1417 1001 prae
1446 953 1577 991 dolore
1605 957 1781 992 mortuus
1810 960 1889 1002 est;
1917 958 1998 993 tres

1057 1005 1267 1055 episcopos,
1284 1006 1512 1044 Anselmum
1527 1006 1870 1054 Mediolanensem,
1884 1009 1999 1047 Wui-

1058 1059 1216 1096 fondum
1237 1059 1534 1097 Cremonensem
1555 1065 1595 1098 et
1614 1060 1909 1109 Theodulphum
1927 1063 2002 1099 Au-

1060 1112 1317 1150 relianensem
1332 1143 1341 1158 ,
1361 1113 1584 1151 rebellionis
1609 1114 1803 1160 conscios,
1825 1114 1888 1152 vel
1909 1127 2000 1162 par-

1059 1165 1206 1215 ticipes,
1222 1167 1261 1202 in
1282 1166 1429 1214 synodo
1451 1167 1592 1216 deponi
1613 1169 1652 1204 et
1672 1167 1917 1205 monasteriis
1936 1168 2000 1204 in-

1060 1219 1165 1256 cludi
1194 1219 1416 1266 mandavit3
1436 1221 1516 1257 tres
1544 1221 1777 1268 posteriores
1805 1221 1925 1270 patris
1944 1220 2003 1258 sui

1061 1272 1181 1318 filios,
1209 1272 1512 1318 Theodoricum,
1542 1274 1761 1323 Dragonem
1799 1277 1839 1311 et
1866 1274 2003 1321 Hugo-

1062 1337 1146 1363 nem
1159 1355 1168 1372 ,
1190 1337 1238 1363 ne
1258 1326 1447 1362 Bernardi
1467 1327 1646 1375 exemplo
1666 1338 1726 1364 res
1743 1339 1864 1365 novas
1884 1327 2000 1365 moli-

1062 1382 1216 1425 rentur,
1235 1379 1343 1416 tondi
1365 1383 1405 1416 et
1425 1380 1665 1419 monasteriis
1685 1380 1902 1429 mancipari
1919 1381 2003 1417 ius-

1062 1433 1122 1470 sit.
1136 1433 1278 1470 Postea
1299 1445 1392 1470 vero
1414 1434 1534 1478 ratus,
1554 1445 1593 1471 se
1613 1434 1652 1470 in
1673 1434 1899 1483 castiganda
1914 1434 2005 1471 Ber-

1066 1486 1177 1523 nardi
1196 1485 1406 1523 rebellione
1426 1486 1596 1524 iustitiae
1616 1486 1760 1524 limites
1779 1491 2006 1536 transgres-

1064 1551 1148 1577 sum
1163 1569 1172 1586 ,
1193 1551 1269 1586 eos,
1290 1551 1385 1587 quos
1404 1539 1521 1576 exilio
1542 1542 1610 1577 aut
1630 1552 1789 1578 carcere
1808 1540 2008 1586 affecerat,

1064 1593 1237 1630 restituit
1251 1622 1260 1639 ,
1281 1599 1320 1630 et
1339 1605 1440 1630 anno
1459 1593 1536 1631 822
1555 1594 1595 1630 in
1615 1594 1788 1643 generali
1809 1593 1910 1642 apud
1929 1595 2006 1630 At-

1065 1646 1252 1684 tiniacum
1281 1648 1475 1684 conventu
1503 1647 1698 1695 publicam
1728 1646 2004 1696 poenitentiam

1065 1700 1145 1749 egit
1166 1697 1191 1737 ¹.

1118 1752 1393 1790 26.Ecclesz·ae
1403 1757 1536 1790 status
1548 1755 1592 1790 z‘n
1606 1753 1866 1792 Oriente—In
1879 1751 2012 1790 Orien-

1068 1810 1107 1844 te
1128 1807 1342 1855 imperator
1370 1806 1447 1843 Leo
1474 1808 1671 1844 Armenus
1700 1806 2013 1856 persecutionem

1071 1864 1204 1898 contra
1225 1872 1273 1897 ss.
1295 1859 1487 1908 Imagines
1507 1871 1721 1909 earumque
1739 1860 1907 1898 cultores
1923 1871 2012 1896 eon-

1072 1913 1244 1951 tinuavit
1274 1925 1396 1961 usque
1417 1913 1465 1950 ad
1493 1915 1656 1951 mortem
1677 1925 1812 1960 suam,
1836 1917 1880 1951 ut
1899 1924 2016 1960 supra

1073 1967 1243 2004 diximus
1263 1966 1288 2004 ².
1311 1967 1366 2003 Eo
1395 1978 1455 2004 an.
1483 1966 1560 2004 820
1589 1967 1781 2013 extincto,
1811 1966 2016 2015 imperium

1074 2032 1258 2069 graecum
1293 2020 1458 2068 adeptus
1493 2024 1551 2057 est
1586 2019 1756 2058 Michael
1792 2019 2016 2068 cognomine

1059 2073 1220 2111 Balbus
1236 2102 1246 2119 ,
1267 2072 1525 2121 regnavitque
1556 2085 1678 2122 usque
1699 2074 1745 2111 ad
1768 2086 1829 2111 an.
1851 2073 1938 2111 829.
1960 2072 2017 2118 Is,

1081 2126 1406 2176 quemadmodum
1445 2126 1722 2165 Constantinus
1751 2127 2018 2176 Copronymus

1080 2181 1246 2226 fecerat,
1264 2179 1364 2217 bello
1395 2179 1519 2224 civili,
1539 2193 1561 2217 a
1583 2181 1734 2218 Thema
1761 2181 1857 2218 duee
1885 2181 2019 2216 contra

1080 2246 1167 2271 eum
1198 2236 1409 2279 commoto,
1429 2233 1679 2281 perterritus,
1699 2233 1810 2271 initio
1836 2245 1876 2271 se
1897 2233 2018 2269 bene-

1083 2287 1211 2324 volum
1233 2298 1327 2334 erga
1347 2286 1567 2324 Catholicos
1587 2287 1806 2334 simulavit3
1826 2287 1893 2324 sed
1910 2285 2019 2322 dein-

1083 2342 1129 2378 de
1142 2370 1154 2384 ,
1175 2341 1222 2377 ab
1242 2339 1319 2376 isto
1339 2341 1446 2376 metu
1468 2340 1652 2377 liberatus
1665 2370 1673 2386 ,
1695 2352 1771 2386 eos,
1792 2338 2019 2389 praesertim

1085 2393 1293 2431 monachos
1309 2423 1318 2438 ,
1339 2393 1409 2441 qui
1437 2394 1681 2430 constantius
1701 2404 1899 2431 sacrarum
1919 2391 2020 2428 ima-

1085 2448 1220 2497 ginum
1240 2445 1391 2483 cultum
1411 2446 1696 2492 defendebant,
1716 2447 1926 2484 insectatus
1945 2446 2021 2488 est,

1085 2502 1274 2538 bonorum
1303 2499 1552 2547 spoliatione,
1573 2500 1712 2546 exilio,
1741 2499 1877 2548 capitis
1904 2497 2022 2535 etiam

1087 2565 1210 2602 poena
1229 2553 1268 2590 in
1288 2552 1373 2589 illos
1393 2553 1707 2590 animadvertens
1726 2552 1752 2590 3.

1140 2606 1218 2644 Sub
1238 2605 1355 2654 impio
1376 2606 1448 2642 hoc
1468 2606 1787 2655 imperatore,an.
1803 2605 1879 2642 823
1895 2602 2023 2641 Mauri

1088 2672 1136 2697 ex
1156 2659 1344 2708 Hispania
1372 2671 1460 2696 cum
1482 2659 1627 2708 ingenti
1658 2659 1779 2695 classe
1799 2657 2026 2694 invaserunt

1087 2720 1126 2750 et
1145 2716 1387 2761 occuparunt
1406 2712 1570 2749 insulam
1591 2712 1764 2756 Cretam,
1786 2711 2025 2748 Graecorum

1088 2765 1249 2814 imperio
1280 2765 1486 2802 subditam.
1514 2764 1699 2801 Saraceni
1720 2776 1769 2801 ex
1788 2763 1919 2801 Africa
1938 2765 2024 2800 tra-

1087 2819 1266 2856 iecerunt
1285 2819 1322 2854 in
1343 2818 1534 2863 Siciliam,
1553 2829 1716 2865 eamque
1735 2829 1796 2854 an.
1817 2817 1894 2854 827
1909 2828 2026 2853 occu-

1089 2874 1240 2921 parunt.
1271 2871 1417 2908 Eodem
1452 2874 1626 2917 tempore
1654 2870 1860 2907 Dalmatae
1889 2870 2027 2918 iugum

1089 2927 1367 2974 imperatorum
1387 2924 1627 2960 Graecorum
1644 2927 1898 2961 excusserunt
1913 2927 1953 2960 et
1967 2922 2025 2959 sui

1086 2979 1181 3015 iuris
1203 2976 1293 3014 facti
1314 2979 1416 3013 sunt.

1127 3115 1140 3167 ζ)
1156 3115 1274 3165 Αἴξ-ἵνοη.
1290 3110 1471 3179 ctQThegan.
1495 3108 1563 3141 Vita
1578 3109 1731 3142 Ludovici
1747 3109 1811 3142 Pii.

1126 3169 1141 3216 ’Ξ
1158 3152 1463 3227 ἴὲῖᾇὲὲῗᾶὗιέοιίονί
1479 3191 1625 3225 Studium
1646 3195 1676 3225 et
1691 3203 1713 3224 s.
1730 3191 1895 3226 Methodii.
