2241 3473
259 118 311 157 86

201 192 372 230 rieorum
394 201 575 228 consessu
597 189 812 226 orationem
822 188 1018 225 habuerat
1033 189 1079 225 de
1099 200 1146 226 ss.

200 245 407 282 Trinitate.
430 244 547 281 Arius
567 253 654 279 eam
675 253 905 290 oppugnans
926 241 1123 278 contendit
1139 271 1148 287 ,

200 299 376 336 Verbum
397 309 462 333 seu
483 295 626 333 Filium
649 306 723 330 non
745 306 829 331 esse
850 307 870 330 e
890 294 1021 331 Patris
1050 296 1147 332 sub-

200 352 345 389 stantia
366 349 556 399 genitum,
576 348 640 385 sed
660 347 781 384 libera
797 348 928 384 Patris
944 347 1147 386 voluntate

199 417 220 441 e
243 404 362 441 nihilo
383 403 647 451 procreatum3
668 403 757 437 ante
769 412 902 438 omnes
918 412 981 438 res
996 404 1148 440 creatas

201 457 322 494 fuisse
339 456 584 505 productum,
604 455 821 490 nontamen
837 457 1055 501 aeternum3
1071 467 1146 492 non

200 522 285 548 esse
306 509 388 546 veri
409 507 572 544 nominis
592 507 729 553 Deum,
746 507 813 544 sed
825 510 1048 545 creaturam
1065 521 1149 546 cae-

198 563 294 600 teris
329 559 676 610 praestantiorem3
716 561 846 597 vocari
884 561 1029 598 Filium
1058 562 1147 608 Dei,

197 618 389 664 quatenus
409 614 448 650 in
468 612 541 650 Dei
562 613 759 651 creatione
780 613 911 662 opifex
930 618 970 652 et
990 615 1146 652 divinae

200 665 499 716 omnipotentiae
521 666 845 713 instrumentum,
866 668 913 705 ad
940 668 1145 717 specialem

199 721 352 758 divinae
386 720 538 769 gratiae
565 722 603 757 et
632 719 780 769 gloriae
808 721 1147 770 participationem

197 787 263 812 seu
285 773 523 811 consortium
540 773 717 810 elevatus
747 773 876 812 fuerit.
894 774 996 812 Hinc
1027 778 1147 824 patet,

195 830 384 876 quantum
405 839 428 863 a
448 838 542 863 vero
563 827 749 864 aberrent
768 828 833 876 qui
862 828 1018 875 dicunt,
1048 841 1146 866 con—

196 880 429 917 troversiam
448 879 552 917 inter
571 880 707 917 Arium
729 880 889 929 eiusque
917 881 1089 920 fautores
1109 885 1148 919 et

195 933 412 972 Catholicos
433 933 557 970 solum
577 933 797 971 constitisse
817 934 856 971 in
885 935 1017 972 subtili
1046 948 1145 984 qua-

195 989 284 1025 dam
303 999 434 1024 rernm
453 986 691 1035 expositione
702 987 1009 1025 etterminorum
1027 1002 1145 1027 usur-

195 1040 372 1087 patione,
395 1052 485 1077 eum
515 1043 647 1076 tamen
681 1045 940 1088 quaereretur
978 1042 1024 1079 de
1065 1044 1147 1092 ipsa

196 1094 317 1131 Verbi
337 1096 376 1131 et
393 1093 538 1132 Christi
558 1094 646 1130 Iesu
669 1094 888 1141 divinitate,
910 1096 1083 1144 adeoque
1100 1097 1146 1133 de

195 1147 395 1196 religionis
433 1147 670 1184 christianae
704 1146 972 1186 fundamento.
1000 1149 1145 1195 Arius,

195 1200 259 1249 qui
281 1213 368 1237 cum
390 1202 553 1238 externa
573 1201 775 1238 honestate
793 1206 832 1238 et
847 1202 1042 1240 suavitate
1065 1215 1146 1240 mo-

195 1265 283 1291 rum
304 1254 561 1292 eruditionem
577 1284 586 1298 ,
608 1254 831 1292 facundiam
851 1259 891 1292 et
912 1257 1035 1293 artem
1059 1257 1145 1294 dia-

196 1307 374 1345 lecticam
394 1308 496 1345 haud
518 1308 720 1356 vulgarem
742 1309 1014 1357 coniungebat,
1033 1322 1146 1348 suas-

195 1373 269 1410 que
311 1361 528 1399 sententias
567 1373 745 1399 sermone
775 1365 814 1399 et
844 1363 1019 1412 scriptis,
1048 1364 1150 1402 inter

194 1426 295 1462 quae
316 1415 468 1452 celebre
489 1419 547 1452 est
573 1415 731 1460 Thalia,
748 1417 1059 1463 commendabat,
1073 1430 1146 1455 non

195 1480 338 1516 paucos
359 1468 573 1506 asseclasin
587 1469 693 1506 ciero
705 1469 896 1518 etpopulo
918 1473 1058 1508 nactus
1078 1476 1147 1510 cst.

247 1522 470 1559 Alexander
503 1522 747 1570 patriarcha,
776 1525 981 1571 postquam
1010 1525 1147 1562 Arium

193 1575 241 1612 ad
252 1575 443 1612 saniorem
456 1579 624 1613 mentem
642 1588 828 1613 revocare
844 1576 989 1615 frustra
1005 1579 1149 1617 tentas-

193 1631 272 1674 set,
292 1641 352 1666 an.
373 1629 450 1667 320
470 1628 732 1667 Alexandriae
758 1631 949 1678 synodum
973 1631 1047 1668 100
1068 1632 1148 1671 fere

193 1681 462 1731 episcoporum
489 1694 539 1720 ex
559 1683 740 1732 AEgypto
771 1688 810 1720 et
837 1684 964 1732 Lybia
992 1685 1157 1734 indixit,

193 1734 232 1772 in
263 1747 342 1784 qua
369 1735 485 1774 Arius
515 1736 734 1782 damnatus,
763 1737 959 1786 depositus
987 1741 1027 1776 et
1056 1752 1143 1778 cum

193 1789 371 1826 omnibus
398 1789 478 1826 suis
502 1790 657 1827 asseclis
687 1792 1050 1830 excommunicatus
1075 1797 1144 1833 est.

195 1842 306 1879 Tune
321 1842 439 1879 Arius
454 1842 492 1879 in
509 1843 790 1889 Palaestinam,
806 1844 945 1882 deinde
960 1846 999 1882 in
1011 1847 1143 1885 Asiam

194 1895 380 1932 minorem
402 1907 442 1932 se
470 1896 653 1942 contulit,
685 1896 746 1933 ubi
775 1897 906 1945 pravis
936 1899 1085 1938 artibus
1106 1904 1145 1938 et

194 1948 387 1997 ambiguis
406 1948 497 1986 fidei
517 1949 820 1987 confessionibus
835 1951 968 1998 plures
987 1953 1145 2002 sibiepi-

193 2013 327 2050 scopos
347 2002 693 2049 conciliavit,inter
705 2015 799 2051 quos
815 2005 1051 2054 praecipuus
1063 2007 1145 2045 eius

194 2058 380 2103 patronus
411 2055 483 2092 fuit
504 2056 706 2101 Eusebius,
727 2057 927 2106 episcopus
957 2059 1142 2097 Nicome-

194 2107 338 2146 diensis
353 2108 390 2145 in
408 2108 606 2158 Bithynia.
620 2109 732 2146 Unde
748 2109 897 2147 factum
918 2114 989 2158 est,
1011 2117 1053 2150 ut
1072 2114 1145 2151 hac

193 2163 461 2199 controversia
487 2174 621 2200 onmes
648 2162 729 2200 fere
759 2163 927 2201 Orientis
962 2167 1144 2204 ecclesiae

192 2227 232 2252 se
254 2215 524 2264 implicarent3
551 2219 590 2253 et
611 2228 685 2253 non
713 2218 866 2254 tantum
901 2218 1044 2266 cleriei,
1080 2222 1143 2258 sed

193 2268 313 2305 etiam
343 2268 380 2305 in
412 2269 572 2306 urbibus
601 2272 641 2306 et
668 2269 777 2318 pagis
807 2270 894 2308 laici
926 2275 1034 2310 tanto
1056 2286 1143 2311 cum

192 2325 302 2359 aestu
325 2322 370 2359 de
392 2322 557 2360 materia
590 2328 840 2361 controversa
874 2324 1119 2373 disputarent
1138 2358 1146 2373 ,

193 2377 236 2412 ut
256 2375 414 2424 Religio
435 2376 647 2413 christiana
667 2389 691 2414 a
707 2377 918 2426 gentilibus
929 2379 967 2415 in
979 2380 1146 2419 theatris

193 2428 287 2466 risui
308 2429 461 2477 publico
482 2433 746 2478 exponeretur
768 2429 791 2467 ¹.

244 2482 352 2523 Quae
373 2494 459 2519 cum
482 2483 733 2521 rescivissent
752 2495 780 2520 s.
803 2483 991 2522 Silvester
1015 2487 1085 2535 Pp.
1108 2491 1146 2524 et

192 2535 472 2573 Constantinus
486 2535 710 2585 imperator,
724 2537 770 2574 de
786 2540 1061 2587 componendis
1078 2541 1149 2578 dis-

195 2588 306 2625 sidiis
340 2590 603 2627 contulerunt.
635 2590 828 2628 Convenit
861 2592 963 2629 inter
997 2605 1074 2638 eos,
1106 2597 1148 2631 ut

196 2641 330 2688 Osius,
360 2642 560 2691 episeopus
589 2643 847 2682 Cordubensis
877 2646 913 2681 in
946 2646 1147 2695 Hispania,

195 2695 304 2732 cuius
323 2697 549 2734 auctoritati
572 2698 609 2733 in
628 2698 743 2735 rebus
763 2698 1038 2738 ecclesiasticis
1055 2705 1146 2738 tunc

190 2749 373 2796 temporis
395 2749 561 2787 inultum
583 2750 844 2796 deferebatur,
866 2752 1144 2791 Alexandriam

192 2802 404 2845 legaretur.
428 2803 462 2840 Is
483 2816 542 2841 an.
564 2804 640 2841 324
663 2805 857 2854 copiosam
879 2805 1144 2855 cpiscoporum

191 2854 474 2903 Acgyptiorum
497 2858 687 2906 synodum
719 2859 848 2908 coegit
869 2860 1144 2898 Alexandriae.

191 2908 285 2944 Cum
306 2920 397 2945 vero
414 2912 501 2946 acta
519 2912 632 2949 huius
648 2913 787 2961 synodi
801 2913 1142 2958 exciderint,haud

189 2961 301 3009 plene
320 2965 493 3009 constat,
513 2976 610 3012 quae
642 2966 679 3002 in
701 2979 746 3003 ca
766 2969 877 3015 gesta
898 2966 986 3003 sint.
1004 2967 1146 3005 Scribit

189 3025 220 3051 s.
241 3015 490 3061 Athanasius,
511 3018 732 3056 (Jolluthum
761 3020 1029 3069 presbyterum
1051 3021 1144 3058 Ale-

233 3125 239 3145 ¹
259 3128 287 3155 S.
306 3128 469 3165 Albanas,
495 3129 582 3159 lirae.
607 3130 632 3160 ΙΙ
658 3137 772 3161 contra
794 3132 925 3168 Ari‹1n.;
942 3142 967 3162 S.
985 3133 1143 3171 Epiphan.,

190 3166 326 3199 Ham-es.
341 3170 396 3205 603
412 3170 604 3205 'theodorem
620 3171 718 3202 Νηῦν.
735 3172 834 3211 fabul.
852 3174 868 3203 Ι.
886 3174 909 3209 Ι,
926 3178 955 3204 ei
970 3172 1049 3205 [lise.
1069 3175 1142 3206 cccl.

191 3234 197 3240 .
216 3209 236 3247 1,
254 3220 278 3240 c.
296 3210 365 3249 3-1;
383 3212 551 3251 sozomen,
569 3213 656 3245 Jltsc.
672 3215 744 3246 eccl.
763 3215 781 3245 Ι.
799 3215 821 3253 1,
838 3226 862 3246 c.
884 3215 892 3245 1
909 3214 929 3246 t.

677 126 835 153 EPOCHA
862 126 918 152 111.
947 125 975 150 A
1003 122 1276 151 CONVERSIONE
1304 124 1572 152 CONSTANTINI
1599 127 1642 153 M.

1188 188 1438 235 xandrinum,
1454 188 1523 237 qui
1541 189 1665 226 Deum
1683 201 1806 238 neque
1822 189 2014 228 malorum
2032 191 2143 227 natu-

1188 252 1255 279 rae
1276 254 1402 291 neque
1422 254 1567 290 poenae
1597 244 1797 280 auctorem
1824 255 1906 281 esse
1926 243 2141 280 contende-

1187 295 1272 340 bat,
1293 298 1345 342 et,
1365 295 1578 333 Alexandri
1599 295 1845 343 patriarchae
1871 296 2142 334 communione

1187 348 1352 395 abiecta,
1373 349 1607 398 episcopalia
1635 349 1769 386 munia
1798 362 1988 399 usurpare
2016 354 2056 387 et
2075 361 2142 387 sa-

1188 403 1364 440 cerdotes
1385 402 1565 440 ordinare
1586 402 1769 448 audebat,
1779 401 1897 440 fuisse
1913 404 1951 440 in
1967 403 2140 440 ordinem

1187 457 1367 492 eoactum
1389 459 1429 493 et
1448 455 1649 493 ordinatos
1670 456 1718 492 ab
1738 467 1782 492 eo
1798 456 1838 492 in
1857 459 2003 494 statum
2018 455 2142 493 laico-

1187 519 1273 545 rum
1294 509 1485 557 repositos
1508 508 1534 546 ¹.'
1554 508 1704 546 Narrat
1725 509 1920 555 Socrates,
1940 510 1980 547 in
2004 510 2141 547 eadem

1187 563 1334 610 synodo
1373 563 1600 600 damnatum
1639 574 1722 600 esse
1759 573 1931 600 errorem
1960 562 2115 600 Sabellii
2130 592 2140 608 ‚

1187 627 1301 663 quem
1322 615 1405 652 Arii
1422 615 1596 654 fautores
1617 627 1684 664 per
1704 615 1941 653 calumniam
1959 616 2144 665 impinge-

1186 669 1281 706 bant
1300 669 1541 715 AlexandrO,
1559 669 1808 718 patriarchae
1829 669 2095 706 Alexandrino
2114 666 2141 706 2.

1239 722 1275 758 8.
1312 722 1544 760 Concilium
1573 723 1803 760 Nicaenum
1832 723 1867 768 I,
1897 723 2096 770 generale
2124 721 2149 758 I

1187 773 1273 824 (cm.
1294 775 1571 825 325)—Quum
1594 787 1685 813 vero
1706 778 1930 814 animorum
1950 777 2081 812 aestus
2101 774 2142 811 in

1186 827 1347 866 Oriente
1373 829 1534 866 minime
1560 830 1863 875 defervesceret,
1891 840 2048 866 neeesse
2077 827 2143 865 vi—

1185 893 1272 918 sum
1301 884 1360 919 est
1388 895 1604 920 convocare
1633 883 1816 933 generale
1845 882 2078 927 concilium,
2099 883 2144 918 ut

1185 935 1308 972 totius
1327 936 1525 974 Ecclesiae
1555 937 1695 975 iudicio
1722 937 1869 974 veritas
1899 935 2142 973 definiretur.

1186 988 1432 1038 Quapropter
1448 991 1686 1028 auctoritate
1697 1002 1725 1028 s.
1738 989 1917 1028 Silvestri
1931 989 2144 1038 Pp.,euius,

1186 1044 1320 1091 utpote
1341 1055 1533 1080 summam
1555 1043 1593 1080 in
1610 1044 1833 1081 universam
1852 1042 2066 1080 Ecclesiam
2083 1053 2146 1090 po-

1185 1096 1371 1133 testatem
1392 1097 1592 1141 habentis,
1614 1100 1700 1134 erat
1720 1097 1931 1134 concilium
1958 1094 2145 1144 generale

1187 1148 1377 1195 indicere,
1406 1150 1612 1187 concilium
1645 1150 1944 1187 oecumenicum
1973 1148 2145 1187 Nicaeae

1187 1202 1227 1239 in
1243 1203 1434 1252 Bithynia
1450 1204 1724 1241 celebrandum
1743 1205 1947 1242 decretum
1963 1202 2034 1240 est.
2051 1201 2146 1239 Con-

1188 1256 1384 1293 stantinus
1404 1257 1620 1306 imperator
1640 1258 1713 1294 hac
1733 1258 1780 1295 de
1800 1269 1842 1295 re
1859 1260 1941 1294 tam
1956 1256 2054 1293 bene
2070 1267 2146 1293 me-

1190 1309 1283 1356 ruit,
1307 1313 1349 1347 ut
1369 1312 1417 1347 ab
1439 1311 1612 1359 antiquis
1634 1323 1765 1348 rerum
1786 1309 2142 1348 ecclesiasticarum

1189 1363 1445 1412 scriptoribus
1474 1365 1617 1413 passim
1648 1365 1801 1402 dicatur
1835 1365 1908 1401 hoc
1938 1362 2144 1401 concilium

1189 1428 1447 1464 convocasse3
1468 1418 1500 1455 is
1522 1418 1625 1455 enim
1646 1419 1781 1456 urbem
1799 1417 1990 1457 Nicaeam
2011 1415 2144 1453 conci-

1189 1470 1240 1507 lio
1261 1470 1493 1508 celebrando
1514 1473 1754 1509 commodam
1778 1472 1981 1516 concessit,
2004 1469 2146 1519 episeo-

1190 1536 1258 1572 pos
1279 1524 1422 1562 litteris
1443 1525 1666 1563 honorificis
1693 1526 1741 1563 ad
1761 1526 1857 1563 illud
1878 1523 2078 1569 invitavit,
2098 1523 2145 1561 iis

1189 1589 1385 1615 annonam
1425 1578 1579 1628 aliaque
1612 1579 1781 1617 subsidia
1818 1577 2143 1623 subministravit,

1189 1631 1398 1669 concilium
1419 1644 1491 1670 sua
1510 1633 1735 1682 praesentia
1761 1631 1989 1678 illustravit,
2008 1633 2145 1680 prote-

1190 1684 1260 1731 xit,
1282 1686 1440 1734 eiusque
1456 1686 1614 1724 decreta
1633 1686 1869 1724 auctoritate
1889 1697 1960 1724 sua
1981 1685 2146 1722 robora-

1190 1738 1266 1785 vit,
1294 1741 1337 1776 ut
1365 1741 1583 1789 promptius
1611 1740 1832 1778 executioni
1863 1739 2146 1777 mandarentur

1189 1795 1228 1830 et
1247 1793 1414 1831 rebelles
1433 1793 1474 1831 in
1494 1793 1616 1831 officio
1633 1794 1942 1831 continerentur.
1960 1793 2045 1830 Hac
2059 1791 2146 1841 ipsa

1188 1845 1307 1883 etiam
1323 1847 1473 1884 ratione
1490 1847 1557 1885 alii
1573 1848 1755 1897 deinceps
1774 1847 2031 1896 imperatores
2046 1845 2147 1882 chri-

1187 1899 1303 1937 stiani
1325 1900 1491 1939 concilia
1510 1913 1745 1939 convocasse
1767 1905 1808 1939 et
1827 1900 2079 1938 confirmasse
2094 1898 2145 1936 le—

1188 1955 1348 2002 guntur.

1240 2007 1424 2045 Habitum
1446 2010 1505 2047 est
1525 2010 1730 2047 concilium
1751 2020 1812 2046 an.
1833 2007 1922 2047 325.
1945 2004 2143 2044 Interfue-

1186 2063 1280 2097 runt
1308 2061 1344 2098 ei
1373 2062 1451 2098 318
1476 2063 1642 2113 episcopi
1663 2062 1900 2112 plurimique
1927 2059 2144 2110 presbyteri

1187 2116 1227 2150 et
1247 2113 1413 2151 diaconi:
1434 2115 1474 2152 hi
1489 2116 1643 2164 quidem
1666 2116 1752 2154 iure
1769 2114 1948 2164 suffragii
1964 2126 2037 2152 non
2055 2124 2146 2162 gau-

1188 2167 1343 2213 debant,
1364 2169 1431 2205 sed
1452 2170 1613 2207 consilio
1646 2173 1686 2207 et
1705 2169 1883 2207 doctrina
1903 2179 1973 2205 sua
1994 2167 2145 2216 episeo-

1187 2220 1244 2268 pis
1260 2220 1298 2257 in
1319 2223 1606 2269 pertractandis
1623 2221 1902 2260 controversiis
1917 2233 2029 2269 opem
2048 2219 2146 2257 fere-

1187 2274 1293 2311 bant.
1328 2274 1533 2312 Praesedit
1563 2275 1752 2314 Silvester
1782 2276 1852 2324 Pp.
1891 2286 1958 2323 per
1994 2273 2146 2322 legatos

1188 2339 1292 2372 suos,
1310 2339 1448 2376 nempe
1462 2328 1592 2366 Osium
1606 2330 1826 2379 episcopum
1839 2327 2144 2373 Cordubensem,

1190 2380 1325 2417 Vitum
1339 2384 1377 2418 et
1391 2382 1640 2420 Vincentium
1659 2384 1705 2420 R.
1720 2384 1762 2420 E.
1781 2380 2145 2431 presbyterosll‘res

1190 2445 1333 2471 causae
1354 2436 1547 2473 tractatae
1568 2440 1669 2482 sunt,
1691 2436 1873 2473 nimirum
1894 2434 2066 2472 haeresis
2086 2435 2145 2472 A-

1191 2488 1484 2531 riana,schis1na
1493 2489 1678 2527 Meletian
1687 2492 1805 2536 um,et
1820 2488 2086 2526 controversia
2097 2487 2144 2525 de

1190 2540 1252 2577 die
1271 2540 1496 2580 celebrandi
1524 2543 1687 2581 Pascha.
1717 2544 1760 2580 ln
1778 2542 1912 2592 primis
1940 2542 2145 2580 lectasunt

1192 2593 1276 2630 Arii
1297 2594 1494 2643 dogmata,
1517 2597 1564 2633 ad
1585 2609 1686 2645 quae
1703 2597 1941 2634 cohorruere
1961 2593 2143 2645 episcopi,

1189 2659 1310 2695 eaque
1322 2649 1515 2687 exsecrati
1529 2651 1782 2688 sunt.Lectae
1795 2650 1917 2688 etiam
1934 2651 2028 2688 sunt
2042 2647 2145 2685 litte-

1190 2712 1256 2737 rae
1274 2701 1430 2739 Eusebii
1455 2703 1620 2752 episcopi
1642 2702 1968 2749 Nicomediensis,
1989 2705 2028 2739 et
2048 2711 2143 2750 pro-

1191 2756 1274 2801 pter
1296 2754 1566 2803 blasphemias,
1579 2769 1674 2805 quas
1685 2758 1950 2802 continebant,
1961 2754 2145 2793 dilacera-

1189 2810 1263 2844 tae.
1275 2808 1392 2846 Arius
1413 2812 1451 2846 et
1472 2811 1554 2848 eius
1572 2812 1725 2859 patroni
1746 2809 1915 2857 invitati,
1928 2810 1971 2847 ut
1989 2813 2142 2846 senten-

1189 2860 1264 2897 tias
1280 2873 1369 2898 suas
1390 2874 1604 2912 earumque
1627 2864 1797 2902 rationes
1817 2864 1855 2902 in
1877 2861 2049 2901 medium
2068 2861 2143 2900 ad-

1188 2913 1390 2959 ducerent,
1407 2916 1571 2964 primum
1590 2918 1847 2962 haesitarunt‚
1864 2915 2002 2954 deinde
2023 2915 2071 2953 ad
2092 2914 2146 2953 al-

1188 2968 1422 3006 tercationes
1433 2973 1467 3005 et
1486 2970 1645 3009 fallaces
1659 2971 1746 3008 fidei
1761 2970 1948 3008 formulas
1958 2980 2142 3019 progres-

1188 3020 1217 3056 si
1233 3022 1439 3060 suntin-ae
1461 3023 1546 3062 aliis
1567 3023 1840 3063 s.Athanasius
1860 3022 2058 3072 diaconus,
2078 3021 2144 3073 qui

1228 3132 1235 3152 ¹
1253 3132 1383 3173 Apulny.
1399 3134 1438 3169 ll;
1452 3145 1474 3166 s.
1491 3136 1664 3175 Angustia,
1677 3135 1726 3167 De
1738 3135 1857 3167 haeres.
1884 3144 1911 3167 c.
1925 3134 2142 3174 6331¹hilostr.‚

1187 3174 1230 3205 He
1246 3173 1379 3212 ham-asu,
1396 3187 1419 3207 (ς.
1439 3177 1488 3208 31.

1215 3216 1229 3237 “-’
1246 3215 1331 3249 Hes-c.
1348 3218 1422 3250 eccl.
1439 3219 1458 3251 1.
1474 3219 1527 3258 111,
1543 3229 1568 3251 c.
1581 3219 1609 3251 5.
