2241 3473
627 173 752 202 vsovn
781 173 834 199 AD
863 172 1011 199 omrvM
1040 172 1070 199 s.
1101 172 1263 199 IOANNIS
1293 172 1484 199 Arosrom
1948 165 1974 202 9

91 235 239 274 ctrinae
262 246 358 274 suae
377 234 566 272 rationem
589 235 775 281 reddidit,
791 235 917 272 Iesum
934 234 1039 272 Chri·
1083 233 1678 283 rebanturposteriores,quodin
1689 234 2023 285 eleemosynarum

89 292 194 328 stum
215 290 374 337 eiusque
393 289 716 326 resurrectionem
737 287 936 326 consessus
957 290 1037 334 est,

90 354 180 381 eum
205 354 290 380 esse
310 341 491 379 Messiam
520 346 560 379 et
587 355 661 380 non
682 341 753 379 nisi
774 352 842 390 per
861 353 950 378 eum
971 353 1037 378 sa-

89 395 213 434 lutem
235 395 401 433 obtineri
422 407 533 444 posse
554 395 774 433 affirmavit.
792 394 852 432 Ad
869 394 1036 431 interdi-

90 452 211 495 ctum,
234 461 281 486 ne
302 449 485 497 deinceps
506 449 632 486 Iesum
658 447 941 496 praedicarent,
961 459 1039 484 am-

89 502 138 540 bo
159 502 456 551 responderunt,
477 503 557 540 Deo
587 501 711 550 magis
723 509 844 549 ‘quam
866 500 1036 537 homini-

89 555 160 594 bus
178 567 261 594 esse
281 556 552 593 obediendum.
576 555 670 592 Post
696 565 794 602 quae
815 565 838 591 a
857 554 1037 591 sanhedri

88 608 235 647 dimissi
256 612 358 647 sunt.

140 662 317 712 Apostoli
333 665 465 700 autem
482 660 700 698 missionem
717 672 828 698 suam
850 663 889 698 et
899 659 1039 697 doctri-

92 726 180 753 nam
200 716 322 765 signis
353 714 484 753 multis
512 726 580 752 seu
606 713 806 752 miraculis
832 713 1038 751 confirma-

90 769 205 815 bant3
220 781 267 807 ea
285 769 418 818 palam
438 767 646 812 faciebant,
662 769 852 815 erantque
864 769 945 804 tam
962 767 1038 804 evi-

91 822 237 867 dentia,
260 828 303 858 ut
322 833 392 859 nec
412 821 657 858 sacerdotum
679 820 913 858 Iudaeorum
930 821 1037 869 prin-

89 875 192 924 cipes
210 877 280 912 aut
296 873 515 912 Sadducaei
532 877 602 911 aut
615 872 683 911 alii
702 885 748 911 ea
764 885 908 923 negare
923 874 1035 911 aude-

88 930 186 965 rent.
200 927 287 966 Non
303 930 455 965 tantum
467 926 830 975 Hierosolymitani,
841 927 906 965 sed
923 927 1038 965 multi

87 980 205 1018 etiam
225 992 246 1018 e
260 980 438 1018 finitimis
453 980 678 1018 civitatibus
694 980 742 1017 ad
758 980 962 1029 Apostolos
978 992 1039 1018 ac·

87 1034 321 1080 currebant,
340 1033 561 1072 adferentes
590 1045 723 1071 secum
753 1033 929 1070 infirmos
957 1036 996 1071 et
1015 1045 1038 1071 a

85 1086 287 1136 spiritibus
302 1087 514 1125 immundis
530 1090 707 1133 vexatos,
718 1086 782 1135 qui
798 1087 1037 1124 curabantur

86 1150 234 1178 omnes.
254 1140 355 1178 Hinc
383 1139 532 1178 factum
561 1142 639 1186 est,
660 1143 704 1177 ut
732 1140 976 1178 credentium
997 1140 1034 1177 in

86 1193 293 1231 Dominum
313 1193 536 1240 multitudo,
552 1193 728 1231 virorum
748 1195 787 1230 et
815 1193 1035 1240 mulierum,

85 1246 125 1283 in
145 1247 228 1285 dies
246 1250 473 1296 augeretur.

138 1299 181 1338 Id
193 1300 408 1350 principum
418 1300 663 1338 sacerdotum
672 1300 1033 1338 etSadducaeorum

86 1352 269 1391 invidiam
289 1353 421 1400 auxit,
436 1354 667 1403 iniectisque
684 1354 721 1391 in
738 1354 944 1403 Apostolos
959 1365 1035 1392 ma·

89 1406 214 1454 nibus,
230 1419 296 1445 eos
310 1407 351 1445 in
367 1419 566 1445 carcerem
582 1407 846 1445 detruserunt.
859 1407 1036 1456 Apostoli

87 1461 201 1498 noctu
221 1460 436 1498 ministerio
456 1460 585 1510 angeli
605 1473 627 1498 e
646 1472 804 1498 carcere
820 1462 966 1506 educti,
982 1461 1033 1498 di-

86 1513 218 1552 luculo
228 1514 268 1551 in
283 1514 426 1563 templo
442 1514 644 1552 docebant.
657 1514 700 1551 In
715 1515 937 1552 sanhedrim
952 1526 1036 1563 per-

86 1566 212 1613 ducti,
231 1568 367 1605 eadem
396 1568 615 1605 constantia
634 1567 764 1605 Iesum
784 1567 985 1606 Christum
1012 1580 1036 1606 a

89 1621 256 1659 mortuis
270 1621 544 1666 resurrexisse,
555 1632 721 1669 eumque
735 1632 817 1658 esse
832 1621 1034 1659 hominum

87 1671 333 1711 Salvatorem
345 1674 508 1712 confessi
525 1676 626 1712 sunt.
638 1674 867 1712 Sacerdotes
878 1686 1034 1724 exaspe-

86 1725 167 1763 rati
185 1727 232 1764 de
259 1726 462 1765 inferenda
480 1727 677 1776 Apostolis
705 1739 799 1764 nece
828 1727 1032 1765 consilium

86 1778 279 1826 inierunt3
299 1780 366 1818 sed
385 1780 609 1818 Gamalielis
635 1780 733 1829 legis
752 1781 920 1818 doctoris
938 1793 1032 1818 con-

84 1831 169 1869 silio
187 1832 370 1880 dissuasi,
397 1846 463 1872 eos
491 1833 613 1883 virgis
633 1845 766 1872 caesos
785 1834 1030 1873 dimiserunt.

85 1885 259 1934 Apostoli
293 1887 532 1935 gaudentes,
562 1898 604 1924 se
633 1886 773 1936 dignos
801 1887 935 1925 haberi
962 1899 1031 1937 pro

83 1938 238 1977 nomine
256 1939 345 1977 Iesu
373 1939 651 1977 contumeliam
680 1940 782 1988 pati,
804 1953 880 1977 non
902 1952 1030 1979 cessa-

82 1995 175 2029 runt
208 1992 248 2030 in
284 1993 429 2042 templo
465 1996 506 2031 et
533 2004 603 2042 per
635 1993 768 2031 domos
801 1994 1030 2043 praedicare

83 2044 292 2084 Christum.

133 2098 167 2135 Ii
193 2110 287 2136 vero
316 2100 381 2149 qui
408 2099 678 2147 crediderant,
705 2105 830 2138 erant
848 2112 1030 2150 perseve-

81 2156 245 2197 rantes,
265 2152 392 2201 inquit
418 2165 447 2191 s.
468 2155 593 2191 Lucas
606 2182 617 2199 ,
636 2155 680 2190 in
708 2154 899 2192 doctrina
918 2156 1029 2204 Apo-

81 2205 279 2244 stolorum
294 2212 335 2244 et
346 2208 720 2245 communicatione
733 2209 951 2256 fractionis
955 2220 1026 2258 pa-

80 2259 146 2295 nis
163 2256 188 2304 ¹,
225 2264 267 2297 et
281 2261 555 2298 orationibus.
577 2260 706 2298 Tanta
733 2263 820 2298 erat
838 2261 943 2299 inter
961 2273 1027 2299 eos

81 2311 270 2360 charitas,
290 2316 335 2351 ut
353 2313 614 2351 multitudinis
642 2316 744 2351 esset
761 2326 828 2351 cor
848 2327 966 2352 unum
988 2318 1028 2353 et

82 2364 210 2403 anima
230 2378 320 2412 una,
339 2369 547 2416 essentque
575 2366 623 2405 iis
642 2367 773 2404 omnia
793 2367 1024 2406 communia.

81 2416 152 2458 Qui
185 2419 318 2458 domos
346 2422 414 2458 aut
449 2432 563 2469 agros
591 2420 864 2470 possidebant,
892 2433 1025 2459 eorum

79 2471 209 2519 pretia
221 2473 417 2521 Apostolis
433 2474 651 2511 offerebant
671 2474 881 2512 dividenda
900 2474 1028 2524 singu-

81 2523 129 2561 lis
148 2529 264 2574 prout
274 2526 413 2575 cuique
428 2539 524 2576 opus
536 2530 633 2565 erat.
646 2527 803 2568 Quanta
815 2539 908 2565 vero
923 2540 1027 2566 men-

79 2577 130 2614 tis
166 2578 390 2617 sinceritate
417 2580 458 2617 in
488 2592 589 2618 nova
616 2580 791 2618 Ecclesia
818 2581 923 2619 Deus
952 2582 1026 2619 coli

78 2630 211 2679 vellet,
230 2633 399 2671 ostendit
424 2633 590 2671 terribili
617 2636 784 2680 eventu3
804 2646 895 2672 nam
913 2635 1024 2672 Ana-

78 2683 162 2722 nias
190 2685 348 2734 eiusque
377 2686 518 2724 coniux
546 2686 733 2735 Saphira‚
752 2699 843 2725 cum
871 2691 1022 2736 partem

78 2737 208 2786 pretii,
226 2739 326 2787 quod
347 2739 510 2777 Domino
529 2743 732 2787 voverant,
751 2740 824 2778 sibi
844 2741 1024 2779 retinuis-

78 2794 176 2837 sent,
195 2791 401 2841 repentina
418 2795 542 2830 morte
559 2794 730 2841 percussi
748 2793 911 2832 fuerunt
925 2792 951 2832 ².

133 2843 193 2882 14.
205 2845 345 2882 Primi
361 2845 832 2885 diaconi—Admirabilis
846 2847 1023 2885 fidelium

77 2896 117 2934 in
137 2898 298 2936 ecclesia
317 2898 672 2947 Hierosolymitana
690 2901 895 2938 concordia
913 2904 953 2938 et
981 2913 1022 2938 u-

78 2951 181 2990 nitas
207 2951 247 2989 in
274 2951 487 3001 periculum
517 2954 710 2990 venerunt
737 2965 804 3003 per
831 2965 1020 3000 murmur,

77 3004 176 3052 quod
205 3007 333 3042 ortum
362 3007 421 3042 est
440 3004 540 3042 inter
559 3005 722 3043 Iudaeos
741 3018 949 3045 conversos
970 3019 1019 3045 ex

78 3056 265 3095 Hebraeis
283 3061 322 3096 et
340 3069 390 3096 ex
407 3057 633 3096 Hellenistis
652 3070 720 3096 seu
736 3060 909 3099 Graecis.
922 3060 1020 3102 Que-

117 3150 129 3171 ¹
145 3150 227 3182 Idest
247 3150 279 3182 in
300 3151 536 3190 participatione
551 3151 640 3190 panis
657 3151 861 3191 eucharistici,
876 3161 931 3184 seu
946 3162 1020 3185 cor-

78 3191 163 3232 poris
177 3191 298 3230 Christi,
314 3195 345 3223 ut
359 3192 492 3232 explicat
507 3192 685 3233 Apostolus,
702 3192 726 3223 I
735 3192 782 3224 ad
799 3191 870 3225 Cor.
888 3195 924 3226 X.

117 3233 132 3256 ²
148 3231 217 3265 Act.
234 3232 348 3274 Apost.
363 3233 424 3265 l-v.

1081 299 1147 324 seu
1169 299 1322 325 mensae
1341 288 1552 337 partitione
1571 288 1714 326 viduae
1733 301 1829 327 suae
1849 290 2023 339 despice-

1081 343 1227 378 rentur.
1250 341 1376 390 Igitur
1391 341 1567 390 Apostoli
1583 342 1828 391 congregatis
1847 342 2024 382 fidelibus

1080 393 1275 439 dixerunt,
1297 398 1361 440 ut,
1381 406 1470 432 cum
1499 395 1571 444 ipsi
1592 395 1754 433 docendi
1775 407 1934 434 munere
1955 409 2023 434 oc-

1080 447 1222 494 cupati,
1243 447 1579 496 eleemosynarum
1599 448 1860 486 distributioni
1875 461 2026 498 praees-

1079 511 1118 536 se
1138 511 1210 536 non
1232 505 1406 548 possent,
1425 500 1614 549 eligerent
1641 507 1791 550 septem
1812 502 1916 540 viros
1937 503 2027 541 boni

1080 553 1304 598 testimonii,
1322 553 1456 602 plenos
1478 554 1626 603 Spiritu
1646 555 1684 592 S.
1706 558 1744 592 et
1764 555 1965 604 sapientia.
1979 557 2026 594 E-

1079 605 1169 642 lecti
1188 610 1281 643 sunt
1299 606 1532 655 Stephanus,
1553 608 1767 657 Philippus,
1788 609 2022 656 Proohorus,

1079 657 1263 705 Nicanor,
1282 659 1435 704 Timon,
1455 660 1681 706 Parmenas,
1702 662 1906 708 Nicolaus;
1927 674 2022 711 quos

1079 712 1252 760 Apostoli
1278 715 1436 750 orantes
1455 715 1496 750 et
1525 725 1663 752 manus
1689 716 1745 752 eis
1765 715 2022 764 imponentes,

1077 764 1305 802 ordinarunt
1325 765 1518 810 diaconos,
1535 779 1609 804 non
1629 767 1755 805 solum
1778 771 1821 806 ut
1841 768 2022 807 ministe-

1078 817 1133 854 rio
1154 829 1310 855 mensae
1339 821 1379 856 et
1399 818 1736 868 eleemosynarum
1758 821 2024 860 distributioni

1077 874 1312 919 praeessent,
1322 872 1387 909 sed
1408 873 1526 910 etiam
1543 877 1586 910 ut
1601 874 1722 912 sacris
1738 874 1871 912 officiis
1887 875 1926 912 in
1944 875 2025 913 Ec-

1075 923 1192 961 clesia
1221 924 1492 973 fungerentur,
1513 926 1708 976 episcopos
1738 932 1777 964 et
1797 929 2019 966 sacerdotes

1076 977 1114 1013 in
1136 977 1258 1015 divini
1279 978 1391 1016 verbi
1411 979 1694 1027 praedicatione
1723 983 1762 1017 et
1790 992 2017 1019 sacramen-

1076 1032 1203 1068 torum
1220 1031 1554 1070 administratione
1575 1032 1844 1071 adiuvarent¹.
1867 1034 2018 1076 Quibus

1077 1084 1312 1133 compositis,
1340 1085 1517 1133 Apostoli
1545 1086 1705 1124 liberius
1733 1087 2014 1135 praedicationi

1076 1137 1316 1184 institerunt,
1328 1150 1594 1188 numerusque
1610 1139 1884 1189 discipulorum
1901 1141 2016 1179 valde

1076 1190 1425 1240 multiplicabatur.
1447 1192 1562 1230 Multi
1591 1192 1711 1230 etiam
1740 1205 1761 1230 e
1788 1194 2021 1232 sacerdotali

1077 1244 1312 1294 Synagogae
1339 1245 1496 1292 ordine,
1523 1245 1681 1283 illorum
1710 1247 1953 1285 sermonibus
1982 1250 2022 1285 et

1077 1297 1261 1346 prodigiis
1282 1299 1472 1347 persuasi,
1491 1298 1727 1338 christianae
1746 1300 1854 1338 Fidei
1873 1301 2023 1339 obedie-

1077 1351 1172 1388 bant
1187 1350 1217 1390 ².

1134 1404 1191 1442 15.
1208 1405 1386 1443 Persecu
1392 1407 1444 1443 tio
1454 1406 1847 1445 Hierosol.—Tantis
1858 1407 1915 1445 rei
1928 1407 2026 1445 chri-

1077 1457 1228 1495 stianae
1247 1459 1500 1497 incrementis
1528 1459 1673 1497 irritati
1694 1460 1928 1498 Iudaeorum
1950 1473 2024 1498 an-

1076 1510 1234 1559 tistites,
1254 1512 1460 1551 Pharisaei
1480 1514 1519 1550 et
1538 1512 1766 1559 Sadducaei,
1782 1526 1925 1552 novum
1947 1515 2021 1552 ad-

1077 1575 1213 1602 versus
1228 1566 1427 1604 Christum
1442 1566 1601 1614 eiusque
1617 1567 1833 1604 Ecclesiam
1850 1567 2024 1605 inierunt

1077 1618 1292 1656 consilium.
1315 1619 1490 1658 Maxime
1511 1620 1566 1657 eis
1588 1619 1737 1658 invisus
1756 1622 1841 1658 erat
1861 1621 2023 1670 Stepha-

1077 1683 1147 1708 nus
1175 1671 1382 1720 diaconus,
1403 1674 1505 1722 quod
1526 1673 1718 1710 miracula
1737 1674 1849 1722 plura
1874 1673 2024 1711 faceret

1076 1736 1206 1762 coram
1234 1725 1397 1774 populo,
1417 1725 1620 1775 nullusque
1649 1727 1860 1775 sapientiae
1879 1727 1964 1765 eius
1984 1729 2024 1764 et

1076 1778 1317 1816 sermonibus
1337 1779 1519 1817 resistere
1539 1782 1679 1828 posset.
1692 1779 1820 1821 Quare
1840 1792 1928 1818 eum
1945 1780 2024 1817 vin-

1075 1833 1181 1868 ctum
1211 1832 1409 1870 duxerunt
1438 1833 1478 1869 in
1505 1832 1705 1870 iudicium.
1735 1833 1773 1870 Is
1805 1845 1899 1871 vero
1932 1833 2023 1871 fidei

1072 1896 1167 1922 suae
1187 1885 1379 1922 rationem
1408 1885 1656 1932 redditurus,
1677 1886 1806 1935 paucis
1825 1887 2024 1936 percurrit

1073 1937 1200 1986 gentis
1219 1949 1315 1975 suae
1334 1938 1556 1986 historiam3
1572 1939 1750 1987 pluribus
1770 1939 1952 1978 disseruit
1971 1940 2019 1977 de

1073 1990 1182 2028 Mose
1211 1994 1252 2029 et
1279 1992 1326 2029 de
1346 1991 1518 2038 Christ03
1538 1992 1717 2041 huncque
1736 2005 1880 2031 novum
1900 1992 2020 2042 Legi-

1073 2044 1260 2082 slatorem
1281 2057 1326 2082 ac
1346 2057 1482 2083 verum
1501 2045 1759 2083 Mediatorem
1778 2046 1881 2084 inter
1895 2046 2022 2084 Deum

1072 2099 1111 2135 et
1130 2098 1305 2136 homines
1323 2098 1578 2148 praedicavit.
1594 2098 1657 2137 Illi
1677 2111 1770 2137 vero
1786 2099 1918 2137 furore
1937 2111 2022 2149 per-

1070 2151 1159 2198 citi,
1185 2154 1342 2201 raptum
1361 2154 1476 2189 extra
1497 2153 1632 2190 urbem
1654 2152 1897 2202 Stephanum
1916 2152 2020 2202 lapi-

1072 2204 1183 2242 dibus
1213 2205 1324 2242 obrui
1344 2206 1554 2243 iusserunt.

1123 2259 1182 2296 Ab
1203 2259 1275 2296 hac
1296 2258 1597 2308 protomartyris
1625 2271 1718 2297 nece
1738 2259 1960 2309 persecutio
1980 2259 2018 2297 in

1070 2311 1276 2350 ecclesiam
1296 2311 1691 2361 Hierosolymitanam
1705 2312 1883 2350 invaluit.
1902 2313 2018 2351 Multi

1069 2365 1108 2402 in
1129 2365 1286 2403 vincula
1305 2365 1469 2403 coniecti
1489 2368 1592 2403 sunt.
1609 2366 1700 2412 Alii,
1715 2366 1911 2415 Apostolis
1928 2365 2018 2403 Hie·

1070 2419 1276 2468 rosolymis
1295 2419 1552 2466 manentibus,
1568 2431 1608 2457 se
1629 2431 1698 2468 per
1712 2420 1881 2457 Iudaeae
1896 2421 1936 2456 et
1950 2420 2018 2457 Sa-

1069 2472 1215 2509 mariae
1244 2471 1421 2521 regiones
1451 2473 1725 2521 disperserunt.
1754 2471 1942 2511 Nonnulli
1971 2485 2016 2510 e-

1068 2525 1162 2562 tiam
1182 2525 1449 2572 Phaeniciam,
1469 2526 1654 2575 Cyprum,
1675 2526 1925 2572 Damascum,
1941 2525 2017 2562 An-

1067 2578 1251 2616 tiochiam
1271 2580 1311 2616 et
1329 2578 1516 2616 aliorsum
1536 2579 1866 2628 perambularunt.
1886 2579 1940 2616 At
1958 2578 2014 2616 si-

1067 2631 1151 2669 mul
1179 2643 1268 2669 cum
1294 2631 1388 2680 ipsis
1415 2632 1687 2669 effundebatur
1716 2631 1922 2681 Evangelii
1950 2631 2015 2669 lu-

1067 2697 1169 2723 men.
1189 2684 1330 2722 Diffusi
1351 2685 1493 2734 quippe
1513 2685 1688 2734 discipuli
1701 2684 2018 2734 pertransibant

1066 2739 1395 2786 evanyelizantes
1416 2739 1584 2776 verbum
1602 2739 1680 2776 Dei
1693 2736 1720 2776 ³.
1741 2739 1777 2776 A
1796 2738 1952 2776 Iudaeis
1971 2750 2012 2776 a-

1106 2862 1118 2884 1
1130 2863 1249 2893 Primos
1263 2862 1412 2893 diaconos
1424 2860 1616 2900 potissimum
1624 2860 1663 2891 ad
1674 2860 1878 2893 ministerium
1887 2869 2011 2892 sacrum

1065 2904 1104 2935 ab
1127 2903 1283 2943 Apostolis
1307 2903 1401 2934 fuisse
1423 2902 1594 2939 ordinatos,
1611 2902 1809 2934 confirmatur
1823 2912 1840 2934 e
1854 2903 2011 2942 requisitis

1064 2946 1094 2976 in
1108 2946 1241 2976 eisvitae
1254 2944 1416 2975 sanctitate
1429 2946 1458 2974 et
1470 2943 1678 2982 sapientia‚ex
1690 2943 1836 2975 adhibitis
1850 2944 1880 2974 in
1894 2943 2010 2974 eisdem

1064 2986 1245 3018 ordinandis
1272 2985 1410 3016 oratione
1435 2987 1463 3015 et
1486 2993 1596 3015 manus
1613 2985 1816 3024 impositione,
1833 2989 1914 3016 etex
1930 2985 2010 3016 anti-

1064 3029 1283 3068 quissimorum
1307 3027 1430 3057 Patrum
1452 3027 1633 3057 testimoniis
1658 3026 1697 3057 de
1722 3027 1923 3058 diaconorum
1939 3026 2009 3057 offi-

1063 3070 1127 3100 ciis.
1151 3069 1189 3100 Cf
1204 3067 1304 3099 Natal.
1325 3067 1488 3104 Alexand,
1506 3067 1596 3098 Hist.
1614 3069 1687 3099 eccl.
1705 3077 1786 3099 saec.
1802 3069 1824 3106 1,
1841 3068 1916 3098 diss.
1935 3068 1969 3106 73
1985 3068 2006 3098 1.

1063 3112 1093 3142 L.
1110 3110 1264 3150 Selvaggi,
1281 3108 1496 3148 Antiquitat.
1511 3109 1697 3140 christian.
1711 3110 1729 3140 l.
1744 3110 1765 3148 l,
1778 3111 1856 3148 part.
1869 3109 1903 3147 11,
1925 3118 1949 3140 c.
1975 3108 2005 3147 23

1063 3152 1223 3189 Mamachi‚
1232 3150 1444 3182 Dissertatio
1456 3151 1496 3182 de
1507 3156 1636 3191 septem
1644 3149 2002 3189 diaconis,Rom.1749.

1102 3192 1116 3214 ²
1131 3192 1201 3224 Act.
1217 3191 1332 3232 Apost.
1350 3192 1395 3222 Vl.

1102 3234 1116 3256 3
1129 3233 1200 3266 Act.
1218 3234 1323 3265 vl-lx.
