2241 3473
600 169 727 200 stvss
754 169 808 196 AD
836 167 1031 195 EXCIDIVM
1058 167 1214 195 IMPERII
1242 167 1523 195 OCCIDENTALIS

76 248 247 297 livitque,
259 246 299 283 et
313 256 410 294 quae
428 244 554 282 adhuc
579 245 767 283 extabant
785 241 1025 281 idololatriae

75 299 270 349 reliquias,
293 310 381 336 aras
401 301 441 335 et
486 298 621 347 templ·
624 311 670 334 ι
655 297 835 340 sustulit3
856 296 991 333 fidemc
995 308 1032 332 ·ι-

73 353 255 394 tholicam
293 351 482 389 adversus
522 351 708 388 sectarios
747 349 1025 398 propugnavit3

74 417 205 445 veram
225 405 411 454 pietatem
438 408 523 441 tum
543 403 724 453 exemplo
743 407 825 440 tum
850 412 1025 439 sermone

74 459 225 504 docuit,
244 460 284 495 et
311 458 637 506 quemadmodum
657 468 686 494 s.
706 455 934 493 Ambrosius
954 466 1024 503 pe-

73 523 140 550 nes
169 511 509 556 Mediolanenses
537 510 620 559 ipse
654 509 756 557 apud
784 508 962 545 Turones
989 510 1029 544 et

72 565 259 603 Pictavos
292 564 551 601 monasticum
585 561 837 607 institutum,
863 559 1025 598 conditis

72 617 278 663 coenobiis,
300 616 532 666 promovit.
509 615 518 636 ¹

124 671 162 709 S.
184 670 450 709 Hieronvmus
469 667 648 706 Stridone
680 666 717 704 in
739 665 934 704 Dalmatia
954 678 1024 703 na-

71 726 148 770 tus,
169 724 301 769 latine,
322 733 460 771 graece
480 723 519 758 et
538 720 717 758 hebraice
737 720 895 765 doctus,
915 719 1025 757 varia

72 788 280 827 aggressus
307 775 462 819 itinera,
473 773 610 810 deinde
639 773 678 810 in
698 773 753 822 83
758 773 838 810 riae
857 772 1026 810 solitudi-

73 843 122 868 ne
155 830 267 867 annis
291 830 314 866 4
352 828 474 864 vitam
507 837 568 864 an
562 826 823 864 ichoreticam
851 825 981 873 duxit3
1003 837 1024 863 a

72 883 239 921 ΡιυΙΙῐιο
278 881 520 919 Antiocheno
556 880 762 929 presbyter
794 878 1023 924 ordinatus,

72 937 239 974 Romam
260 934 381 980 venit,
401 933 464 970 ubi
486 945 514 970 s.
537 933 703 970 Damaso
724 944 747 970 a
762 931 924 969 secretis
940 931 1022 970 fuit.

72 988 202 1027 Huius
223 986 426 1026 Pontificis
442 987 626 1023 mandato
640 988 810 1023 veterem
827 997 875 1023 ss.
892 985 1023 1022 Libro-

72 1053 160 1080 rum
180 1041 402 1079 versionem
418 1039 594 1085 latinam,
611 1038 753 1077 dictam
770 1038 1026 1083 Italam‚cor-

73 1094 179 1133 rexit
200 1097 239 1132 et
258 1094 471 1132 secundum
490 1094 644 1129 textum
668 1103 851 1140 graecum
870 1091 910 1128 in
930 1091 1025 1129 inte-

73 1159 190 1197 grum
219 1146 403 1185 restituit.
435 1146 529 1183 Post
557 1157 585 1183 s.
606 1145 766 1182 Damasi
785 1144 933 1182 obitum
962 1156 1023 1182 an.

73 1201 164 1247 384,
181 1201 354 1250 plurium
375 1200 492 1237 etiam
514 1211 534 1235 e
556 1199 671 1245 clero,
688 1209 853 1246 quorum
872 1197 970 1235 vitia
989 1210 1026 1235 a·

72 1255 186 1292 cerbe
211 1253 520 1303 perstringebat,
540 1251 729 1289 invidiam
758 1253 940 1300 expertus
956 1281 965 1297 ,
985 1251 1022 1288 in

72 1307 270 1346 Orientem
298 1317 500 1355 regressus
534 1307 604 1351 est,
625 1307 665 1342 et
693 1304 939 1353 perlustratis
957 1316 1023 1342 sa-

72 1361 147 1398 cris
167 1359 415 1398 Palaestinae
438 1358 531 1395 locis
564 1362 604 1395 et
624 1358 793 1406 AEgypti
821 1360 1024 1395 monaste-

72 1413 153 1459 riis,
165 1413 356 1462 reliquam
377 1412 499 1449 vitam
519 1411 558 1448 in
580 1423 731 1449 secessu
752 1411 1024 1448 Bethlemitico

75 1478 197 1515 usque
224 1466 273 1504 ad
293 1478 382 1503 ann.
404 1465 481 1502 420
504 1465 608 1501 inter
642 1464 831 1501 continua
856 1464 1025 1512 pietatis,

73 1519 334 1570 poenitentiae
351 1522 390 1556 et
401 1518 622 1555 litterarum
640 1517 1023 1565 exercitiaperegit.
998 1515 1012 1537 ²

129 1573 193 1611 53.
220 1573 449 1610 Conci'lzum
461 1571 662 1619 Cpmcml,
679 1582 805 1619 {senei
807 1572 871 1608 ale
882 1571 931 1607 II
939 1570 1025 1620 (cm.

77 1625 173 1676 381)
190 1648 239 1653 ——
256 1625 496 1663 Theodosius
525 1624 736 1673 impeiator
755 1624 945 1669 Orientis,
967 1636 1026 1661 ec-

77 1680 284 1717 clesiarum
307 1678 391 1727 paci
411 1677 625 1715 consultum
647 1677 815 1725 cupiens,
832 1689 930 1714 anno
951 1677 1024 1714 381

76 1733 276 1782 episcopos
310 1731 461 1780 imperii
488 1730 547 1767 sui
577 1730 949 1778 Constantinopolim
979 1731 1026 1768 ad

75 1785 279 1823 concilium
299 1783 491 1827 evocavit,
508 1787 551 1820 ut
571 1783 818 1829 detrimenta,
832 1783 1024 1832 Religioni

75 1839 146 1877 sub
162 1838 399 1883 Constantio,
420 1836 568 1873 Iuliano
586 1839 625 1873 et
641 1837 808 1874 Valente
824 1836 1027 1885 imperato-

75 1892 181 1930 ribus
208 1891 339 1936 illata,
360 1889 662 1935 resarcirentur3
693 1890 906 1927 catholicae
934 1890 1025 1928 fidei

75 1945 224 1983 veritas
245 1946 380 1981 contra
397 1943 577 1988 Arianos,
599 1942 899 1980 Macedonianos
919 1945 958 1980 et
978 1945 1025 1981 A·

74 1997 339 2048 pollinaristas
371 1999 635 2041 assereretur,
663 1999 703 2032 et
728 1995 916 2033 ecclesiae
944 1996 1023 2045 Cp.,

75 2063 190 2101 quam
213 2055 349 2088 contra
371 2052 459 2086 vota
479 2048 769 2094 catholicorum,
790 2049 1023 2099 Gregorium

75 2104 369 2143 Nazianzenum
387 2102 624 2152 poscentium
644 2132 653 2147 ,
672 2102 873 2140 invaserat
900 2103 1024 2140 Maxi-

75 2169 162 2195 mus
193 2157 376 2205 cynicus,
405 2155 606 2204 episcopus
633 2155 804 2193 daretur.
832 2156 1025 2193 Convene-

75 2212 166 2248 runt
189 2210 263 2248 150
282 2209 450 2259 episcopi
464 2208 645 2245 catholici
666 2212 704 2246 et
719 2209 768 2247 36
787 2210 1024 2247 macedonia-

76 2264 114 2301 ni
146 2263 209 2301 vel
230 2262 460 2308 semiariani,
489 2273 621 2299 omnes
642 2274 690 2299 ex
712 2262 878 2300 Oriente.
901 2263 1025 2300 Mace-

77 2317 262 2355 donianos
282 2316 346 2353 vel
367 2315 618 2354 semiarianos
633 2315 749 2352 etiam
764 2316 811 2352 ad
824 2316 1026 2353 concilium

77 2372 289 2408 vocaverat
301 2369 574 2418 imperator',ut
588 2370 662 2407 hac
673 2369 738 2406 via
750 2369 1027 2406 inducerentur

78 2424 126 2461 ad
149 2422 409 2471 recipiendam
430 2422 642 2459 Nicaenam
668 2421 799 2468 fidem,
819 2433 934 2470 quam
954 2423 1025 2460 sub

78 2475 233 2513 Liberio
253 2475 324 2524 Pp.
337 2474 493 2512 fuerant
513 2475 686 2524 professi,
699 2476 764 2512 sed
779 2480 868 2524 post
886 2475 1027 2513 Valen-

78 2528 129 2567 tis
149 2528 390 2577 imperatoris
410 2528 558 2566 obitum
578 2540 711 2566 rursus
731 2529 985 2566 deseruerant
999 2528 1025 2566 3.

79 2581 174 2623 Quis
193 2583 327 2618 autem
353 2581 444 2618 huic
465 2581 626 2618 concilio
644 2611 653 2627 ,
680 2582 781 2629 quod
810 2594 878 2631 per
899 2582 1026 2631 plures

78 2646 230 2672 menses
261 2635 498 2682 protractum
529 2638 614 2680 est,
644 2635 900 2683 praesederit,
921 2639 1026 2672 certo

79 2687 262 2725 affirmari
295 2686 440 2734 nequit.
460 2687 576 2725 Multi
605 2688 761 2734 dicunt,
779 2688 903 2738 primo
924 2701 1029 2737 prae-

79 2740 224 2779 sedisse
244 2740 446 2777 Meletium
466 2740 762 2787 Antiochenum,
783 2744 867 2790 post
888 2743 972 2779 eius
993 2754 1028 2778 o-

78 2794 203 2831 bitum
223 2792 454 2842 Gregorium
476 2792 782 2840 Nazianzenum,
801 2798 888 2843 post
913 2795 1027 2832 huius

80 2847 291 2884 discessum
331 2845 579 2883 Timotheum
615 2847 926 2885 Alexandrinum
942 2878 951 2893 ,
990 2851 1030 2885 et

79 2900 235 2937 tandem
257 2898 504 2943 Neetarium,
531 2899 596 2946 qui
617 2900 802 2949 Gregorio
822 2901 1027 2938 Nazianze-

81 2965 128 2990 no
147 2952 187 2990 in
206 2952 314 3001 Cpna
334 2953 424 2990 sede
447 2951 632 2990 suffectus
654 2950 721 2991 est.
744 2953 788 2990 In
809 2954 944 3002 primis
966 2955 1025 2991 de-

121 3076 221 3117 18ιι1ρ
224 3079 260 3109 ic
276 3077 378 3109 Sever.
400 3077 468 3110 Vita
484 3076 1026 3147 s.M‹1rtini;N.Gervaise‚Hiscde

84 3127 108 3149 s.
123 3087 257 3157 Martpin,
274 3119 371 3150 Tours
386 3119 477 3153 1669,
492 3118 563 3149 iii-i

122 3143 772 3200 2J.Ma1·1ianay‚liecles.Je'16me,in-;4
789 3160 924 3191 Bolland.
929 3164 1029 3200 ,Acta

85 3200 143 3231 SS.
159 3204 179 3232 t.
195 3202 244 3232 Vll
259 3211 314 3241 se
319 3205 372 3241 t.p
375 3201 465 3233 ..418

123 3241 264 3274 ³socrat.
276 3244 294 3274 Ι.
297 3212 343 3281 V,
355 3252 380 3274 c.
397 3242 430 3281 4,
446 3243 602 3274 Sozomen.
618 3242 637 3273 1.
655 3242 752 3280 V11‚c.
768 3242 796 3272 2.

1868 155 1939 193 111

1070 242 1169 279 ieeto
1188 242 1366 280 invasore
1386 242 1580 288 Maximo,
1601 240 1815 290 Gregorius
1840 240 2009 278 Nazian-

1068 307 1184 333 zenus
1205 297 1316 333 cuius
1342 296 1479 334 merita
1499 295 1575 333 iam
1596 294 1842 333 laudavimus
1857 291 1881 339 ¹,
1901 305 2009 332 sum-

1067 360 1128 384 mo
1162 349 1309 386 concilii
1341 350 1528 398 applausu
1562 349 1609 386 ad
1639 349 1784 397 Cpnain
1811 347 1941 386 sedem
1966 359 2010 384 e-

1068 403 1203 439 vectus
1232 405 1302 439 est.
1335 403 1429 440 Post
1453 403 1534 439 dies
1554 413 1694 450 paucos
1713 400 1808 438 obiit
1828 400 2010 438 Meletius

1067 454 1344 492 Antiochenus.
1363 455 1492 497 Quare
1509 454 1680 492 nonnulli
1695 453 1874 503 episcopi,
1896 465 2010 503 prae-

1067 509 1200 544 sertim
1230 508 1413 554 iuniores,
1431 508 1557 545 alium·
1580 508 1617 545 in
1645 508 1728 545 eius
1753 507 1881 545 locum
1909 506 2011 543 ordi-

1067 560 1236 597 nandum
1258 563 1547 609 proposuerunt.
1568 561 1731 598 Restitit
1750 571 1842 598 vero
1861 560 2012 609 Grego-

1066 612 1146 650 iius
1166 613 1444 659 Nazianzenus,
1464 615 1564 662 quod
1585 614 1622 651 id
1642 614 1763 651 initae
1784 613 1874 650 olim
1895 613 2010 651 Mele-

1065 666 1162 703 tium
1191 667 1293 704 inter
1320 669 1359 703 et
1388 666 1596 704 Paulinum
1624 667 1851 704 concordiae
1879 667 2014 704 adver-

1066 721 1222 757 sarctur
1241 723 1280 757 et
1298 720 1562 758 Antiochenae
1581 720 1763 757 ecclesiae
1783 719 2011 757 divisionem

1066 773 1227 811 foveret.
1246 773 1339 810 Inde
1358 774 1497 810 turbae
1515 784 1654 821 graves
1674 773 1712 809 in
1728 770 1890 810 concilio
1911 772 2012 810 exci-

1065 828 1171 864 tatae
1191 828 1294 863 sunt.
1317 826 1520 864 Prioribus
1548 826 1882 875 praevalentibus,
1901 826 1939 863 in
1961 825 2012 863 lo-

1068 891 1155 917 cum
1174 879 1323 917 Meletii
1349 879 1550 918 ordinatus
1577 882 1636 916 est
1660 879 1884 917 Flavianus.
1915 879 2009 917 Cum

1067 936 1197 971 autem
1207 932 1299 970 huic
1310 932 1541 971 ordinationi
1550 933 1766 969 consentire
1783 931 2011 970 nolletGre-

1067 986 1213 1034 gorius,
1234 985 1447 1024 multorum
1467 986 1654 1024 invidiam
1672 985 1708 1021 in
1725 997 1765 1022 se
1786 985 2009 1024 concitavit.

1067 1040 1324 1088 Quapropter,
1340 1042 1389 1076 ne
1405 1039 1590 1077 dissensio
1601 1037 1826 1076 scandalum
1841 1043 2011 1086 pareret,

1065 1094 1171 1142 pacis
1198 1092 1327 1130 studio
1358 1094 1397 1130 et
1426 1092 1588 1130 concilio
1617 1095 1656 1129 et
1686 1091 1921 1140 episcopatui
1942 1092 2007 1140 Cp.

1069 1145 1253 1183 nuncium
1297 1145 1458 1184 remisit.
1501 1146 1545 1183 In
1588 1145 1671 1182 eius
1698 1144 1826 1182 locum
1855 1144 2007 1182 ordina-

1067 1204 1128 1237 tus
1158 1199 1232 1237 fuit
1259 1199 1491 1246 Nectarius,
1521 1211 1570 1236 ex
1599 1198 1732 1236 ordine
1760 1197 1954 1235 senatorio
1973 1200 2012 1235 et

1067 1253 1194 1290 adhuc
1223 1253 1537 1291 catechumenus.
1568 1252 1766 1294 Quantum
1787 1251 1835 1288 ad
1856 1262 2012 1288 causam

1067 1306 1175 1343 Fidei
1204 1309 1354 1355 spectat
1382 1304 1655 1345 Macedoniani
1683 1303 1936 1353 interpellati,
1967 1316 2014 1341 ne

1067 1360 1214 1406 Fidem,
1227 1371 1342 1408 quam
1357 1372 1487 1397 coram
1504 1358 1658 1396 Liberio
1673 1369 1742 1407 per
1755 1357 1903 1406 legatos
1920 1369 2014 1406 pro-

1068 1413 1158 1450 fessi
1177 1413 1346 1460 fuerant,
1367 1413 1650 1458 subverterent,
1668 1411 1958 1459 responderunt,
1973 1422 2013 1447 se

1067 1467 1182 1504 malle
1211 1466 1399 1504 Arianam
1418 1478 1536 1515 quam
1556 1466 1774 1504 Nicaenam
1794 1463 2012 1501 doctrinam

1069 1520 1230 1567 sectari,
1252 1522 1291 1558 et
1311 1519 1617 1568 Costantinopoli
1636 1518 1891 1556 discesserunt
1909 1516 1936 1554 ².
1957 1517 2013 1554 E-

1067 1573 1212 1622 piscopi
1247 1585 1338 1610 vero
1372 1573 1565 1618 catholici,
1585 1572 1820 1610 Arianorum
1838 1600 1847 1616 ‚
1882 1570 2014 1607 Mace-

1069 1627 1323 1664 donianorum
1353 1630 1392 1663 et
1421 1625 1786 1676 Apollinaristarum
1815 1623 2013 1661 erroribus

1069 1681 1282 1725 damnatis,
1311 1680 1527 1717 Nicaenum
1561 1677 1776 1727 symbolum
1807 1676 2014 1714 confirma-

1070 1736 1171 1779 runt,
1192 1733 1333 1770 additis
1354 1733 1545 1770 nonnullis
1564 1732 1705 1777 verbis,
1725 1730 2014 1780 quaecatholi-

1070 1798 1153 1823 cam
1192 1787 1422 1835 praesertim
1460 1787 1506 1824 de
1539 1785 1685 1834 Spiritu
1722 1785 1761 1821 S.
1796 1783 2014 1820 doctrinam

1069 1839 1311 1888 explicarent
1329 1842 1368 1877 et
1383 1839 1754 1877 Macedonianorum
1770 1837 2014 1885 aliorumque

1067 1904 1217 1930 errores
1246 1896 1484 1930 everterent.
1519 1892 1622 1930 Editi
1655 1892 1746 1929 sunt
1778 1902 1945 1927 canones
1964 1890 1988 1927 3
2006 1903 2014 1928 :

1068 1947 1223 1984 Canone
1242 1946 1282 1983 10
1294 1946 1546 1983 confirmatur
1559 1945 1734 1983 Nicaena
1752 1944 1864 1991 fides,
1878 1943 2017 1981 omnis-

1066 2011 1140 2047 que
1169 1998 1340 2038 haeresis
1369 2000 1569 2049 speciatim
1599 1999 1853 2043 Arianorum,
1881 1996 2015 2034 Mace-

1065 2053 1334 2098 donianorum,
1352 2053 1675 2098 Sabellianorum,
1690 2050 2015 2088 Photinianorum

1067 2108 1105 2143 et
1123 2106 1491 2155 Apollinaristarum
1513 2107 1742 2152 damnatur;
1762 2102 1805 2142 2⁰
1827 2103 2017 2153 praceipi-

1065 2162 1140 2205 tur,
1162 2162 1205 2197 ut
1233 2172 1302 2198 sua
1331 2172 1506 2209 quaeque
1536 2159 1722 2196 ecclesiae
1752 2159 1910 2195 servent
1930 2156 2018 2194 iura

1066 2216 1103 2250 et
1123 2213 1329 2262 privilegia
1358 2215 1429 2251 sibi
1455 2225 1523 2262 per
1542 2213 1733 2251 Nicaenos
1762 2222 1931 2248 canones
1951 2222 2015 2247 as-

1066 2271 1186 2326 serta,
1212 2270 1251 2304 et
1269 2267 1436 2316 episcopi
1466 2279 1554 2304 suas
1573 2266 1629 2304 ita
1649 2265 1869 2314 gubernent
1889 2263 2015 2300 eccle-

1066 2319 1153 2366 sias,
1166 2322 1209 2357 ut
1225 2333 1298 2357 non
1317 2321 1503 2358 accedant
1519 2321 1567 2357 ad
1583 2319 1702 2364 alias;
1718 2317 1761 2356 3⁰
1774 2329 1856 2355 can.
1870 2317 2017 2365 primae

1067 2373 1223 2411 honoris
1252 2386 1320 2422 pat
1323 2377 1380 2411 tes
1406 2378 1491 2423 post
1510 2374 1557 2411 R.
1578 2348 1808 2410 Ponti’ficem
1833 2370 2016 2408 tiibuun-

1067 2428 1131 2463 tur
1151 2426 1326 2476 episcopo
1346 2427 1425 2476 Cp„
1442 2439 1486 2464 eo
1507 2427 1606 2475 quod
1623 2423 1947 2472 Costantinopolis
1964 2422 2014 2460 sit

1068 2492 1168 2517 nova
1189 2481 1326 2518 Roma.
1359 2481 1521 2518 Piaeter
1542 2481 1610 2523 hos
1630 2481 1710 2516 tres
1730 2488 1897 2515 canones
1913 2487 2013 2512 non-

1068 2533 1161 2570 nulli
1184 2536 1392 2571 numerant
1411 2533 1507 2571 alios
1527 2536 1708 2581 quatuor,
1729 2531 1879 2580 quibus:
1895 2528 1939 2565 4⁰
1956 2529 2017 2566 de-

1069 2586 1243 2624 claratur
1270 2586 1487 2624 Maximum
1516 2585 1704 2635 Cynicum
1736 2596 1803 2620 nec
1831 2594 1924 2628 esse,
1946 2594 2018 2619 nec

1070 2639 1188 2677 fuisse
1216 2652 1386 2689 unquam
1415 2640 1659 2689 episcopum3
1689 2636 1731 2673 50
1764 2635 2015 2673 confirmatur

1068 2692 1221 2730 libellus
1233 2693 1553 2738 Occidentalium,
1564 2704 1638 2741 quo
1656 2688 1885 2728 Antiocheni
1899 2700 2015 2725 unam

1070 2745 1200 2783 Patris
1219 2748 1257 2783 et
1277 2747 1367 2783 Filii
1388 2750 1426 2783 et
1445 2746 1611 2794 Spiritus
1632 2744 1669 2781 S.
1689 2743 1880 2780 deitatem
1896 2741 2017 2788 profi-

1069 2802 1207 2846 tentes,
1237 2800 1520 2848 suscipiuntur;
1550 2798 1591 2835 60
1622 2795 1823 2842 haeretiei,
1854 2807 2016 2832 excom-

1072 2852 1276 2898 municati,
1305 2852 1475 2889 criminis
1503 2851 1560 2887 rei
1590 2852 1630 2887 et
1649 2849 1811 2886 infames
1831 2849 1878 2886 ab
1899 2860 2016 2885 accu-

1069 2906 1197 2943 sandis
1218 2906 1402 2954 episcopis
1419 2907 1457 2941 et
1472 2903 1620 2941 clericis
1635 2905 1840 2949 arcentur;
1857 2901 1899 2938 70
1911 2913 2019 2950 prae-

1070 2959 1252 2996 scribitur
1272 2960 1406 2995 modus
1427 2956 1643 2994 haereticos
1662 2956 1699 2993 in
1717 2955 1913 2992 Ecclesiae
1930 2966 2016 3003 gre-

1070 3012 1190 3048 mium
1219 3010 1438 3059 recipiendi.
1463 3010 1532 3046 His
1554 3009 1741 3047 absolutis
1761 3008 1926 3057 episcopi
1948 3019 2015 3056 per

1070 3064 1271 3119 epistolam
1290 3063 1510 3112 synodicam
1531 3063 1578 3100 ad
1594 3063 1869 3111 imperatorem
1884 3061 2014 3098 Theo-

1110 3199 1120 3219 1
1140 3200 1202 3229 Vid.
1221 3209 1259 3238 pp
1262 3198 1343 3229 .108
1360 3202 1388 3228 et
1408 3197 1474 3229 109.

1111 3209 1259 3272 2Socratp
1270 3240 1288 3270 Ι.
1308 3241 1338 3277 V,
1355 3249 1380 3271 c
1397 3237 1648 3277 8;Soz0men.l.
1666 3238 1767 3275 V11‚c.
1786 3237 1811 3268 7
