<?xml version="1.0" encoding="UTF-8"?>
<!DOCTYPE html PUBLIC "-//W3C//DTD XHTML 1.0 Transitional//EN"
    "http://www.w3.org/TR/xhtml1/DTD/xhtml1-transitional.dtd">
<html xmlns="http://www.w3.org/1999/xhtml" xml:lang="en" lang="en">
 <head>
  <title>
</title>
<meta http-equiv="Content-Type" content="text/html;charset=utf-8" />
  <meta name='ocr-system' content='tesseract 3.04.00' />
  <meta name='ocr-capabilities' content='ocr_page ocr_carea ocr_par ocr_line ocrx_word'/>
</head>
<body>
  <div class='ocr_page' id='page_1' title='image "./historiaeecclesi01wout_0204.png"; bbox 0 0 2241 3473; ppageno 0'>
   <div class='ocr_carea' id='block_1_1' title="bbox 232 106 306 144">
    <p class='ocr_par' dir='ltr' id='par_1_1' title="bbox 232 106 306 144">
     <span class='ocr_line' id='line_1_1' title="bbox 232 106 306 144; baseline -0.014 0"><span class='ocrx_word' id='word_1_1' title='bbox 232 106 306 144; x_wconf 84' lang='lat'>174</span> 
     </span>
    </p>
   </div>
   <div class='ocr_carea' id='block_1_2' title="bbox 169 180 1133 1504">
    <p class='ocr_par' dir='ltr' id='par_1_2' title="bbox 169 180 1133 1504">
     <span class='ocr_line' id='line_1_2' title="bbox 175 180 1133 229; baseline -0.002 -10"><span class='ocrx_word' id='word_1_2' title='bbox 175 181 258 219; x_wconf 86' lang='lat' dir='ltr'>fatu</span> <span class='ocrx_word' id='word_1_3' title='bbox 278 180 440 224; x_wconf 84' lang='lat' dir='ltr'>functus</span> <span class='ocrx_word' id='word_1_4' title='bbox 460 182 530 218; x_wconf 86' lang='lat' dir='ltr'>est.</span> <span class='ocrx_word' id='word_1_5' title='bbox 548 181 771 229; x_wconf 84' lang='lat' dir='ltr'>Imperante</span> <span class='ocrx_word' id='word_1_6' title='bbox 786 180 931 218; x_wconf 87' lang='lat' dir='ltr'>Omaro</span> <span class='ocrx_word' id='word_1_7' title='bbox 947 180 1133 218; x_wconf 73' lang='lat' dir='ltr'>Saraceni</span> 
     </span>
     <span class='ocr_line' id='line_1_3' title="bbox 176 232 1130 282; baseline -0.001 -11"><span class='ocrx_word' id='word_1_8' title='bbox 176 246 332 271; x_wconf 88' lang='lat' dir='ltr'>omnem</span> <span class='ocrx_word' id='word_1_9' title='bbox 365 233 535 282; x_wconf 85' lang='lat' dir='ltr'>Syriam,</span> <span class='ocrx_word' id='word_1_10' title='bbox 570 232 856 280; x_wconf 79' lang='lat' dir='ltr'>Palaestinam,</span> <span class='ocrx_word' id='word_1_11' title='bbox 890 234 1130 282; x_wconf 79' lang='lat' dir='ltr'>AEgyptum,</span> 
     </span>
     <span class='ocr_line' id='line_1_4' title="bbox 177 285 1129 336; baseline 0 -12"><span class='ocrx_word' id='word_1_12' title='bbox 177 298 436 335; x_wconf 82' lang='lat' dir='ltr'>magnamque</span> <span class='ocrx_word' id='word_1_13' title='bbox 474 287 627 335; x_wconf 86' lang='lat' dir='ltr'>partem</span> <span class='ocrx_word' id='word_1_14' title='bbox 667 285 839 323; x_wconf 75' lang='lat' dir='ltr'><strong>Persidis</strong></span> <span class='ocrx_word' id='word_1_15' title='bbox 873 289 1129 336; x_wconf 87' lang='lat' dir='ltr'>occuparunt.</span> 
     </span>
     <span class='ocr_line' id='line_1_5' title="bbox 175 338 1129 388; baseline -0.001 -11"><span class='ocrx_word' id='word_1_16' title='bbox 175 340 319 377; x_wconf 87' lang='lat' dir='ltr'>Omaro</span> <span class='ocrx_word' id='word_1_17' title='bbox 352 338 539 376; x_wconf 88' lang='lat' dir='ltr'>successit</span> <span class='ocrx_word' id='word_1_18' title='bbox 573 338 814 384; x_wconf 85' lang='lat' dir='ltr'>Othmanus,</span> <span class='ocrx_word' id='word_1_19' title='bbox 850 339 916 387; x_wconf 85' lang='lat' dir='ltr'>qui</span> <span class='ocrx_word' id='word_1_20' title='bbox 939 351 1060 388; x_wconf 87' lang='lat' dir='ltr'>usque</span> <span class='ocrx_word' id='word_1_21' title='bbox 1081 340 1129 376; x_wconf 90' lang='lat' dir='ltr'>ad</span> 
     </span>
     <span class='ocr_line' id='line_1_6' title="bbox 176 391 1128 438; baseline -0.001 -8"><span class='ocrx_word' id='word_1_22' title='bbox 176 405 238 430; x_wconf 88' lang='lat' dir='ltr'>an.</span> <span class='ocrx_word' id='word_1_23' title='bbox 259 391 336 429; x_wconf 78' lang='grc'>656</span> <span class='ocrx_word' id='word_1_24' title='bbox 359 402 492 428; x_wconf 89' lang='lat' dir='ltr'>rerum</span> <span class='ocrx_word' id='word_1_25' title='bbox 515 391 659 438; x_wconf 90' lang='lat' dir='ltr'>potitus</span> <span class='ocrx_word' id='word_1_26' title='bbox 679 393 750 428; x_wconf 75' lang='lat' dir='ltr'>est.</span> <span class='ocrx_word' id='word_1_27' title='bbox 771 392 852 429; x_wconf 86' lang='lat' dir='ltr'>Sub</span> <span class='ocrx_word' id='word_1_28' title='bbox 872 404 917 429; x_wconf 92' lang='lat' dir='ltr'>eo</span> <span class='ocrx_word' id='word_1_29' title='bbox 940 392 1128 430; x_wconf 83' lang='lat' dir='ltr'>Saraceni</span> 
     </span>
     <span class='ocr_line' id='line_1_7' title="bbox 176 443 1130 493; baseline 0 -11"><span class='ocrx_word' id='word_1_30' title='bbox 176 445 376 482; x_wconf 84' lang='lat' dir='ltr'>irruerunt</span> <span class='ocrx_word' id='word_1_31' title='bbox 401 455 461 480; x_wconf 86' lang='lat' dir='ltr'>an.</span> <span class='ocrx_word' id='word_1_32' title='bbox 483 443 561 479; x_wconf 79' lang='grc'>647</span> <span class='ocrx_word' id='word_1_33' title='bbox 586 444 623 480; x_wconf 91' lang='lat' dir='ltr'>in</span> <span class='ocrx_word' id='word_1_34' title='bbox 646 443 838 491; x_wconf 86' lang='lat' dir='ltr'>Africam,</span> <span class='ocrx_word' id='word_1_35' title='bbox 866 457 1032 493; x_wconf 86' lang='lat' dir='ltr'>eamque</span> <span class='ocrx_word' id='word_1_36' title='bbox 1058 445 1130 483; x_wconf 84' lang='lat' dir='ltr'>sibi</span> 
     </span>
     <span class='ocr_line' id='line_1_8' title="bbox 177 496 1130 547; baseline 0.001 -13"><span class='ocrx_word' id='word_1_37' title='bbox 177 496 411 545; x_wconf 83' lang='lat' dir='ltr'>vectigalem</span> <span class='ocrx_word' id='word_1_38' title='bbox 430 496 693 534; x_wconf 85' lang='lat' dir='ltr'>reddiderunt.</span> <span class='ocrx_word' id='word_1_39' title='bbox 713 498 745 534; x_wconf 88' lang='lat' dir='ltr'><strong>A</strong></span> <span class='ocrx_word' id='word_1_40' title='bbox 759 510 834 535; x_wconf 88' lang='lat' dir='ltr'>nno</span> <span class='ocrx_word' id='word_1_41' title='bbox 850 498 1030 547; x_wconf 76' lang='lat' dir='ltr'>sequenti</span> <span class='ocrx_word' id='word_1_42' title='bbox 1046 510 1130 535; x_wconf 91' lang='lat' dir='ltr'>om-</span> 
     </span>
     <span class='ocr_line' id='line_1_9' title="bbox 175 549 1127 599; baseline 0.002 -12"><span class='ocrx_word' id='word_1_43' title='bbox 175 562 259 587; x_wconf 85' lang='lat' dir='ltr'>nem</span> <span class='ocrx_word' id='word_1_44' title='bbox 276 549 444 586; x_wconf 89' lang='lat' dir='ltr'>insulam</span> <span class='ocrx_word' id='word_1_45' title='bbox 460 549 632 598; x_wconf 85' lang='lat' dir='ltr'>Cyprum</span> <span class='ocrx_word' id='word_1_46' title='bbox 649 553 903 599; x_wconf 84' lang='lat' dir='ltr'>occuparunt,</span> <span class='ocrx_word' id='word_1_47' title='bbox 919 553 958 588; x_wconf 90' lang='lat' dir='ltr'>et</span> <span class='ocrx_word' id='word_1_48' title='bbox 973 563 1035 588; x_wconf 89' lang='lat' dir='ltr'>an.</span> <span class='ocrx_word' id='word_1_49' title='bbox 1052 551 1127 589; x_wconf 78' lang='lat'>651</span> 
     </span>
     <span class='ocr_line' id='line_1_10' title="bbox 172 601 1129 650; baseline 0.001 -11"><span class='ocrx_word' id='word_1_50' title='bbox 172 603 300 640; x_wconf 91' lang='lat' dir='ltr'>deleto</span> <span class='ocrx_word' id='word_1_51' title='bbox 337 613 456 650; x_wconf 81' lang='lat' dir='ltr'>regno</span> <span class='ocrx_word' id='word_1_52' title='bbox 485 601 632 650; x_wconf 88' lang='lat' dir='ltr'>persico</span> <span class='ocrx_word' id='word_1_53' title='bbox 664 604 890 642; x_wconf 87' lang='lat' dir='ltr'>universam</span> <span class='ocrx_word' id='word_1_54' title='bbox 926 604 1129 642; x_wconf 78' lang='lat' dir='ltr'>Persidem</span> 
     </span>
     <span class='ocr_line' id='line_1_11' title="bbox 172 653 1129 705; baseline 0.003 -13"><span class='ocrx_word' id='word_1_55' title='bbox 172 656 416 703; x_wconf 82' lang='lat' dir='ltr'>subegerunt</span> <span class='ocrx_word' id='word_1_56' title='bbox 437 653 461 692; x_wconf 82' lang='lat'>¹.</span> <span class='ocrx_word' id='word_1_57' title='bbox 483 655 583 692; x_wconf 89' lang='lat' dir='ltr'>Tam</span> <span class='ocrx_word' id='word_1_58' title='bbox 612 667 775 705; x_wconf 89' lang='lat' dir='ltr'>prosper</span> <span class='ocrx_word' id='word_1_59' title='bbox 805 669 1004 695; x_wconf 86' lang='lat' dir='ltr'>armorum</span> <span class='ocrx_word' id='word_1_60' title='bbox 1036 669 1129 695; x_wconf 90' lang='lat' dir='ltr'>suc-</span> 
     </span>
     <span class='ocr_line' id='line_1_12' title="bbox 172 707 1129 759; baseline 0.002 -13"><span class='ocrx_word' id='word_1_61' title='bbox 172 719 300 746; x_wconf 80' lang='lat' dir='ltr'>cessus</span> <span class='ocrx_word' id='word_1_62' title='bbox 321 707 599 746; x_wconf 84' lang='lat' dir='ltr'>adscribendus</span> <span class='ocrx_word' id='word_1_63' title='bbox 621 711 700 756; x_wconf 86' lang='lat' dir='ltr'>est,</span> <span class='ocrx_word' id='word_1_64' title='bbox 723 711 865 758; x_wconf 88' lang='lat' dir='ltr'>partim</span> <span class='ocrx_word' id='word_1_65' title='bbox 898 711 1129 759; x_wconf 89' lang='lat' dir='ltr'>perturbato</span> 
     </span>
     <span class='ocr_line' id='line_1_13' title="bbox 172 760 1127 813; baseline 0.003 -15"><span class='ocrx_word' id='word_1_66' title='bbox 172 764 211 798; x_wconf 92' lang='lat' dir='ltr'>et</span> <span class='ocrx_word' id='word_1_67' title='bbox 232 760 382 797; x_wconf 83' lang='lat' dir='ltr'>viribus</span> <span class='ocrx_word' id='word_1_68' title='bbox 403 761 595 798; x_wconf 84' lang='lat' dir='ltr'>exhausto</span> <span class='ocrx_word' id='word_1_69' title='bbox 621 761 772 811; x_wconf 89' lang='lat' dir='ltr'>imperii</span> <span class='ocrx_word' id='word_1_70' title='bbox 795 764 936 801; x_wconf 85' lang='lat' dir='ltr'>Graeci</span> <span class='ocrx_word' id='word_1_71' title='bbox 958 766 997 801; x_wconf 88' lang='lat' dir='ltr'>et</span> <span class='ocrx_word' id='word_1_72' title='bbox 1017 764 1127 813; x_wconf 76' lang='lat' dir='ltr'>regni</span> 
     </span>
     <span class='ocr_line' id='line_1_14' title="bbox 172 813 1128 865; baseline 0.002 -13"><span class='ocrx_word' id='word_1_73' title='bbox 172 813 321 852; x_wconf 88' lang='lat' dir='ltr'>Persici</span> <span class='ocrx_word' id='word_1_74' title='bbox 351 814 483 860; x_wconf 84' lang='lat' dir='ltr'>statui,</span> <span class='ocrx_word' id='word_1_75' title='bbox 503 815 646 863; x_wconf 86' lang='lat' dir='ltr'>partim</span> <span class='ocrx_word' id='word_1_76' title='bbox 677 816 858 865; x_wconf 82' lang='lat' dir='ltr'>religioso</span> <span class='ocrx_word' id='word_1_77' title='bbox 879 816 1128 854; x_wconf 88' lang='lat' dir='ltr'>Mahometa-</span> 
     </span>
     <span class='ocr_line' id='line_1_15' title="bbox 173 867 1127 919; baseline 0.003 -15"><span class='ocrx_word' id='word_1_78' title='bbox 173 879 310 904; x_wconf 85' lang='lat' dir='ltr'>norum</span> <span class='ocrx_word' id='word_1_79' title='bbox 339 867 627 915; x_wconf 85' lang='lat' dir='ltr'>enthusiasmo,</span> <span class='ocrx_word' id='word_1_80' title='bbox 657 870 830 907; x_wconf 80' lang='lat' dir='ltr'>excitato</span> <span class='ocrx_word' id='word_1_81' title='bbox 860 882 929 919; x_wconf 91' lang='lat' dir='ltr'>per</span> <span class='ocrx_word' id='word_1_82' title='bbox 957 870 1127 919; x_wconf 88' lang='lat' dir='ltr'>pseudo-</span> 
     </span>
     <span class='ocr_line' id='line_1_16' title="bbox 171 920 1128 972; baseline 0.004 -16"><span class='ocrx_word' id='word_1_83' title='bbox 171 920 382 969; x_wconf 73' lang='lat' dir='ltr'>prophetae</span> <span class='ocrx_word' id='word_1_84' title='bbox 413 921 636 970; x_wconf 78' lang='lat' dir='ltr'>exemplum</span> <span class='ocrx_word' id='word_1_85' title='bbox 654 951 663 968; x_wconf 90' lang='lat'>,</span> <span class='ocrx_word' id='word_1_86' title='bbox 689 934 918 972; x_wconf 84' lang='lat' dir='ltr'>expressum</span> <span class='ocrx_word' id='word_1_87' title='bbox 945 924 1128 961; x_wconf 80' lang='lat' dir='ltr'>Alcorani</span> 
     </span>
     <span class='ocr_line' id='line_1_17' title="bbox 171 975 1127 1037; baseline 0.004 -27"><span class='ocrx_word' id='word_1_88' title='bbox 171 975 439 1022; x_wconf 86' lang='lat' dir='ltr'>praeceptum,</span> <span class='ocrx_word' id='word_1_89' title='bbox 461 976 500 1012; x_wconf 90' lang='lat' dir='ltr'>et</span> <span class='ocrx_word' id='word_1_90' title='bbox 526 975 756 1023; x_wconf 78' lang='lat' dir='ltr'>promissam</span> <span class='ocrx_word' id='word_1_91' title='bbox 786 977 855 1037; x_wconf 80' lang='lat' dir='ltr'>iis,</span> <span class='ocrx_word' id='word_1_92' title='bbox 877 977 941 1025; x_wconf 82' lang='lat' dir='ltr'>qui</span> <span class='ocrx_word' id='word_1_93' title='bbox 965 977 1003 1013; x_wconf 91' lang='lat' dir='ltr'>in</span> <span class='ocrx_word' id='word_1_94' title='bbox 1026 976 1127 1014; x_wconf 88' lang='lat' dir='ltr'>bello</span> 
     </span>
     <span class='ocr_line' id='line_1_18' title="bbox 169 1027 1127 1079; baseline 0.005 -16"><span class='ocrx_word' id='word_1_95' title='bbox 169 1027 453 1072; x_wconf 84' lang='lat' dir='ltr'>occubuissent,</span> <span class='ocrx_word' id='word_1_96' title='bbox 474 1027 702 1065; x_wconf 77' lang='lat' dir='ltr'>felicitatem</span> <span class='ocrx_word' id='word_1_97' title='bbox 726 1030 849 1079; x_wconf 75' lang='lat' dir='ltr'>magis</span> <span class='ocrx_word' id='word_1_98' title='bbox 866 1042 890 1067; x_wconf 79' lang='lat' dir='ltr'>v</span> <span class='ocrx_word' id='word_1_99' title='bbox 894 1041 960 1067; x_wconf 89' lang='lat' dir='ltr'>ero</span> <span class='ocrx_word' id='word_1_100' title='bbox 977 1030 1127 1078; x_wconf 82' lang='lat' dir='ltr'>magis-</span> 
     </span>
     <span class='ocr_line' id='line_1_19' title="bbox 171 1082 1127 1139; baseline 0.004 -23"><span class='ocrx_word' id='word_1_101' title='bbox 171 1092 244 1139; x_wconf 78' lang='lat' dir='ltr'>que</span> <span class='ocrx_word' id='word_1_102' title='bbox 275 1092 438 1118; x_wconf 86' lang='lat' dir='ltr'>accenso</span> <span class='ocrx_word' id='word_1_103' title='bbox 466 1093 536 1130; x_wconf 90' lang='lat' dir='ltr'>per</span> <span class='ocrx_word' id='word_1_104' title='bbox 566 1082 781 1139; x_wconf 85' lang='lat' dir='ltr'>victorias,</span> <span class='ocrx_word' id='word_1_105' title='bbox 812 1095 910 1132; x_wconf 89' lang='lat' dir='ltr'>quas</span> <span class='ocrx_word' id='word_1_106' title='bbox 938 1085 1127 1131; x_wconf 83' lang='lat' dir='ltr'>tanquam</span> 
     </span>
     <span class='ocr_line' id='line_1_20' title="bbox 169 1120 1125 1183; baseline 0.004 -14.004"><span class='ocrx_word' id='word_1_107' title='bbox 169 1133 283 1181; x_wconf 79' lang='lat' dir='ltr'>signa</span> <span class='ocrx_word' id='word_1_108' title='bbox 313 1133 466 1171; x_wconf 90' lang='lat' dir='ltr'>divinae</span> <span class='ocrx_word' id='word_1_109' title='bbox 495 1120 786 1183; x_wconf 77' lang='lat' dir='ltr'>approbationis</span> <span class='ocrx_word' id='word_1_110' title='bbox 814 1136 1125 1174; x_wconf 72' lang='lat' dir='ltr'>considerabant.</span> 
     </span>
     <span class='ocr_line' id='line_1_21' title="bbox 171 1186 1126 1238; baseline 0.004 -15"><span class='ocrx_word' id='word_1_111' title='bbox 171 1186 414 1224; x_wconf 88' lang='lat' dir='ltr'>Profuerunt</span> <span class='ocrx_word' id='word_1_112' title='bbox 439 1187 559 1224; x_wconf 89' lang='lat' dir='ltr'>etiam</span> <span class='ocrx_word' id='word_1_113' title='bbox 588 1188 667 1225; x_wconf 88' lang='lat' dir='ltr'>illis</span> <span class='ocrx_word' id='word_1_114' title='bbox 697 1189 901 1238; x_wconf 76' lang='lat' dir='ltr'>religiosae</span> <span class='ocrx_word' id='word_1_115' title='bbox 932 1190 1126 1227; x_wconf 85' lang='lat' dir='ltr'>Christia-</span> 
     </span>
     <span class='ocr_line' id='line_1_22' title="bbox 171 1240 1126 1291; baseline 0.004 -15"><span class='ocrx_word' id='word_1_116' title='bbox 171 1251 310 1277; x_wconf 86' lang='lat' dir='ltr'>norum</span> <span class='ocrx_word' id='word_1_117' title='bbox 330 1240 578 1278; x_wconf 86' lang='lat' dir='ltr'>orientalium</span> <span class='ocrx_word' id='word_1_118' title='bbox 601 1241 830 1287; x_wconf 68' lang='lat' dir='ltr'>divisiones,</span> <span class='ocrx_word' id='word_1_119' title='bbox 851 1255 895 1280; x_wconf 91' lang='lat' dir='ltr'>eo</span> <span class='ocrx_word' id='word_1_120' title='bbox 918 1243 979 1280; x_wconf 77' lang='lat' dir='ltr'>vel</span> <span class='ocrx_word' id='word_1_121' title='bbox 1001 1243 1126 1291; x_wconf 69' lang='lat' dir='ltr'>magis</span> 
     </span>
     <span class='ocr_line' id='line_1_23' title="bbox 170 1292 1124 1345; baseline 0.004 -17"><span class='ocrx_word' id='word_1_122' title='bbox 170 1293 270 1340; x_wconf 77' lang='lat' dir='ltr'>quod</span> <span class='ocrx_word' id='word_1_123' title='bbox 292 1292 521 1331; x_wconf 87' lang='lat' dir='ltr'>Nestoriani</span> <span class='ocrx_word' id='word_1_124' title='bbox 539 1296 577 1331; x_wconf 88' lang='lat' dir='ltr'>et</span> <span class='ocrx_word' id='word_1_125' title='bbox 594 1294 890 1344; x_wconf 89' lang='lat' dir='ltr'>Monophysitae</span> <span class='ocrx_word' id='word_1_126' title='bbox 906 1299 1124 1345; x_wconf 78' lang='lat' dir='ltr'>sperarent,</span> 
     </span>
     <span class='ocr_line' id='line_1_24' title="bbox 170 1346 1123 1398; baseline 0.003 -15"><span class='ocrx_word' id='word_1_127' title='bbox 170 1346 346 1383; x_wconf 85' lang='lat' dir='ltr'>futurum</span> <span class='ocrx_word' id='word_1_128' title='bbox 368 1350 411 1384; x_wconf 87' lang='lat' dir='ltr'>ut</span> <span class='ocrx_word' id='word_1_129' title='bbox 430 1347 595 1385; x_wconf 86' lang='lat' dir='ltr'>liberius</span> <span class='ocrx_word' id='word_1_130' title='bbox 610 1349 683 1385; x_wconf 90' lang='lat' dir='ltr'>sub</span> <span class='ocrx_word' id='word_1_131' title='bbox 699 1349 988 1387; x_wconf 85' lang='lat' dir='ltr'>Saracenorum</span> <span class='ocrx_word' id='word_1_132' title='bbox 1007 1361 1123 1398; x_wconf 84' lang='lat' dir='ltr'>quam</span> 
     </span>
     <span class='ocr_line' id='line_1_25' title="bbox 169 1399 1018 1451; baseline 0.004 -15"><span class='ocrx_word' id='word_1_133' title='bbox 169 1400 243 1436; x_wconf 88' lang='lat' dir='ltr'>sub</span> <span class='ocrx_word' id='word_1_134' title='bbox 260 1399 545 1448; x_wconf 87' lang='lat' dir='ltr'>imperatorum</span> <span class='ocrx_word' id='word_1_135' title='bbox 563 1401 826 1440; x_wconf 82' lang='lat' dir='ltr'>dominatione</span> <span class='ocrx_word' id='word_1_136' title='bbox 843 1406 1018 1451; x_wconf 75' lang='lat' dir='ltr'>agerent.</span> 
     </span>
     <span class='ocr_line' id='line_1_26' title="bbox 222 1452 1126 1504; baseline 0.002 -14"><span class='ocrx_word' id='word_1_137' title='bbox 222 1452 320 1490; x_wconf 90' lang='lat' dir='ltr'>Cum</span> <span class='ocrx_word' id='word_1_138' title='bbox 348 1452 510 1500; x_wconf 89' lang='lat' dir='ltr'>imperio</span> <span class='ocrx_word' id='word_1_139' title='bbox 540 1454 659 1492; x_wconf 88' lang='lat' dir='ltr'>etiam</span> <span class='ocrx_word' id='word_1_140' title='bbox 681 1455 818 1504; x_wconf 77' lang='lat' dir='ltr'>religio</span> <span class='ocrx_word' id='word_1_141' title='bbox 853 1455 1126 1501; x_wconf 86' lang='lat' dir='ltr'>mahometica,</span> 
     </span>
    </p>
   </div>
   <div class='ocr_carea' id='block_1_3' title="bbox 1145 928 1152 1509">
    <p class='ocr_par' dir='ltr' id='par_1_3' title="bbox 1145 928 1152 1509">
     <span class='ocr_line' id='line_1_27' title="bbox 1145 928 1152 1509; baseline 0 0"><span class='ocrx_word' id='word_1_142' title='bbox 1145 928 1152 1509; x_wconf 95' lang='lat' dir='ltr'> </span> 
     </span>
    </p>
   </div>
   <div class='ocr_carea' id='block_1_4' title="bbox 165 1506 1126 2249">
    <p class='ocr_par' dir='ltr' id='par_1_4' title="bbox 165 1506 1126 2249">
     <span class='ocr_line' id='line_1_28' title="bbox 168 1506 1124 1558; baseline 0.004 -16"><span class='ocrx_word' id='word_1_143' title='bbox 168 1517 236 1543; x_wconf 90' lang='lat' dir='ltr'>seu</span> <span class='ocrx_word' id='word_1_144' title='bbox 250 1506 508 1551; x_wconf 87' lang='lat' dir='ltr'>Islamismus,</span> <span class='ocrx_word' id='word_1_145' title='bbox 520 1506 636 1556; x_wconf 82' lang='lat' dir='ltr'>longe</span> <span class='ocrx_word' id='word_1_146' title='bbox 653 1507 809 1556; x_wconf 86' lang='lat' dir='ltr'>lateque</span> <span class='ocrx_word' id='word_1_147' title='bbox 828 1511 1043 1558; x_wconf 65' lang='lat' dir='ltr'>propagata</span> <span class='ocrx_word' id='word_1_148' title='bbox 1054 1511 1124 1546; x_wconf 89' lang='lat' dir='ltr'>est.</span> 
     </span>
     <span class='ocr_line' id='line_1_29' title="bbox 169 1558 1124 1610; baseline 0.003 -14"><span class='ocrx_word' id='word_1_149' title='bbox 169 1558 287 1597; x_wconf 88' lang='lat' dir='ltr'>Multi</span> <span class='ocrx_word' id='word_1_150' title='bbox 316 1558 420 1596; x_wconf 90' lang='lat' dir='ltr'>enim</span> <span class='ocrx_word' id='word_1_151' title='bbox 450 1572 471 1596; x_wconf 92' lang='lat' dir='ltr'>e</span> <span class='ocrx_word' id='word_1_152' title='bbox 497 1560 669 1598; x_wconf 87' lang='lat' dir='ltr'>subactis</span> <span class='ocrx_word' id='word_1_153' title='bbox 699 1562 852 1610; x_wconf 88' lang='lat' dir='ltr'>populis</span> <span class='ocrx_word' id='word_1_154' title='bbox 888 1562 1124 1599; x_wconf 88' lang='lat' dir='ltr'>mahometi-</span> 
     </span>
     <span class='ocr_line' id='line_1_30' title="bbox 169 1612 1124 1664; baseline 0.003 -15"><span class='ocrx_word' id='word_1_155' title='bbox 169 1624 234 1649; x_wconf 86' lang='lat' dir='ltr'>cos</span> <span class='ocrx_word' id='word_1_156' title='bbox 253 1612 354 1650; x_wconf 88' lang='lat' dir='ltr'>ritus</span> <span class='ocrx_word' id='word_1_157' title='bbox 374 1616 649 1662; x_wconf 75' lang='lat' dir='ltr'>susceperunt3</span> <span class='ocrx_word' id='word_1_158' title='bbox 666 1614 732 1652; x_wconf 88' lang='lat' dir='ltr'>alii</span> <span class='ocrx_word' id='word_1_159' title='bbox 751 1617 793 1653; x_wconf 90' lang='lat' dir='ltr'>ut</span> <span class='ocrx_word' id='word_1_160' title='bbox 814 1615 1124 1664; x_wconf 84' lang='lat' dir='ltr'>persecutionem</span> 
     </span>
     <span class='ocr_line' id='line_1_31' title="bbox 169 1665 1122 1717; baseline 0.004 -16"><span class='ocrx_word' id='word_1_161' title='bbox 169 1665 366 1703; x_wconf 80' lang='lat' dir='ltr'>evitarent</span> <span class='ocrx_word' id='word_1_162' title='bbox 385 1668 455 1704; x_wconf 88' lang='lat' dir='ltr'>aut</span> <span class='ocrx_word' id='word_1_163' title='bbox 474 1666 643 1715; x_wconf 78' lang='lat' dir='ltr'>gratiam</span> <span class='ocrx_word' id='word_1_164' title='bbox 673 1671 1028 1717; x_wconf 68' lang='lat' dir='ltr'>consequerentur,</span> <span class='ocrx_word' id='word_1_165' title='bbox 1059 1668 1122 1705; x_wconf 86' lang='lat' dir='ltr'>alii</span> 
     </span>
     <span class='ocr_line' id='line_1_32' title="bbox 167 1719 1124 1768; baseline 0.003 -13"><span class='ocrx_word' id='word_1_166' title='bbox 167 1721 210 1756; x_wconf 87' lang='lat' dir='ltr'>ut</span> <span class='ocrx_word' id='word_1_167' title='bbox 233 1721 398 1757; x_wconf 89' lang='lat' dir='ltr'>naturae</span> <span class='ocrx_word' id='word_1_168' title='bbox 421 1719 695 1768; x_wconf 85' lang='lat' dir='ltr'>voluptatibus</span> <span class='ocrx_word' id='word_1_169' title='bbox 723 1724 762 1759; x_wconf 89' lang='lat' dir='ltr'>et</span> <span class='ocrx_word' id='word_1_170' title='bbox 791 1721 983 1759; x_wconf 82' lang='lat' dir='ltr'>liberioris</span> <span class='ocrx_word' id='word_1_171' title='bbox 1019 1721 1124 1759; x_wconf 85' lang='lat' dir='ltr'>vitae</span> 
     </span>
     <span class='ocr_line' id='line_1_33' title="bbox 167 1772 1126 1824; baseline 0.004 -16"><span class='ocrx_word' id='word_1_172' title='bbox 167 1772 461 1820; x_wconf 79' lang='lat' dir='ltr'>cupiditatibus,</span> <span class='ocrx_word' id='word_1_173' title='bbox 482 1774 623 1822; x_wconf 85' lang='lat' dir='ltr'>quibus</span> <span class='ocrx_word' id='word_1_174' title='bbox 645 1775 1020 1824; x_wconf 86' lang='lat' dir='ltr'>pseudo-prophetae</span> <span class='ocrx_word' id='word_1_175' title='bbox 1041 1775 1126 1812; x_wconf 91' lang='lat' dir='ltr'>doc-</span> 
     </span>
     <span class='ocr_line' id='line_1_34' title="bbox 167 1825 1124 1875; baseline 0.004 -14"><span class='ocrx_word' id='word_1_176' title='bbox 167 1825 273 1863; x_wconf 84' lang='lat' dir='ltr'>trina</span> <span class='ocrx_word' id='word_1_177' title='bbox 294 1825 476 1871; x_wconf 85' lang='lat' dir='ltr'>favebat,</span> <span class='ocrx_word' id='word_1_178' title='bbox 497 1827 760 1875; x_wconf 81' lang='lat' dir='ltr'>indulgerent.</span> <span class='ocrx_word' id='word_1_179' title='bbox 783 1828 1010 1866; x_wconf 83' lang='lat' dir='ltr'>Christiana</span> <span class='ocrx_word' id='word_1_180' title='bbox 1031 1840 1124 1865; x_wconf 88' lang='lat' dir='ltr'>vero</span> 
     </span>
     <span class='ocr_line' id='line_1_35' title="bbox 167 1878 1126 1930; baseline 0.004 -15"><span class='ocrx_word' id='word_1_181' title='bbox 167 1878 302 1927; x_wconf 81' lang='lat' dir='ltr'>religio</span> <span class='ocrx_word' id='word_1_182' title='bbox 323 1879 363 1916; x_wconf 89' lang='lat' dir='ltr'>in</span> <span class='ocrx_word' id='word_1_183' title='bbox 383 1879 502 1917; x_wconf 90' lang='lat' dir='ltr'>terris</span> <span class='ocrx_word' id='word_1_184' title='bbox 523 1891 546 1916; x_wconf 87' lang='lat' dir='ltr'>a</span> <span class='ocrx_word' id='word_1_185' title='bbox 562 1880 768 1919; x_wconf 83' lang='lat' dir='ltr'>Saracenis</span> <span class='ocrx_word' id='word_1_186' title='bbox 785 1884 996 1930; x_wconf 86' lang='lat' dir='ltr'>occupatus</span> <span class='ocrx_word' id='word_1_187' title='bbox 1013 1882 1126 1919; x_wconf 90' lang='lat' dir='ltr'>decli-</span> 
     </span>
     <span class='ocr_line' id='line_1_36' title="bbox 168 1932 1126 1983; baseline 0.005 -16"><span class='ocrx_word' id='word_1_188' title='bbox 168 1932 303 1976; x_wconf 85' lang='lat' dir='ltr'>navit,</span> <span class='ocrx_word' id='word_1_189' title='bbox 342 1933 415 1969; x_wconf 90' lang='lat' dir='ltr'>sub</span> <span class='ocrx_word' id='word_1_190' title='bbox 446 1932 568 1970; x_wconf 89' lang='lat' dir='ltr'>variis</span> <span class='ocrx_word' id='word_1_191' title='bbox 599 1934 724 1972; x_wconf 90' lang='lat' dir='ltr'>califis</span> <span class='ocrx_word' id='word_1_192' title='bbox 754 1935 1019 1983; x_wconf 77' lang='lat' dir='ltr'>peisecutioni</span> <span class='ocrx_word' id='word_1_193' title='bbox 1051 1934 1126 1973; x_wconf 90' lang='lat' dir='ltr'>fuit</span> 
     </span>
     <span class='ocr_line' id='line_1_37' title="bbox 167 1985 1125 2047; baseline 0.004 -26"><span class='ocrx_word' id='word_1_194' title='bbox 167 1985 346 2030; x_wconf 80' lang='lat' dir='ltr'>obnoxia,</span> <span class='ocrx_word' id='word_1_195' title='bbox 365 1985 401 2022; x_wconf 93' lang='lat' dir='ltr'>in</span> <span class='ocrx_word' id='word_1_196' title='bbox 420 1985 656 2033; x_wconf 84' lang='lat' dir='ltr'>quibusdam</span> <span class='ocrx_word' id='word_1_197' title='bbox 674 1987 941 2047; x_wconf 69' lang='lat' dir='ltr'>regionibus,i</span> <span class='ocrx_word' id='word_1_198' title='bbox 929 2001 968 2025; x_wconf 88' lang='lat' dir='ltr'>m</span> <span class='ocrx_word' id='word_1_199' title='bbox 985 1988 1125 2036; x_wconf 82' lang='lat' dir='ltr'>quibus</span> 
     </span>
     <span class='ocr_line' id='line_1_38' title="bbox 165 2038 1123 2086; baseline 0.003 -11"><span class='ocrx_word' id='word_1_200' title='bbox 165 2038 250 2075; x_wconf 86' lang='lat' dir='ltr'>sola</span> <span class='ocrx_word' id='word_1_201' title='bbox 271 2041 388 2076; x_wconf 89' lang='lat' dir='ltr'>antea</span> <span class='ocrx_word' id='word_1_202' title='bbox 404 2039 582 2084; x_wconf 84' lang='lat' dir='ltr'>flor,ebat</span> <span class='ocrx_word' id='word_1_203' title='bbox 600 2040 667 2078; x_wconf 90' lang='lat' dir='ltr'>ut</span> <span class='ocrx_word' id='word_1_204' title='bbox 660 2053 696 2077; x_wconf 82' lang='grc' dir='ltr'>ιη</span> <span class='ocrx_word' id='word_1_205' title='bbox 715 2041 837 2078; x_wconf 82' lang='lat' dir='ltr'>Afric¹</span> <span class='ocrx_word' id='word_1_206' title='bbox 840 2055 850 2078; x_wconf 89' lang='grc' dir='ltr'>ι</span> <span class='ocrx_word' id='word_1_207' title='bbox 869 2053 1044 2086; x_wconf 90' lang='lat' dir='ltr'>romana,</span> <span class='ocrx_word' id='word_1_208' title='bbox 1063 2042 1123 2078; x_wconf 90' lang='lat' dir='ltr'>de-</span> 
     </span>
     <span class='ocr_line' id='line_1_39' title="bbox 167 2071 1126 2138; baseline 0.004 -10"><span class='ocrx_word' id='word_1_209' title='bbox 167 2091 293 2138; x_wconf 72' lang='lat' dir='ltr'>petiit,</span> <span class='ocrx_word' id='word_1_210' title='bbox 306 2091 344 2128; x_wconf 91' lang='lat' dir='ltr'>in</span> <span class='ocrx_word' id='word_1_211' title='bbox 366 2091 454 2129; x_wconf 88' lang='lat' dir='ltr'>aliis</span> <span class='ocrx_word' id='word_1_212' title='bbox 483 2092 597 2130; x_wconf 91' lang='lat' dir='ltr'>valde</span> <span class='ocrx_word' id='word_1_213' title='bbox 618 2096 820 2132; x_wconf 85' lang='lat' dir='ltr'>coarctata</span> <span class='ocrx_word' id='word_1_214' title='bbox 841 2095 926 2132; x_wconf 86' lang='lat' dir='ltr'>fuit.</span> <span class='ocrx_word' id='word_1_215' title='bbox 954 2071 1049 2132; x_wconf 84' lang='lat' dir='ltr'>Cuni</span> <span class='ocrx_word' id='word_1_216' title='bbox 1067 2106 1126 2132; x_wconf 88' lang='lat' dir='ltr'>re-</span> 
     </span>
     <span class='ocr_line' id='line_1_40' title="bbox 165 2144 1122 2196; baseline 0.003 -15"><span class='ocrx_word' id='word_1_217' title='bbox 165 2144 309 2193; x_wconf 81' lang='lat' dir='ltr'>ligione</span> <span class='ocrx_word' id='word_1_218' title='bbox 330 2145 540 2182; x_wconf 85' lang='lat' dir='ltr'>christiana</span> <span class='ocrx_word' id='word_1_219' title='bbox 561 2146 599 2182; x_wconf 89' lang='lat' dir='ltr'>in</span> <span class='ocrx_word' id='word_1_220' title='bbox 627 2147 762 2184; x_wconf 86' lang='lat' dir='ltr'>iisdem</span> <span class='ocrx_word' id='word_1_221' title='bbox 793 2148 909 2185; x_wconf 86' lang='lat' dir='ltr'>terris</span> <span class='ocrx_word' id='word_1_222' title='bbox 940 2147 1122 2196; x_wconf 87' lang='lat' dir='ltr'>deperie-</span> 
     </span>
     <span class='ocr_line' id='line_1_41' title="bbox 166 2197 1124 2249; baseline 0.004 -15"><span class='ocrx_word' id='word_1_223' title='bbox 166 2201 259 2234; x_wconf 88' lang='lat' dir='ltr'>runt</span> <span class='ocrx_word' id='word_1_224' title='bbox 273 2197 510 2243; x_wconf 87' lang='lat' dir='ltr'>litterarum,</span> <span class='ocrx_word' id='word_1_225' title='bbox 527 2199 797 2246; x_wconf 84' lang='lat' dir='ltr'>scientiarum,</span> <span class='ocrx_word' id='word_1_226' title='bbox 809 2201 1034 2249; x_wconf 83' lang='lat' dir='ltr'>artiumque</span> <span class='ocrx_word' id='word_1_227' title='bbox 1047 2204 1124 2238; x_wconf 89' lang='lat' dir='ltr'>stu-</span> 
     </span>
    </p>
   </div>
   <div class='ocr_carea' id='block_1_5' title="bbox 1144 1683 1149 2308">
    <p class='ocr_par' dir='ltr' id='par_1_5' title="bbox 1144 1683 1149 2308">
     <span class='ocr_line' id='line_1_42' title="bbox 1144 1683 1149 2308; baseline 0 0"><span class='ocrx_word' id='word_1_228' title='bbox 1144 1683 1149 2308; x_wconf 95' lang='lat' dir='ltr'> </span> 
     </span>
    </p>
   </div>
   <div class='ocr_carea' id='block_1_6' title="bbox 157 2250 1140 3149">
    <p class='ocr_par' dir='ltr' id='par_1_6' title="bbox 162 2250 1126 2778">
     <span class='ocr_line' id='line_1_43' title="bbox 165 2250 1126 2302; baseline 0.004 -15"><span class='ocrx_word' id='word_1_229' title='bbox 165 2250 229 2288; x_wconf 91' lang='lat' dir='ltr'>dia</span> <span class='ocrx_word' id='word_1_230' title='bbox 241 2251 841 2301; x_wconf 75' lang='lat' dir='ltr'>etcultura,morumintegritas</span> <span class='ocrx_word' id='word_1_231' title='bbox 853 2256 970 2302; x_wconf 74' lang='lat' dir='ltr'>atque</span> <span class='ocrx_word' id='word_1_232' title='bbox 989 2254 1126 2291; x_wconf 81' lang='lat' dir='ltr'>liuma-</span> 
     </span>
     <span class='ocr_line' id='line_1_44' title="bbox 166 2304 1123 2355; baseline 0.004 -15"><span class='ocrx_word' id='word_1_233' title='bbox 166 2304 277 2342; x_wconf 78' lang='lat' dir='ltr'>nitas.</span> <span class='ocrx_word' id='word_1_234' title='bbox 294 2305 480 2342; x_wconf 81' lang='lat' dir='ltr'>Attamen</span> <span class='ocrx_word' id='word_1_235' title='bbox 502 2305 617 2342; x_wconf 86' lang='lat' dir='ltr'>sicuti</span> <span class='ocrx_word' id='word_1_236' title='bbox 645 2306 682 2343; x_wconf 90' lang='lat' dir='ltr'>in</span> <span class='ocrx_word' id='word_1_237' title='bbox 704 2307 793 2344; x_wconf 85' lang='lat' dir='ltr'>aliis</span> <span class='ocrx_word' id='word_1_238' title='bbox 814 2308 930 2344; x_wconf 85' lang='lat' dir='ltr'>sectis</span> <span class='ocrx_word' id='word_1_239' title='bbox 944 2307 1123 2355; x_wconf 63' lang='lat' dir='ltr'>contigit,</span> 
     </span>
     <span class='ocr_line' id='line_1_45' title="bbox 164 2357 1123 2409; baseline 0.004 -15"><span class='ocrx_word' id='word_1_240' title='bbox 164 2357 284 2394; x_wconf 87' lang='lat' dir='ltr'>etiam</span> <span class='ocrx_word' id='word_1_241' title='bbox 311 2357 350 2395; x_wconf 92' lang='lat' dir='ltr'>in</span> <span class='ocrx_word' id='word_1_242' title='bbox 381 2358 645 2396; x_wconf 81' lang='lat' dir='ltr'>mahometica</span> <span class='ocrx_word' id='word_1_243' title='bbox 675 2372 750 2397; x_wconf 90' lang='lat' dir='ltr'>non</span> <span class='ocrx_word' id='word_1_244' title='bbox 780 2363 933 2397; x_wconf 88' lang='lat' dir='ltr'>tantum</span> <span class='ocrx_word' id='word_1_245' title='bbox 965 2361 1123 2409; x_wconf 85' lang='lat' dir='ltr'>politica</span> 
     </span>
     <span class='ocr_line' id='line_1_46' title="bbox 167 2411 1122 2463; baseline 0.004 -16"><span class='ocrx_word' id='word_1_246' title='bbox 167 2411 233 2448; x_wconf 87' lang='lat' dir='ltr'>sed</span> <span class='ocrx_word' id='word_1_247' title='bbox 251 2413 291 2448; x_wconf 92' lang='lat' dir='ltr'>et</span> <span class='ocrx_word' id='word_1_248' title='bbox 304 2411 485 2459; x_wconf 78' lang='lat' dir='ltr'>religiosa</span> <span class='ocrx_word' id='word_1_249' title='bbox 498 2411 628 2449; x_wconf 86' lang='lat' dir='ltr'>unitas</span> <span class='ocrx_word' id='word_1_250' title='bbox 645 2412 814 2450; x_wconf 84' lang='lat' dir='ltr'>dissidiis</span> <span class='ocrx_word' id='word_1_251' title='bbox 830 2414 1016 2460; x_wconf 65' lang='lat' dir='ltr'>gravibus</span> <span class='ocrx_word' id='word_1_252' title='bbox 1028 2425 1122 2463; x_wconf 87' lang='lat' dir='ltr'>rup-</span> 
     </span>
     <span class='ocr_line' id='line_1_47' title="bbox 164 2465 1124 2516; baseline 0.003 -15"><span class='ocrx_word' id='word_1_253' title='bbox 164 2466 205 2500; x_wconf 91' lang='lat' dir='ltr'>ta</span> <span class='ocrx_word' id='word_1_254' title='bbox 234 2465 304 2502; x_wconf 88' lang='lat' dir='ltr'>est.</span> <span class='ocrx_word' id='word_1_255' title='bbox 336 2465 559 2502; x_wconf 85' lang='lat' dir='ltr'>Posteriore</span> <span class='ocrx_word' id='word_1_256' title='bbox 600 2465 724 2503; x_wconf 91' lang='lat' dir='ltr'>medio</span> <span class='ocrx_word' id='word_1_257' title='bbox 747 2467 891 2504; x_wconf 76' lang='lat' dir='ltr'>saeculi</span> <span class='ocrx_word' id='word_1_258' title='bbox 913 2467 986 2503; x_wconf 75' lang='lat' dir='ltr'>VII</span> <span class='ocrx_word' id='word_1_259' title='bbox 1010 2471 1124 2516; x_wconf 88' lang='lat' dir='ltr'>rupta</span> 
     </span>
     <span class='ocr_line' id='line_1_48' title="bbox 165 2517 1122 2567; baseline 0 -13"><span class='ocrx_word' id='word_1_260' title='bbox 165 2517 315 2555; x_wconf 88' lang='lat' dir='ltr'>unitate</span> <span class='ocrx_word' id='word_1_261' title='bbox 345 2518 525 2567; x_wconf 87' lang='lat' dir='ltr'>politica,</span> <span class='ocrx_word' id='word_1_262' title='bbox 553 2520 662 2556; x_wconf 87' lang='lat' dir='ltr'>ortae</span> <span class='ocrx_word' id='word_1_263' title='bbox 683 2522 774 2556; x_wconf 86' lang='lat' dir='ltr'>sunt</span> <span class='ocrx_word' id='word_1_264' title='bbox 803 2520 902 2557; x_wconf 87' lang='lat' dir='ltr'>duae</span> <span class='ocrx_word' id='word_1_265' title='bbox 932 2520 1122 2558; x_wconf 77' lang='lat' dir='ltr'>factiones</span> 
     </span>
     <span class='ocr_line' id='line_1_49' title="bbox 163 2571 1120 2620; baseline 0.002 -12"><span class='ocrx_word' id='word_1_266' title='bbox 163 2571 330 2609; x_wconf 90' lang='lat' dir='ltr'>maiores</span> <span class='ocrx_word' id='word_1_267' title='bbox 355 2601 365 2618; x_wconf 93' lang='lat'>,</span> <span class='ocrx_word' id='word_1_268' title='bbox 408 2571 650 2609; x_wconf 86' lang='lat' dir='ltr'>Schiitarum</span> <span class='ocrx_word' id='word_1_269' title='bbox 687 2584 823 2620; x_wconf 83' lang='lat' dir='ltr'>nempe</span> <span class='ocrx_word' id='word_1_270' title='bbox 859 2576 898 2609; x_wconf 91' lang='lat' dir='ltr'>et</span> <span class='ocrx_word' id='word_1_271' title='bbox 934 2573 1120 2611; x_wconf 74' lang='lat' dir='ltr'>Sonuita-</span> 
     </span>
     <span class='ocr_line' id='line_1_50' title="bbox 164 2624 1121 2675; baseline 0.004 -16"><span class='ocrx_word' id='word_1_272' title='bbox 164 2636 272 2668; x_wconf 77' lang='lat' dir='ltr'>rum3</span> <span class='ocrx_word' id='word_1_273' title='bbox 309 2625 345 2661; x_wconf 89' lang='lat' dir='ltr'>hi</span> <span class='ocrx_word' id='word_1_274' title='bbox 383 2624 577 2662; x_wconf 87' lang='lat' dir='ltr'>Alcorano</span> <span class='ocrx_word' id='word_1_275' title='bbox 613 2625 883 2673; x_wconf 79' lang='lat' dir='ltr'>adiungebant</span> <span class='ocrx_word' id='word_1_276' title='bbox 914 2626 1041 2675; x_wconf 76' lang='lat' dir='ltr'>legem</span> <span class='ocrx_word' id='word_1_277' title='bbox 1072 2639 1121 2664; x_wconf 80' lang='lat' dir='ltr'>ex</span> 
     </span>
     <span class='ocr_line' id='line_1_51' title="bbox 162 2677 1112 2728; baseline 0.002 -15"><span class='ocrx_word' id='word_1_278' title='bbox 162 2689 228 2713; x_wconf 68' lang='lat' dir='ltr'>ore</span> <span class='ocrx_word' id='word_1_279' title='bbox 250 2677 486 2716; x_wconf 73' lang='lat' dir='ltr'>Mainometis</span> <span class='ocrx_word' id='word_1_280' title='bbox 505 2681 709 2728; x_wconf 84' lang='lat' dir='ltr'>exceptam</span> <span class='ocrx_word' id='word_1_281' title='bbox 730 2682 770 2716; x_wconf 91' lang='lat' dir='ltr'>et</span> <span class='ocrx_word' id='word_1_282' title='bbox 792 2679 1000 2717; x_wconf 70' lang='lat' dir='ltr'>traditione</span> <span class='ocrx_word' id='word_1_283' title='bbox 1022 2692 1112 2727; x_wconf 86' lang='lat' dir='ltr'>pro-</span> 
     </span>
     <span class='ocr_line' id='line_1_52' title="bbox 163 2731 1119 2778; baseline 0.003 -13"><span class='ocrx_word' id='word_1_284' title='bbox 163 2735 366 2778; x_wconf 73' lang='lat' dir='ltr'>pagatam3</span> <span class='ocrx_word' id='word_1_285' title='bbox 386 2731 462 2769; x_wconf 87' lang='lat' dir='ltr'>illis</span> <span class='ocrx_word' id='word_1_286' title='bbox 479 2731 599 2769; x_wconf 85' lang='lat' dir='ltr'>solius</span> <span class='ocrx_word' id='word_1_287' title='bbox 617 2732 798 2770; x_wconf 79' lang='lat' dir='ltr'>Alcorani</span> <span class='ocrx_word' id='word_1_288' title='bbox 817 2732 972 2770; x_wconf 81' lang='lat' dir='ltr'>litterae</span> <span class='ocrx_word' id='word_1_289' title='bbox 990 2733 1119 2769; x_wconf 86' lang='lat' dir='ltr'>inhae-</span> 
     </span>
    </p>

    <p class='ocr_par' dir='ltr' id='par_1_7' title="bbox 160 2784 1120 2831">
     <span class='ocr_line' id='line_1_53' title="bbox 160 2784 1120 2831; baseline 0.004 -12"><span class='ocrx_word' id='word_1_290' title='bbox 160 2784 310 2820; x_wconf 80' lang='lat' dir='ltr'>rebant.</span> <span class='ocrx_word' id='word_1_291' title='bbox 334 2785 500 2822; x_wconf 84' lang='lat' dir='ltr'>Practer</span> <span class='ocrx_word' id='word_1_292' title='bbox 521 2786 588 2822; x_wconf 83' lang='lat' dir='ltr'>has</span> <span class='ocrx_word' id='word_1_293' title='bbox 610 2786 705 2823; x_wconf 85' lang='lat' dir='ltr'>duas</span> <span class='ocrx_word' id='word_1_294' title='bbox 727 2785 913 2823; x_wconf 82' lang='lat' dir='ltr'>factiones</span> <span class='ocrx_word' id='word_1_295' title='bbox 934 2787 1120 2831; x_wconf 64' lang='lat' dir='ltr'>maiores,</span> 
     </span>
    </p>

    <p class='ocr_par' dir='ltr' id='par_1_8' title="bbox 157 2816 1140 3149">
     <span class='ocr_line' id='line_1_54' title="bbox 159 2816 1140 2886; baseline 0.006 -16"><span class='ocrx_word' id='word_1_296' title='bbox 159 2848 260 2884; x_wconf 82' lang='lat' dir='ltr'>quae</span> <span class='ocrx_word' id='word_1_297' title='bbox 283 2849 354 2873; x_wconf 89' lang='lat' dir='ltr'>non</span> <span class='ocrx_word' id='word_1_298' title='bbox 379 2839 491 2874; x_wconf 88' lang='lat' dir='ltr'>modo</span> <span class='ocrx_word' id='word_1_299' title='bbox 513 2838 760 2886; x_wconf 81' lang='lat' dir='ltr'>opinionibus</span> <span class='ocrx_word' id='word_1_300' title='bbox 777 2841 815 2876; x_wconf 91' lang='lat' dir='ltr'>et</span> <span class='ocrx_word' id='word_1_301' title='bbox 832 2839 1035 2884; x_wconf 76' lang='lat' dir='ltr'>institutis,</span> <span class='ocrx_word' id='word_1_302' title='bbox 1051 2816 1120 2876; x_wconf 80' lang='lat' dir='ltr'>sed⁷</span> <span class='ocrx_word' id='word_1_303' title='bbox 1138 2871 1140 2880; x_wconf 78' lang='grc'>,</span> 
     </span>
     <span class='ocr_line' id='line_1_55' title="bbox 160 2889 1139 2939; baseline 0.004 -15"><span class='ocrx_word' id='word_1_304' title='bbox 160 2889 278 2926; x_wconf 83' lang='lat' dir='ltr'>ctiam</span> <span class='ocrx_word' id='word_1_305' title='bbox 307 2891 461 2939; x_wconf 88' lang='lat' dir='ltr'>capitali</span> <span class='ocrx_word' id='word_1_306' title='bbox 490 2892 576 2928; x_wconf 91' lang='lat' dir='ltr'>odio</span> <span class='ocrx_word' id='word_1_307' title='bbox 597 2892 645 2929; x_wconf 92' lang='lat' dir='ltr'>ab</span> <span class='ocrx_word' id='word_1_308' title='bbox 677 2892 843 2929; x_wconf 84' lang='lat' dir='ltr'>invicem</span> <span class='ocrx_word' id='word_1_309' title='bbox 874 2892 1118 2937; x_wconf 71' lang='lat' dir='ltr'>dissidentes,</span> <span class='ocrx_word' id='word_1_310' title='bbox 1138 2912 1139 2928; x_wconf 68' lang='lat' dir='ltr'>l</span> 
     </span>
     <span class='ocr_line' id='line_1_56' title="bbox 159 2942 1116 2991; baseline 0.005 -14"><span class='ocrx_word' id='word_1_311' title='bbox 159 2942 349 2979; x_wconf 79' lang='lat' dir='ltr'>bellorum</span> <span class='ocrx_word' id='word_1_312' title='bbox 364 2944 684 2991; x_wconf 66' lang='lat' dir='ltr'>gravissimorum</span> <span class='ocrx_word' id='word_1_313' title='bbox 703 2945 805 2982; x_wconf 84' lang='lat' dir='ltr'>inter</span> <span class='ocrx_word' id='word_1_314' title='bbox 822 2945 1116 2982; x_wconf 62' lang='lat' dir='ltr'>b‘laliometanos</span> 
     </span>
     <span class='ocr_line' id='line_1_57' title="bbox 158 2998 1117 3047; baseline 0.002 -16"><span class='ocrx_word' id='word_1_315' title='bbox 158 3008 442 3043; x_wconf 73' lang='lat' dir='ltr'>saepenumero</span> <span class='ocrx_word' id='word_1_316' title='bbox 463 3010 583 3035; x_wconf 76' lang='lat' dir='ltr'>causa</span> <span class='ocrx_word' id='word_1_317' title='bbox 606 2998 777 3044; x_wconf 87' lang='lat' dir='ltr'>fuerunt,</span> <span class='ocrx_word' id='word_1_318' title='bbox 800 2999 928 3047; x_wconf 87' lang='lat' dir='ltr'>plures</span> <span class='ocrx_word' id='word_1_319' title='bbox 945 2999 1044 3036; x_wconf 75' lang='lat' dir='ltr'>aliae</span> <span class='ocrx_word' id='word_1_320' title='bbox 1061 3011 1117 3034; x_wconf 82' lang='lat'>01·-</span> 
     </span>
     <span class='ocr_line' id='line_1_58' title="bbox 159 3050 1117 3101; baseline 0.006 -18"><span class='ocrx_word' id='word_1_321' title='bbox 159 3050 222 3085; x_wconf 70' lang='lat' dir='ltr'>tao</span> <span class='ocrx_word' id='word_1_322' title='bbox 242 3052 347 3096; x_wconf 77' lang='lat' dir='ltr'>sunt,</span> <span class='ocrx_word' id='word_1_323' title='bbox 368 3062 466 3098; x_wconf 76' lang='lat' dir='ltr'>quae</span> <span class='ocrx_word' id='word_1_324' title='bbox 488 3051 532 3087; x_wconf 84' lang='lat' dir='ltr'>dc</span> <span class='ocrx_word' id='word_1_325' title='bbox 555 3051 675 3088; x_wconf 74' lang='lat' dir='ltr'>variis</span> <span class='ocrx_word' id='word_1_326' title='bbox 698 3052 896 3101; x_wconf 77' lang='lat' dir='ltr'>religionis</span> <span class='ocrx_word' id='word_1_327' title='bbox 926 3052 1117 3101; x_wconf 83' lang='lat' dir='ltr'>capitibus</span> 
     </span>
     <span class='ocr_line' id='line_1_59' title="bbox 157 3101 781 3149; baseline 0.008 -11"><span class='ocrx_word' id='word_1_328' title='bbox 157 3101 259 3138; x_wconf 85' lang='lat' dir='ltr'>inter</span> <span class='ocrx_word' id='word_1_329' title='bbox 278 3115 319 3139; x_wconf 79' lang='lat' dir='ltr'>se</span> <span class='ocrx_word' id='word_1_330' title='bbox 340 3104 518 3149; x_wconf 60' lang='lat' dir='ltr'>graviter</span> <span class='ocrx_word' id='word_1_331' title='bbox 539 3107 740 3143; x_wconf 79' lang='lat' dir='ltr'>certarunt</span> <span class='ocrx_word' id='word_1_332' title='bbox 758 3104 781 3143; x_wconf 87' lang='lat'>¹.</span> 
     </span>
    </p>
   </div>
   <div class='ocr_carea' id='block_1_7' title="bbox 1136 3042 1432 3120">
    <p class='ocr_par' dir='ltr' id='par_1_9' title="bbox 1136 3042 1432 3120">
     <span class='ocr_line' id='line_1_60' title="bbox 1138 3042 1310 3076; baseline -0.012 -5"><span class='ocrx_word' id='word_1_333' title='bbox 1138 3043 1139 3046; x_wconf 71' lang='grc'>’</span> <span class='ocrx_word' id='word_1_334' title='bbox 1160 3042 1310 3076; x_wconf 74' lang='lat' dir='ltr'>nic-arcui,</span> 
     </span>
     <span class='ocr_line' id='line_1_61' title="bbox 1136 3082 1432 3120; baseline -0.003 -9"><span class='ocrx_word' id='word_1_335' title='bbox 1136 3087 1139 3120; x_wconf 67' lang='grc' dir='ltr'><em>ξ</em></span> <span class='ocrx_word' id='word_1_336' title='bbox 1161 3092 1250 3111; x_wconf 70' lang='lat' dir='ltr'>:nanu</span> <span class='ocrx_word' id='word_1_337' title='bbox 1269 3082 1407 3112; x_wconf 57' lang='lat' dir='ltr'>main-ivit</span> <span class='ocrx_word' id='word_1_338' title='bbox 1423 3093 1432 3107; x_wconf 76' lang='grc' dir='ltr'>ιι</span> 
     </span>
    </p>
   </div>
   <div class='ocr_carea' id='block_1_8' title="bbox 1138 1683 1150 3209">
    <p class='ocr_par' dir='ltr' id='par_1_10' title="bbox 1138 1683 1150 3209">
     <span class='ocr_line' id='line_1_62' title="bbox 1138 1683 1150 3209; baseline 0 0"><span class='ocrx_word' id='word_1_339' title='bbox 1138 1683 1150 3209; x_wconf 95' lang='lat' dir='ltr'> </span> 
     </span>
    </p>
   </div>
   <div class='ocr_carea' id='block_1_9' title="bbox 198 3206 1116 3249">
    <p class='ocr_par' dir='ltr' id='par_1_11' title="bbox 198 3206 1116 3249">
     <span class='ocr_line' id='line_1_63' title="bbox 198 3206 1116 3249; baseline 0.001 -11"><span class='ocrx_word' id='word_1_340' title='bbox 198 3206 205 3227; x_wconf 89' lang='lat'><strong>¹</strong></span> <span class='ocrx_word' id='word_1_341' title='bbox 229 3208 355 3247; x_wconf 77' lang='lat' dir='ltr'>Ocktey‚</span> <span class='ocrx_word' id='word_1_342' title='bbox 382 3208 542 3249; x_wconf 71' lang='lat' dir='ltr'>Conque‘ce</span> <span class='ocrx_word' id='word_1_343' title='bbox 565 3207 603 3240; x_wconf 82' lang='lat' dir='ltr'>de</span> <span class='ocrx_word' id='word_1_344' title='bbox 627 3209 656 3240; x_wconf 85' lang='grc' dir='ltr'>Ια</span> <span class='ocrx_word' id='word_1_345' title='bbox 681 3209 784 3249; x_wconf 63' lang='lat' dir='ltr'>Syrie,</span> <span class='ocrx_word' id='word_1_346' title='bbox 801 3208 839 3241; x_wconf 78' lang='lat' dir='ltr'>de</span> <span class='ocrx_word' id='word_1_347' title='bbox 863 3209 894 3241; x_wconf 84' lang='lat' dir='ltr'>la</span> <span class='ocrx_word' id='word_1_348' title='bbox 912 3209 1017 3241; x_wconf 79' lang='lat' dir='ltr'>Perse</span> <span class='ocrx_word' id='word_1_349' title='bbox 1032 3208 1116 3241; x_wconf 81' lang='lat' dir='ltr'>etde</span> 
     </span>
    </p>
   </div>
   <div class='ocr_carea' id='block_1_10' title="bbox 698 115 1605 144">
    <p class='ocr_par' dir='ltr' id='par_1_12' title="bbox 698 115 1605 144">
     <span class='ocr_line' id='line_1_64' title="bbox 698 115 1605 144; baseline 0 -1"><span class='ocrx_word' id='word_1_350' title='bbox 698 116 854 143; x_wconf 83' lang='lat' dir='ltr'>EPOCHA</span> <span class='ocrx_word' id='word_1_351' title='bbox 883 117 919 144; x_wconf 88' lang='lat' dir='ltr'>V.</span> <span class='ocrx_word' id='word_1_352' title='bbox 950 118 977 143; x_wconf 87' lang='grc' dir='ltr'><strong>Α</strong></span> <span class='ocrx_word' id='word_1_353' title='bbox 1007 115 1373 144; x_wconf 83' lang='lat' dir='ltr'>PSEVDOPROPHETA</span> <span class='ocrx_word' id='word_1_354' title='bbox 1402 116 1605 143; x_wconf 80' lang='lat' dir='ltr'>MAHOMET</span> 
     </span>
    </p>
   </div>
   <div class='ocr_carea' id='block_1_11' title="bbox 1164 181 2176 2628">
    <p class='ocr_par' dir='ltr' id='par_1_13' title="bbox 1172 181 2134 484">
     <span class='ocr_line' id='line_1_65' title="bbox 1231 181 2133 234; baseline 0.001 -15"><span class='ocrx_word' id='word_1_355' title='bbox 1231 181 1291 219; x_wconf 88' lang='lat'>13.</span> <span class='ocrx_word' id='word_1_356' title='bbox 1310 181 1551 219; x_wconf 75' lang='lat' dir='ltr'>Theodorus</span> <span class='ocrx_word' id='word_1_357' title='bbox 1560 182 1761 231; x_wconf 75' lang='lat' dir='ltr'>Pontz&#39;feoe</span> <span class='ocrx_word' id='word_1_358' title='bbox 1771 181 2133 234; x_wconf 74' lang='lat' dir='ltr'>(an.642)-10an-</span> 
     </span>
     <span class='ocr_line' id='line_1_66' title="bbox 1176 233 2134 283; baseline 0.003 -13"><span class='ocrx_word' id='word_1_359' title='bbox 1176 245 1264 271; x_wconf 89' lang='lat' dir='ltr'>nem</span> <span class='ocrx_word' id='word_1_360' title='bbox 1286 235 1355 283; x_wconf 86' lang='lat' dir='ltr'>Pp.</span> <span class='ocrx_word' id='word_1_361' title='bbox 1379 235 1435 272; x_wconf 94' lang='lat' dir='ltr'>IV</span> <span class='ocrx_word' id='word_1_362' title='bbox 1457 233 1500 270; x_wconf 89' lang='lat' dir='ltr'>v⁰</span> <span class='ocrx_word' id='word_1_363' title='bbox 1521 234 1608 271; x_wconf 87' lang='lat' dir='ltr'>idus</span> <span class='ocrx_word' id='word_1_364' title='bbox 1637 236 1782 274; x_wconf 72' lang='lat' dir='ltr'>octobr.</span> <span class='ocrx_word' id='word_1_365' title='bbox 1807 248 1871 274; x_wconf 90' lang='lat' dir='ltr'>an.</span> <span class='ocrx_word' id='word_1_366' title='bbox 1897 236 1976 274; x_wconf 78' lang='lat'>642</span> <span class='ocrx_word' id='word_1_367' title='bbox 1999 235 2134 273; x_wconf 89' lang='lat' dir='ltr'>defun-</span> 
     </span>
     <span class='ocr_line' id='line_1_67' title="bbox 1174 287 2134 337; baseline 0.003 -14"><span class='ocrx_word' id='word_1_368' title='bbox 1174 289 1292 334; x_wconf 88' lang='lat' dir='ltr'>ctum,</span> <span class='ocrx_word' id='word_1_369' title='bbox 1309 288 1464 337; x_wconf 81' lang='lat' dir='ltr'>excepit</span> <span class='ocrx_word' id='word_1_370' title='bbox 1479 287 1721 334; x_wconf 85' lang='lat' dir='ltr'>Theodorus,</span> <span class='ocrx_word' id='word_1_371' title='bbox 1738 289 2134 337; x_wconf 87' lang='lat' dir='ltr'>Hyerosolimitanus,</span> 
     </span>
     <span class='ocr_line' id='line_1_68' title="bbox 1174 340 2132 387; baseline 0.004 -12"><span class='ocrx_word' id='word_1_372' title='bbox 1174 340 1239 387; x_wconf 84' lang='lat' dir='ltr'>qui</span> <span class='ocrx_word' id='word_1_373' title='bbox 1268 343 1407 378; x_wconf 89' lang='lat' dir='ltr'>contra</span> <span class='ocrx_word' id='word_1_374' title='bbox 1435 340 1786 379; x_wconf 88' lang='lat' dir='ltr'>Monothelitarum</span> <span class='ocrx_word' id='word_1_375' title='bbox 1814 342 1946 379; x_wconf 89' lang='lat' dir='ltr'>studia</span> <span class='ocrx_word' id='word_1_376' title='bbox 1975 353 2132 379; x_wconf 88' lang='lat' dir='ltr'>causam</span> 
     </span>
     <span class='ocr_line' id='line_1_69' title="bbox 1172 392 2132 444; baseline 0.003 -15"><span class='ocrx_word' id='word_1_377' title='bbox 1172 392 1283 430; x_wconf 90' lang='lat' dir='ltr'>Fidei</span> <span class='ocrx_word' id='word_1_378' title='bbox 1308 393 1465 432; x_wconf 83' lang='lat' dir='ltr'>fortiter</span> <span class='ocrx_word' id='word_1_379' title='bbox 1484 393 1620 444; x_wconf 78' lang='lat' dir='ltr'>gessit,</span> <span class='ocrx_word' id='word_1_380' title='bbox 1647 394 1822 443; x_wconf 82' lang='lat' dir='ltr'>seditque</span> <span class='ocrx_word' id='word_1_381' title='bbox 1844 406 1966 443; x_wconf 90' lang='lat' dir='ltr'>usque</span> <span class='ocrx_word' id='word_1_382' title='bbox 1987 395 2036 433; x_wconf 92' lang='lat' dir='ltr'>ad</span> <span class='ocrx_word' id='word_1_383' title='bbox 2057 407 2132 432; x_wconf 87' lang='lat' dir='ltr'>an-</span> 
     </span>
     <span class='ocr_line' id='line_1_70' title="bbox 1175 447 1376 484; baseline 0.015 -3"><span class='ocrx_word' id='word_1_384' title='bbox 1175 458 1266 483; x_wconf 90' lang='lat' dir='ltr'>num</span> <span class='ocrx_word' id='word_1_385' title='bbox 1287 447 1376 484; x_wconf 80' lang='lat'>649.</span> 
     </span>
    </p>

    <p class='ocr_par' dir='ltr' id='par_1_14' title="bbox 1167 499 2134 1667">
     <span class='ocr_line' id='line_1_71' title="bbox 1229 499 2133 539; baseline 0.002 -3"><span class='ocrx_word' id='word_1_386' title='bbox 1229 499 1289 537; x_wconf 84' lang='lat'>14.</span> <span class='ocrx_word' id='word_1_387' title='bbox 1321 500 1697 538; x_wconf 75' lang='lat' dir='ltr'>Monotlzclz&#39;larum</span> <span class='ocrx_word' id='word_1_388' title='bbox 1722 505 1859 538; x_wconf 79' lang='lat' dir='ltr'>status</span> <span class='ocrx_word' id='word_1_389' title='bbox 1876 521 1925 529; x_wconf 96' lang='lat'>—</span> <span class='ocrx_word' id='word_1_390' title='bbox 1942 500 2133 539; x_wconf 86' lang='lat' dir='ltr'>Constans</span> 
     </span>
     <span class='ocr_line' id='line_1_72' title="bbox 1173 551 2133 603; baseline 0.003 -14"><span class='ocrx_word' id='word_1_391' title='bbox 1173 551 1410 601; x_wconf 87' lang='lat' dir='ltr'>imperator,</span> <span class='ocrx_word' id='word_1_392' title='bbox 1439 553 1506 601; x_wconf 89' lang='lat' dir='ltr'>qui</span> <span class='ocrx_word' id='word_1_393' title='bbox 1537 554 1585 590; x_wconf 88' lang='lat' dir='ltr'>ab</span> <span class='ocrx_word' id='word_1_394' title='bbox 1607 565 1670 590; x_wconf 88' lang='lat' dir='ltr'>an.</span> <span class='ocrx_word' id='word_1_395' title='bbox 1692 554 1768 591; x_wconf 80' lang='grc'><strong>641</strong></span> <span class='ocrx_word' id='word_1_396' title='bbox 1798 553 1961 603; x_wconf 84' lang='lat' dir='ltr'>imperio</span> <span class='ocrx_word' id='word_1_397' title='bbox 1989 565 2133 603; x_wconf 84' lang='lat' dir='ltr'>graeco</span> 
     </span>
     <span class='ocr_line' id='line_1_73' title="bbox 1171 606 2132 655; baseline 0.002 -13"><span class='ocrx_word' id='word_1_398' title='bbox 1171 606 1320 654; x_wconf 89' lang='lat' dir='ltr'>potitus</span> <span class='ocrx_word' id='word_1_399' title='bbox 1338 608 1418 652; x_wconf 91' lang='lat' dir='ltr'>est,</span> <span class='ocrx_word' id='word_1_400' title='bbox 1439 606 1709 644; x_wconf 86' lang='lat' dir='ltr'>Monothelitis</span> <span class='ocrx_word' id='word_1_401' title='bbox 1729 607 1902 652; x_wconf 86' lang='lat' dir='ltr'>deditus,</span> <span class='ocrx_word' id='word_1_402' title='bbox 1923 607 2053 655; x_wconf 88' lang='lat' dir='ltr'>potius</span> <span class='ocrx_word' id='word_1_403' title='bbox 2083 608 2132 645; x_wconf 90' lang='lat' dir='ltr'>ad</span> 
     </span>
     <span class='ocr_line' id='line_1_74' title="bbox 1170 659 2134 698; baseline 0.002 -3"><span class='ocrx_word' id='word_1_404' title='bbox 1170 659 1448 697; x_wconf 87' lang='lat' dir='ltr'>stabiliendam</span> <span class='ocrx_word' id='word_1_405' title='bbox 1469 659 1661 697; x_wconf 86' lang='lat' dir='ltr'>haeresim</span> <span class='ocrx_word' id='word_1_406' title='bbox 1682 662 1721 697; x_wconf 91' lang='lat' dir='ltr'>et</span> <span class='ocrx_word' id='word_1_407' title='bbox 1742 660 1943 698; x_wconf 84' lang='lat' dir='ltr'>vexandos</span> <span class='ocrx_word' id='word_1_408' title='bbox 1964 660 2134 697; x_wconf 87' lang='lat' dir='ltr'>catholi-</span> 
     </span>
     <span class='ocr_line' id='line_1_75' title="bbox 1173 713 2133 762; baseline 0.002 -14"><span class='ocrx_word' id='word_1_409' title='bbox 1173 723 1237 749; x_wconf 84' lang='lat' dir='ltr'>cos</span> <span class='ocrx_word' id='word_1_410' title='bbox 1257 724 1376 761; x_wconf 85' lang='lat' dir='ltr'>quam</span> <span class='ocrx_word' id='word_1_411' title='bbox 1393 714 1438 750; x_wconf 90' lang='lat' dir='ltr'>ad</span> <span class='ocrx_word' id='word_1_412' title='bbox 1459 713 1727 761; x_wconf 85' lang='lat' dir='ltr'>reprimendos</span> <span class='ocrx_word' id='word_1_413' title='bbox 1742 713 2030 751; x_wconf 84' lang='lat' dir='ltr'>Saracenorum</span> <span class='ocrx_word' id='word_1_414' title='bbox 2049 724 2133 762; x_wconf 89' lang='lat' dir='ltr'>pro-</span> 
     </span>
     <span class='ocr_line' id='line_1_76' title="bbox 1172 765 2131 815; baseline 0.002 -13"><span class='ocrx_word' id='word_1_415' title='bbox 1172 776 1327 813; x_wconf 82' lang='lat' dir='ltr'>gressus</span> <span class='ocrx_word' id='word_1_416' title='bbox 1347 765 1535 804; x_wconf 89' lang='lat' dir='ltr'>incubuit.</span> <span class='ocrx_word' id='word_1_417' title='bbox 1560 766 1761 815; x_wconf 84' lang='lat' dir='ltr'>Pyrrhus,</span> <span class='ocrx_word' id='word_1_418' title='bbox 1783 766 1848 815; x_wconf 84' lang='lat' dir='ltr'>qui</span> <span class='ocrx_word' id='word_1_419' title='bbox 1870 767 1906 803; x_wconf 91' lang='lat' dir='ltr'>in</span> <span class='ocrx_word' id='word_1_420' title='bbox 1939 766 2034 803; x_wconf 88' lang='lat' dir='ltr'>sede</span> <span class='ocrx_word' id='word_1_421' title='bbox 2062 765 2131 815; x_wconf 87' lang='lat' dir='ltr'>Cp.</span> 
     </span>
     <span class='ocr_line' id='line_1_77' title="bbox 1171 818 2133 869; baseline 0.003 -15"><span class='ocrx_word' id='word_1_422' title='bbox 1171 818 1308 867; x_wconf 83' lang='lat' dir='ltr'>Sergio</span> <span class='ocrx_word' id='word_1_423' title='bbox 1330 821 1592 865; x_wconf 89' lang='lat' dir='ltr'>successerat,</span> <span class='ocrx_word' id='word_1_424' title='bbox 1613 819 1773 868; x_wconf 87' lang='lat' dir='ltr'>eiusque</span> <span class='ocrx_word' id='word_1_425' title='bbox 1796 819 1965 869; x_wconf 83' lang='lat' dir='ltr'>vestigia</span> <span class='ocrx_word' id='word_1_426' title='bbox 1991 831 2133 868; x_wconf 86' lang='lat' dir='ltr'>seque-</span> 
     </span>
     <span class='ocr_line' id='line_1_78' title="bbox 1173 871 2133 921; baseline 0.004 -15"><span class='ocrx_word' id='word_1_427' title='bbox 1173 871 1300 918; x_wconf 87' lang='lat' dir='ltr'>batur,</span> <span class='ocrx_word' id='word_1_428' title='bbox 1320 884 1381 909; x_wconf 89' lang='lat' dir='ltr'>an.</span> <span class='ocrx_word' id='word_1_429' title='bbox 1403 872 1494 919; x_wconf 72' lang='grc'><strong>611,</strong></span> <span class='ocrx_word' id='word_1_430' title='bbox 1516 874 1618 921; x_wconf 82' lang='lat' dir='ltr'>quod</span> <span class='ocrx_word' id='word_1_431' title='bbox 1641 885 1729 910; x_wconf 91' lang='lat' dir='ltr'>cum</span> <span class='ocrx_word' id='word_1_432' title='bbox 1748 872 1924 910; x_wconf 76' lang='lat' dir='ltr'>Mat-tina</span> <span class='ocrx_word' id='word_1_433' title='bbox 1939 872 1979 910; x_wconf 89' lang='lat' dir='ltr'>in</span> <span class='ocrx_word' id='word_1_434' title='bbox 1996 884 2133 910; x_wconf 89' lang='lat' dir='ltr'>necem</span> 
     </span>
     <span class='ocr_line' id='line_1_79' title="bbox 1171 924 2134 975; baseline 0.003 -14"><span class='ocrx_word' id='word_1_435' title='bbox 1171 924 1415 963; x_wconf 87' lang='lat' dir='ltr'>Constantini</span> <span class='ocrx_word' id='word_1_436' title='bbox 1433 925 1683 974; x_wconf 85' lang='lat' dir='ltr'>imperatoris</span> <span class='ocrx_word' id='word_1_437' title='bbox 1694 926 1934 975; x_wconf 87' lang='lat' dir='ltr'>conspirasse</span> <span class='ocrx_word' id='word_1_438' title='bbox 1944 926 2063 974; x_wconf 89' lang='lat' dir='ltr'>vulgo</span> <span class='ocrx_word' id='word_1_439' title='bbox 2079 926 2134 964; x_wconf 89' lang='lat' dir='ltr'>di·</span> 
     </span>
     <span class='ocr_line' id='line_1_80' title="bbox 1171 979 2131 1028; baseline 0.003 -14"><span class='ocrx_word' id='word_1_440' title='bbox 1171 980 1338 1024; x_wconf 83' lang='lat' dir='ltr'>ceretur,</span> <span class='ocrx_word' id='word_1_441' title='bbox 1360 979 1462 1016; x_wconf 85' lang='lat' dir='ltr'>clam</span> <span class='ocrx_word' id='word_1_442' title='bbox 1485 979 1823 1028; x_wconf 86' lang='lat' dir='ltr'>Constantinopoli</span> <span class='ocrx_word' id='word_1_443' title='bbox 1845 979 2003 1028; x_wconf 84' lang='lat' dir='ltr'>aufugit</span> <span class='ocrx_word' id='word_1_444' title='bbox 2022 979 2061 1015; x_wconf 90' lang='lat' dir='ltr'>in</span> <span class='ocrx_word' id='word_1_445' title='bbox 2082 980 2131 1017; x_wconf 85' lang='lat' dir='ltr'>A·</span> 
     </span>
     <span class='ocr_line' id='line_1_81' title="bbox 1170 1030 2132 1081; baseline 0.002 -14"><span class='ocrx_word' id='word_1_446' title='bbox 1170 1030 1321 1069; x_wconf 83' lang='lat' dir='ltr'>frieam.</span> <span class='ocrx_word' id='word_1_447' title='bbox 1344 1032 1418 1069; x_wconf 92' lang='lat' dir='ltr'>Hic</span> <span class='ocrx_word' id='word_1_448' title='bbox 1441 1044 1604 1081; x_wconf 84' lang='lat' dir='ltr'>pravum</span> <span class='ocrx_word' id='word_1_449' title='bbox 1626 1033 1769 1081; x_wconf 75' lang='lat' dir='ltr'>dogma</span> <span class='ocrx_word' id='word_1_450' title='bbox 1790 1044 2007 1081; x_wconf 83' lang='lat' dir='ltr'>propagare</span> <span class='ocrx_word' id='word_1_451' title='bbox 2038 1034 2132 1070; x_wconf 90' lang='lat' dir='ltr'>ten-</span> 
     </span>
     <span class='ocr_line' id='line_1_82' title="bbox 1170 1084 2128 1134; baseline 0.004 -14"><span class='ocrx_word' id='word_1_452' title='bbox 1170 1084 1295 1131; x_wconf 88' lang='lat' dir='ltr'>tavit,</span> <span class='ocrx_word' id='word_1_453' title='bbox 1316 1086 1382 1122; x_wconf 88' lang='lat' dir='ltr'>sed</span> <span class='ocrx_word' id='word_1_454' title='bbox 1403 1086 1641 1123; x_wconf 86' lang='lat' dir='ltr'>obstiterunt</span> <span class='ocrx_word' id='word_1_455' title='bbox 1661 1087 1695 1123; x_wconf 87' lang='lat' dir='ltr'>ei</span> <span class='ocrx_word' id='word_1_456' title='bbox 1718 1085 1918 1134; x_wconf 87' lang='lat' dir='ltr'>praesules</span> <span class='ocrx_word' id='word_1_457' title='bbox 1937 1084 2128 1124; x_wconf 87' lang='lat' dir='ltr'>Africani.</span> 
     </span>
     <span class='ocr_line' id='line_1_83' title="bbox 1172 1138 2129 1187; baseline 0.001 -12"><span class='ocrx_word' id='word_1_458' title='bbox 1172 1138 1317 1175; x_wconf 87' lang='lat' dir='ltr'>Eodem</span> <span class='ocrx_word' id='word_1_459' title='bbox 1339 1140 1516 1187; x_wconf 89' lang='lat' dir='ltr'>tempore</span> <span class='ocrx_word' id='word_1_460' title='bbox 1538 1151 1566 1176; x_wconf 90' lang='lat' dir='ltr'>s.</span> <span class='ocrx_word' id='word_1_461' title='bbox 1590 1138 1790 1177; x_wconf 79' lang='lat' dir='ltr'>Maximus</span> <span class='ocrx_word' id='word_1_462' title='bbox 1819 1151 1859 1176; x_wconf 90' lang='lat' dir='ltr'>se</span> <span class='ocrx_word' id='word_1_463' title='bbox 1887 1139 1925 1175; x_wconf 90' lang='lat' dir='ltr'>in</span> <span class='ocrx_word' id='word_1_464' title='bbox 1954 1138 2129 1176; x_wconf 76' lang='lat' dir='ltr'>Africam</span> 
     </span>
     <span class='ocr_line' id='line_1_84' title="bbox 1170 1191 2132 1241; baseline 0.002 -13"><span class='ocrx_word' id='word_1_465' title='bbox 1170 1191 1405 1236; x_wconf 88' lang='lat' dir='ltr'>contulerat,</span> <span class='ocrx_word' id='word_1_466' title='bbox 1426 1192 1492 1240; x_wconf 82' lang='lat' dir='ltr'>qui</span> <span class='ocrx_word' id='word_1_467' title='bbox 1513 1204 1534 1229; x_wconf 91' lang='lat' dir='ltr'>e</span> <span class='ocrx_word' id='word_1_468' title='bbox 1551 1192 1675 1241; x_wconf 86' lang='lat' dir='ltr'>primo</span> <span class='ocrx_word' id='word_1_469' title='bbox 1694 1191 1867 1230; x_wconf 86' lang='lat' dir='ltr'>Heraclii</span> <span class='ocrx_word' id='word_1_470' title='bbox 1882 1191 2132 1240; x_wconf 85' lang='lat' dir='ltr'>imperatoris</span> 
     </span>
     <span class='ocr_line' id='line_1_85' title="bbox 1171 1245 2132 1294; baseline 0.002 -13"><span class='ocrx_word' id='word_1_471' title='bbox 1171 1245 1322 1282; x_wconf 87' lang='lat' dir='ltr'>notario</span> <span class='ocrx_word' id='word_1_472' title='bbox 1343 1246 1464 1283; x_wconf 87' lang='lat' dir='ltr'>abbas</span> <span class='ocrx_word' id='word_1_473' title='bbox 1485 1246 1840 1294; x_wconf 84' lang='lat' dir='ltr'>Chrysopolitanus</span> <span class='ocrx_word' id='word_1_474' title='bbox 1860 1256 1981 1294; x_wconf 88' lang='lat' dir='ltr'>prope</span> <span class='ocrx_word' id='word_1_475' title='bbox 2009 1245 2132 1283; x_wconf 88' lang='lat' dir='ltr'>Chal-</span> 
     </span>
     <span class='ocr_line' id='line_1_86' title="bbox 1170 1298 2133 1347; baseline 0.002 -13"><span class='ocrx_word' id='word_1_476' title='bbox 1170 1298 1369 1342; x_wconf 83' lang='lat' dir='ltr'>cedonem,</span> <span class='ocrx_word' id='word_1_477' title='bbox 1386 1311 1530 1347; x_wconf 81' lang='lat' dir='ltr'>magna</span> <span class='ocrx_word' id='word_1_478' title='bbox 1547 1299 1766 1337; x_wconf 87' lang='lat' dir='ltr'>eruditione</span> <span class='ocrx_word' id='word_1_479' title='bbox 1786 1298 1949 1347; x_wconf 87' lang='lat' dir='ltr'>profana</span> <span class='ocrx_word' id='word_1_480' title='bbox 1962 1310 2007 1335; x_wconf 90' lang='lat' dir='ltr'>ac</span> <span class='ocrx_word' id='word_1_481' title='bbox 2017 1310 2133 1336; x_wconf 84' lang='lat' dir='ltr'>sacra</span> 
     </span>
     <span class='ocr_line' id='line_1_87' title="bbox 1169 1351 2131 1401; baseline 0 -12"><span class='ocrx_word' id='word_1_482' title='bbox 1169 1355 1207 1389; x_wconf 90' lang='lat' dir='ltr'>et</span> <span class='ocrx_word' id='word_1_483' title='bbox 1227 1352 1371 1401; x_wconf 79' lang='lat' dir='ltr'>ingenii</span> <span class='ocrx_word' id='word_1_484' title='bbox 1393 1353 1575 1389; x_wconf 86' lang='lat' dir='ltr'>acumine</span> <span class='ocrx_word' id='word_1_485' title='bbox 1592 1352 1805 1401; x_wconf 89' lang='lat' dir='ltr'>praeditus,</span> <span class='ocrx_word' id='word_1_486' title='bbox 1823 1363 1884 1389; x_wconf 91' lang='lat' dir='ltr'>an.</span> <span class='ocrx_word' id='word_1_487' title='bbox 1902 1351 1981 1389; x_wconf 77' lang='lat'>645</span> <span class='ocrx_word' id='word_1_488' title='bbox 1997 1363 2131 1390; x_wconf 88' lang='lat' dir='ltr'>eoram</span> 
     </span>
     <span class='ocr_line' id='line_1_88' title="bbox 1169 1405 2133 1454; baseline 0.002 -14"><span class='ocrx_word' id='word_1_489' title='bbox 1169 1405 1359 1453; x_wconf 68' lang='lat' dir='ltr'>Gregorio</span> <span class='ocrx_word' id='word_1_490' title='bbox 1383 1405 1546 1454; x_wconf 88' lang='lat' dir='ltr'>patricio</span> <span class='ocrx_word' id='word_1_491' title='bbox 1564 1405 1721 1443; x_wconf 83' lang='lat' dir='ltr'>Africae</span> <span class='ocrx_word' id='word_1_492' title='bbox 1739 1405 1951 1454; x_wconf 85' lang='lat' dir='ltr'>praefecto,</span> <span class='ocrx_word' id='word_1_493' title='bbox 1969 1405 2133 1443; x_wconf 87' lang='lat' dir='ltr'>adstan-</span> 
     </span>
     <span class='ocr_line' id='line_1_89' title="bbox 1169 1458 2133 1508; baseline 0.001 -13"><span class='ocrx_word' id='word_1_494' title='bbox 1169 1458 1273 1496; x_wconf 86' lang='lat' dir='ltr'>tibus</span> <span class='ocrx_word' id='word_1_495' title='bbox 1296 1459 1430 1496; x_wconf 86' lang='lat' dir='ltr'>multis</span> <span class='ocrx_word' id='word_1_496' title='bbox 1451 1458 1638 1508; x_wconf 86' lang='lat' dir='ltr'>episcopis</span> <span class='ocrx_word' id='word_1_497' title='bbox 1660 1462 1700 1496; x_wconf 82' lang='lat' dir='ltr'>et</span> <span class='ocrx_word' id='word_1_498' title='bbox 1723 1458 1917 1496; x_wconf 90' lang='lat' dir='ltr'>nobilibus</span> <span class='ocrx_word' id='word_1_499' title='bbox 1933 1458 2050 1504; x_wconf 85' lang='lat' dir='ltr'>viris,</span> <span class='ocrx_word' id='word_1_500' title='bbox 2070 1471 2133 1508; x_wconf 91' lang='lat' dir='ltr'>pa-</span> 
     </span>
     <span class='ocr_line' id='line_1_90' title="bbox 1167 1511 2132 1561; baseline 0 -12"><span class='ocrx_word' id='word_1_501' title='bbox 1167 1511 1245 1549; x_wconf 89' lang='lat' dir='ltr'>lam</span> <span class='ocrx_word' id='word_1_502' title='bbox 1267 1523 1355 1549; x_wconf 91' lang='lat' dir='ltr'>cum</span> <span class='ocrx_word' id='word_1_503' title='bbox 1378 1512 1534 1561; x_wconf 83' lang='lat' dir='ltr'>Pyrrho</span> <span class='ocrx_word' id='word_1_504' title='bbox 1557 1511 1813 1561; x_wconf 85' lang='lat' dir='ltr'>disceptavit,</span> <span class='ocrx_word' id='word_1_505' title='bbox 1843 1513 1883 1550; x_wconf 92' lang='lat' dir='ltr'>et</span> <span class='ocrx_word' id='word_1_506' title='bbox 1907 1513 1989 1549; x_wconf 87' lang='lat' dir='ltr'>tam</span> <span class='ocrx_word' id='word_1_507' title='bbox 2016 1511 2132 1549; x_wconf 87' lang='lat' dir='ltr'>lucu-</span> 
     </span>
     <span class='ocr_line' id='line_1_91' title="bbox 1168 1564 2132 1612; baseline 0 -10"><span class='ocrx_word' id='word_1_508' title='bbox 1168 1565 1297 1602; x_wconf 86' lang='lat' dir='ltr'>lenter</span> <span class='ocrx_word' id='word_1_509' title='bbox 1319 1566 1652 1603; x_wconf 87' lang='lat' dir='ltr'>monotheliticam</span> <span class='ocrx_word' id='word_1_510' title='bbox 1676 1565 1871 1602; x_wconf 87' lang='lat' dir='ltr'>haeresim</span> <span class='ocrx_word' id='word_1_511' title='bbox 1893 1564 2132 1612; x_wconf 85' lang='lat' dir='ltr'>confutavit,</span> 
     </span>
     <span class='ocr_line' id='line_1_92' title="bbox 1170 1617 2132 1667; baseline 0.002 -12"><span class='ocrx_word' id='word_1_512' title='bbox 1170 1620 1213 1656; x_wconf 90' lang='lat' dir='ltr'>ut</span> <span class='ocrx_word' id='word_1_513' title='bbox 1244 1619 1422 1667; x_wconf 86' lang='lat' dir='ltr'>Pyrrhus</span> <span class='ocrx_word' id='word_1_514' title='bbox 1452 1631 1493 1656; x_wconf 88' lang='lat' dir='ltr'>se</span> <span class='ocrx_word' id='word_1_515' title='bbox 1524 1619 1674 1657; x_wconf 90' lang='lat' dir='ltr'>victum</span> <span class='ocrx_word' id='word_1_516' title='bbox 1705 1618 1830 1656; x_wconf 89' lang='lat' dir='ltr'>fassus</span> <span class='ocrx_word' id='word_1_517' title='bbox 1860 1617 1937 1664; x_wconf 90' lang='lat' dir='ltr'>sit,</span> <span class='ocrx_word' id='word_1_518' title='bbox 1970 1619 2011 1655; x_wconf 91' lang='lat' dir='ltr'>et</span> <span class='ocrx_word' id='word_1_519' title='bbox 2039 1630 2132 1657; x_wconf 90' lang='lat' dir='ltr'>cum</span> 
     </span>
    </p>

    <p class='ocr_par' dir='ltr' id='par_1_15' title="bbox 1169 1671 2132 2029">
     <span class='ocr_line' id='line_1_93' title="bbox 1170 1671 2132 1721; baseline 0.001 -13.056"><span class='ocrx_word' id='word_1_520' title='bbox 1170 1672 1397 1709; x_wconf 43' lang='lat' dir='ltr'>{Maximo</span> <span class='ocrx_word' id='word_1_521' title='bbox 1419 1672 1586 1710; x_wconf 86' lang='lat' dir='ltr'>Romam</span> <span class='ocrx_word' id='word_1_522' title='bbox 1609 1671 1822 1721; x_wconf 86' lang='lat' dir='ltr'>profectus,</span> <span class='ocrx_word' id='word_1_523' title='bbox 1842 1682 1976 1709; x_wconf 89' lang='lat' dir='ltr'>coram</span> <span class='ocrx_word' id='word_1_524' title='bbox 1996 1671 2132 1709; x_wconf 88' lang='lat' dir='ltr'>Theo-</span> 
     </span>
     <span class='ocr_line' id='line_1_94' title="bbox 1169 1724 2132 1785; baseline 0.004 -26"><span class='ocrx_word' id='word_1_525' title='bbox 1169 1725 1262 1762; x_wconf 71' lang='lat' dir='ltr'>doto</span> <span class='ocrx_word' id='word_1_526' title='bbox 1278 1725 1355 1785; x_wconf 76' lang='lat' dir='ltr'>Pp.</span> <span class='ocrx_word' id='word_1_527' title='bbox 1378 1737 1541 1785; x_wconf 82' lang='lat' dir='ltr'>pravum</span> <span class='ocrx_word' id='word_1_528' title='bbox 1564 1726 1706 1774; x_wconf 85' lang='lat' dir='ltr'>dogma</span> <span class='ocrx_word' id='word_1_529' title='bbox 1722 1724 1927 1763; x_wconf 86' lang='lat' dir='ltr'>abiurarit.</span> <span class='ocrx_word' id='word_1_530' title='bbox 1947 1724 2132 1763; x_wconf 83' lang='lat' dir='ltr'>Pontifex</span> 
     </span>
     <span class='ocr_line' id='line_1_95' title="bbox 1169 1772 2132 1826; baseline 0.001 -12"><span class='ocrx_word' id='word_1_531' title='bbox 1169 1790 1258 1815; x_wconf 86' lang='lat' dir='ltr'>eum</span> <span class='ocrx_word' id='word_1_532' title='bbox 1276 1778 1312 1815; x_wconf 90' lang='lat' dir='ltr'>in</span> <span class='ocrx_word' id='word_1_533' title='bbox 1325 1778 1635 1816; x_wconf 85' lang='lat' dir='ltr'>communionem</span> <span class='ocrx_word' id='word_1_534' title='bbox 1653 1772 2132 1826; x_wconf 57' lang='lat' dir='ltr'>ieeepit..1x&#39;tvafe1·rimus</span> 
     </span>
     <span class='ocr_line' id='line_1_96' title="bbox 1169 1831 2130 1881; baseline 0 -12"><span class='ocrx_word' id='word_1_535' title='bbox 1169 1832 1364 1881; x_wconf 83' lang='lat' dir='ltr'>Pyirhus</span> <span class='ocrx_word' id='word_1_536' title='bbox 1387 1832 1515 1870; x_wconf 84' lang='lat' dir='ltr'>Roma</span> <span class='ocrx_word' id='word_1_537' title='bbox 1535 1833 1690 1878; x_wconf 88' lang='lat' dir='ltr'>relicta,</span> <span class='ocrx_word' id='word_1_538' title='bbox 1711 1832 1759 1869; x_wconf 89' lang='lat' dir='ltr'>ad</span> <span class='ocrx_word' id='word_1_539' title='bbox 1791 1831 1999 1880; x_wconf 88' lang='lat' dir='ltr'>pristinum</span> <span class='ocrx_word' id='word_1_540' title='bbox 2017 1843 2130 1869; x_wconf 88' lang='lat' dir='ltr'>erro-</span> 
     </span>
     <span class='ocr_line' id='line_1_97' title="bbox 1169 1884 2130 1935; baseline 0 -13"><span class='ocrx_word' id='word_1_541' title='bbox 1169 1897 1250 1922; x_wconf 91' lang='lat' dir='ltr'>rem</span> <span class='ocrx_word' id='word_1_542' title='bbox 1271 1885 1402 1923; x_wconf 88' lang='lat' dir='ltr'>rediit.</span> <span class='ocrx_word' id='word_1_543' title='bbox 1433 1885 1682 1935; x_wconf 87' lang='lat' dir='ltr'>Quapropter</span> <span class='ocrx_word' id='word_1_544' title='bbox 1711 1885 1940 1923; x_wconf 86' lang='lat' dir='ltr'>Theodorus</span> <span class='ocrx_word' id='word_1_545' title='bbox 1969 1896 2061 1922; x_wconf 89' lang='lat' dir='ltr'>eum</span> <span class='ocrx_word' id='word_1_546' title='bbox 2090 1884 2130 1922; x_wconf 89' lang='lat' dir='ltr'>in</span> 
     </span>
     <span class='ocr_line' id='line_1_98' title="bbox 1169 1938 2130 1988; baseline 0 -12"><span class='ocrx_word' id='word_1_547' title='bbox 1169 1940 1348 1976; x_wconf 84' lang='lat' dir='ltr'>Romana</span> <span class='ocrx_word' id='word_1_548' title='bbox 1386 1940 1536 1987; x_wconf 86' lang='lat' dir='ltr'>synodo</span> <span class='ocrx_word' id='word_1_549' title='bbox 1576 1939 1757 1988; x_wconf 90' lang='lat' dir='ltr'>deposuit</span> <span class='ocrx_word' id='word_1_550' title='bbox 1796 1940 1837 1976; x_wconf 86' lang='lat' dir='ltr'>et</span> <span class='ocrx_word' id='word_1_551' title='bbox 1874 1938 2130 1976; x_wconf 85' lang='lat' dir='ltr'>anathemate</span> 
     </span>
     <span class='ocr_line' id='line_1_99' title="bbox 1169 1991 1420 2029; baseline 0.008 -2"><span class='ocrx_word' id='word_1_552' title='bbox 1169 1992 1373 2029; x_wconf 87' lang='lat' dir='ltr'>damnavit</span> <span class='ocrx_word' id='word_1_553' title='bbox 1396 1991 1420 2029; x_wconf 86' lang='lat'>¹.</span> 
     </span>
    </p>

    <p class='ocr_par' dir='ltr' id='par_1_16' title="bbox 1166 2044 2176 2468">
     <span class='ocr_line' id='line_1_100' title="bbox 1221 2044 2131 2093; baseline 0 -11"><span class='ocrx_word' id='word_1_554' title='bbox 1221 2046 1419 2086; x_wconf 86' lang='lat' dir='ltr'>Quantum</span> <span class='ocrx_word' id='word_1_555' title='bbox 1441 2047 1574 2083; x_wconf 82' lang='lat' dir='ltr'>autem</span> <span class='ocrx_word' id='word_1_556' title='bbox 1597 2044 1773 2083; x_wconf 85' lang='lat' dir='ltr'>Africani</span> <span class='ocrx_word' id='word_1_557' title='bbox 1798 2044 1996 2093; x_wconf 86' lang='lat' dir='ltr'>praesules</span> <span class='ocrx_word' id='word_1_558' title='bbox 2019 2044 2131 2082; x_wconf 86' lang='lat' dir='ltr'>resti-</span> 
     </span>
     <span class='ocr_line' id='line_1_101' title="bbox 1166 2097 2130 2146; baseline 0 -11"><span class='ocrx_word' id='word_1_559' title='bbox 1166 2099 1288 2136; x_wconf 90' lang='lat' dir='ltr'>terint</span> <span class='ocrx_word' id='word_1_560' title='bbox 1310 2099 1627 2137; x_wconf 85' lang='lat' dir='ltr'>monotheliticae</span> <span class='ocrx_word' id='word_1_561' title='bbox 1648 2098 1814 2142; x_wconf 85' lang='lat' dir='ltr'>haeresi,</span> <span class='ocrx_word' id='word_1_562' title='bbox 1830 2109 1948 2146; x_wconf 85' lang='lat' dir='ltr'>quam</span> <span class='ocrx_word' id='word_1_563' title='bbox 1966 2097 2060 2135; x_wconf 88' lang='lat' dir='ltr'>illuc</span> <span class='ocrx_word' id='word_1_564' title='bbox 2075 2097 2130 2135; x_wconf 87' lang='lat' dir='ltr'>in-</span> 
     </span>
     <span class='ocr_line' id='line_1_102' title="bbox 1168 2151 2130 2200; baseline 0 -11"><span class='ocrx_word' id='word_1_565' title='bbox 1168 2152 1268 2189; x_wconf 82' lang='lat' dir='ltr'>ferre</span> <span class='ocrx_word' id='word_1_566' title='bbox 1288 2154 1465 2189; x_wconf 83' lang='lat' dir='ltr'>tentarat</span> <span class='ocrx_word' id='word_1_567' title='bbox 1487 2153 1681 2200; x_wconf 76' lang='lat' dir='ltr'>Pyrrhus,</span> <span class='ocrx_word' id='word_1_568' title='bbox 1703 2154 1763 2189; x_wconf 85' lang='lat' dir='ltr'>sat</span> <span class='ocrx_word' id='word_1_569' title='bbox 1784 2151 1905 2198; x_wconf 86' lang='lat' dir='ltr'>liquet</span> <span class='ocrx_word' id='word_1_570' title='bbox 1924 2163 1944 2188; x_wconf 89' lang='lat' dir='ltr'>e</span> <span class='ocrx_word' id='word_1_571' title='bbox 1967 2151 2130 2200; x_wconf 82' lang='lat' dir='ltr'>synodis</span> 
     </span>
     <span class='ocr_line' id='line_1_103' title="bbox 1167 2203 2129 2254; baseline -0.001 -11"><span class='ocrx_word' id='word_1_572' title='bbox 1167 2218 1212 2243; x_wconf 84' lang='lat' dir='ltr'>ca</span> <span class='ocrx_word' id='word_1_573' title='bbox 1229 2206 1275 2243; x_wconf 90' lang='lat' dir='ltr'>de</span> <span class='ocrx_word' id='word_1_574' title='bbox 1291 2217 1410 2243; x_wconf 90' lang='lat' dir='ltr'>causa</span> <span class='ocrx_word' id='word_1_575' title='bbox 1427 2206 1463 2241; x_wconf 90' lang='lat' dir='ltr'>in</span> <span class='ocrx_word' id='word_1_576' title='bbox 1483 2205 1682 2254; x_wconf 88' lang='lat' dir='ltr'>provincia</span> <span class='ocrx_word' id='word_1_577' title='bbox 1702 2203 1992 2250; x_wconf 82' lang='lat' dir='ltr'>Proconsulari,</span> <span class='ocrx_word' id='word_1_578' title='bbox 2006 2204 2129 2253; x_wconf 88' lang='lat' dir='ltr'>Byza-</span> 
     </span>
     <span class='ocr_line' id='line_1_104' title="bbox 1167 2257 2129 2305; baseline 0 -9"><span class='ocrx_word' id='word_1_579' title='bbox 1167 2271 1275 2305; x_wconf 83' lang='lat' dir='ltr'>cena,</span> <span class='ocrx_word' id='word_1_580' title='bbox 1296 2258 1485 2296; x_wconf 89' lang='lat' dir='ltr'>Numidia</span> <span class='ocrx_word' id='word_1_581' title='bbox 1505 2261 1542 2295; x_wconf 91' lang='lat' dir='ltr'>et</span> <span class='ocrx_word' id='word_1_582' title='bbox 1564 2257 1807 2295; x_wconf 80' lang='lat' dir='ltr'>Mauritania</span> <span class='ocrx_word' id='word_1_583' title='bbox 1826 2257 1984 2303; x_wconf 84' lang='lat' dir='ltr'>coactis,</span> <span class='ocrx_word' id='word_1_584' title='bbox 2014 2261 2054 2295; x_wconf 89' lang='lat' dir='ltr'>et</span> <span class='ocrx_word' id='word_1_585' title='bbox 2079 2270 2129 2296; x_wconf 83' lang='lat' dir='ltr'>ex</span> 
     </span>
     <span class='ocr_line' id='line_1_105' title="bbox 1166 2311 2176 2361; baseline -0.001 -12"><span class='ocrx_word' id='word_1_586' title='bbox 1166 2312 1340 2361; x_wconf 86' lang='lat' dir='ltr'>epistolis</span> <span class='ocrx_word' id='word_1_587' title='bbox 1361 2312 1448 2349; x_wconf 90' lang='lat' dir='ltr'>inde</span> <span class='ocrx_word' id='word_1_588' title='bbox 1470 2312 1518 2348; x_wconf 87' lang='lat' dir='ltr'>ad</span> <span class='ocrx_word' id='word_1_589' title='bbox 1549 2311 1799 2349; x_wconf 81' lang='lat' dir='ltr'>Theodorum</span> <span class='ocrx_word' id='word_1_590' title='bbox 1831 2311 1902 2359; x_wconf 89' lang='lat' dir='ltr'>Pp.</span> <span class='ocrx_word' id='word_1_591' title='bbox 1933 2311 1983 2347; x_wconf 87' lang='lat' dir='ltr'>ad</span> <span class='ocrx_word' id='word_1_592' title='bbox 2014 2311 2123 2348; x_wconf 83' lang='lat' dir='ltr'>Pau-</span> <span class='ocrx_word' id='word_1_593' title='bbox 2172 2331 2176 2334; x_wconf 78' lang='lat'><em>—</em></span> 
     </span>
     <span class='ocr_line' id='line_1_106' title="bbox 1167 2364 2127 2414; baseline 0 -12"><span class='ocrx_word' id='word_1_594' title='bbox 1167 2366 1248 2402; x_wconf 90' lang='lat' dir='ltr'>lum</span> <span class='ocrx_word' id='word_1_595' title='bbox 1285 2366 1350 2414; x_wconf 89' lang='lat' dir='ltr'>Cp.</span> <span class='ocrx_word' id='word_1_596' title='bbox 1390 2368 1430 2402; x_wconf 91' lang='lat' dir='ltr'>et</span> <span class='ocrx_word' id='word_1_597' title='bbox 1469 2365 1516 2402; x_wconf 86' lang='lat' dir='ltr'>ad</span> <span class='ocrx_word' id='word_1_598' title='bbox 1556 2365 1809 2403; x_wconf 85' lang='lat' dir='ltr'>Constantem</span> <span class='ocrx_word' id='word_1_599' title='bbox 1844 2364 2127 2414; x_wconf 84' lang='lat' dir='ltr'>imperatorem</span> 
     </span>
     <span class='ocr_line' id='line_1_107' title="bbox 1166 2417 1368 2468; baseline -0.005 -12"><span class='ocrx_word' id='word_1_600' title='bbox 1166 2419 1321 2468; x_wconf 85' lang='lat' dir='ltr'>scripsit</span> <span class='ocrx_word' id='word_1_601' title='bbox 1341 2417 1368 2455; x_wconf 75' lang='lat'>².</span> 
     </span>
    </p>

    <p class='ocr_par' dir='ltr' id='par_1_17' title="bbox 1164 2470 2125 2628">
     <span class='ocr_line' id='line_1_108' title="bbox 1220 2470 2125 2521; baseline -0.001 -12"><span class='ocrx_word' id='word_1_602' title='bbox 1220 2472 1376 2509; x_wconf 80' lang='lat' dir='ltr'>interea</span> <span class='ocrx_word' id='word_1_603' title='bbox 1388 2472 1447 2509; x_wconf 79' lang='lat' dir='ltr'>Pv</span> <span class='ocrx_word' id='word_1_604' title='bbox 1452 2483 1470 2508; x_wconf 92' lang='lat' dir='ltr'>r</span> <span class='ocrx_word' id='word_1_605' title='bbox 1474 2484 1492 2509; x_wconf 92' lang='lat' dir='ltr'>r</span> <span class='ocrx_word' id='word_1_606' title='bbox 1495 2472 1543 2509; x_wconf 90' lang='lat' dir='ltr'>ho</span> <span class='ocrx_word' id='word_1_607' title='bbox 1553 2482 1596 2521; x_wconf 89' lang='lat' dir='ltr'>pr</span> <span class='ocrx_word' id='word_1_608' title='bbox 1600 2471 1661 2508; x_wconf 87' lang='lat' dir='ltr'>ofu</span> <span class='ocrx_word' id='word_1_609' title='bbox 1669 2483 1730 2519; x_wconf 55' lang='grc' dir='ltr'>(νο</span> <span class='ocrx_word' id='word_1_610' title='bbox 1748 2471 1795 2508; x_wconf 92' lang='lat' dir='ltr'>ad</span> <span class='ocrx_word' id='word_1_611' title='bbox 1810 2471 1898 2520; x_wconf 79' lang='lat' dir='ltr'>pati</span> <span class='ocrx_word' id='word_1_612' title='bbox 1901 2470 2080 2508; x_wconf 82' lang='lat' dir='ltr'>iarchatu</span> <span class='ocrx_word' id='word_1_613' title='bbox 2088 2482 2125 2508; x_wconf 90' lang='lat' dir='ltr'>m</span> 
     </span>
     <span class='ocr_line' id='line_1_109' title="bbox 1164 2501 2120 2575; baseline 0 -13"><span class='ocrx_word' id='word_1_614' title='bbox 1164 2527 1230 2575; x_wconf 90' lang='lat' dir='ltr'>Cp</span> <span class='ocrx_word' id='word_1_615' title='bbox 1253 2538 1300 2562; x_wconf 89' lang='lat' dir='ltr'>ev</span> <span class='ocrx_word' id='word_1_616' title='bbox 1304 2527 1413 2562; x_wconf 87' lang='lat' dir='ltr'>ectus</span> <span class='ocrx_word' id='word_1_617' title='bbox 1428 2524 1501 2562; x_wconf 85' lang='lat' dir='ltr'>tuit</span> <span class='ocrx_word' id='word_1_618' title='bbox 1521 2501 1690 2570; x_wconf 45' lang='lat' dir='ltr'>Paulus:3</span> <span class='ocrx_word' id='word_1_619' title='bbox 1701 2527 1817 2563; x_wconf 85' lang='lat' dir='ltr'>antea</span> <span class='ocrx_word' id='word_1_620' title='bbox 1834 2523 2024 2562; x_wconf 86' lang='lat' dir='ltr'>ecclesiae</span> <span class='ocrx_word' id='word_1_621' title='bbox 2042 2535 2120 2562; x_wconf 86' lang='lat' dir='ltr'>ma·</span> 
     </span>
     <span class='ocr_line' id='line_1_110' title="bbox 1165 2576 2124 2628; baseline -0.002 -11"><span class='ocrx_word' id='word_1_622' title='bbox 1165 2579 1257 2617; x_wconf 87' lang='lat' dir='ltr'>ioris</span> <span class='ocrx_word' id='word_1_623' title='bbox 1279 2590 1525 2616; x_wconf 86' lang='lat' dir='ltr'>oeconomus.</span> <span class='ocrx_word' id='word_1_624' title='bbox 1548 2579 1622 2616; x_wconf 89' lang='lat' dir='ltr'>Hic</span> <span class='ocrx_word' id='word_1_625' title='bbox 1649 2579 1797 2628; x_wconf 84' lang='lat' dir='ltr'>pariter</span> <span class='ocrx_word' id='word_1_626' title='bbox 1827 2576 2124 2616; x_wconf 83' lang='lat' dir='ltr'>monothelitica</span> 
     </span>
    </p>
   </div>
   <div class='ocr_carea' id='block_1_12' title="bbox 1162 2694 2126 2873">
    <p class='ocr_par' dir='ltr' id='par_1_18' title="bbox 1162 2694 2118 2789">
     <span class='ocr_line' id='line_1_111' title="bbox 1162 2694 2118 2755; baseline 0.001 -18"><span class='ocrx_word' id='word_1_627' title='bbox 1162 2710 1182 2739; x_wconf 73' lang='grc' dir='ltr'>ζ’</span> <span class='ocrx_word' id='word_1_628' title='bbox 1198 2694 1324 2755; x_wconf 39' lang='grc' dir='ltr'>Ιξῃῃρίε,</span> <span class='ocrx_word' id='word_1_629' title='bbox 1347 2717 1409 2748; x_wconf 74' lang='lat' dir='ltr'>par</span> <span class='ocrx_word' id='word_1_630' title='bbox 1425 2707 1472 2738; x_wconf 79' lang='lat' dir='ltr'>les</span> <span class='ocrx_word' id='word_1_631' title='bbox 1489 2707 1674 2746; x_wconf 64' lang='lat' dir='ltr'>Surrexine,</span> <span class='ocrx_word' id='word_1_632' title='bbox 1692 2707 1778 2738; x_wconf 52' lang='lat' dir='ltr'>Pwuis</span> <span class='ocrx_word' id='word_1_633' title='bbox 1803 2706 1902 2745; x_wconf 56' lang='lat'>171&amp;</span> <span class='ocrx_word' id='word_1_634' title='bbox 1926 2707 2118 2746; x_wconf 81' lang='lat' dir='ltr'>D&#39;Herbe&#39;lol,</span> 
     </span>
     <span class='ocr_line' id='line_1_112' title="bbox 1165 2732 1930 2789; baseline -0.004 -6"><span class='ocrx_word' id='word_1_635' title='bbox 1165 2749 1383 2789; x_wconf 71' lang='lat' dir='ltr'>Biblwllzeqna</span> <span class='ocrx_word' id='word_1_636' title='bbox 1399 2750 1598 2787; x_wconf 70' lang='lat' dir='ltr'>0›·1·ent.,a1·.t</span> <span class='ocrx_word' id='word_1_637' title='bbox 1616 2732 1717 2780; x_wconf 65' lang='lat' dir='ltr'>Onia]</span> <span class='ocrx_word' id='word_1_638' title='bbox 1732 2748 1930 2781; x_wconf 75' lang='lat' dir='ltr'>otochman.</span> 
     </span>
    </p>

    <p class='ocr_par' dir='ltr' id='par_1_19' title="bbox 1164 2774 2126 2873">
     <span class='ocr_line' id='line_1_113' title="bbox 1205 2774 2126 2831; baseline -0.002 -9"><span class='ocrx_word' id='word_1_639' title='bbox 1205 2793 1211 2813; x_wconf 91' lang='lat'><strong>¹</strong></span> <span class='ocrx_word' id='word_1_640' title='bbox 1238 2792 1414 2830; x_wconf 74' lang='lat' dir='ltr'>l&#39;ln=›1:.›hin</span> <span class='ocrx_word' id='word_1_641' title='bbox 1449 2774 1711 2831; x_wconf 58' lang='grc' dir='ltr'>(’·Ιιιι’)ηυ(μαρ1ι;</span> <span class='ocrx_word' id='word_1_642' title='bbox 1740 2791 1854 2828; x_wconf 79' lang='lat' dir='ltr'>Labbe,</span> <span class='ocrx_word' id='word_1_643' title='bbox 1881 2789 2000 2823; x_wconf 76' lang='lat' dir='ltr'>szcil.</span> <span class='ocrx_word' id='word_1_644' title='bbox 2034 2792 2053 2821; x_wconf 91' lang='grc' dir='ltr'>Ι.</span> <span class='ocrx_word' id='word_1_645' title='bbox 2090 2791 2126 2829; x_wconf 88' lang='lat' dir='ltr'>V,</span> 
     </span>
     <span class='ocr_line' id='line_1_114' title="bbox 1164 2830 2125 2873; baseline 0 -10"><span class='ocrx_word' id='word_1_646' title='bbox 1164 2844 1190 2873; x_wconf 90' lang='lat' dir='ltr'>p</span> <span class='ocrx_word' id='word_1_647' title='bbox 1207 2833 1291 2864; x_wconf 76' lang='grc'><strong>1781.</strong></span> <span class='ocrx_word' id='word_1_648' title='bbox 1299 2851 1333 2854; x_wconf 35' lang='lat' dir='ltr'><em>ff</em></span> <span class='ocrx_word' id='word_1_649' title='bbox 1343 2834 1421 2870; x_wconf 74' lang='lat' dir='ltr'>l’.p</span> <span class='ocrx_word' id='word_1_650' title='bbox 1433 2832 1623 2869; x_wconf 56' lang='lat' dir='ltr'>&#39;Phaedon-us,</span> <span class='ocrx_word' id='word_1_651' title='bbox 1638 2834 1748 2863; x_wconf 75' lang='lat' dir='ltr'>scribit</span> <span class='ocrx_word' id='word_1_652' title='bbox 1777 2833 1955 2872; x_wconf 40' lang='lat' dir='ltr'>Theophane</span> <span class='ocrx_word' id='word_1_653' title='bbox 1975 2832 2004 2862; x_wconf 89' lang='lat' dir='ltr'>iu</span> <span class='ocrx_word' id='word_1_654' title='bbox 2026 2830 2125 2864; x_wconf 84' lang='lat' dir='ltr'>Chro-</span> 
     </span>
    </p>
   </div>
   <div class='ocr_carea' id='block_1_13' title="bbox 1138 2873 2120 2915">
    <p class='ocr_par' dir='ltr' id='par_1_20' title="bbox 1138 2873 2120 2915">
     <span class='ocr_line' id='line_1_115' title="bbox 1138 2873 2120 2915; baseline 0 -11"><span class='ocrx_word' id='word_1_655' title='bbox 1138 2882 1139 2896; x_wconf 61' lang='lat'>¹</span> <span class='ocrx_word' id='word_1_656' title='bbox 1164 2875 1319 2915; x_wconf 63' lang='lat' dir='ltr'>mayr-apli</span> <span class='ocrx_word' id='word_1_657' title='bbox 1347 2884 1372 2913; x_wconf 84' lang='lat' dir='ltr'>p.</span> <span class='ocrx_word' id='word_1_658' title='bbox 1391 2873 1461 2909; x_wconf 71' lang='grc'><strong>,119</strong></span> <span class='ocrx_word' id='word_1_659' title='bbox 1481 2874 1625 2904; x_wconf 68' lang='lat' dir='ltr'>univolso</span> <span class='ocrx_word' id='word_1_660' title='bbox 1650 2874 1807 2905; x_wconf 77' lang='lat' dir='ltr'>Ecclesiae</span> <span class='ocrx_word' id='word_1_661' title='bbox 1829 2877 1983 2905; x_wconf 78' lang='lat' dir='ltr'>conventu</span> <span class='ocrx_word' id='word_1_662' title='bbox 2000 2881 2120 2904; x_wconf 91' lang='lat' dir='ltr'>convo-</span> 
     </span>
    </p>
   </div>
   <div class='ocr_carea' id='block_1_14' title="bbox 1159 2915 2124 3202">
    <p class='ocr_par' dir='ltr' id='par_1_21' title="bbox 1159 2915 2124 3202">
     <span class='ocr_line' id='line_1_116' title="bbox 1161 2915 2120 2955; baseline 0.001 -10"><span class='ocrx_word' id='word_1_663' title='bbox 1161 2921 1240 2951; x_wconf 67' lang='lat' dir='ltr'>cato,</span> <span class='ocrx_word' id='word_1_664' title='bbox 1259 2917 1296 2945; x_wconf 64' lang='lat' dir='ltr'>ad</span> <span class='ocrx_word' id='word_1_665' title='bbox 1315 2916 1476 2953; x_wconf 65' lang='lat' dir='ltr'>(toi-iplmci</span> <span class='ocrx_word' id='word_1_666' title='bbox 1497 2916 1576 2954; x_wconf 65' lang='lat' dir='ltr'>Apo.</span> <span class='ocrx_word' id='word_1_667' title='bbox 1564 2916 1713 2945; x_wconf 80' lang='lat' dir='ltr'>toloiuin</span> <span class='ocrx_word' id='word_1_668' title='bbox 1732 2915 1909 2955; x_wconf 73' lang='lat' dir='ltr'>sepulerum</span> <span class='ocrx_word' id='word_1_669' title='bbox 1927 2916 2046 2951; x_wconf 61' lang='lat' dir='ltr'>astans,</span> <span class='ocrx_word' id='word_1_670' title='bbox 2063 2924 2120 2946; x_wconf 80' lang='lat' dir='ltr'>ca-</span> 
     </span>
     <span class='ocr_line' id='line_1_117' title="bbox 1162 2956 2124 2997; baseline -0.001 -10"><span class='ocrx_word' id='word_1_671' title='bbox 1162 2959 1217 2989; x_wconf 78' lang='lat' dir='ltr'>lice</span> <span class='ocrx_word' id='word_1_672' title='bbox 1242 2958 1345 2987; x_wconf 61' lang='lat' dir='ltr'>afferri</span> <span class='ocrx_word' id='word_1_673' title='bbox 1372 2958 1464 2990; x_wconf 69' lang='lat' dir='ltr'>iusso,</span> <span class='ocrx_word' id='word_1_674' title='bbox 1490 2967 1526 2987; x_wconf 72' lang='lat' dir='ltr'>cx</span> <span class='ocrx_word' id='word_1_675' title='bbox 1552 2958 1672 2988; x_wconf 74' lang='lat' dir='ltr'>vivifico</span> <span class='ocrx_word' id='word_1_676' title='bbox 1697 2956 1811 2988; x_wconf 80' lang='lat' dir='ltr'>Christi</span> <span class='ocrx_word' id='word_1_677' title='bbox 1835 2965 1890 2988; x_wconf 81' lang='lat' dir='ltr'>san</span> <span class='ocrx_word' id='word_1_678' title='bbox 1901 2957 1993 2997; x_wconf 77' lang='lat' dir='ltr'>guinc</span> <span class='ocrx_word' id='word_1_679' title='bbox 2010 2956 2124 2987; x_wconf 78' lang='lat' dir='ltr'>stillam</span> 
     </span>
     <span class='ocr_line' id='line_1_118' title="bbox 1159 2999 2121 3038; baseline -0.001 -10"><span class='ocrx_word' id='word_1_680' title='bbox 1159 3000 1326 3036; x_wconf 68' lang='lat' dir='ltr'>cxi-ulicns,</span> <span class='ocrx_word' id='word_1_681' title='bbox 1352 2999 1477 3037; x_wconf 67' lang='lat' dir='ltr'>t’byri-ni</span> <span class='ocrx_word' id='word_1_682' title='bbox 1505 3002 1740 3038; x_wconf 73' lang='lat' dir='ltr'>‹,·o[==i·‹n·111nq1ie</span> <span class='ocrx_word' id='word_1_683' title='bbox 1764 2999 1900 3038; x_wconf 81' lang='lat' dir='ltr'>quicum</span> <span class='ocrx_word' id='word_1_684' title='bbox 1927 3007 1964 3028; x_wconf 85' lang='lat' dir='ltr'>eo</span> <span class='ocrx_word' id='word_1_685' title='bbox 1983 3006 2121 3028; x_wconf 80' lang='lat' dir='ltr'>cominu-</span> 
     </span>
     <span class='ocr_line' id='line_1_119' title="bbox 1353 3039 2122 3079; baseline 0.001 -10"><span class='ocrx_word' id='word_1_686' title='bbox 1353 3040 1588 3079; x_wconf 71' lang='lat' dir='ltr'>:dn-ogationcin</span> <span class='ocrx_word' id='word_1_687' title='bbox 1616 3044 1644 3070; x_wconf 75' lang='lat' dir='ltr'>vt</span> <span class='ocrx_word' id='word_1_688' title='bbox 1672 3039 1959 3071; x_wconf 75' lang='lat' dir='ltr'>condemnationem</span> <span class='ocrx_word' id='word_1_689' title='bbox 1994 3040 2122 3079; x_wconf 75' lang='lat' dir='ltr'>propria</span> 
     </span>
     <span class='ocr_line' id='line_1_120' title="bbox 1443 3080 2119 3112; baseline 0 -1"><span class='ocrx_word' id='word_1_690' title='bbox 1443 3105 1449 3111; x_wconf 96' lang='lat'>.</span> <span class='ocrx_word' id='word_1_691' title='bbox 1468 3082 1496 3111; x_wconf 87' lang='lat' dir='ltr'>lu</span> <span class='ocrx_word' id='word_1_692' title='bbox 1516 3082 1624 3112; x_wconf 79' lang='lat' dir='ltr'>eodem</span> <span class='ocrx_word' id='word_1_693' title='bbox 1642 3081 1781 3112; x_wconf 81' lang='lat' dir='ltr'>Concilio</span> <span class='ocrx_word' id='word_1_694' title='bbox 1795 3081 1978 3112; x_wconf 83' lang='lat' dir='ltr'>Theodorus</span> <span class='ocrx_word' id='word_1_695' title='bbox 1993 3080 2119 3111; x_wconf 74' lang='lat' dir='ltr'>‹lamna-</span> 
     </span>
     <span class='ocr_line' id='line_1_121' title="bbox 1160 3121 2120 3163; baseline 0 -11"><span class='ocrx_word' id='word_1_696' title='bbox 1160 3125 1199 3153; x_wconf 82' lang='lat' dir='ltr'>vit</span> <span class='ocrx_word' id='word_1_697' title='bbox 1223 3123 1313 3153; x_wconf 65' lang='lat' dir='ltr'>eliani</span> <span class='ocrx_word' id='word_1_698' title='bbox 1334 3123 1457 3153; x_wconf 74' lang='lat' dir='ltr'>l’auluin</span> <span class='ocrx_word' id='word_1_699' title='bbox 1484 3124 1680 3163; x_wconf 72' lang='lat' dir='ltr'>1⁴31).Cp.pi·o</span> <span class='ocrx_word' id='word_1_700' title='bbox 1704 3121 1805 3163; x_wconf 73' lang='lat' dir='ltr'>Typo,</span> <span class='ocrx_word' id='word_1_701' title='bbox 1830 3131 1866 3154; x_wconf 82' lang='lat' dir='ltr'>co</span> <span class='ocrx_word' id='word_1_702' title='bbox 1897 3123 2084 3163; x_wconf 79' lang='lat' dir='ltr'>instiganle,</span> <span class='ocrx_word' id='word_1_703' title='bbox 2101 3130 2120 3152; x_wconf 83' lang='lat' dir='ltr'>a</span> 
     </span>
     <span class='ocr_line' id='line_1_122' title="bbox 1160 3163 1554 3202; baseline 0.003 -9"><span class='ocrx_word' id='word_1_704' title='bbox 1160 3166 1326 3194; x_wconf 64' lang='lat' dir='ltr'>(lonscunv,</span> <span class='ocrx_word' id='word_1_705' title='bbox 1345 3163 1554 3202; x_wconf 63' lang='lat' dir='ltr'>promulgato.</span> 
     </span>
    </p>
   </div>
   <div class='ocr_carea' id='block_1_15' title="bbox 1189 3202 2080 3244">
    <p class='ocr_par' dir='ltr' id='par_1_22' title="bbox 1189 3202 2080 3244">
     <span class='ocr_line' id='line_1_123' title="bbox 1189 3202 2080 3244; baseline -0.001 -8"><span class='ocrx_word' id='word_1_706' title='bbox 1189 3206 1201 3226; x_wconf 81' lang='grc'>’·’</span> <span class='ocrx_word' id='word_1_707' title='bbox 1220 3206 1333 3244; x_wconf 75' lang='lat' dir='ltr'>Lnbbr,</span> <span class='ocrx_word' id='word_1_708' title='bbox 1349 3206 1422 3236; x_wconf 80' lang='lat' dir='ltr'>ibid.</span> <span class='ocrx_word' id='word_1_709' title='bbox 1438 3215 1464 3244; x_wconf 82' lang='lat' dir='ltr'>p.</span> <span class='ocrx_word' id='word_1_710' title='bbox 1488 3205 1574 3243; x_wconf 78' lang='grc'><strong>1835,</strong></span> <span class='ocrx_word' id='word_1_711' title='bbox 1599 3207 1627 3236; x_wconf 78' lang='lat' dir='ltr'>cl</span> <span class='ocrx_word' id='word_1_712' title='bbox 1645 3208 1665 3236; x_wconf 89' lang='grc'>1.</span> <span class='ocrx_word' id='word_1_713' title='bbox 1682 3204 1734 3243; x_wconf 82' lang='lat' dir='ltr'>Vl,</span> <span class='ocrx_word' id='word_1_714' title='bbox 1751 3214 1779 3244; x_wconf 84' lang='lat' dir='ltr'>p.</span> <span class='ocrx_word' id='word_1_715' title='bbox 1798 3203 1940 3243; x_wconf 67' lang='grc'><strong>128,133</strong></span> <span class='ocrx_word' id='word_1_716' title='bbox 1958 3207 1988 3236; x_wconf 77' lang='lat' dir='ltr'>et</span> <span class='ocrx_word' id='word_1_717' title='bbox 2011 3202 2080 3236; x_wconf 88' lang='grc'><strong>137.</strong></span> 
     </span>
    </p>
   </div>
  </div>
 </body>
</html>
