2241 3473
697 170 835 200 VSQVE
857 172 912 198 AD
935 169 1221 198 PRAESENTEM
1246 168 1452 197 AETATEM

1901 152 1982 192 337

86 241 354 281 Cochinchina
379 245 419 277 et
446 240 677 288 Tongkino,
704 241 742 277 in
769 241 972 284 America,
1001 240 1037 275 in
1093 237 1227 275 sedulo
1255 236 1399 274 restitit
1426 235 1695 283 praefatarum
1719 231 1955 268 societatum
1981 242 2042 290 co-

90 296 293 333 Australia
319 295 529 331 missiones
552 295 768 331 catholicae
796 295 1039 341 redintegra·
1090 293 1246 328 natibus
1273 297 1354 327 tum
1388 301 1458 337 per
1477 289 1588 324 binas
1608 288 1778 330 litteras,
1797 285 1972 345 calendis
1991 295 2043 320 111-

89 355 153 387 tae
172 359 374 396 novaeque
395 349 595 385 institutae
616 350 779 392 suerint,
798 354 837 385 ct
855 348 1038 384 continuo
1092 346 1145 381 nii
1175 345 1264 382 1816
1290 344 1338 380 ad
1366 343 1636 379 Gnesnensem
1657 370 1665 385 ,
1701 345 1742 377 et
1767 338 1894 398 pridie
1921 349 2046 399 nonas

88 406 311 450 augeantur
331 410 445 450 atque
465 403 731 444 subleventur,
752 403 851 438 adeo
869 408 911 439 ut
929 412 1040 449 prae·
1092 398 1327 446 septembris
1359 397 1406 433 ad
1435 396 1763 433 Moliiloviensem
1784 393 2047 441 archiepisco-

87 457 169 493 fata
193 456 363 493 societas
392 467 480 492 ann.
515 456 605 494 1870
632 456 669 491 in
697 456 800 492 Sinis
824 457 1040 503 vicinisque

88 510 328 557 regionibus,
345 510 383 545 in
399 510 614 552 Australia,
632 510 670 544 in
685 510 873 546 America
886 515 1039 557 septen-

86 563 243 600 trionali
271 569 311 600 et
338 564 375 599 in
403 564 489 599 aliis
507 563 673 599 diversis
692 564 932 609 regionibus,
954 564 1040 610 plns

91 627 209 665 quam
239 618 306 654 135
330 617 548 653 vicariatus
565 617 802 663 apostolicos
828 622 868 653 et
886 617 1039 654 dioece-

92 682 157 708 ses
184 676 430 711 numeraret,
459 671 595 717 quibus
612 669 783 706 subsidia
804 671 967 707 ferebat.

140 724 199 761 33.
226 723 444 761 Sociecaces
473 723 736 759 biblicae—In
764 723 888 759 variis
916 724 1040 770 regio-

92 777 219 821 nibus,
236 777 471 824 praesertim
489 777 528 812 in
541 778 729 813 America
747 777 1042 820 confoederata,

97 831 136 866 in
165 830 273 867 India
298 836 339 867 et
364 831 403 866 in
421 830 637 873 Australiu,
657 830 895 866 missionarii
915 830 1044 867 catho-

94 884 159 921 lici
185 884 388 921 obstacula
414 884 535 920 multa
565 883 823 930 experiuntur
854 895 903 920 ex
931 889 1043 932 parte

93 939 365 975 ministrorum
394 937 726 981 acatholicorum,
762 938 881 985 vulgo
909 938 1043 975 Prote-

90 991 302 1034 stantium‚
335 992 400 1039 qui
425 992 544 1028 etiam
572 991 829 1039 propagando
857 992 1044 1030 Christia-

90 1045 231 1088 nismo,
258 1045 326 1082 sed
357 1045 558 1081 erroribus
584 1045 744 1088 infecto,
761 1045 838 1080 iam
866 1057 890 1081 a
915 1050 1043 1093 poste-

96 1099 191 1135 riori
217 1099 376 1135 dimidio
404 1099 552 1136 saeculi
577 1099 851 1145 praecedentis
877 1110 1041 1146 operam

91 1158 256 1189 navant.
285 1153 336 1188 Hi
355 1153 403 1189 ad
422 1152 707 1189 sustendandas
725 1153 934 1189 missiones
950 1164 1043 1190 suas

92 1207 196 1244 inter
223 1207 387 1254 populos
414 1207 592 1244 infideles
610 1207 856 1254 amplissima
873 1207 1044 1244 subsidia

91 1261 290 1308 accipiunt
321 1271 346 1296 a
372 1260 628 1297 societatibus
654 1260 885 1296 missionum
913 1265 1044 1308 prote-

90 1314 352 1351 stanticarum
371 1343 380 1357 ‚
405 1314 454 1350 ad
480 1313 778 1361 propagandam
808 1315 1041 1361 religionem

91 1368 150 1404 sic
176 1367 323 1404 dictam
349 1367 689 1404 Protestanticam
716 1368 918 1412 institutis,
953 1380 1043 1417 qua—

92 1433 180 1458 rum
199 1422 416 1469 praecipua
433 1422 547 1458 sedes
565 1422 734 1457 Londini
752 1422 791 1457 in
810 1423 956 1469 Anglia
982 1435 1044 1470 po-

91 1475 169 1512 sita
187 1481 262 1520 est;
280 1475 319 1511 in
338 1476 553 1512 Germania
571 1476 873 1523 protestantica,
893 1488 1044 1524 quoque

91 1529 274 1574 Batavia,
290 1529 488 1573 Helvetia,
507 1530 709 1572 Borussia,
726 1530 884 1574 Suecia,
904 1531 1044 1573 Dania,

91 1582 248 1628 Russia‚
275 1583 354 1620 imo
382 1583 420 1618 in
439 1583 547 1618 India
565 1589 605 1619 et
623 1583 663 1618 in
681 1584 870 1620 America
888 1584 1045 1620 confoe-

92 1634 233 1672 derata
258 1647 328 1673 seu
356 1636 664 1672 Statibus-unitis
691 1648 777 1672 sese
805 1637 1043 1674 constitutae

93 1693 200 1725 sunt.
219 1689 280 1725 Ad
298 1690 464 1737 idipsum
484 1689 746 1733 efficiendum,
763 1690 935 1726 cuiusvis
957 1702 1045 1727 con-

94 1742 277 1780 fessionis
303 1743 544 1780 christianae
563 1748 783 1780 sectatores
802 1744 861 1780 his
879 1745 1045 1781 societa-

93 1797 195 1833 tibus
224 1797 414 1844 adscripti
441 1809 513 1845 ope
542 1798 759 1833 Bibliorum
782 1803 822 1834 et
848 1799 906 1834 usi
942 1803 1043 1844 sunt;

92 1850 195 1887 unde
229 1849 448 1887 Societates
482 1851 648 1887 biblicae
683 1863 725 1887 se
754 1858 1044 1899 nuncuparunt.

93 1904 221 1940 Biblia
246 1915 343 1941 vero
370 1905 408 1940 in
428 1905 716 1942 diversissimas
735 1905 906 1952 linguas,
924 1907 1047 1953 angli—

93 1969 197 2002 cam,
223 1959 425 2005 gallicam,
440 1959 1046 2006 germanicam,belgicam,ara-

94 2012 220 2049 bicam
241 2041 249 2056 ‚
278 2013 541 2060 aethiopicam
566 2042 573 2057 ,
601 2013 818 2060 persicam,
847 2013 1015 2049 indicam
1038 2043 1046 2057 ,

92 2066 271 2114 aliasque
298 2067 511 2104 transferri
538 2069 656 2114 atque
682 2067 823 2103 edendi
842 2073 1048 2112 curant,et

93 2120 208 2157 modo
227 2121 353 2167 gratis
371 2121 622 2163 distribuunt,
643 2121 757 2156 modo
779 2132 900 2168 parvo
921 2123 1045 2169 pretio

93 2178 282 2211 veneunt.
296 2174 358 2211 Ne
376 2186 473 2211 vero
492 2174 740 2210 diversarum
757 2175 1046 2211 confessionum

94 2228 273 2265 membra
291 2228 339 2264 ob
356 2229 573 2265 sententias
599 2227 689 2264 fidei
716 2239 811 2264 suae
830 2229 1044 2277 oppositas,

96 2291 120 2318 a
145 2281 322 2329 legendis
349 2282 485 2318 Bibliis
513 2282 852 2325 absterrerentur,
878 2283 1045 2319 societa-

99 2340 180 2372 tum
215 2335 432 2372 directores
465 2341 711 2379 statuerunt,
736 2340 779 2372 ut
804 2337 933 2372 Biblia
961 2337 1046 2373 sine

98 2390 639 2437 annotatione,explicatione
659 2395 727 2427 aut
746 2391 1047 2434 commentario,

97 2443 177 2479 imo
204 2454 274 2491 pro
300 2444 438 2490 quavis
469 2445 640 2480 ecclesia
665 2444 704 2479 in
732 2445 978 2481 versionibus
1001 2445 1048 2480 ab

97 2507 146 2534 ea
164 2497 352 2544 probatis,
371 2497 719 2544 imprimerentur;
747 2497 820 2534 hoc
848 2503 983 2534 tamen
1010 2499 1045 2534 in

98 2550 217 2587 terris
244 2549 449 2586 catholicis
467 2550 516 2586 ab
534 2550 580 2586 iis
597 2562 676 2586 non
693 2551 910 2595 observari,
932 2563 1050 2599 expe-

99 2604 246 2641 rientia
259 2604 721 2640 constat-Verumtamen
735 2604 826 2640 dum
842 2604 1048 2641 missiones

101 2658 319 2695 catholicae
347 2658 449 2694 inter
476 2658 639 2705 populos
666 2658 844 2694 infideles
880 2659 1046 2694 mirifico

99 2712 346 2748 incremento
379 2711 624 2754 dilatantur,
662 2712 972 2759 protestanticae
1011 2712 1048 2747 in

98 2765 310 2802 sterilitate
337 2769 589 2800 macrescunt
608 2766 632 2797 ¹.

146 2818 275 2860 Quum
290 2830 386 2854 vero
402 2829 451 2854 ex
467 2818 684 2854 huiusmodi
699 2819 930 2862 Bibliorum,
949 2830 1048 2866 quae

99 2874 185 2910 sine
211 2873 415 2909 Ecclesiae
441 2873 693 2917 auctoritate,
721 2873 759 2908 in
778 2873 964 2919 vulgares
981 2874 1048 2908 lin-

99 2937 198 2975 guas
216 2925 399 2969 eduntur,
412 2926 697 2973 propagatione
717 2931 757 2962 et
776 2926 943 2963 lectione
958 2938 1049 2963 non-

99 2981 173 3017 nisi
199 2979 439 3016 detrimenta
465 2979 607 3026 gravia
631 2980 722 3016 fidei
739 2980 954 3015 catholicae
982 2981 1047 3017 ob-

99 3035 255 3083 tingere
282 3039 455 3080 possent,
486 3033 579 3069 Pius
605 3033 675 3080 Pp.
705 3033 775 3069 VII
803 3033 979 3071 animose
1005 3039 1046 3072 et

146 3159 155 3180 ¹
181 3158 223 3192 Cf
242 3158 407 3191 Wiseman
431 3183 438 3197 ,
465 3156 622 3191 Sterilitd
647 3156 734 3190 delle
760 3157 915 3190 missioni
935 3161 1048 3199 prote-

101 3205 221 3244 stanti,
251 3205 496 3237 lvissertazione
521 3203 602 3236 Ietta
628 3203 891 3237 all'Accademia
908 3203 943 3237 di
961 3203 1049 3238 Reli—

102 3251 182 3292 9i0n
205 3251 365 3284 calcolica
392 3260 408 3282 a
432 3248 545 3282 Roma.

316 3309 564 3351 wov‘rERs
573 3340 583 3359 ‚
615 3309 668 3350 11.

1095 464 1164 500 pos
1190 452 1317 494 datas,
1346 455 1426 486 tum
1456 461 1526 497 per
1552 449 1758 496 epistolam
1777 458 1801 484 a
1818 448 2044 494 Congrega·

1095 507 1200 543 tione
1219 505 1266 541 de
1283 503 1547 550 propaganda
1562 502 1657 538 Fide
1674 502 1734 538 111ο
1751 511 1874 537 nonas
1889 501 2046 548 augusti

1096 561 1186 597 1816
1213 559 1262 595 ad
1288 558 1471 594 Vicarios
1496 557 1736 604 apostolicos
1763 555 1948 598 Persiae,
1975 554 2048 590 Ar-

1096 615 1268 656 meniae,
1297 612 1542 658 aliarumque
1569 610 1744 647 Orientis
1771 609 1977 657 regionum
1995 608 2049 644 di-

1096 672 1265 711 rectam,
1292 671 1332 703 et
1358 676 1430 713 per
1457 665 1661 701 decretum
1684 675 1708 700 a
1725 663 2048 710 Congregatione

1096 721 1236 757 Indicis
1262 720 1310 757 de
1337 719 1517 755 omnibus
1547 717 1769 754 huiusmodi
1801 716 2049 753 versionibus

1098 775 1232 811 datum
1259 774 1320 810 1x⁰
1339 772 1526 809 calendas
1546 772 1661 808 iulias
1682 771 1786 808 1817.
1804 771 1900 818 Ipsis
1919 771 2051 808 Socie-

1098 834 1223 864 tatum
1246 827 1477 863 biblicarum
1504 825 1708 862 conatibus
1726 824 1965 860 obstiterunt
1982 824 2046 860 alii

1098 882 1285 930 deinceps
1312 880 1542 923 Pontifices,
1567 880 1648 915 Leo
1675 878 1747 914 XII
1774 878 1812 913 in
1839 877 2050 926 encyclicis

1098 936 1240 973 litteris
1266 936 1329 971 111⁰
1355 944 1479 970 nonas
1497 933 1592 969 maii
1613 932 1705 968 1824
1723 931 1825 967 datis
1842 931 1890 967 ad
1909 942 2046 967 omnes

1095 989 1281 1026 catholici
1300 989 1406 1025 orbis
1425 986 1637 1030 antistites,
1664 985 1756 1022 Pius
1774 985 1861 1021 VIII
1876 985 1915 1020 in
1934 996 2049 1033 ency-

1098 1045 1200 1080 clica
1216 1044 1381 1090 epistola
1400 1042 1458 1078 1x⁰
1479 1040 1663 1077 calendas
1681 1039 1806 1075 iunias
1825 1039 1936 1082 1829,
1955 1039 2052 1075 Gre-

1098 1099 1233 1144 gorius
1253 1098 1346 1133 XVI
1366 1097 1405 1132 in
1424 1095 1572 1132 monito
1594 1094 1746 1130 adiecto
1772 1093 1821 1129 ad
1845 1093 2050 1130 decretum

1099 1151 1432 1199 Congregationis
1445 1149 1586 1186 Indicis
1596 1146 1758 1184 vn⁰idus
1767 1147 1934 1182 ianuarii
1946 1146 2051 1188 1836,

1099 1209 1139 1241 et
1155 1206 1193 1240 in
1209 1205 1412 1254 encyclica
1426 1203 1593 1252 epistola
1608 1201 1795 1248 postridie
1812 1211 1936 1236 nonas
1955 1199 2049 1236 maii

1098 1259 1248 1296 1844111
1259 1259 1396 1306 quibus
1404 1256 1617 1293 Pontifices
1629 1255 1807 1291 omnibus
1817 1254 2048 1290 memoriam

1096 1318 1287 1349 revocant
1305 1314 1354 1349 ΙΙΙ
1371 1317 1411 1349 61
1429 1312 1480 1348 IV
1498 1311 1656 1358 regulas
1671 1308 1812 1345 Indicis
1828 1307 2049 1344 Tridentini

1096 1371 1137 1403 et
1163 1367 1358 1404 adiectam
1382 1367 1454 1402 xv⁰
1470 1364 1658 1401 calendas
1675 1362 1789 1409 iulias
1804 1362 1896 1398 1757
1915 1365 2048 1398 aucto-

1097 1420 1212 1457 ritate
1232 1420 1438 1457 Benedicti
1455 1419 1528 1466 Pp.
1556 1417 1649 1453 XIV
1669 1415 1990 1459 declarationem,
2007 1420 2051 1451 ut

1096 1486 1238 1522 nempe
1265 1474 1460 1523 permissa
1486 1483 1564 1508 non
1590 1471 1804 1507 haberetur
1830 1470 1947 1507 lectio
1967 1470 2048 1506 vul-

1099 1528 1255 1575 garium
1282 1528 1523 1570 versionum,
1538 1525 1612 1562 nisi
1639 1535 1739 1572 quae
1758 1524 1806 1560 ab
1823 1523 2052 1571 Apostolica

1100 1581 1200 1618 Sede
1227 1581 1492 1628 approbatae,
1518 1584 1587 1616 aut
1613 1590 1704 1614 cum
1731 1577 2052 1614 annotationibus

1098 1635 1313 1682 desumptis
1340 1647 1361 1671 e
1381 1634 1531 1671 sanctis
1554 1632 1759 1669 Ecclesiae
1789 1631 1963 1679 patribus
1987 1631 2049 1668 vel

1098 1689 1221 1725 doctis
1248 1689 1527 1735 catholicisque
1549 1687 1660 1729 viris,
1687 1685 1817 1722 editae
1835 1685 1982 1721 fuerint
1997 1687 2023 1719 1.

1146 1743 1204 1779 34.
1225 1742 1447 1790 Religyionis
1466 1743 1591 1777 status
1612 1740 1653 1775 in
1673 1739 1906 1775 Gallia—In
1923 1738 2052 1775 Gallia.

1100 1801 1232 1833 autem
1258 1795 1502 1843 Napoleonis
1529 1793 1742 1843 tyrannide
1761 1796 1887 1829 status
1913 1803 2067 1829 rerumr

1099 1850 1462 1886 ecclesiasticarum
1489 1848 1701 1884 admodum
1731 1847 1988 1894 perturbatus
2009 1857 2048 1882 e-

1100 1908 1172 1940 rat.
1202 1904 1424 1939 Ludovicus
1449 1902 1594 1945 XVIII,
1621 1912 1684 1937 an.
1715 1900 1806 1938 1814
1839 1904 2049 1948 paternum

1099 1958 1240 1994 solium
1267 1957 1447 2004 adeptus,
1473 1958 1621 2003 optimo
1649 1955 1804 2002 quidem
1836 1964 1935 2000 erga
1960 1953 2052 1990 reli-

1100 2012 1257 2057 gionem
1285 2010 1521 2047 catholicam
1550 2010 1709 2056 eiusque
1743 2008 1893 2045 clerum
1920 2007 2050 2043 animo

1099 2071 1202 2107 erat,
1229 2065 1299 2101 sed
1325 2065 1364 2100 in
1384 2063 1654 2111 promovenda
1680 2061 1976 2099 ecclesiasticae
1994 2061 2053 2097 rei

1101 2119 1363 2166 prosperitate
1383 2128 1503 2164 saepe
1523 2116 1813 2164 impediebatur
1830 2120 1916 2151 tum
1936 2114 2052 2160 regni

1099 2173 1394 2215 constitutione,
1423 2183 1473 2208 ex
1491 2171 1599 2208 cuius
1618 2170 1863 2218 praescripto
1890 2168 2052 2215 deputa-

1100 2230 1227 2262 torum
1264 2226 1395 2273 populi
1429 2235 1717 2272 procerumque
1751 2233 1964 2260 consensus
1998 2221 2047 2257 ad

1100 2280 1283 2316 ferendas
1300 2291 1424 2316 novas
1442 2280 1551 2326 leges
1569 2283 1656 2315 erat
1684 2276 1947 2320 necessarius,
1965 2279 2049 2311 tum

1101 2335 1217 2380 genio
1238 2334 1422 2377 nationis,
1441 2344 1541 2381 quae
1558 2331 1790 2378 irreligiosis
1804 2329 1983 2366 scatebat
1996 2330 2046 2365 ci-

1100 2387 1224 2424 vibus.
1253 2388 1415 2424 Interim
1443 2387 1556 2424 varia
1576 2388 1615 2422 in
1633 2386 1810 2422 favorem
1829 2383 2045 2430 Religionis

1099 2440 1263 2478 decreta
1289 2441 1425 2486 edidit,
1443 2441 1728 2477 institutionem
1745 2437 1941 2474 iuniorum
1969 2437 2044 2473 cle-

1101 2495 1273 2531 ricorum
1301 2495 1495 2543 episcopis
1529 2493 1718 2536 reddidit,
1752 2491 1959 2528 meliorem
1984 2502 2047 2527 su-

1099 2550 1380 2586 stentationem
1408 2549 1513 2585 clero
1548 2546 1790 2595 procuravit,
1817 2545 2044 2592 Congrega-

1103 2603 1229 2639 tiones
1254 2615 1284 2639 s.
1315 2603 1455 2639 Lazari
1482 2607 1521 2639 et
1546 2614 1578 2637 s.
1606 2600 1774 2648 Spiritus
1801 2610 1872 2646 pro
1898 2599 2047 2634 missio·

1099 2657 1227 2700 nibus,
1255 2661 1372 2704 atque
1398 2668 1431 2692 s.
1460 2655 1621 2702 Sulpicii
1649 2665 1718 2700 pro
1745 2652 2048 2689 seminariorum

1100 2710 1316 2747 directione
1345 2709 1528 2746 restituit.
1550 2708 1618 2743 111⁰
1638 2707 1723 2743 idus
1738 2706 1835 2742 iunii
1851 2706 1941 2743 1817
1959 2717 2047 2742 con-

1099 2765 1328 2801 ventionem
1355 2775 1441 2799 cum
1469 2761 1697 2808 Apostolica
1731 2760 1833 2797 Sede
1860 2760 2045 2805 confecit,

1100 2829 1174 2865 qua
1200 2817 1509 2858 Concordatum,
1537 2814 1731 2862 quondam
1753 2814 1857 2850 inter
1875 2814 2048 2850 Leonem

1100 2871 1170 2917 Pp.
1199 2872 1236 2906 X
1264 2876 1303 2906 et
1321 2869 1577 2906 Franciscum
1607 2879 1746 2915 regem
1772 2867 1786 2903 1
1814 2867 1966 2910 initum,
1990 2879 2049 2903 re-

1099 2922 1644 2967 stituebatur3Concordatum
1657 2933 1752 2957 vero
1769 2932 1832 2957 an.
1852 2921 1940 2958 1801
1957 2932 2047 2961 cum

1099 2978 1278 3014 articulis
1304 2977 1417 3012 dictis
1443 2975 1642 3023 organicis
1667 2987 1717 3011 ex
1742 2985 1792 3010 ea
1816 2979 1943 3021 parte,
1971 2985 2048 3022 qua

1098 3031 1302 3068 Ecclesiae
1322 3030 1527 3065 doctrinae
1545 3035 1613 3065 aut
1627 3028 1778 3076 legibus
1797 3033 1913 3064 erant
1929 3038 2048 3075 oppo-

1098 3086 1174 3127 siti,
1195 3085 1505 3131 abrogabantur3
1525 3094 1712 3120 numerus
1730 3082 1880 3119 sedium
1899 3082 2048 3130 episco-

1145 3204 1150 3224 ¹
1179 3202 1220 3234 Cf
1243 3180 1366 3240 Mulon,
1394 3200 1438 3233 La
1464 3202 1592 3233 lecture
1615 3200 1655 3233 de
1681 3201 1713 3232 la
1740 3199 1836 3232 Bible
1861 3208 1902 3232 en
1920 3200 2045 3243 tanqua

1099 3248 1262 3289 vulyaire,
1290 3247 1437 3281 Louvain
1466 3245 1567 3286 1846,
1596 3245 1615 3276 2
1642 3246 1724 3280 voll.
1751 3245 1854 3278 in-80.

1779 3306 1832 3347 28
