<?xml version="1.0" encoding="UTF-8"?>
<!DOCTYPE html PUBLIC "-//W3C//DTD XHTML 1.0 Transitional//EN"
    "http://www.w3.org/TR/xhtml1/DTD/xhtml1-transitional.dtd">
<html xmlns="http://www.w3.org/1999/xhtml" xml:lang="en" lang="en">
 <head>
  <title>
</title>
<meta http-equiv="Content-Type" content="text/html;charset=utf-8" />
  <meta name='ocr-system' content='tesseract 3.04.00' />
  <meta name='ocr-capabilities' content='ocr_page ocr_carea ocr_par ocr_line ocrx_word'/>
</head>
<body>
  <div class='ocr_page' id='page_1' title='image "./historiaeecclesi01wout_0453.png"; bbox 0 0 2241 3473; ppageno 0'>
   <div class='ocr_carea' id='block_1_1' title="bbox 812 109 1385 141">
    <p class='ocr_par' dir='ltr' id='par_1_1' title="bbox 812 109 1385 141">
     <span class='ocr_line' id='line_1_1' title="bbox 812 109 1385 141; baseline 0.009 -6"><span class='ocrx_word' id='word_1_1' title='bbox 812 109 937 141; x_wconf 86' lang='lat' dir='ltr'>VSQVE</span> <span class='ocrx_word' id='word_1_2' title='bbox 966 111 1018 138; x_wconf 81' lang='lat' dir='ltr'>AD</span> <span class='ocrx_word' id='word_1_3' title='bbox 1048 111 1178 139; x_wconf 72' lang='lat' dir='ltr'>1N1&#39;1&#39;1A</span> <span class='ocrx_word' id='word_1_4' title='bbox 1208 111 1385 140; x_wconf 82' lang='lat' dir='ltr'>LVTHERI</span> 
     </span>
    </p>
   </div>
   <div class='ocr_carea' id='block_1_2' title="bbox 83 172 1079 2818">
    <p class='ocr_par' dir='ltr' id='par_1_2' title="bbox 130 172 1079 1015">
     <span class='ocr_line' id='line_1_2' title="bbox 137 172 1079 224; baseline -0.001 -12"><span class='ocrx_word' id='word_1_5' title='bbox 137 176 207 217; x_wconf 80' lang='lat' dir='ltr'>set,</span> <span class='ocrx_word' id='word_1_6' title='bbox 216 172 476 224; x_wconf 83' lang='lat' dir='ltr'>patriarcham</span> <span class='ocrx_word' id='word_1_7' title='bbox 486 172 689 222; x_wconf 85' lang='lat' dir='ltr'>elegerunt</span> <span class='ocrx_word' id='word_1_8' title='bbox 697 174 953 221; x_wconf 81' lang='lat' dir='ltr'>Gennadium,</span> <span class='ocrx_word' id='word_1_9' title='bbox 965 185 1079 223; x_wconf 90' lang='lat' dir='ltr'>quem</span> 
     </span>
     <span class='ocr_line' id='line_1_3' title="bbox 139 225 1077 275; baseline 0 -11"><span class='ocrx_word' id='word_1_10' title='bbox 139 227 337 265; x_wconf 81' lang='lat' dir='ltr'>Mabomet</span> <span class='ocrx_word' id='word_1_11' title='bbox 352 225 615 274; x_wconf 67' lang='lat' dir='ltr'>patriarchatu</span> <span class='ocrx_word' id='word_1_12' title='bbox 632 228 697 275; x_wconf 86' lang='lat' dir='ltr'>Cp.</span> <span class='ocrx_word' id='word_1_13' title='bbox 721 227 920 264; x_wconf 78' lang='lat' dir='ltr'><strong>investivit</strong></span> <span class='ocrx_word' id='word_1_14' title='bbox 943 228 1077 265; x_wconf 87' lang='lat' dir='ltr'>eadem</span> 
     </span>
     <span class='ocr_line' id='line_1_4' title="bbox 138 279 1078 328; baseline 0.002 -13"><span class='ocrx_word' id='word_1_15' title='bbox 138 291 297 328; x_wconf 88' lang='lat' dir='ltr'>pompa,</span> <span class='ocrx_word' id='word_1_16' title='bbox 318 290 392 327; x_wconf 85' lang='lat' dir='ltr'>qua</span> <span class='ocrx_word' id='word_1_17' title='bbox 415 279 624 316; x_wconf 82' lang='lat' dir='ltr'>utebantur</span> <span class='ocrx_word' id='word_1_18' title='bbox 658 280 909 328; x_wconf 82' lang='lat' dir='ltr'>imperatores</span> <span class='ocrx_word' id='word_1_19' title='bbox 939 280 1078 328; x_wconf 83' lang='lat' dir='ltr'>graeci.</span> 
     </span>
     <span class='ocr_line' id='line_1_5' title="bbox 138 332 1079 380; baseline 0.001 -11"><span class='ocrx_word' id='word_1_20' title='bbox 138 332 372 376; x_wconf 74' lang='lat' dir='ltr'><strong>Gennadius,</strong></span> <span class='ocrx_word' id='word_1_21' title='bbox 399 336 514 369; x_wconf 84' lang='lat' dir='ltr'>antea</span> <span class='ocrx_word' id='word_1_22' title='bbox 539 333 732 380; x_wconf 72' lang='lat' dir='ltr'><strong>Georgius</strong></span> <span class='ocrx_word' id='word_1_23' title='bbox 753 332 986 376; x_wconf 81' lang='lat' dir='ltr'>Scholarins,</span> <span class='ocrx_word' id='word_1_24' title='bbox 1006 333 1079 370; x_wconf 83' lang='lat' dir='ltr'>ad-</span> 
     </span>
     <span class='ocr_line' id='line_1_6' title="bbox 137 385 1078 423; baseline 0 -1"><span class='ocrx_word' id='word_1_25' title='bbox 137 385 213 422; x_wconf 89' lang='lat' dir='ltr'>huc</span> <span class='ocrx_word' id='word_1_26' title='bbox 243 385 363 422; x_wconf 87' lang='lat' dir='ltr'>laicus</span> <span class='ocrx_word' id='word_1_27' title='bbox 394 385 555 422; x_wconf 82' lang='lat' dir='ltr'>concilio</span> <span class='ocrx_word' id='word_1_28' title='bbox 585 385 810 422; x_wconf 74' lang='lat' dir='ltr'>Florentino</span> <span class='ocrx_word' id='word_1_29' title='bbox 844 385 1078 423; x_wconf 76' lang='lat' dir='ltr'>interfuerat</span> 
     </span>
     <span class='ocr_line' id='line_1_7' title="bbox 137 437 1075 486; baseline -0.001 -11"><span class='ocrx_word' id='word_1_30' title='bbox 137 440 176 476; x_wconf 88' lang='lat' dir='ltr'>et</span> <span class='ocrx_word' id='word_1_31' title='bbox 195 437 372 475; x_wconf 87' lang='lat' dir='ltr'>unionem</span> <span class='ocrx_word' id='word_1_32' title='bbox 403 439 655 486; x_wconf 81' lang='lat' dir='ltr'>probaverat,</span> <span class='ocrx_word' id='word_1_33' title='bbox 680 438 745 474; x_wconf 87' lang='lat' dir='ltr'>sed</span> <span class='ocrx_word' id='word_1_34' title='bbox 768 438 905 475; x_wconf 87' lang='lat' dir='ltr'>deinde</span> <span class='ocrx_word' id='word_1_35' title='bbox 926 450 948 475; x_wconf 87' lang='lat' dir='ltr'>a</span> <span class='ocrx_word' id='word_1_36' title='bbox 969 439 1075 475; x_wconf 85' lang='lat' dir='ltr'>Mar-</span> 
     </span>
     <span class='ocr_line' id='line_1_8' title="bbox 138 491 1072 540; baseline -0.002 -12"><span class='ocrx_word' id='word_1_37' title='bbox 138 502 182 528; x_wconf 88' lang='lat' dir='ltr'>co</span> <span class='ocrx_word' id='word_1_38' title='bbox 215 491 405 540; x_wconf 85' lang='lat' dir='ltr'>Ephesino</span> <span class='ocrx_word' id='word_1_39' title='bbox 440 492 477 527; x_wconf 94' lang='lat' dir='ltr'>in</span> <span class='ocrx_word' id='word_1_40' title='bbox 508 492 711 528; x_wconf 83' lang='lat' dir='ltr'>adversam</span> <span class='ocrx_word' id='word_1_41' title='bbox 743 494 892 538; x_wconf 87' lang='lat' dir='ltr'>partem</span> <span class='ocrx_word' id='word_1_42' title='bbox 929 491 1072 538; x_wconf 86' lang='lat' dir='ltr'>perdu-</span> 
     </span>
     <span class='ocr_line' id='line_1_9' title="bbox 136 543 1073 591; baseline 0.001 -11"><span class='ocrx_word' id='word_1_43' title='bbox 136 547 222 580; x_wconf 87' lang='lat' dir='ltr'>ctus</span> <span class='ocrx_word' id='word_1_44' title='bbox 247 544 460 581; x_wconf 85' lang='lat' dir='ltr'>acerrimus</span> <span class='ocrx_word' id='word_1_45' title='bbox 491 544 641 580; x_wconf 88' lang='lat' dir='ltr'>unionis</span> <span class='ocrx_word' id='word_1_46' title='bbox 666 543 913 591; x_wconf 81' lang='lat' dir='ltr'>impugnator</span> <span class='ocrx_word' id='word_1_47' title='bbox 937 543 1073 581; x_wconf 85' lang='lat' dir='ltr'>evasit.</span> 
     </span>
     <span class='ocr_line' id='line_1_10' title="bbox 137 595 1072 645; baseline 0 -12"><span class='ocrx_word' id='word_1_48' title='bbox 137 597 228 634; x_wconf 88' lang='lat' dir='ltr'>Eius</span> <span class='ocrx_word' id='word_1_49' title='bbox 244 599 284 634; x_wconf 90' lang='lat' dir='ltr'>et</span> <span class='ocrx_word' id='word_1_50' title='bbox 303 597 423 634; x_wconf 75' lang='lat' dir='ltr'>Murci</span> <span class='ocrx_word' id='word_1_51' title='bbox 439 596 616 645; x_wconf 86' lang='lat' dir='ltr'>Ephesini</span> <span class='ocrx_word' id='word_1_52' title='bbox 634 596 872 644; x_wconf 83' lang='lat' dir='ltr'>aliorumque</span> <span class='ocrx_word' id='word_1_53' title='bbox 891 607 1007 643; x_wconf 89' lang='lat' dir='ltr'>opera</span> <span class='ocrx_word' id='word_1_54' title='bbox 1023 595 1072 633; x_wconf 88' lang='lat' dir='ltr'>ef·</span> 
     </span>
     <span class='ocr_line' id='line_1_11' title="bbox 136 649 1073 696; baseline -0.002 -9"><span class='ocrx_word' id='word_1_55' title='bbox 136 649 282 687; x_wconf 86' lang='lat' dir='ltr'>fectum</span> <span class='ocrx_word' id='word_1_56' title='bbox 311 653 389 695; x_wconf 89' lang='lat' dir='ltr'>est,</span> <span class='ocrx_word' id='word_1_57' title='bbox 407 654 449 686; x_wconf 90' lang='lat' dir='ltr'>ut</span> <span class='ocrx_word' id='word_1_58' title='bbox 469 650 638 686; x_wconf 78' lang='lat' dir='ltr'>maxima</span> <span class='ocrx_word' id='word_1_59' title='bbox 659 659 744 696; x_wconf 84' lang='lat' dir='ltr'>pars</span> <span class='ocrx_word' id='word_1_60' title='bbox 769 649 1007 686; x_wconf 87' lang='lat' dir='ltr'>Graecorum</span> <span class='ocrx_word' id='word_1_61' title='bbox 1035 649 1073 685; x_wconf 92' lang='lat' dir='ltr'>in</span> 
     </span>
     <span class='ocr_line' id='line_1_12' title="bbox 134 701 1072 751; baseline -0.002 -11"><span class='ocrx_word' id='word_1_62' title='bbox 134 703 323 740; x_wconf 81' lang='lat' dir='ltr'>schimate</span> <span class='ocrx_word' id='word_1_63' title='bbox 344 703 627 751; x_wconf 62' lang='lat' dir='ltr'>perseverarit,</span> <span class='ocrx_word' id='word_1_64' title='bbox 647 701 777 738; x_wconf 91' lang='lat' dir='ltr'>multis</span> <span class='ocrx_word' id='word_1_65' title='bbox 797 704 925 738; x_wconf 87' lang='lat' dir='ltr'>tamen</span> <span class='ocrx_word' id='word_1_66' title='bbox 947 702 995 738; x_wconf 91' lang='lat' dir='ltr'>ab</span> <span class='ocrx_word' id='word_1_67' title='bbox 1026 713 1072 738; x_wconf 92' lang='lat' dir='ltr'>u-</span> 
     </span>
     <span class='ocr_line' id='line_1_13' title="bbox 135 754 1074 793; baseline -0.001 -1"><span class='ocrx_word' id='word_1_68' title='bbox 135 756 248 793; x_wconf 91' lang='lat' dir='ltr'>nione</span> <span class='ocrx_word' id='word_1_69' title='bbox 263 768 338 793; x_wconf 92' lang='lat' dir='ltr'>non</span> <span class='ocrx_word' id='word_1_70' title='bbox 361 755 602 793; x_wconf 85' lang='lat' dir='ltr'>abeuntibus.</span> <span class='ocrx_word' id='word_1_71' title='bbox 620 756 827 792; x_wconf 79' lang='lat' dir='ltr'>Caeterum</span> <span class='ocrx_word' id='word_1_72' title='bbox 848 754 968 791; x_wconf 86' lang='lat' dir='ltr'>tristis</span> <span class='ocrx_word' id='word_1_73' title='bbox 989 757 1074 791; x_wconf 89' lang='lat' dir='ltr'>erat</span> 
     </span>
     <span class='ocr_line' id='line_1_14' title="bbox 133 807 1072 856; baseline -0.002 -10"><span class='ocrx_word' id='word_1_74' title='bbox 133 809 435 846; x_wconf 87' lang='lat' dir='ltr'>Christianorum</span> <span class='ocrx_word' id='word_1_75' title='bbox 456 809 493 845; x_wconf 91' lang='lat' dir='ltr'>in</span> <span class='ocrx_word' id='word_1_76' title='bbox 519 807 679 856; x_wconf 90' lang='lat' dir='ltr'>imperio</span> <span class='ocrx_word' id='word_1_77' title='bbox 699 807 958 844; x_wconf 83' lang='lat' dir='ltr'>ottomannico</span> <span class='ocrx_word' id='word_1_78' title='bbox 977 819 1072 844; x_wconf 93' lang='lat' dir='ltr'>con-</span> 
     </span>
     <span class='ocr_line' id='line_1_15' title="bbox 133 860 1074 908; baseline -0.001 -10"><span class='ocrx_word' id='word_1_79' title='bbox 133 861 244 899; x_wconf 91' lang='lat' dir='ltr'>ditio:</span> <span class='ocrx_word' id='word_1_80' title='bbox 263 862 301 898; x_wconf 93' lang='lat' dir='ltr'>in</span> <span class='ocrx_word' id='word_1_81' title='bbox 324 861 455 898; x_wconf 89' lang='lat' dir='ltr'>multis</span> <span class='ocrx_word' id='word_1_82' title='bbox 475 861 574 898; x_wconf 88' lang='lat' dir='ltr'>enim</span> <span class='ocrx_word' id='word_1_83' title='bbox 597 860 727 897; x_wconf 82' lang='lat' dir='ltr'>vexati</span> <span class='ocrx_word' id='word_1_84' title='bbox 747 860 946 908; x_wconf 80' lang='lat' dir='ltr'>religionis</span> <span class='ocrx_word' id='word_1_85' title='bbox 962 860 1074 897; x_wconf 90' lang='lat' dir='ltr'>liber-</span> 
     </span>
     <span class='ocr_line' id='line_1_16' title="bbox 132 913 1073 961; baseline -0.001 -10"><span class='ocrx_word' id='word_1_86' title='bbox 132 917 263 959; x_wconf 86' lang='lat' dir='ltr'>tatem,</span> <span class='ocrx_word' id='word_1_87' title='bbox 287 915 491 952; x_wconf 80' lang='lat' dir='ltr'>admodum</span> <span class='ocrx_word' id='word_1_88' title='bbox 513 914 731 959; x_wconf 83' lang='lat' dir='ltr'>limitatam,</span> <span class='ocrx_word' id='word_1_89' title='bbox 752 913 938 961; x_wconf 82' lang='lat' dir='ltr'>gravibus</span> <span class='ocrx_word' id='word_1_90' title='bbox 958 913 1073 950; x_wconf 87' lang='lat' dir='ltr'>tribu-</span> 
     </span>
     <span class='ocr_line' id='line_1_17' title="bbox 130 965 694 1015; baseline -0.002 -11"><span class='ocrx_word' id='word_1_91' title='bbox 130 967 180 1005; x_wconf 88' lang='lat' dir='ltr'>tis</span> <span class='ocrx_word' id='word_1_92' title='bbox 199 968 388 1004; x_wconf 81' lang='lat' dir='ltr'>redimere</span> <span class='ocrx_word' id='word_1_93' title='bbox 409 968 647 1015; x_wconf 74' lang='lat' dir='ltr'>cogebantur</span> <span class='ocrx_word' id='word_1_94' title='bbox 670 965 694 1003; x_wconf 85' lang='lat'>¹.</span> 
     </span>
    </p>

    <p class='ocr_par' dir='ltr' id='par_1_3' title="bbox 124 1017 1071 1918">
     <span class='ocr_line' id='line_1_18' title="bbox 181 1017 1071 1068; baseline 0 -11"><span class='ocrx_word' id='word_1_95' title='bbox 181 1020 217 1057; x_wconf 77' lang='lat'>⁶2.</span> <span class='ocrx_word' id='word_1_96' title='bbox 244 1021 438 1058; x_wconf 77' lang='lat' dir='ltr'>Callistus</span> <span class='ocrx_word' id='word_1_97' title='bbox 457 1020 524 1057; x_wconf 91' lang='lat' dir='ltr'>III</span> <span class='ocrx_word' id='word_1_98' title='bbox 540 1020 735 1066; x_wconf 72' lang='lat' dir='ltr'>Pontifeoe</span> <span class='ocrx_word' id='word_1_99' title='bbox 764 1017 849 1068; x_wconf 80' lang='lat' dir='ltr'>(an.</span> <span class='ocrx_word' id='word_1_100' title='bbox 883 1018 1000 1067; x_wconf 91' lang='lat'>1455)</span> <span class='ocrx_word' id='word_1_101' title='bbox 1022 1040 1071 1047; x_wconf 90' lang='lat'>—</span> 
     </span>
     <span class='ocr_line' id='line_1_19' title="bbox 131 1072 1070 1121; baseline 0 -12"><span class='ocrx_word' id='word_1_102' title='bbox 131 1073 259 1114; x_wconf 89' lang='lat' dir='ltr'>Quum</span> <span class='ocrx_word' id='word_1_103' title='bbox 290 1074 454 1121; x_wconf 88' lang='lat' dir='ltr'>primum</span> <span class='ocrx_word' id='word_1_104' title='bbox 475 1073 623 1121; x_wconf 88' lang='lat' dir='ltr'>imperii</span> <span class='ocrx_word' id='word_1_105' title='bbox 646 1072 775 1121; x_wconf 86' lang='lat' dir='ltr'>graeci</span> <span class='ocrx_word' id='word_1_106' title='bbox 805 1072 1000 1109; x_wconf 80' lang='lat' dir='ltr'>excidium</span> <span class='ocrx_word' id='word_1_107' title='bbox 1033 1074 1070 1109; x_wconf 92' lang='lat' dir='ltr'>in</span> 
     </span>
     <span class='ocr_line' id='line_1_20' title="bbox 130 1125 1070 1174; baseline -0.001 -11"><span class='ocrx_word' id='word_1_108' title='bbox 130 1125 376 1164; x_wconf 85' lang='lat' dir='ltr'>Occidentem</span> <span class='ocrx_word' id='word_1_109' title='bbox 397 1127 566 1163; x_wconf 88' lang='lat' dir='ltr'>delatum</span> <span class='ocrx_word' id='word_1_110' title='bbox 585 1128 654 1169; x_wconf 86' lang='lat' dir='ltr'>est,</span> <span class='ocrx_word' id='word_1_111' title='bbox 671 1125 793 1162; x_wconf 91' lang='lat' dir='ltr'>omnis</span> <span class='ocrx_word' id='word_1_112' title='bbox 815 1125 970 1174; x_wconf 86' lang='lat' dir='ltr'>Europa</span> <span class='ocrx_word' id='word_1_113' title='bbox 987 1137 1070 1162; x_wconf 92' lang='lat' dir='ltr'>con-</span> 
     </span>
     <span class='ocr_line' id='line_1_21' title="bbox 129 1178 1069 1228; baseline -0.001 -12"><span class='ocrx_word' id='word_1_114' title='bbox 129 1181 300 1217; x_wconf 87' lang='lat' dir='ltr'>tremuit.</span> <span class='ocrx_word' id='word_1_115' title='bbox 322 1179 506 1218; x_wconf 86' lang='lat' dir='ltr'>Nicolaus</span> <span class='ocrx_word' id='word_1_116' title='bbox 533 1179 602 1228; x_wconf 88' lang='lat' dir='ltr'>Pp.</span> <span class='ocrx_word' id='word_1_117' title='bbox 625 1179 659 1215; x_wconf 93' lang='lat' dir='ltr'>V</span> <span class='ocrx_word' id='word_1_118' title='bbox 681 1178 824 1215; x_wconf 85' lang='lat' dir='ltr'>litteris</span> <span class='ocrx_word' id='word_1_119' title='bbox 843 1182 882 1215; x_wconf 92' lang='lat' dir='ltr'>et</span> <span class='ocrx_word' id='word_1_120' title='bbox 900 1178 1069 1227; x_wconf 85' lang='lat' dir='ltr'>legatio-</span> 
     </span>
     <span class='ocr_line' id='line_1_22' title="bbox 132 1231 1068 1281; baseline 0.001 -13"><span class='ocrx_word' id='word_1_121' title='bbox 132 1232 244 1270; x_wconf 87' lang='lat' dir='ltr'>nibus</span> <span class='ocrx_word' id='word_1_122' title='bbox 272 1233 467 1281; x_wconf 84' lang='lat' dir='ltr'>principes</span> <span class='ocrx_word' id='word_1_123' title='bbox 496 1234 535 1268; x_wconf 89' lang='lat' dir='ltr'>et</span> <span class='ocrx_word' id='word_1_124' title='bbox 568 1231 726 1280; x_wconf 88' lang='lat' dir='ltr'>populos</span> <span class='ocrx_word' id='word_1_125' title='bbox 760 1231 989 1269; x_wconf 87' lang='lat' dir='ltr'>christianos</span> <span class='ocrx_word' id='word_1_126' title='bbox 1021 1232 1068 1269; x_wconf 89' lang='lat' dir='ltr'>ad</span> 
     </span>
     <span class='ocr_line' id='line_1_23' title="bbox 131 1285 1066 1329; baseline -0.001 -7"><span class='ocrx_word' id='word_1_127' title='bbox 131 1285 270 1322; x_wconf 89' lang='lat' dir='ltr'>bellum</span> <span class='ocrx_word' id='word_1_128' title='bbox 292 1297 447 1324; x_wconf 87' lang='lat' dir='ltr'>sacrum</span> <span class='ocrx_word' id='word_1_129' title='bbox 463 1285 661 1329; x_wconf 83' lang='lat' dir='ltr'>excitavit,</span> <span class='ocrx_word' id='word_1_130' title='bbox 680 1292 719 1321; x_wconf 90' lang='lat' dir='ltr'>ut</span> <span class='ocrx_word' id='word_1_131' title='bbox 734 1285 950 1322; x_wconf 90' lang='lat' dir='ltr'>coniunctis</span> <span class='ocrx_word' id='word_1_132' title='bbox 971 1285 1066 1321; x_wconf 89' lang='lat' dir='ltr'>viri-</span> 
     </span>
     <span class='ocr_line' id='line_1_24' title="bbox 130 1338 1066 1386; baseline -0.002 -10"><span class='ocrx_word' id='word_1_133' title='bbox 130 1339 197 1376; x_wconf 89' lang='lat' dir='ltr'>bus</span> <span class='ocrx_word' id='word_1_134' title='bbox 207 1339 424 1376; x_wconf 72' lang='lat' dir='ltr'>&#39;furcarum</span> <span class='ocrx_word' id='word_1_135' title='bbox 438 1338 642 1376; x_wconf 87' lang='lat' dir='ltr'>audaciam</span> <span class='ocrx_word' id='word_1_136' title='bbox 655 1342 694 1374; x_wconf 88' lang='lat' dir='ltr'>et</span> <span class='ocrx_word' id='word_1_137' title='bbox 710 1338 995 1386; x_wconf 80' lang='lat' dir='ltr'>progressiones</span> <span class='ocrx_word' id='word_1_138' title='bbox 1012 1349 1066 1374; x_wconf 89' lang='lat' dir='ltr'>re-</span> 
     </span>
     <span class='ocr_line' id='line_1_25' title="bbox 128 1391 1067 1440; baseline 0 -12"><span class='ocrx_word' id='word_1_139' title='bbox 128 1392 350 1440; x_wconf 89' lang='lat' dir='ltr'>primerent,</span> <span class='ocrx_word' id='word_1_140' title='bbox 370 1392 599 1440; x_wconf 84' lang='lat' dir='ltr'>clericisque</span> <span class='ocrx_word' id='word_1_141' title='bbox 619 1403 687 1439; x_wconf 90' lang='lat' dir='ltr'>pro</span> <span class='ocrx_word' id='word_1_142' title='bbox 709 1391 965 1439; x_wconf 84' lang='lat' dir='ltr'>expeditionis</span> <span class='ocrx_word' id='word_1_143' title='bbox 982 1392 1067 1428; x_wconf 88' lang='lat' dir='ltr'>sub-</span> 
     </span>
     <span class='ocr_line' id='line_1_26' title="bbox 127 1444 1067 1493; baseline 0.001 -12"><span class='ocrx_word' id='word_1_144' title='bbox 127 1445 224 1482; x_wconf 91' lang='lat' dir='ltr'>sidio</span> <span class='ocrx_word' id='word_1_145' title='bbox 238 1445 407 1483; x_wconf 85' lang='lat' dir='ltr'>decimas</span> <span class='ocrx_word' id='word_1_146' title='bbox 418 1444 638 1493; x_wconf 84' lang='lat' dir='ltr'>imperavit.</span> <span class='ocrx_word' id='word_1_147' title='bbox 653 1444 800 1481; x_wconf 86' lang='lat' dir='ltr'>Verum</span> <span class='ocrx_word' id='word_1_148' title='bbox 813 1444 874 1480; x_wconf 78' lang='lat' dir='ltr'>hie</span> <span class='ocrx_word' id='word_1_149' title='bbox 888 1444 1067 1482; x_wconf 83' lang='lat' dir='ltr'>Pontifex</span> 
     </span>
     <span class='ocr_line' id='line_1_27' title="bbox 126 1497 1063 1545; baseline -0.001 -10"><span class='ocrx_word' id='word_1_150' title='bbox 126 1499 235 1535; x_wconf 90' lang='lat' dir='ltr'>brevi</span> <span class='ocrx_word' id='word_1_151' title='bbox 258 1504 354 1545; x_wconf 85' lang='lat' dir='ltr'>post,</span> <span class='ocrx_word' id='word_1_152' title='bbox 376 1499 556 1535; x_wconf 90' lang='lat' dir='ltr'>nimirum</span> <span class='ocrx_word' id='word_1_153' title='bbox 578 1502 668 1534; x_wconf 85' lang='lat' dir='ltr'>ante</span> <span class='ocrx_word' id='word_1_154' title='bbox 690 1503 762 1534; x_wconf 77' lang='lat' dir='ltr'>lxm</span> <span class='ocrx_word' id='word_1_155' title='bbox 782 1497 928 1534; x_wconf 88' lang='lat' dir='ltr'>calend.</span> <span class='ocrx_word' id='word_1_156' title='bbox 951 1498 1063 1545; x_wconf 87' lang='lat' dir='ltr'>april.</span> 
     </span>
     <span class='ocr_line' id='line_1_28' title="bbox 127 1550 1068 1596; baseline 0 -8"><span class='ocrx_word' id='word_1_157' title='bbox 127 1563 189 1589; x_wconf 92' lang='lat' dir='ltr'>an.</span> <span class='ocrx_word' id='word_1_158' title='bbox 210 1552 330 1596; x_wconf 86' lang='lat'>1455,</span> <span class='ocrx_word' id='word_1_159' title='bbox 351 1552 516 1588; x_wconf 82' lang='lat' dir='ltr'>decessit</span> <span class='ocrx_word' id='word_1_160' title='bbox 533 1550 557 1588; x_wconf 72' lang='lat'>².</span> <span class='ocrx_word' id='word_1_161' title='bbox 580 1551 623 1587; x_wconf 90' lang='lat' dir='ltr'>In</span> <span class='ocrx_word' id='word_1_162' title='bbox 645 1550 727 1587; x_wconf 88' lang='lat' dir='ltr'>eius</span> <span class='ocrx_word' id='word_1_163' title='bbox 754 1550 881 1587; x_wconf 87' lang='lat' dir='ltr'>locum</span> <span class='ocrx_word' id='word_1_164' title='bbox 901 1557 962 1587; x_wconf 83' lang='lat' dir='ltr'>V1⁰</span> <span class='ocrx_word' id='word_1_165' title='bbox 983 1551 1068 1588; x_wconf 89' lang='lat' dir='ltr'>idus</span> 
     </span>
     <span class='ocr_line' id='line_1_29' title="bbox 127 1603 1068 1651; baseline -0.001 -11"><span class='ocrx_word' id='word_1_166' title='bbox 127 1604 296 1641; x_wconf 89' lang='lat' dir='ltr'>eiusdem</span> <span class='ocrx_word' id='word_1_167' title='bbox 308 1605 450 1642; x_wconf 87' lang='lat' dir='ltr'>mensis</span> <span class='ocrx_word' id='word_1_168' title='bbox 461 1603 606 1640; x_wconf 86' lang='lat' dir='ltr'>electus</span> <span class='ocrx_word' id='word_1_169' title='bbox 622 1604 693 1640; x_wconf 83' lang='lat' dir='ltr'>fuit</span> <span class='ocrx_word' id='word_1_170' title='bbox 709 1603 888 1640; x_wconf 84' lang='lat' dir='ltr'>Callistus</span> <span class='ocrx_word' id='word_1_171' title='bbox 900 1603 967 1647; x_wconf 90' lang='lat' dir='ltr'>III,</span> <span class='ocrx_word' id='word_1_172' title='bbox 980 1615 1068 1651; x_wconf 88' lang='lat' dir='ltr'>que-</span> 
     </span>
     <span class='ocr_line' id='line_1_30' title="bbox 126 1656 1066 1695; baseline -0.002 -1"><span class='ocrx_word' id='word_1_173' title='bbox 126 1658 373 1695; x_wconf 88' lang='lat' dir='ltr'>madmodum</span> <span class='ocrx_word' id='word_1_174' title='bbox 402 1670 430 1695; x_wconf 84' lang='lat' dir='ltr'>s.</span> <span class='ocrx_word' id='word_1_175' title='bbox 452 1657 681 1694; x_wconf 83' lang='lat' dir='ltr'>Vincentius</span> <span class='ocrx_word' id='word_1_176' title='bbox 701 1656 906 1693; x_wconf 90' lang='lat' dir='ltr'>Ferrerius</span> <span class='ocrx_word' id='word_1_177' title='bbox 926 1657 1066 1693; x_wconf 86' lang='lat' dir='ltr'>vatici-</span> 
     </span>
     <span class='ocr_line' id='line_1_31' title="bbox 126 1709 1066 1758; baseline -0.002 -10"><span class='ocrx_word' id='word_1_178' title='bbox 126 1722 221 1748; x_wconf 88' lang='lat' dir='ltr'>nans</span> <span class='ocrx_word' id='word_1_179' title='bbox 244 1711 586 1758; x_wconf 87' lang='lat' dir='ltr'>praenuntiaverat</span> <span class='ocrx_word' id='word_1_180' title='bbox 603 1739 612 1754; x_wconf 95' lang='lat'>,</span> <span class='ocrx_word' id='word_1_181' title='bbox 630 1715 746 1746; x_wconf 89' lang='lat' dir='ltr'>antea</span> <span class='ocrx_word' id='word_1_182' title='bbox 766 1709 984 1757; x_wconf 84' lang='lat' dir='ltr'>appellatus</span> <span class='ocrx_word' id='word_1_183' title='bbox 995 1709 1066 1747; x_wconf 84' lang='lat' dir='ltr'>Al-</span> 
     </span>
     <span class='ocr_line' id='line_1_32' title="bbox 125 1761 1068 1813; baseline -0.001 -13"><span class='ocrx_word' id='word_1_184' title='bbox 125 1763 294 1811; x_wconf 88' lang='lat' dir='ltr'>phonsus</span> <span class='ocrx_word' id='word_1_185' title='bbox 303 1764 458 1813; x_wconf 84' lang='lat' dir='ltr'>Borgia,</span> <span class='ocrx_word' id='word_1_186' title='bbox 474 1763 666 1810; x_wconf 89' lang='lat' dir='ltr'>Hispanus</span> <span class='ocrx_word' id='word_1_187' title='bbox 678 1761 705 1807; x_wconf 81' lang='lat'>³,</span> <span class='ocrx_word' id='word_1_188' title='bbox 717 1762 923 1799; x_wconf 88' lang='lat' dir='ltr'>cardinalis</span> <span class='ocrx_word' id='word_1_189' title='bbox 934 1762 1068 1799; x_wconf 86' lang='lat' dir='ltr'>Ssrum</span> 
     </span>
     <span class='ocr_line' id='line_1_33' title="bbox 125 1815 1067 1864; baseline -0.001 -11"><span class='ocrx_word' id='word_1_190' title='bbox 125 1816 301 1857; x_wconf 87' lang='lat' dir='ltr'>Quatuor</span> <span class='ocrx_word' id='word_1_191' title='bbox 312 1817 362 1854; x_wconf 89' lang='lat' dir='ltr'>Co</span> <span class='ocrx_word' id='word_1_192' title='bbox 369 1819 588 1854; x_wconf 81' lang='lat' dir='ltr'>ronatorum</span> <span class='ocrx_word' id='word_1_193' title='bbox 599 1846 607 1861; x_wconf 98' lang='lat'>,</span> <span class='ocrx_word' id='word_1_194' title='bbox 619 1815 685 1864; x_wconf 89' lang='lat' dir='ltr'>qui</span> <span class='ocrx_word' id='word_1_195' title='bbox 697 1815 909 1852; x_wconf 87' lang='lat' dir='ltr'>Ecclesiam</span> <span class='ocrx_word' id='word_1_196' title='bbox 925 1815 1067 1863; x_wconf 87' lang='lat' dir='ltr'>guber-</span> 
     </span>
     <span class='ocr_line' id='line_1_34' title="bbox 124 1868 739 1918; baseline -0.002 -12"><span class='ocrx_word' id='word_1_197' title='bbox 124 1869 233 1906; x_wconf 85' lang='lat' dir='ltr'>navit</span> <span class='ocrx_word' id='word_1_198' title='bbox 255 1881 373 1918; x_wconf 90' lang='lat' dir='ltr'>usque</span> <span class='ocrx_word' id='word_1_199' title='bbox 393 1871 440 1906; x_wconf 89' lang='lat' dir='ltr'>ad</span> <span class='ocrx_word' id='word_1_200' title='bbox 461 1880 606 1906; x_wconf 90' lang='lat' dir='ltr'>annum</span> <span class='ocrx_word' id='word_1_201' title='bbox 630 1868 739 1905; x_wconf 79' lang='grc'>1458.</span> 
     </span>
    </p>

    <p class='ocr_par' dir='ltr' id='par_1_4' title="bbox 83 1921 1066 2818">
     <span class='ocr_line' id='line_1_35' title="bbox 176 1921 1066 1971; baseline -0.003 -11"><span class='ocrx_word' id='word_1_202' title='bbox 176 1922 249 1959; x_wconf 86' lang='lat' dir='ltr'>Hic</span> <span class='ocrx_word' id='word_1_203' title='bbox 270 1922 343 1960; x_wconf 88' lang='lat' dir='ltr'>fuit</span> <span class='ocrx_word' id='word_1_204' title='bbox 363 1922 539 1971; x_wconf 75' lang='lat' dir='ltr'>pontifex</span> <span class='ocrx_word' id='word_1_205' title='bbox 559 1921 753 1969; x_wconf 87' lang='lat' dir='ltr'>optimus,</span> <span class='ocrx_word' id='word_1_206' title='bbox 785 1921 823 1958; x_wconf 92' lang='lat' dir='ltr'>in</span> <span class='ocrx_word' id='word_1_207' title='bbox 845 1921 951 1958; x_wconf 90' lang='lat' dir='ltr'>victu</span> <span class='ocrx_word' id='word_1_208' title='bbox 973 1932 1066 1969; x_wconf 86' lang='lat' dir='ltr'>par-</span> 
     </span>
     <span class='ocr_line' id='line_1_36' title="bbox 123 1974 1064 2023; baseline -0.002 -11"><span class='ocrx_word' id='word_1_209' title='bbox 123 1987 201 2021; x_wconf 90' lang='lat' dir='ltr'>cus,</span> <span class='ocrx_word' id='word_1_210' title='bbox 221 1975 259 2011; x_wconf 92' lang='lat' dir='ltr'>in</span> <span class='ocrx_word' id='word_1_211' title='bbox 280 1987 455 2013; x_wconf 89' lang='lat' dir='ltr'>sermone</span> <span class='ocrx_word' id='word_1_212' title='bbox 475 1975 685 2020; x_wconf 89' lang='lat' dir='ltr'>modestus,</span> <span class='ocrx_word' id='word_1_213' title='bbox 707 1974 744 2011; x_wconf 89' lang='lat' dir='ltr'>in</span> <span class='ocrx_word' id='word_1_214' title='bbox 767 1986 954 2023; x_wconf 80' lang='lat' dir='ltr'>pauperes</span> <span class='ocrx_word' id='word_1_215' title='bbox 974 1974 1064 2011; x_wconf 90' lang='lat' dir='ltr'>libe-</span> 
     </span>
     <span class='ocr_line' id='line_1_37' title="bbox 123 2027 1065 2076; baseline -0.001 -11"><span class='ocrx_word' id='word_1_216' title='bbox 123 2029 234 2072; x_wconf 88' lang='lat' dir='ltr'>ralis,</span> <span class='ocrx_word' id='word_1_217' title='bbox 260 2028 299 2065; x_wconf 88' lang='lat' dir='ltr'>in</span> <span class='ocrx_word' id='word_1_218' title='bbox 329 2029 560 2066; x_wconf 81' lang='lat' dir='ltr'>christianos</span> <span class='ocrx_word' id='word_1_219' title='bbox 582 2027 770 2076; x_wconf 82' lang='lat' dir='ltr'>principes</span> <span class='ocrx_word' id='word_1_220' title='bbox 795 2027 1006 2064; x_wconf 89' lang='lat' dir='ltr'>benevolus</span> <span class='ocrx_word' id='word_1_221' title='bbox 1027 2031 1065 2064; x_wconf 88' lang='lat' dir='ltr'>et</span> 
     </span>
     <span class='ocr_line' id='line_1_38' title="bbox 123 2081 1062 2128; baseline -0.001 -10"><span class='ocrx_word' id='word_1_222' title='bbox 123 2081 336 2127; x_wconf 86' lang='lat' dir='ltr'>munificus,</span> <span class='ocrx_word' id='word_1_223' title='bbox 356 2082 411 2119; x_wconf 90' lang='lat' dir='ltr'>ita</span> <span class='ocrx_word' id='word_1_224' title='bbox 430 2087 560 2119; x_wconf 89' lang='lat' dir='ltr'>tamen</span> <span class='ocrx_word' id='word_1_225' title='bbox 595 2083 638 2117; x_wconf 91' lang='lat' dir='ltr'>ut</span> <span class='ocrx_word' id='word_1_226' title='bbox 666 2092 799 2117; x_wconf 86' lang='lat' dir='ltr'>eorum</span> <span class='ocrx_word' id='word_1_227' title='bbox 832 2081 1062 2128; x_wconf 88' lang='lat' dir='ltr'>postulatio-</span> 
     </span>
     <span class='ocr_line' id='line_1_39' title="bbox 122 2134 1062 2182; baseline -0.001 -10"><span class='ocrx_word' id='word_1_228' title='bbox 122 2135 234 2172; x_wconf 87' lang='lat' dir='ltr'>nibus</span> <span class='ocrx_word' id='word_1_229' title='bbox 255 2146 452 2182; x_wconf 85' lang='lat' dir='ltr'>nunquam</span> <span class='ocrx_word' id='word_1_230' title='bbox 471 2136 518 2172; x_wconf 90' lang='lat' dir='ltr'>ab</span> <span class='ocrx_word' id='word_1_231' title='bbox 539 2135 697 2170; x_wconf 87' lang='lat' dir='ltr'>honesto</span> <span class='ocrx_word' id='word_1_232' title='bbox 721 2134 860 2170; x_wconf 82' lang='lat' dir='ltr'>abduci</span> <span class='ocrx_word' id='word_1_233' title='bbox 882 2135 1062 2181; x_wconf 89' lang='lat' dir='ltr'>potuerit.</span> 
     </span>
     <span class='ocr_line' id='line_1_40' title="bbox 122 2186 1061 2237; baseline -0.002 -13"><span class='ocrx_word' id='word_1_234' title='bbox 122 2187 164 2224; x_wconf 93' lang='lat' dir='ltr'>In</span> <span class='ocrx_word' id='word_1_235' title='bbox 193 2188 329 2235; x_wconf 87' lang='lat' dir='ltr'>primis</span> <span class='ocrx_word' id='word_1_236' title='bbox 348 2189 546 2237; x_wconf 82' lang='lat' dir='ltr'>negotium</span> <span class='ocrx_word' id='word_1_237' title='bbox 568 2187 657 2224; x_wconf 87' lang='lat' dir='ltr'>belli</span> <span class='ocrx_word' id='word_1_238' title='bbox 677 2187 779 2224; x_wconf 89' lang='lat' dir='ltr'>sacri</span> <span class='ocrx_word' id='word_1_239' title='bbox 802 2190 938 2223; x_wconf 89' lang='lat' dir='ltr'>contra</span> <span class='ocrx_word' id='word_1_240' title='bbox 958 2186 1061 2223; x_wconf 86' lang='lat' dir='ltr'>Tur-</span> 
     </span>
     <span class='ocr_line' id='line_1_41' title="bbox 83 2236 1060 2288; baseline 0.001 -12"><span class='ocrx_word' id='word_1_241' title='bbox 83 2236 87 2240; x_wconf 77' lang='grc'><em>“</em></span> <span class='ocrx_word' id='word_1_242' title='bbox 122 2252 198 2285; x_wconf 90' lang='lat' dir='ltr'>cas,</span> <span class='ocrx_word' id='word_1_243' title='bbox 211 2252 234 2276; x_wconf 86' lang='lat' dir='ltr'>a</span> <span class='ocrx_word' id='word_1_244' title='bbox 245 2240 444 2278; x_wconf 86' lang='lat' dir='ltr'>decessore</span> <span class='ocrx_word' id='word_1_245' title='bbox 460 2253 527 2278; x_wconf 86' lang='lat' dir='ltr'>suo</span> <span class='ocrx_word' id='word_1_246' title='bbox 544 2243 734 2288; x_wconf 83' lang='lat' dir='ltr'>coeptum,</span> <span class='ocrx_word' id='word_1_247' title='bbox 754 2243 980 2287; x_wconf 87' lang='lat' dir='ltr'>prosecutus</span> <span class='ocrx_word' id='word_1_248' title='bbox 993 2243 1060 2277; x_wconf 91' lang='lat' dir='ltr'>est.</span> 
     </span>
     <span class='ocr_line' id='line_1_42' title="bbox 123 2293 1063 2341; baseline 0 -12"><span class='ocrx_word' id='word_1_249' title='bbox 123 2293 380 2330; x_wconf 89' lang='lat' dir='ltr'>Parisiensem</span> <span class='ocrx_word' id='word_1_250' title='bbox 400 2294 641 2331; x_wconf 85' lang='lat' dir='ltr'>academiam</span> <span class='ocrx_word' id='word_1_251' title='bbox 671 2296 711 2329; x_wconf 87' lang='lat' dir='ltr'>et</span> <span class='ocrx_word' id='word_1_252' title='bbox 738 2293 1063 2341; x_wconf 85' lang='lat' dir='ltr'>Rothomagensis</span> 
     </span>
     <span class='ocr_line' id='line_1_43' title="bbox 122 2346 1060 2394; baseline 0.001 -13"><span class='ocrx_word' id='word_1_253' title='bbox 122 2346 344 2394; x_wconf 85' lang='lat' dir='ltr'>provinciae</span> <span class='ocrx_word' id='word_1_254' title='bbox 373 2348 519 2384; x_wconf 85' lang='lat' dir='ltr'>clerum</span> <span class='ocrx_word' id='word_1_255' title='bbox 538 2376 546 2392; x_wconf 93' lang='lat'>,</span> <span class='ocrx_word' id='word_1_256' title='bbox 575 2346 774 2383; x_wconf 84' lang='lat' dir='ltr'>exactione</span> <span class='ocrx_word' id='word_1_257' title='bbox 806 2347 978 2383; x_wconf 86' lang='lat' dir='ltr'>decimae</span> <span class='ocrx_word' id='word_1_258' title='bbox 1012 2358 1060 2382; x_wconf 80' lang='lat' dir='ltr'>ex</span> 
     </span>
     <span class='ocr_line' id='line_1_44' title="bbox 121 2398 1059 2448; baseline 0 -13"><span class='ocrx_word' id='word_1_259' title='bbox 121 2398 390 2437; x_wconf 85' lang='lat' dir='ltr'>ecclesiasticis</span> <span class='ocrx_word' id='word_1_260' title='bbox 409 2400 659 2448; x_wconf 83' lang='lat' dir='ltr'>proventibus</span> <span class='ocrx_word' id='word_1_261' title='bbox 680 2399 831 2436; x_wconf 89' lang='lat' dir='ltr'>ratione</span> <span class='ocrx_word' id='word_1_262' title='bbox 852 2398 943 2436; x_wconf 88' lang='lat' dir='ltr'>belli</span> <span class='ocrx_word' id='word_1_263' title='bbox 959 2400 1059 2436; x_wconf 87' lang='lat' dir='ltr'>sacri</span> 
     </span>
     <span class='ocr_line' id='line_1_45' title="bbox 120 2450 1059 2500; baseline 0 -12"><span class='ocrx_word' id='word_1_264' title='bbox 120 2452 168 2488; x_wconf 87' lang='lat' dir='ltr'>ad</span> <span class='ocrx_word' id='word_1_265' title='bbox 203 2450 375 2488; x_wconf 85' lang='lat' dir='ltr'>futurum</span> <span class='ocrx_word' id='word_1_266' title='bbox 409 2452 613 2489; x_wconf 89' lang='lat' dir='ltr'>concilium</span> <span class='ocrx_word' id='word_1_267' title='bbox 643 2451 900 2500; x_wconf 79' lang='lat' dir='ltr'>appellantes,</span> <span class='ocrx_word' id='word_1_268' title='bbox 921 2452 967 2489; x_wconf 87' lang='lat' dir='ltr'>ad</span> <span class='ocrx_word' id='word_1_269' title='bbox 995 2463 1059 2488; x_wconf 80' lang='lat' dir='ltr'>re-</span> 
     </span>
     <span class='ocr_line' id='line_1_46' title="bbox 121 2504 1058 2554; baseline 0.002 -15"><span class='ocrx_word' id='word_1_270' title='bbox 121 2505 334 2541; x_wconf 86' lang='lat' dir='ltr'>vocandam</span> <span class='ocrx_word' id='word_1_271' title='bbox 377 2505 674 2554; x_wconf 86' lang='lat' dir='ltr'>appellationem</span> <span class='ocrx_word' id='word_1_272' title='bbox 712 2517 778 2553; x_wconf 88' lang='lat' dir='ltr'>per</span> <span class='ocrx_word' id='word_1_273' title='bbox 822 2504 1058 2542; x_wconf 81' lang='lat' dir='ltr'>cardinalem</span> 
     </span>
     <span class='ocr_line' id='line_1_47' title="bbox 119 2556 1055 2606; baseline 0.001 -13"><span class='ocrx_word' id='word_1_274' title='bbox 119 2556 285 2594; x_wconf 76' lang='lat' dir='ltr'>Alanum</span> <span class='ocrx_word' id='word_1_275' title='bbox 300 2586 309 2602; x_wconf 95' lang='lat'>,</span> <span class='ocrx_word' id='word_1_276' title='bbox 339 2557 510 2606; x_wconf 89' lang='lat' dir='ltr'>legatum</span> <span class='ocrx_word' id='word_1_277' title='bbox 531 2569 639 2595; x_wconf 89' lang='lat' dir='ltr'>suum</span> <span class='ocrx_word' id='word_1_278' title='bbox 653 2588 662 2604; x_wconf 91' lang='lat'>,</span> <span class='ocrx_word' id='word_1_279' title='bbox 683 2557 878 2605; x_wconf 87' lang='lat' dir='ltr'>compulit.</span> <span class='ocrx_word' id='word_1_280' title='bbox 894 2558 1055 2595; x_wconf 88' lang='lat' dir='ltr'>Osmun-</span> 
     </span>
     <span class='ocr_line' id='line_1_48' title="bbox 119 2610 1055 2659; baseline 0.001 -13"><span class='ocrx_word' id='word_1_281' title='bbox 119 2610 166 2646; x_wconf 94' lang='lat' dir='ltr'>do</span> <span class='ocrx_word' id='word_1_282' title='bbox 182 2610 368 2659; x_wconf 88' lang='lat' dir='ltr'>Episcopo</span> <span class='ocrx_word' id='word_1_283' title='bbox 388 2611 670 2648; x_wconf 88' lang='lat' dir='ltr'>Saresberiensi</span> <span class='ocrx_word' id='word_1_284' title='bbox 686 2615 724 2647; x_wconf 91' lang='lat' dir='ltr'>et</span> <span class='ocrx_word' id='word_1_285' title='bbox 739 2610 944 2649; x_wconf 88' lang='lat' dir='ltr'>Vincentio</span> <span class='ocrx_word' id='word_1_286' title='bbox 964 2611 1055 2648; x_wconf 88' lang='lat' dir='ltr'>Fer-</span> 
     </span>
     <span class='ocr_line' id='line_1_49' title="bbox 119 2663 1054 2701; baseline 0 -1"><span class='ocrx_word' id='word_1_287' title='bbox 119 2663 218 2700; x_wconf 88' lang='lat' dir='ltr'>rerio</span> <span class='ocrx_word' id='word_1_288' title='bbox 257 2663 447 2700; x_wconf 88' lang='lat' dir='ltr'>Divorum</span> <span class='ocrx_word' id='word_1_289' title='bbox 487 2663 633 2700; x_wconf 88' lang='lat' dir='ltr'>cultum</span> <span class='ocrx_word' id='word_1_290' title='bbox 674 2663 856 2701; x_wconf 89' lang='lat' dir='ltr'>decrevit.</span> <span class='ocrx_word' id='word_1_291' title='bbox 885 2664 1054 2701; x_wconf 89' lang='lat' dir='ltr'>Iniustas</span> 
     </span>
     <span class='ocr_line' id='line_1_50' title="bbox 117 2716 1054 2765; baseline 0.001 -13"><span class='ocrx_word' id='word_1_292' title='bbox 117 2716 398 2753; x_wconf 86' lang='lat' dir='ltr'>Germanorum</span> <span class='ocrx_word' id='word_1_293' title='bbox 428 2716 758 2765; x_wconf 84' lang='lat' dir='ltr'>expostulationes</span> <span class='ocrx_word' id='word_1_294' title='bbox 776 2746 785 2761; x_wconf 92' lang='lat'>,</span> <span class='ocrx_word' id='word_1_295' title='bbox 817 2728 861 2753; x_wconf 87' lang='lat' dir='ltr'>ac</span> <span class='ocrx_word' id='word_1_296' title='bbox 900 2717 931 2753; x_wconf 87' lang='lat' dir='ltr'>si</span> <span class='ocrx_word' id='word_1_297' title='bbox 960 2728 1054 2753; x_wconf 90' lang='lat' dir='ltr'>con-</span> 
     </span>
     <span class='ocr_line' id='line_1_51' title="bbox 118 2768 1052 2818; baseline 0.001 -13"><span class='ocrx_word' id='word_1_298' title='bbox 118 2772 178 2805; x_wconf 82' lang='lat' dir='ltr'>tra</span> <span class='ocrx_word' id='word_1_299' title='bbox 207 2770 459 2815; x_wconf 79' lang='lat' dir='ltr'>concordata,</span> <span class='ocrx_word' id='word_1_300' title='bbox 479 2771 582 2806; x_wconf 85' lang='lat' dir='ltr'>inter</span> <span class='ocrx_word' id='word_1_301' title='bbox 615 2768 879 2818; x_wconf 87' lang='lat' dir='ltr'>Apostolicam</span> <span class='ocrx_word' id='word_1_302' title='bbox 913 2769 1052 2806; x_wconf 91' lang='lat' dir='ltr'>Sedem</span> 
     </span>
    </p>
   </div>
   <div class='ocr_carea' id='block_1_3' title="bbox 124 2856 332 2863">
    <p class='ocr_par' dir='ltr' id='par_1_5' title="bbox 124 2856 332 2863">
     <span class='ocr_line' id='line_1_52' title="bbox 124 2856 332 2863; baseline 0 610"><span class='ocrx_word' id='word_1_303' title='bbox 124 2856 332 2863; x_wconf 95' lang='lat' dir='ltr'> </span> 
     </span>
    </p>
   </div>
   <div class='ocr_carea' id='block_1_4' title="bbox 113 2907 1054 3188">
    <p class='ocr_par' dir='ltr' id='par_1_6' title="bbox 158 2907 662 2948">
     <span class='ocr_line' id='line_1_53' title="bbox 158 2907 662 2948; baseline 0 -10"><span class='ocrx_word' id='word_1_304' title='bbox 158 2908 167 2928; x_wconf 90' lang='lat'>¹</span> <span class='ocrx_word' id='word_1_305' title='bbox 186 2909 224 2938; x_wconf 86' lang='lat' dir='ltr'>Le</span> <span class='ocrx_word' id='word_1_306' title='bbox 239 2909 348 2948; x_wconf 84' lang='lat' dir='ltr'>Quien,</span> <span class='ocrx_word' id='word_1_307' title='bbox 369 2907 480 2940; x_wconf 80' lang='lat' dir='ltr'>Oriens</span> <span class='ocrx_word' id='word_1_308' title='bbox 496 2908 662 2939; x_wconf 81' lang='lat' dir='ltr'>christian.</span> 
     </span>
    </p>

    <p class='ocr_par' dir='ltr' id='par_1_7' title="bbox 114 2948 1054 3021">
     <span class='ocr_line' id='line_1_54' title="bbox 154 2948 1054 2989; baseline -0.002 -9"><span class='ocrx_word' id='word_1_309' title='bbox 154 2948 169 2968; x_wconf 81' lang='lat'>‘²</span> <span class='ocrx_word' id='word_1_310' title='bbox 186 2950 260 2980; x_wconf 81' lang='lat' dir='ltr'>Huic</span> <span class='ocrx_word' id='word_1_311' title='bbox 290 2958 452 2981; x_wconf 66' lang='lat' dir='ltr'>unitorum</span> <span class='ocrx_word' id='word_1_312' title='bbox 474 2950 491 2980; x_wconf 92' lang='lat'>8</span> <span class='ocrx_word' id='word_1_313' title='bbox 515 2955 606 2989; x_wconf 76' lang='lat' dir='ltr'>atque</span> <span class='ocrx_word' id='word_1_314' title='bbox 632 2949 760 2980; x_wconf 74' lang='lat' dir='ltr'>dierum</span> <span class='ocrx_word' id='word_1_315' title='bbox 793 2949 824 2979; x_wconf 70' lang='lat' dir='ltr'>lt]</span> <span class='ocrx_word' id='word_1_316' title='bbox 854 2949 1054 2979; x_wconf 73' lang='lat' dir='ltr'>pontificatus</span> 
     </span>
     <span class='ocr_line' id='line_1_55' title="bbox 114 2989 178 3021; baseline 0.016 -1"><span class='ocrx_word' id='word_1_317' title='bbox 114 2989 178 3021; x_wconf 80' lang='lat' dir='ltr'>fuit.</span> 
     </span>
    </p>

    <p class='ocr_par' dir='ltr' id='par_1_8' title="bbox 113 3031 1053 3188">
     <span class='ocr_line' id='line_1_56' title="bbox 157 3031 1053 3071; baseline 0.006 -9"><span class='ocrx_word' id='word_1_318' title='bbox 157 3031 171 3052; x_wconf 82' lang='lat'><strong>³</strong></span> <span class='ocrx_word' id='word_1_319' title='bbox 184 3032 354 3070; x_wconf 83' lang='lat' dir='ltr'>Ciaconius,</span> <span class='ocrx_word' id='word_1_320' title='bbox 371 3033 399 3063; x_wconf 90' lang='lat' dir='ltr'>in</span> <span class='ocrx_word' id='word_1_321' title='bbox 416 3033 480 3063; x_wconf 78' lang='lat' dir='ltr'>Vita</span> <span class='ocrx_word' id='word_1_322' title='bbox 497 3033 586 3063; x_wconf 90' lang='lat' dir='ltr'>huius</span> <span class='ocrx_word' id='word_1_323' title='bbox 599 3034 763 3071; x_wconf 72' lang='lat' dir='ltr'>Pontificis,</span> <span class='ocrx_word' id='word_1_324' title='bbox 780 3031 958 3068; x_wconf 77' lang='lat' dir='ltr'>Mirandum,</span> <span class='ocrx_word' id='word_1_325' title='bbox 978 3037 1053 3066; x_wconf 87' lang='lat' dir='ltr'>scri-</span> 
     </span>
     <span class='ocr_line' id='line_1_57' title="bbox 113 3071 1049 3113; baseline -0.001 -11"><span class='ocrx_word' id='word_1_326' title='bbox 113 3071 169 3111; x_wconf 87' lang='lat' dir='ltr'>bit,</span> <span class='ocrx_word' id='word_1_327' title='bbox 185 3073 336 3112; x_wconf 79' lang='lat' dir='ltr'>Hispanos</span> <span class='ocrx_word' id='word_1_328' title='bbox 354 3078 425 3105; x_wconf 86' lang='lat' dir='ltr'>ante</span> <span class='ocrx_word' id='word_1_329' title='bbox 441 3075 499 3105; x_wconf 85' lang='lat' dir='ltr'>boc</span> <span class='ocrx_word' id='word_1_330' title='bbox 515 3079 634 3113; x_wconf 80' lang='lat' dir='ltr'>tempus</span> <span class='ocrx_word' id='word_1_331' title='bbox 657 3076 770 3106; x_wconf 91' lang='lat' dir='ltr'>nullum</span> <span class='ocrx_word' id='word_1_332' title='bbox 789 3071 952 3112; x_wconf 85' lang='lat' dir='ltr'>protulisse</span> <span class='ocrx_word' id='word_1_333' title='bbox 976 3077 1049 3108; x_wconf 79' lang='lat' dir='ltr'>Pon.</span> 
     </span>
     <span class='ocr_line' id='line_1_58' title="bbox 113 3113 1051 3153; baseline 0.01 -11"><span class='ocrx_word' id='word_1_334' title='bbox 113 3113 222 3144; x_wconf 87' lang='lat' dir='ltr'>tificem</span> <span class='ocrx_word' id='word_1_335' title='bbox 238 3115 415 3153; x_wconf 76' lang='lat' dir='ltr'>Romanum,</span> <span class='ocrx_word' id='word_1_336' title='bbox 432 3115 490 3147; x_wconf 83' lang='lat' dir='ltr'>nisi</span> <span class='ocrx_word' id='word_1_337' title='bbox 513 3117 678 3147; x_wconf 75' lang='lat' dir='ltr'>Damasum</span> <span class='ocrx_word' id='word_1_338' title='bbox 702 3120 729 3147; x_wconf 81' lang='lat' dir='ltr'>et</span> <span class='ocrx_word' id='word_1_339' title='bbox 753 3118 900 3147; x_wconf 83' lang='lat' dir='ltr'>loannem</span> <span class='ocrx_word' id='word_1_340' title='bbox 917 3114 1051 3150; x_wconf 85' lang='lat' dir='ltr'>Hadria-</span> 
     </span>
     <span class='ocr_line' id='line_1_59' title="bbox 114 3155 424 3188; baseline 0.013 -4"><span class='ocrx_word' id='word_1_341' title='bbox 114 3155 144 3184; x_wconf 90' lang='lat' dir='ltr'>ni</span> <span class='ocrx_word' id='word_1_342' title='bbox 167 3155 189 3186; x_wconf 92' lang='lat' dir='ltr'>V</span> <span class='ocrx_word' id='word_1_343' title='bbox 204 3164 424 3188; x_wconf 82' lang='lat' dir='ltr'>successorem.</span> 
     </span>
    </p>
   </div>
   <div class='ocr_carea' id='block_1_5' title="bbox 1931 107 2002 144">
    <p class='ocr_par' dir='ltr' id='par_1_9' title="bbox 1931 107 2002 144">
     <span class='ocr_line' id='line_1_60' title="bbox 1931 107 2002 144; baseline 0 0"><span class='ocrx_word' id='word_1_344' title='bbox 1931 107 2002 144; x_wconf 87' lang='grc'>131</span> 
     </span>
    </p>
   </div>
   <div class='ocr_carea' id='block_1_6' title="bbox 1120 176 2059 388">
    <p class='ocr_par' dir='ltr' id='par_1_10' title="bbox 1120 176 2059 388">
     <span class='ocr_line' id='line_1_61' title="bbox 1131 176 2057 230; baseline 0.01 -19"><span class='ocrx_word' id='word_1_345' title='bbox 1131 176 1169 211; x_wconf 88' lang='lat' dir='ltr'>et</span> <span class='ocrx_word' id='word_1_346' title='bbox 1199 176 1392 215; x_wconf 90' lang='lat' dir='ltr'>nationem</span> <span class='ocrx_word' id='word_1_347' title='bbox 1421 179 1694 218; x_wconf 88' lang='lat' dir='ltr'>Germanicam</span> <span class='ocrx_word' id='word_1_348' title='bbox 1725 180 1843 226; x_wconf 86' lang='lat' dir='ltr'>inita,</span> <span class='ocrx_word' id='word_1_349' title='bbox 1877 182 2057 230; x_wconf 89' lang='lat' dir='ltr'>pecunias</span> 
     </span>
     <span class='ocr_line' id='line_1_62' title="bbox 1121 227 2056 282; baseline 0.009 -18"><span class='ocrx_word' id='word_1_350' title='bbox 1121 227 1309 266; x_wconf 83' lang='lat' dir='ltr'>indebitas</span> <span class='ocrx_word' id='word_1_351' title='bbox 1329 231 1505 279; x_wconf 84' lang='lat' dir='ltr'>exigeret</span> <span class='ocrx_word' id='word_1_352' title='bbox 1538 235 1579 270; x_wconf 90' lang='lat' dir='ltr'>et</span> <span class='ocrx_word' id='word_1_353' title='bbox 1611 234 1873 282; x_wconf 87' lang='lat' dir='ltr'>praelatorum</span> <span class='ocrx_word' id='word_1_354' title='bbox 1895 234 2056 273; x_wconf 90' lang='lat' dir='ltr'>electio-</span> 
     </span>
     <span class='ocr_line' id='line_1_63' title="bbox 1122 282 2057 332; baseline 0.009 -15"><span class='ocrx_word' id='word_1_355' title='bbox 1122 293 1187 319; x_wconf 88' lang='lat' dir='ltr'>nes</span> <span class='ocrx_word' id='word_1_356' title='bbox 1216 282 1448 322; x_wconf 84' lang='lat' dir='ltr'>confirmare</span> <span class='ocrx_word' id='word_1_357' title='bbox 1474 285 1612 332; x_wconf 89' lang='lat' dir='ltr'>nollet,</span> <span class='ocrx_word' id='word_1_358' title='bbox 1633 286 1768 332; x_wconf 90' lang='lat' dir='ltr'>diluit,</span> <span class='ocrx_word' id='word_1_359' title='bbox 1789 286 1889 324; x_wconf 86' lang='lat' dir='ltr'>datis</span> <span class='ocrx_word' id='word_1_360' title='bbox 1909 288 1956 325; x_wconf 90' lang='lat' dir='ltr'>ad</span> <span class='ocrx_word' id='word_1_361' title='bbox 1973 288 2057 326; x_wconf 89' lang='lat' dir='ltr'>Fri-</span> 
     </span>
     <span class='ocr_line' id='line_1_64' title="bbox 1120 334 2059 388; baseline 0.009 -18"><span class='ocrx_word' id='word_1_362' title='bbox 1120 334 1290 371; x_wconf 88' lang='lat' dir='ltr'>dericum</span> <span class='ocrx_word' id='word_1_363' title='bbox 1330 336 1602 385; x_wconf 85' lang='lat' dir='ltr'>imperatorem</span> <span class='ocrx_word' id='word_1_364' title='bbox 1641 340 1798 384; x_wconf 90' lang='lat' dir='ltr'>litteris,</span> <span class='ocrx_word' id='word_1_365' title='bbox 1837 340 1976 388; x_wconf 88' lang='lat' dir='ltr'>quibus</span> <span class='ocrx_word' id='word_1_366' title='bbox 2013 353 2059 378; x_wconf 87' lang='lat' dir='ltr'>o·-</span> 
     </span>
    </p>
   </div>
   <div class='ocr_carea' id='block_1_7' title="bbox 1119 388 2058 442">
    <p class='ocr_par' dir='ltr' id='par_1_11' title="bbox 1119 388 2058 442">
     <span class='ocr_line' id='line_1_65' title="bbox 1119 388 2058 442; baseline 0.007 -18"><span class='ocrx_word' id='word_1_367' title='bbox 1119 388 1276 433; x_wconf 88' lang='lat' dir='ltr'>stendit,</span> <span class='ocrx_word' id='word_1_368' title='bbox 1297 399 1338 426; x_wconf 91' lang='lat' dir='ltr'>se</span> <span class='ocrx_word' id='word_1_369' title='bbox 1359 390 1482 428; x_wconf 85' lang='lat' dir='ltr'>nullas</span> <span class='ocrx_word' id='word_1_370' title='bbox 1502 392 1717 440; x_wconf 88' lang='lat' dir='ltr'>percepisse</span> <span class='ocrx_word' id='word_1_371' title='bbox 1739 393 1922 441; x_wconf 85' lang='lat' dir='ltr'>pecunias</span> <span class='ocrx_word' id='word_1_372' title='bbox 1943 405 2058 442; x_wconf 90' lang='lat' dir='ltr'>prae-</span> 
     </span>
    </p>
   </div>
   <div class='ocr_carea' id='block_1_8' title="bbox 1121 441 2058 489">
    <p class='ocr_par' dir='ltr' id='par_1_12' title="bbox 1121 441 2058 489">
     <span class='ocr_line' id='line_1_66' title="bbox 1121 441 2058 489; baseline 0.009 -13"><span class='ocrx_word' id='word_1_373' title='bbox 1121 445 1179 477; x_wconf 87' lang='lat' dir='ltr'>ter</span> <span class='ocrx_word' id='word_1_374' title='bbox 1199 453 1282 486; x_wconf 87' lang='lat' dir='ltr'>eas,</span> <span class='ocrx_word' id='word_1_375' title='bbox 1305 441 1350 478; x_wconf 91' lang='lat' dir='ltr'>de</span> <span class='ocrx_word' id='word_1_376' title='bbox 1372 443 1508 489; x_wconf 86' lang='lat' dir='ltr'>quibus</span> <span class='ocrx_word' id='word_1_377' title='bbox 1537 444 1574 481; x_wconf 91' lang='lat' dir='ltr'>in</span> <span class='ocrx_word' id='word_1_378' title='bbox 1597 445 1841 483; x_wconf 83' lang='lat' dir='ltr'>concordatis</span> <span class='ocrx_word' id='word_1_379' title='bbox 1862 457 2058 484; x_wconf 87' lang='lat' dir='ltr'>convene-</span> 
     </span>
    </p>
   </div>
   <div class='ocr_carea' id='block_1_9' title="bbox 1117 493 2055 598">
    <p class='ocr_par' dir='ltr' id='par_1_13' title="bbox 1117 493 2055 598">
     <span class='ocr_line' id='line_1_67' title="bbox 1118 493 2055 543; baseline 0.01 -15"><span class='ocrx_word' id='word_1_380' title='bbox 1118 495 1194 537; x_wconf 82' lang='lat' dir='ltr'>rat,</span> <span class='ocrx_word' id='word_1_381' title='bbox 1217 493 1423 543; x_wconf 87' lang='lat' dir='ltr'>nullasque</span> <span class='ocrx_word' id='word_1_382' title='bbox 1444 496 1622 535; x_wconf 85' lang='lat' dir='ltr'>reiecisse</span> <span class='ocrx_word' id='word_1_383' title='bbox 1642 498 1850 536; x_wconf 86' lang='lat' dir='ltr'>electiones</span> <span class='ocrx_word' id='word_1_384' title='bbox 1871 499 2055 538; x_wconf 89' lang='lat' dir='ltr'>canonice</span> 
     </span>
     <span class='ocr_line' id='line_1_68' title="bbox 1117 545 2055 598; baseline 0.01 -17"><span class='ocrx_word' id='word_1_385' title='bbox 1117 545 1259 592; x_wconf 73' lang='lat' dir='ltr'>factas,</span> <span class='ocrx_word' id='word_1_386' title='bbox 1280 558 1375 594; x_wconf 91' lang='lat' dir='ltr'>quas</span> <span class='ocrx_word' id='word_1_387' title='bbox 1403 549 1508 586; x_wconf 84' lang='lat' dir='ltr'>solas</span> <span class='ocrx_word' id='word_1_388' title='bbox 1536 550 1619 598; x_wconf 89' lang='lat' dir='ltr'>ipsa</span> <span class='ocrx_word' id='word_1_389' title='bbox 1646 552 1880 589; x_wconf 87' lang='lat' dir='ltr'>concordata</span> <span class='ocrx_word' id='word_1_390' title='bbox 1908 553 2055 590; x_wconf 89' lang='lat' dir='ltr'>confir-</span> 
     </span>
    </p>
   </div>
   <div class='ocr_carea' id='block_1_10' title="bbox 1116 599 2058 916">
    <p class='ocr_par' dir='ltr' id='par_1_14' title="bbox 1116 599 2058 916">
     <span class='ocr_line' id='line_1_69' title="bbox 1118 599 2058 644; baseline 0.011 -10"><span class='ocrx_word' id='word_1_391' title='bbox 1118 599 1277 636; x_wconf 86' lang='lat' dir='ltr'>mandas</span> <span class='ocrx_word' id='word_1_392' title='bbox 1297 599 1550 638; x_wconf 86' lang='lat' dir='ltr'>declarabant</span> <span class='ocrx_word' id='word_1_393' title='bbox 1569 601 1593 641; x_wconf 87' lang='lat'>¹.</span> <span class='ocrx_word' id='word_1_394' title='bbox 1614 604 1741 641; x_wconf 83' lang='lat' dir='ltr'>Etiam</span> <span class='ocrx_word' id='word_1_395' title='bbox 1759 605 1976 643; x_wconf 85' lang='lat' dir='ltr'>simultates</span> <span class='ocrx_word' id='word_1_396' title='bbox 1992 606 2058 644; x_wconf 89' lang='lat' dir='ltr'>ha-</span> 
     </span>
     <span class='ocr_line' id='line_1_70' title="bbox 1118 651 2056 705; baseline 0.01 -18"><span class='ocrx_word' id='word_1_397' title='bbox 1118 651 1199 689; x_wconf 90' lang='lat' dir='ltr'>buit</span> <span class='ocrx_word' id='word_1_398' title='bbox 1232 663 1320 689; x_wconf 87' lang='lat' dir='ltr'>cum</span> <span class='ocrx_word' id='word_1_399' title='bbox 1349 653 1545 701; x_wconf 90' lang='lat' dir='ltr'>Alphonso</span> <span class='ocrx_word' id='word_1_400' title='bbox 1574 657 1792 705; x_wconf 84' lang='lat' dir='ltr'>Aragoniae</span> <span class='ocrx_word' id='word_1_401' title='bbox 1827 661 1867 695; x_wconf 90' lang='lat' dir='ltr'>et</span> <span class='ocrx_word' id='word_1_402' title='bbox 1898 658 2056 696; x_wconf 88' lang='lat' dir='ltr'>Siciliae</span> 
     </span>
     <span class='ocr_line' id='line_1_71' title="bbox 1117 705 2058 759; baseline 0.01 -19"><span class='ocrx_word' id='word_1_403' title='bbox 1117 716 1221 752; x_wconf 82' lang='lat' dir='ltr'>rege,</span> <span class='ocrx_word' id='word_1_404' title='bbox 1238 705 1330 752; x_wconf 87' lang='lat' dir='ltr'>quia</span> <span class='ocrx_word' id='word_1_405' title='bbox 1357 706 1419 743; x_wconf 89' lang='lat' dir='ltr'>hic</span> <span class='ocrx_word' id='word_1_406' title='bbox 1440 708 1670 757; x_wconf 87' lang='lat' dir='ltr'>quandoque</span> <span class='ocrx_word' id='word_1_407' title='bbox 1689 710 1931 759; x_wconf 87' lang='lat' dir='ltr'>episcopatus</span> <span class='ocrx_word' id='word_1_408' title='bbox 1953 715 2058 759; x_wconf 89' lang='lat' dir='ltr'>pete-</span> 
     </span>
     <span class='ocr_line' id='line_1_72' title="bbox 1117 757 2055 811; baseline 0.01 -18"><span class='ocrx_word' id='word_1_409' title='bbox 1117 757 1182 794; x_wconf 89' lang='lat' dir='ltr'>bat</span> <span class='ocrx_word' id='word_1_410' title='bbox 1203 769 1268 806; x_wconf 87' lang='lat' dir='ltr'>pro</span> <span class='ocrx_word' id='word_1_411' title='bbox 1289 758 1352 805; x_wconf 91' lang='lat' dir='ltr'>iis,</span> <span class='ocrx_word' id='word_1_412' title='bbox 1374 759 1511 807; x_wconf 89' lang='lat' dir='ltr'>quibus</span> <span class='ocrx_word' id='word_1_413' title='bbox 1531 761 1593 798; x_wconf 93' lang='lat' dir='ltr'>vel</span> <span class='ocrx_word' id='word_1_414' title='bbox 1613 765 1768 811; x_wconf 88' lang='lat' dir='ltr'>propter</span> <span class='ocrx_word' id='word_1_415' title='bbox 1801 766 1971 801; x_wconf 88' lang='lat' dir='ltr'>aetatem</span> <span class='ocrx_word' id='word_1_416' title='bbox 1991 765 2055 802; x_wconf 89' lang='lat' dir='ltr'>vel</span> 
     </span>
     <span class='ocr_line' id='line_1_73' title="bbox 1116 811 2052 859; baseline 0.01 -13"><span class='ocrx_word' id='word_1_417' title='bbox 1116 813 1272 859; x_wconf 84' lang='lat' dir='ltr'>propter</span> <span class='ocrx_word' id='word_1_418' title='bbox 1285 811 1543 859; x_wconf 74' lang='lat' dir='ltr'>ignorantiam</span> <span class='ocrx_word' id='word_1_419' title='bbox 1554 815 1742 852; x_wconf 87' lang='lat' dir='ltr'>committi</span> <span class='ocrx_word' id='word_1_420' title='bbox 1759 827 1833 853; x_wconf 91' lang='lat' dir='ltr'>non</span> <span class='ocrx_word' id='word_1_421' title='bbox 1849 817 2052 855; x_wconf 84' lang='lat' dir='ltr'>debebant.</span> 
     </span>
     <span class='ocr_line' id='line_1_74' title="bbox 1116 864 2055 916; baseline 0.01 -17"><span class='ocrx_word' id='word_1_422' title='bbox 1116 864 1240 905; x_wconf 89' lang='lat' dir='ltr'>Quum</span> <span class='ocrx_word' id='word_1_423' title='bbox 1271 865 1489 912; x_wconf 89' lang='lat' dir='ltr'>Alphonsus</span> <span class='ocrx_word' id='word_1_424' title='bbox 1517 878 1578 904; x_wconf 90' lang='lat' dir='ltr'>an.</span> <span class='ocrx_word' id='word_1_425' title='bbox 1612 867 1712 905; x_wconf 89' lang='lat'>1458</span> <span class='ocrx_word' id='word_1_426' title='bbox 1741 869 1910 916; x_wconf 87' lang='lat' dir='ltr'>obiisset,</span> <span class='ocrx_word' id='word_1_427' title='bbox 1930 869 2055 908; x_wconf 90' lang='lat' dir='ltr'>Calli-</span> 
     </span>
    </p>
   </div>
   <div class='ocr_carea' id='block_1_11' title="bbox 1114 917 2051 968">
    <p class='ocr_par' dir='ltr' id='par_1_15' title="bbox 1114 917 2051 968">
     <span class='ocr_line' id='line_1_75' title="bbox 1114 917 2051 968; baseline 0.007 -15"><span class='ocrx_word' id='word_1_428' title='bbox 1114 920 1196 953; x_wconf 89' lang='lat' dir='ltr'>stus</span> <span class='ocrx_word' id='word_1_429' title='bbox 1217 917 1272 954; x_wconf 89' lang='lat'>111</span> <span class='ocrx_word' id='word_1_430' title='bbox 1292 917 1599 966; x_wconf 88' lang='lat' dir='ltr'>Ferdinandum,</span> <span class='ocrx_word' id='word_1_431' title='bbox 1620 920 1702 958; x_wconf 90' lang='lat' dir='ltr'>eius</span> <span class='ocrx_word' id='word_1_432' title='bbox 1724 922 1897 968; x_wconf 88' lang='lat' dir='ltr'>nothum,</span> <span class='ocrx_word' id='word_1_433' title='bbox 1918 923 1965 960; x_wconf 91' lang='lat' dir='ltr'>ab</span> <span class='ocrx_word' id='word_1_434' title='bbox 1985 935 2051 960; x_wconf 88' lang='lat' dir='ltr'>oc-</span> 
     </span>
    </p>
   </div>
   <div class='ocr_carea' id='block_1_12' title="bbox 1098 971 2051 2879">
    <p class='ocr_par' dir='ltr' id='par_1_16' title="bbox 1114 971 2049 1233">
     <span class='ocr_line' id='line_1_76' title="bbox 1114 971 2049 1022; baseline 0.009 -17"><span class='ocrx_word' id='word_1_435' title='bbox 1114 971 1289 1017; x_wconf 90' lang='lat' dir='ltr'>cupando</span> <span class='ocrx_word' id='word_1_436' title='bbox 1319 982 1440 1019; x_wconf 88' lang='lat' dir='ltr'>regno</span> <span class='ocrx_word' id='word_1_437' title='bbox 1469 971 1637 1018; x_wconf 84' lang='lat' dir='ltr'>Siciliae,</span> <span class='ocrx_word' id='word_1_438' title='bbox 1667 974 1766 1022; x_wconf 90' lang='lat' dir='ltr'>quod</span> <span class='ocrx_word' id='word_1_439' title='bbox 1788 976 1874 1011; x_wconf 86' lang='lat' dir='ltr'>erat</span> <span class='ocrx_word' id='word_1_440' title='bbox 1900 975 1947 1013; x_wconf 88' lang='lat' dir='ltr'>R.</span> <span class='ocrx_word' id='word_1_441' title='bbox 1971 977 2049 1013; x_wconf 91' lang='lat' dir='ltr'>Ec-</span> 
     </span>
     <span class='ocr_line' id='line_1_77' title="bbox 1115 1022 2049 1075; baseline 0.007 -16"><span class='ocrx_word' id='word_1_442' title='bbox 1115 1023 1253 1060; x_wconf 86' lang='lat' dir='ltr'>clesiae</span> <span class='ocrx_word' id='word_1_443' title='bbox 1273 1022 1444 1070; x_wconf 82' lang='lat' dir='ltr'>feudum,</span> <span class='ocrx_word' id='word_1_444' title='bbox 1474 1025 1677 1072; x_wconf 84' lang='lat' dir='ltr'>deterruit,</span> <span class='ocrx_word' id='word_1_445' title='bbox 1706 1027 1961 1075; x_wconf 89' lang='lat' dir='ltr'>eumdemque</span> <span class='ocrx_word' id='word_1_446' title='bbox 1981 1040 2049 1066; x_wconf 89' lang='lat' dir='ltr'>re-</span> 
     </span>
     <span class='ocr_line' id='line_1_78' title="bbox 1115 1079 2048 1126; baseline 0.008 -14"><span class='ocrx_word' id='word_1_447' title='bbox 1115 1080 1355 1125; x_wconf 83' lang='lat' dir='ltr'>pugnantem</span> <span class='ocrx_word' id='word_1_448' title='bbox 1394 1079 1719 1126; x_wconf 87' lang='lat' dir='ltr'>compescuisset,</span> <span class='ocrx_word' id='word_1_449' title='bbox 1759 1080 1829 1118; x_wconf 89' lang='lat' dir='ltr'>nisi</span> <span class='ocrx_word' id='word_1_450' title='bbox 1867 1080 1974 1118; x_wconf 87' lang='lat' dir='ltr'>senio</span> <span class='ocrx_word' id='word_1_451' title='bbox 2008 1089 2048 1120; x_wconf 86' lang='lat' dir='ltr'>et</span> 
     </span>
     <span class='ocr_line' id='line_1_79' title="bbox 1115 1129 2049 1182; baseline 0.007 -17"><span class='ocrx_word' id='word_1_452' title='bbox 1115 1130 1246 1166; x_wconf 90' lang='lat' dir='ltr'>morbo</span> <span class='ocrx_word' id='word_1_453' title='bbox 1267 1129 1469 1168; x_wconf 84' lang='lat' dir='ltr'>confectus</span> <span class='ocrx_word' id='word_1_454' title='bbox 1490 1133 1624 1169; x_wconf 87' lang='lat' dir='ltr'>eodem</span> <span class='ocrx_word' id='word_1_455' title='bbox 1646 1145 1748 1170; x_wconf 88' lang='lat' dir='ltr'>anno</span> <span class='ocrx_word' id='word_1_456' title='bbox 1770 1132 1955 1182; x_wconf 87' lang='lat' dir='ltr'>postridie</span> <span class='ocrx_word' id='word_1_457' title='bbox 1977 1147 2049 1172; x_wconf 89' lang='lat' dir='ltr'>no-</span> 
     </span>
     <span class='ocr_line' id='line_1_80' title="bbox 1114 1183 1774 1233; baseline 0.009 -15"><span class='ocrx_word' id='word_1_458' title='bbox 1114 1194 1182 1219; x_wconf 87' lang='lat' dir='ltr'>nas</span> <span class='ocrx_word' id='word_1_459' title='bbox 1202 1183 1355 1231; x_wconf 85' lang='lat' dir='ltr'>augusti</span> <span class='ocrx_word' id='word_1_460' title='bbox 1377 1196 1398 1220; x_wconf 90' lang='lat' dir='ltr'>e</span> <span class='ocrx_word' id='word_1_461' title='bbox 1420 1184 1500 1221; x_wconf 87' lang='lat' dir='ltr'>vita</span> <span class='ocrx_word' id='word_1_462' title='bbox 1522 1185 1728 1233; x_wconf 86' lang='lat' dir='ltr'>migrasset</span> <span class='ocrx_word' id='word_1_463' title='bbox 1747 1186 1774 1224; x_wconf 77' lang='lat'>².</span> 
     </span>
    </p>

    <p class='ocr_par' dir='ltr' id='par_1_17' title="bbox 1098 1236 2051 2879">
     <span class='ocr_line' id='line_1_81' title="bbox 1164 1236 2051 1289; baseline 0.008 -17"><span class='ocrx_word' id='word_1_464' title='bbox 1164 1237 1200 1273; x_wconf 84' lang='lat'>3.</span> <span class='ocrx_word' id='word_1_465' title='bbox 1223 1237 1325 1273; x_wconf 59' lang='lat' dir='ltr'>Pius</span> <span class='ocrx_word' id='word_1_466' title='bbox 1352 1236 1397 1273; x_wconf 89' lang='lat' dir='ltr'>Il</span> <span class='ocrx_word' id='word_1_467' title='bbox 1423 1238 1621 1286; x_wconf 76' lang='lat' dir='ltr'>Pontifex</span> <span class='ocrx_word' id='word_1_468' title='bbox 1640 1238 1726 1288; x_wconf 80' lang='lat' dir='ltr'>(cm.</span> <span class='ocrx_word' id='word_1_469' title='bbox 1751 1238 1870 1289; x_wconf 89' lang='grc'>1458)</span> <span class='ocrx_word' id='word_1_470' title='bbox 1890 1261 1939 1268; x_wconf 95' lang='grc'>-</span> <span class='ocrx_word' id='word_1_471' title='bbox 1957 1240 2051 1279; x_wconf 87' lang='lat' dir='ltr'>Post</span> 
     </span>
     <span class='ocr_line' id='line_1_82' title="bbox 1112 1288 2049 1343; baseline 0.006 -18"><span class='ocrx_word' id='word_1_472' title='bbox 1112 1288 1259 1326; x_wconf 86' lang='lat' dir='ltr'>Callisti</span> <span class='ocrx_word' id='word_1_473' title='bbox 1277 1290 1346 1337; x_wconf 89' lang='lat' dir='ltr'>Pp.</span> <span class='ocrx_word' id='word_1_474' title='bbox 1364 1290 1419 1327; x_wconf 82' lang='grc' dir='ltr'>ΙΙΙ</span> <span class='ocrx_word' id='word_1_475' title='bbox 1436 1291 1596 1339; x_wconf 89' lang='lat' dir='ltr'>obitum,</span> <span class='ocrx_word' id='word_1_476' title='bbox 1613 1295 1674 1330; x_wconf 88' lang='lat' dir='ltr'>v1⁰</span> <span class='ocrx_word' id='word_1_477' title='bbox 1690 1292 1869 1330; x_wconf 89' lang='lat' dir='ltr'>calendas</span> <span class='ocrx_word' id='word_1_478' title='bbox 1889 1296 2049 1343; x_wconf 88' lang='lat' dir='ltr'>septem-</span> 
     </span>
     <span class='ocr_line' id='line_1_83' title="bbox 1112 1342 2047 1394; baseline 0.007 -16"><span class='ocrx_word' id='word_1_479' title='bbox 1112 1342 1190 1379; x_wconf 89' lang='lat' dir='ltr'>bris</span> <span class='ocrx_word' id='word_1_480' title='bbox 1209 1342 1358 1380; x_wconf 86' lang='lat' dir='ltr'>electus</span> <span class='ocrx_word' id='word_1_481' title='bbox 1377 1343 1451 1380; x_wconf 76' lang='lat' dir='ltr'>fuit</span> <span class='ocrx_word' id='word_1_482' title='bbox 1470 1344 1619 1383; x_wconf 84' lang='lat' dir='ltr'>AEneas</span> <span class='ocrx_word' id='word_1_483' title='bbox 1634 1345 1794 1394; x_wconf 81' lang='lat' dir='ltr'>Sylvius</span> <span class='ocrx_word' id='word_1_484' title='bbox 1815 1346 2047 1384; x_wconf 86' lang='lat' dir='ltr'>Piecolomi-</span> 
     </span>
     <span class='ocr_line' id='line_1_84' title="bbox 1113 1396 2045 1449; baseline 0.008 -18"><span class='ocrx_word' id='word_1_485' title='bbox 1113 1407 1217 1441; x_wconf 87' lang='lat' dir='ltr'>neus,</span> <span class='ocrx_word' id='word_1_486' title='bbox 1237 1396 1364 1444; x_wconf 87' lang='lat' dir='ltr'>patria</span> <span class='ocrx_word' id='word_1_487' title='bbox 1383 1396 1584 1444; x_wconf 85' lang='lat' dir='ltr'>Senensis,</span> <span class='ocrx_word' id='word_1_488' title='bbox 1605 1399 1812 1437; x_wconf 89' lang='lat' dir='ltr'>cardinalis</span> <span class='ocrx_word' id='word_1_489' title='bbox 1831 1400 2045 1449; x_wconf 89' lang='lat' dir='ltr'>episcopus,</span> 
     </span>
     <span class='ocr_line' id='line_1_85' title="bbox 1111 1449 2045 1503; baseline 0.006 -18"><span class='ocrx_word' id='word_1_490' title='bbox 1111 1449 1345 1495; x_wconf 89' lang='lat' dir='ltr'>litterarum,</span> <span class='ocrx_word' id='word_1_491' title='bbox 1368 1449 1622 1498; x_wconf 89' lang='lat' dir='ltr'>eloquentiae,</span> <span class='ocrx_word' id='word_1_492' title='bbox 1643 1452 1873 1490; x_wconf 90' lang='lat' dir='ltr'>eruditionis</span> <span class='ocrx_word' id='word_1_493' title='bbox 1888 1457 1928 1490; x_wconf 89' lang='lat' dir='ltr'>et</span> <span class='ocrx_word' id='word_1_494' title='bbox 1941 1453 2045 1503; x_wconf 84' lang='lat' dir='ltr'>inge-</span> 
     </span>
     <span class='ocr_line' id='line_1_86' title="bbox 1111 1501 2042 1554; baseline 0.006 -16"><span class='ocrx_word' id='word_1_495' title='bbox 1111 1501 1162 1538; x_wconf 90' lang='lat' dir='ltr'>nii</span> <span class='ocrx_word' id='word_1_496' title='bbox 1182 1503 1294 1539; x_wconf 87' lang='lat' dir='ltr'>laude</span> <span class='ocrx_word' id='word_1_497' title='bbox 1314 1503 1562 1551; x_wconf 88' lang='lat' dir='ltr'>conspicuus,</span> <span class='ocrx_word' id='word_1_498' title='bbox 1588 1505 1652 1554; x_wconf 89' lang='lat' dir='ltr'>qui</span> <span class='ocrx_word' id='word_1_499' title='bbox 1674 1517 1811 1543; x_wconf 90' lang='lat' dir='ltr'>nomen</span> <span class='ocrx_word' id='word_1_500' title='bbox 1833 1506 1894 1543; x_wconf 89' lang='lat' dir='ltr'>Pii</span> <span class='ocrx_word' id='word_1_501' title='bbox 1915 1507 1952 1544; x_wconf 88' lang='grc' dir='ltr'>ΙΙ</span> <span class='ocrx_word' id='word_1_502' title='bbox 1973 1519 2042 1544; x_wconf 91' lang='lat' dir='ltr'>as-</span> 
     </span>
     <span class='ocr_line' id='line_1_87' title="bbox 1110 1555 2045 1608; baseline 0.005 -16"><span class='ocrx_word' id='word_1_503' title='bbox 1110 1555 1273 1603; x_wconf 88' lang='lat' dir='ltr'>sumpsit</span> <span class='ocrx_word' id='word_1_504' title='bbox 1295 1559 1334 1593; x_wconf 89' lang='lat' dir='ltr'>et</span> <span class='ocrx_word' id='word_1_505' title='bbox 1353 1556 1566 1593; x_wconf 89' lang='lat' dir='ltr'>Ecclesiam</span> <span class='ocrx_word' id='word_1_506' title='bbox 1582 1559 1685 1596; x_wconf 87' lang='lat' dir='ltr'>rexit</span> <span class='ocrx_word' id='word_1_507' title='bbox 1701 1560 1875 1608; x_wconf 88' lang='lat' dir='ltr'>usquead</span> <span class='ocrx_word' id='word_1_508' title='bbox 1898 1571 2045 1597; x_wconf 89' lang='lat' dir='ltr'>annum</span> 
     </span>
     <span class='ocr_line' id='line_1_88' title="bbox 1113 1608 2046 1659; baseline 0.005 -14"><span class='ocrx_word' id='word_1_509' title='bbox 1113 1608 1224 1646; x_wconf 79' lang='lat'>1464.</span> <span class='ocrx_word' id='word_1_510' title='bbox 1246 1609 1316 1646; x_wconf 92' lang='lat' dir='ltr'>Vir</span> <span class='ocrx_word' id='word_1_511' title='bbox 1336 1609 1599 1659; x_wconf 87' lang='lat' dir='ltr'>undecumque</span> <span class='ocrx_word' id='word_1_512' title='bbox 1627 1612 1883 1658; x_wconf 86' lang='lat' dir='ltr'>doctissimus,</span> <span class='ocrx_word' id='word_1_513' title='bbox 1903 1612 2046 1651; x_wconf 85' lang='lat' dir='ltr'>litteris</span> 
     </span>
     <span class='ocr_line' id='line_1_89' title="bbox 1110 1661 2046 1714; baseline 0.006 -17"><span class='ocrx_word' id='word_1_514' title='bbox 1110 1661 1354 1709; x_wconf 89' lang='lat' dir='ltr'>eloquentia,</span> <span class='ocrx_word' id='word_1_515' title='bbox 1385 1662 1618 1701; x_wconf 78' lang='lat' dir='ltr'>dexteritate</span> <span class='ocrx_word' id='word_1_516' title='bbox 1647 1667 1687 1702; x_wconf 90' lang='lat' dir='ltr'>et</span> <span class='ocrx_word' id='word_1_517' title='bbox 1715 1665 1920 1714; x_wconf 89' lang='lat' dir='ltr'>prudentia</span> <span class='ocrx_word' id='word_1_518' title='bbox 1948 1666 2046 1704; x_wconf 89' lang='lat' dir='ltr'>nulli</span> 
     </span>
     <span class='ocr_line' id='line_1_90' title="bbox 1110 1715 2047 1765; baseline 0.007 -15"><span class='ocrx_word' id='word_1_519' title='bbox 1110 1715 1299 1751; x_wconf 82' lang='lat' dir='ltr'>secundus</span> <span class='ocrx_word' id='word_1_520' title='bbox 1319 1715 1491 1764; x_wconf 89' lang='lat' dir='ltr'>adeoque</span> <span class='ocrx_word' id='word_1_521' title='bbox 1520 1718 1720 1755; x_wconf 89' lang='lat' dir='ltr'>scribendo</span> <span class='ocrx_word' id='word_1_522' title='bbox 1750 1719 1984 1765; x_wconf 84' lang='lat' dir='ltr'>delectatus,</span> <span class='ocrx_word' id='word_1_523' title='bbox 2006 1723 2047 1757; x_wconf 91' lang='lat' dir='ltr'>ut</span> 
     </span>
     <span class='ocr_line' id='line_1_91' title="bbox 1111 1769 2046 1818; baseline 0.006 -14"><span class='ocrx_word' id='word_1_524' title='bbox 1111 1780 1180 1804; x_wconf 90' lang='lat' dir='ltr'>nec</span> <span class='ocrx_word' id='word_1_525' title='bbox 1200 1769 1348 1816; x_wconf 86' lang='lat' dir='ltr'>perpeti</span> <span class='ocrx_word' id='word_1_526' title='bbox 1383 1769 1505 1806; x_wconf 89' lang='lat' dir='ltr'>morbi</span> <span class='ocrx_word' id='word_1_527' title='bbox 1539 1771 1763 1809; x_wconf 87' lang='lat' dir='ltr'>articularis</span> <span class='ocrx_word' id='word_1_528' title='bbox 1797 1771 1952 1818; x_wconf 90' lang='lat' dir='ltr'>dolore,</span> <span class='ocrx_word' id='word_1_529' title='bbox 1973 1785 2046 1810; x_wconf 90' lang='lat' dir='ltr'>nec</span> 
     </span>
     <span class='ocr_line' id='line_1_92' title="bbox 1111 1821 2048 1874; baseline 0.007 -18"><span class='ocrx_word' id='word_1_530' title='bbox 1111 1821 1357 1858; x_wconf 87' lang='lat' dir='ltr'>multitudine</span> <span class='ocrx_word' id='word_1_531' title='bbox 1373 1822 1615 1870; x_wconf 89' lang='lat' dir='ltr'>negotiorum</span> <span class='ocrx_word' id='word_1_532' title='bbox 1631 1836 1834 1873; x_wconf 89' lang='lat' dir='ltr'>oppressus</span> <span class='ocrx_word' id='word_1_533' title='bbox 1845 1826 1894 1862; x_wconf 88' lang='lat' dir='ltr'>ab</span> <span class='ocrx_word' id='word_1_534' title='bbox 1910 1837 1954 1862; x_wconf 92' lang='lat' dir='ltr'>eo</span> <span class='ocrx_word' id='word_1_535' title='bbox 1970 1837 2048 1874; x_wconf 84' lang='lat' dir='ltr'>ces-</span> 
     </span>
     <span class='ocr_line' id='line_1_93' title="bbox 1109 1873 2045 1922; baseline 0.007 -13"><span class='ocrx_word' id='word_1_536' title='bbox 1109 1885 1194 1910; x_wconf 90' lang='lat' dir='ltr'>sare</span> <span class='ocrx_word' id='word_1_537' title='bbox 1217 1874 1388 1922; x_wconf 81' lang='lat' dir='ltr'>potuerit</span> <span class='ocrx_word' id='word_1_538' title='bbox 1403 1873 1428 1912; x_wconf 82' lang='lat'>³.</span> <span class='ocrx_word' id='word_1_539' title='bbox 1441 1875 1478 1912; x_wconf 91' lang='lat' dir='ltr'>Is</span> <span class='ocrx_word' id='word_1_540' title='bbox 1495 1876 1585 1913; x_wconf 89' lang='lat' dir='ltr'>olim</span> <span class='ocrx_word' id='word_1_541' title='bbox 1602 1877 1722 1914; x_wconf 85' lang='lat' dir='ltr'>sacris</span> <span class='ocrx_word' id='word_1_542' title='bbox 1735 1877 1942 1916; x_wconf 87' lang='lat' dir='ltr'>Ordinibus</span> <span class='ocrx_word' id='word_1_543' title='bbox 1961 1890 2045 1916; x_wconf 89' lang='lat' dir='ltr'>nec-</span> 
     </span>
     <span class='ocr_line' id='line_1_94' title="bbox 1109 1927 2044 1979; baseline 0.007 -17"><span class='ocrx_word' id='word_1_544' title='bbox 1109 1927 1199 1963; x_wconf 89' lang='lat' dir='ltr'>dum</span> <span class='ocrx_word' id='word_1_545' title='bbox 1228 1927 1425 1974; x_wconf 79' lang='lat' dir='ltr'>initiatus,</span> <span class='ocrx_word' id='word_1_546' title='bbox 1458 1929 1693 1967; x_wconf 88' lang='lat' dir='ltr'>cardinalem</span> <span class='ocrx_word' id='word_1_547' title='bbox 1723 1931 1974 1979; x_wconf 88' lang='lat' dir='ltr'>Capranicam</span> <span class='ocrx_word' id='word_1_548' title='bbox 1994 1933 2044 1970; x_wconf 90' lang='lat' dir='ltr'>ad</span> 
     </span>
     <span class='ocr_line' id='line_1_95' title="bbox 1110 1980 2042 2031; baseline 0.006 -15"><span class='ocrx_word' id='word_1_549' title='bbox 1110 1980 1314 2017; x_wconf 88' lang='lat' dir='ltr'>concilium</span> <span class='ocrx_word' id='word_1_550' title='bbox 1344 1981 1568 2020; x_wconf 87' lang='lat' dir='ltr'>Basileense</span> <span class='ocrx_word' id='word_1_551' title='bbox 1588 1984 1794 2021; x_wconf 87' lang='lat' dir='ltr'>comitatus</span> <span class='ocrx_word' id='word_1_552' title='bbox 1823 1983 1974 2031; x_wconf 84' lang='lat' dir='ltr'>fuerat3</span> <span class='ocrx_word' id='word_1_553' title='bbox 2001 1987 2042 2023; x_wconf 87' lang='lat' dir='ltr'>et</span> 
     </span>
     <span class='ocr_line' id='line_1_96' title="bbox 1109 2033 2041 2082; baseline 0.006 -13"><span class='ocrx_word' id='word_1_554' title='bbox 1109 2033 1198 2070; x_wconf 92' lang='lat' dir='ltr'>huic</span> <span class='ocrx_word' id='word_1_555' title='bbox 1227 2033 1390 2070; x_wconf 88' lang='lat' dir='ltr'>concilio</span> <span class='ocrx_word' id='word_1_556' title='bbox 1420 2036 1666 2073; x_wconf 86' lang='lat' dir='ltr'>tenacissime</span> <span class='ocrx_word' id='word_1_557' title='bbox 1696 2037 1934 2082; x_wconf 87' lang='lat' dir='ltr'>adhaerens,</span> <span class='ocrx_word' id='word_1_558' title='bbox 1965 2049 2041 2074; x_wconf 86' lang='lat' dir='ltr'>au-</span> 
     </span>
     <span class='ocr_line' id='line_1_97' title="bbox 1108 2086 2040 2139; baseline 0.006 -17"><span class='ocrx_word' id='word_1_559' title='bbox 1108 2086 1328 2124; x_wconf 82' lang='lat' dir='ltr'>ctoritatem</span> <span class='ocrx_word' id='word_1_560' title='bbox 1349 2087 1430 2125; x_wconf 88' lang='lat' dir='ltr'>eius</span> <span class='ocrx_word' id='word_1_561' title='bbox 1446 2095 1526 2125; x_wconf 86' lang='lat' dir='ltr'>tum</span> <span class='ocrx_word' id='word_1_562' title='bbox 1544 2088 1582 2125; x_wconf 92' lang='lat' dir='ltr'>in</span> <span class='ocrx_word' id='word_1_563' title='bbox 1604 2089 1756 2139; x_wconf 89' lang='lat' dir='ltr'>dialogo</span> <span class='ocrx_word' id='word_1_564' title='bbox 1780 2092 1861 2127; x_wconf 77' lang='lat' dir='ltr'>tum</span> <span class='ocrx_word' id='word_1_565' title='bbox 1876 2090 1916 2127; x_wconf 93' lang='lat' dir='ltr'>in</span> <span class='ocrx_word' id='word_1_566' title='bbox 1933 2090 2040 2128; x_wconf 86' lang='lat' dir='ltr'>litte-</span> 
     </span>
     <span class='ocr_line' id='line_1_98' title="bbox 1109 2139 2043 2192; baseline 0.006 -17"><span class='ocrx_word' id='word_1_567' title='bbox 1109 2139 1184 2185; x_wconf 89' lang='lat' dir='ltr'>ris,</span> <span class='ocrx_word' id='word_1_568' title='bbox 1219 2141 1266 2177; x_wconf 90' lang='lat' dir='ltr'>ad</span> <span class='ocrx_word' id='word_1_569' title='bbox 1296 2140 1604 2179; x_wconf 88' lang='lat' dir='ltr'>Universitatem</span> <span class='ocrx_word' id='word_1_570' title='bbox 1632 2142 1898 2181; x_wconf 88' lang='lat' dir='ltr'>Coloniensem</span> <span class='ocrx_word' id='word_1_571' title='bbox 1927 2144 2043 2192; x_wconf 89' lang='lat' dir='ltr'>scrip·</span> 
     </span>
     <span class='ocr_line' id='line_1_99' title="bbox 1107 2193 2040 2246; baseline 0.006 -18"><span class='ocrx_word' id='word_1_572' title='bbox 1107 2193 1154 2229; x_wconf 86' lang='lat' dir='ltr'>tis</span> <span class='ocrx_word' id='word_1_573' title='bbox 1171 2222 1180 2237; x_wconf 94' lang='lat'>,</span> <span class='ocrx_word' id='word_1_574' title='bbox 1200 2193 1427 2231; x_wconf 87' lang='lat' dir='ltr'>defenderat</span> <span class='ocrx_word' id='word_1_575' title='bbox 1440 2224 1449 2239; x_wconf 93' lang='lat'>,</span> <span class='ocrx_word' id='word_1_576' title='bbox 1467 2198 1584 2243; x_wconf 88' lang='lat' dir='ltr'>atque</span> <span class='ocrx_word' id='word_1_577' title='bbox 1614 2196 1734 2233; x_wconf 88' lang='lat' dir='ltr'>Felici</span> <span class='ocrx_word' id='word_1_578' title='bbox 1768 2197 1803 2234; x_wconf 89' lang='lat' dir='ltr'>V</span> <span class='ocrx_word' id='word_1_579' title='bbox 1834 2196 2040 2246; x_wconf 87' lang='lat' dir='ltr'>antipapae</span> 
     </span>
     <span class='ocr_line' id='line_1_100' title="bbox 1106 2246 2040 2298; baseline 0.006 -17"><span class='ocrx_word' id='word_1_580' title='bbox 1106 2246 1357 2293; x_wconf 83' lang='lat' dir='ltr'>obediverat;</span> <span class='ocrx_word' id='word_1_581' title='bbox 1394 2248 1459 2284; x_wconf 90' lang='lat' dir='ltr'>sed</span> <span class='ocrx_word' id='word_1_582' title='bbox 1492 2251 1625 2297; x_wconf 89' lang='lat' dir='ltr'>postea</span> <span class='ocrx_word' id='word_1_583' title='bbox 1659 2249 1851 2298; x_wconf 85' lang='lat' dir='ltr'>cognitum</span> <span class='ocrx_word' id='word_1_584' title='bbox 1869 2261 2040 2287; x_wconf 88' lang='lat' dir='ltr'>errorem</span> 
     </span>
     <span class='ocr_line' id='line_1_101' title="bbox 1104 2301 2039 2352; baseline 0.005 -17"><span class='ocrx_word' id='word_1_585' title='bbox 1104 2310 1217 2336; x_wconf 87' lang='lat' dir='ltr'>suum</span> <span class='ocrx_word' id='word_1_586' title='bbox 1246 2303 1496 2347; x_wconf 81' lang='lat' dir='ltr'>correxerat,</span> <span class='ocrx_word' id='word_1_587' title='bbox 1519 2301 1680 2339; x_wconf 89' lang='lat' dir='ltr'>desertis</span> <span class='ocrx_word' id='word_1_588' title='bbox 1710 2303 1916 2352; x_wconf 88' lang='lat' dir='ltr'>antipapae</span> <span class='ocrx_word' id='word_1_589' title='bbox 1945 2315 2039 2352; x_wconf 88' lang='lat' dir='ltr'>par-</span> 
     </span>
     <span class='ocr_line' id='line_1_102' title="bbox 1105 2351 2041 2405; baseline 0.005 -17"><span class='ocrx_word' id='word_1_590' title='bbox 1105 2351 1231 2398; x_wconf 83' lang='lat' dir='ltr'>tibus,</span> <span class='ocrx_word' id='word_1_591' title='bbox 1253 2364 1293 2389; x_wconf 89' lang='lat' dir='ltr'>se</span> <span class='ocrx_word' id='word_1_592' title='bbox 1314 2353 1488 2401; x_wconf 86' lang='lat' dir='ltr'>Eugenio</span> <span class='ocrx_word' id='word_1_593' title='bbox 1518 2355 1575 2392; x_wconf 91' lang='lat' dir='ltr'>IV</span> <span class='ocrx_word' id='word_1_594' title='bbox 1604 2356 1861 2402; x_wconf 87' lang='lat' dir='ltr'>submiserat,</span> <span class='ocrx_word' id='word_1_595' title='bbox 1882 2359 1998 2405; x_wconf 84' lang='lat' dir='ltr'>atque</span> <span class='ocrx_word' id='word_1_596' title='bbox 2017 2367 2041 2393; x_wconf 89' lang='lat' dir='ltr'>a</span> 
     </span>
     <span class='ocr_line' id='line_1_103' title="bbox 1104 2405 2039 2457; baseline 0.004 -16"><span class='ocrx_word' id='word_1_597' title='bbox 1104 2405 1261 2443; x_wconf 91' lang='lat' dir='ltr'>Callisto</span> <span class='ocrx_word' id='word_1_598' title='bbox 1281 2406 1337 2443; x_wconf 86' lang='grc' dir='ltr'>ΙΙΙ</span> <span class='ocrx_word' id='word_1_599' title='bbox 1358 2407 1565 2445; x_wconf 89' lang='lat' dir='ltr'>cardinalis</span> <span class='ocrx_word' id='word_1_600' title='bbox 1585 2410 1753 2454; x_wconf 90' lang='lat' dir='ltr'>creatus,</span> <span class='ocrx_word' id='word_1_601' title='bbox 1770 2410 1856 2457; x_wconf 90' lang='lat' dir='ltr'>post</span> <span class='ocrx_word' id='word_1_602' title='bbox 1871 2409 1984 2446; x_wconf 89' lang='lat' dir='ltr'>huius</span> <span class='ocrx_word' id='word_1_603' title='bbox 2003 2421 2039 2445; x_wconf 92' lang='lat' dir='ltr'>o-</span> 
     </span>
     <span class='ocr_line' id='line_1_104' title="bbox 1104 2458 2036 2508; baseline 0.004 -14"><span class='ocrx_word' id='word_1_604' title='bbox 1104 2458 1225 2495; x_wconf 88' lang='lat' dir='ltr'>bitum</span> <span class='ocrx_word' id='word_1_605' title='bbox 1259 2458 1308 2495; x_wconf 90' lang='lat' dir='ltr'>ad</span> <span class='ocrx_word' id='word_1_606' title='bbox 1342 2471 1536 2497; x_wconf 89' lang='lat' dir='ltr'>summum</span> <span class='ocrx_word' id='word_1_607' title='bbox 1576 2461 1843 2508; x_wconf 86' lang='lat' dir='ltr'>pontificatum</span> <span class='ocrx_word' id='word_1_608' title='bbox 1878 2463 2036 2499; x_wconf 90' lang='lat' dir='ltr'>evectus</span> 
     </span>
     <span class='ocr_line' id='line_1_105' title="bbox 1102 2510 2038 2561; baseline 0.004 -14"><span class='ocrx_word' id='word_1_609' title='bbox 1102 2510 1185 2549; x_wconf 84' lang='lat' dir='ltr'>fuit.</span> <span class='ocrx_word' id='word_1_610' title='bbox 1206 2510 1265 2548; x_wconf 90' lang='lat' dir='ltr'>Ne</span> <span class='ocrx_word' id='word_1_611' title='bbox 1298 2523 1392 2549; x_wconf 89' lang='lat' dir='ltr'>vero</span> <span class='ocrx_word' id='word_1_612' title='bbox 1412 2525 1479 2558; x_wconf 91' lang='lat' dir='ltr'>ea,</span> <span class='ocrx_word' id='word_1_613' title='bbox 1501 2525 1599 2561; x_wconf 91' lang='lat' dir='ltr'>quae</span> <span class='ocrx_word' id='word_1_614' title='bbox 1629 2515 1820 2561; x_wconf 91' lang='lat' dir='ltr'>quondam</span> <span class='ocrx_word' id='word_1_615' title='bbox 1852 2514 1897 2551; x_wconf 88' lang='lat' dir='ltr'>de</span> <span class='ocrx_word' id='word_1_616' title='bbox 1919 2514 2038 2552; x_wconf 88' lang='lat' dir='ltr'>Basi-</span> 
     </span>
     <span class='ocr_line' id='line_1_106' title="bbox 1100 2563 2036 2615; baseline 0.004 -15"><span class='ocrx_word' id='word_1_617' title='bbox 1100 2563 1222 2601; x_wconf 88' lang='lat' dir='ltr'>leensi</span> <span class='ocrx_word' id='word_1_618' title='bbox 1242 2565 1402 2602; x_wconf 89' lang='lat' dir='ltr'>concilio</span> <span class='ocrx_word' id='word_1_619' title='bbox 1418 2570 1553 2603; x_wconf 88' lang='lat' dir='ltr'>contra</span> <span class='ocrx_word' id='word_1_620' title='bbox 1567 2566 1796 2615; x_wconf 85' lang='lat' dir='ltr'>dignitatem</span> <span class='ocrx_word' id='word_1_621' title='bbox 1813 2569 1852 2603; x_wconf 89' lang='lat' dir='ltr'>et</span> <span class='ocrx_word' id='word_1_622' title='bbox 1867 2579 1915 2603; x_wconf 91' lang='lat' dir='ltr'>au</span> <span class='ocrx_word' id='word_1_623' title='bbox 1923 2568 2036 2604; x_wconf 91' lang='lat' dir='ltr'>ctori-</span> 
     </span>
     <span class='ocr_line' id='line_1_107' title="bbox 1100 2618 2036 2668; baseline 0.003 -15"><span class='ocrx_word' id='word_1_624' title='bbox 1100 2619 1220 2654; x_wconf 84' lang='lat' dir='ltr'>tatem</span> <span class='ocrx_word' id='word_1_625' title='bbox 1240 2618 1484 2666; x_wconf 88' lang='lat' dir='ltr'>Apostolicae</span> <span class='ocrx_word' id='word_1_626' title='bbox 1505 2619 1613 2656; x_wconf 88' lang='lat' dir='ltr'>Sedis</span> <span class='ocrx_word' id='word_1_627' title='bbox 1629 2623 1774 2668; x_wconf 85' lang='lat' dir='ltr'>egerat,</span> <span class='ocrx_word' id='word_1_628' title='bbox 1792 2619 1946 2657; x_wconf 80' lang='lat' dir='ltr'>dixerat</span> <span class='ocrx_word' id='word_1_629' title='bbox 1967 2623 2036 2657; x_wconf 85' lang='lat' dir='ltr'>aut</span> 
     </span>
     <span class='ocr_line' id='line_1_108' title="bbox 1099 2670 2036 2720; baseline 0.003 -13"><span class='ocrx_word' id='word_1_630' title='bbox 1099 2670 1321 2718; x_wconf 88' lang='lat' dir='ltr'>scripserat,</span> <span class='ocrx_word' id='word_1_631' title='bbox 1350 2683 1373 2708; x_wconf 90' lang='lat' dir='ltr'>a</span> <span class='ocrx_word' id='word_1_632' title='bbox 1401 2684 1461 2716; x_wconf 91' lang='lat' dir='ltr'>se,</span> <span class='ocrx_word' id='word_1_633' title='bbox 1481 2671 1556 2709; x_wconf 88' lang='lat' dir='ltr'>iam</span> <span class='ocrx_word' id='word_1_634' title='bbox 1586 2672 1686 2708; x_wconf 88' lang='lat' dir='ltr'>facto</span> <span class='ocrx_word' id='word_1_635' title='bbox 1715 2672 1920 2720; x_wconf 86' lang='lat' dir='ltr'>pontifice,</span> <span class='ocrx_word' id='word_1_636' title='bbox 1949 2676 2036 2711; x_wconf 89' lang='lat' dir='ltr'>rata</span> 
     </span>
     <span class='ocr_line' id='line_1_109' title="bbox 1099 2723 2034 2768; baseline 0.005 -9"><span class='ocrx_word' id='word_1_637' title='bbox 1099 2723 1234 2760; x_wconf 89' lang='lat' dir='ltr'>haberi</span> <span class='ocrx_word' id='word_1_638' title='bbox 1248 2727 1509 2768; x_wconf 87' lang='lat' dir='ltr'>censerentur,</span> <span class='ocrx_word' id='word_1_639' title='bbox 1526 2727 1584 2762; x_wconf 85' lang='lat' dir='ltr'>V1⁰</span> <span class='ocrx_word' id='word_1_640' title='bbox 1601 2725 1781 2762; x_wconf 88' lang='lat' dir='ltr'>calendas</span> <span class='ocrx_word' id='word_1_641' title='bbox 1794 2726 1913 2763; x_wconf 88' lang='lat' dir='ltr'>maias</span> <span class='ocrx_word' id='word_1_642' title='bbox 1934 2726 2034 2765; x_wconf 83' lang='lat'>1463</span> 
     </span>
     <span class='ocr_line' id='line_1_110' title="bbox 1099 2776 2033 2816; baseline 0.003 -3"><span class='ocrx_word' id='word_1_643' title='bbox 1099 2776 1250 2813; x_wconf 86' lang='lat' dir='ltr'>Bullam</span> <span class='ocrx_word' id='word_1_644' title='bbox 1267 2777 1319 2814; x_wconf 83' lang='lat' dir='ltr'>In</span> <span class='ocrx_word' id='word_1_645' title='bbox 1334 2778 1561 2814; x_wconf 67' lang='lat' dir='ltr'>minoribus</span> <span class='ocrx_word' id='word_1_646' title='bbox 1577 2778 1625 2814; x_wconf 87' lang='lat' dir='ltr'>ad</span> <span class='ocrx_word' id='word_1_647' title='bbox 1641 2778 1946 2816; x_wconf 88' lang='lat' dir='ltr'>Universitatem</span> <span class='ocrx_word' id='word_1_648' title='bbox 1966 2779 2033 2816; x_wconf 91' lang='lat' dir='ltr'>Co-</span> 
     </span>
     <span class='ocr_line' id='line_1_111' title="bbox 1098 2829 2033 2879; baseline 0.003 -13"><span class='ocrx_word' id='word_1_649' title='bbox 1098 2829 1311 2867; x_wconf 89' lang='lat' dir='ltr'>loniensem</span> <span class='ocrx_word' id='word_1_650' title='bbox 1339 2831 1547 2876; x_wconf 85' lang='lat' dir='ltr'>directam,</span> <span class='ocrx_word' id='word_1_651' title='bbox 1577 2830 1701 2877; x_wconf 89' lang='lat' dir='ltr'>dedit,</span> <span class='ocrx_word' id='word_1_652' title='bbox 1731 2842 1809 2879; x_wconf 89' lang='lat' dir='ltr'>qua</span> <span class='ocrx_word' id='word_1_653' title='bbox 1837 2831 2033 2870; x_wconf 87' lang='lat' dir='ltr'>anteriora</span> 
     </span>
    </p>
   </div>
   <div class='ocr_carea' id='block_1_13' title="bbox 1102 2886 1292 2894">
    <p class='ocr_par' dir='ltr' id='par_1_18' title="bbox 1102 2886 1292 2894">
     <span class='ocr_line' id='line_1_112' title="bbox 1102 2886 1292 2894; baseline 0 0"><span class='ocrx_word' id='word_1_654' title='bbox 1102 2886 1292 2894; x_wconf 95' lang='lat' dir='ltr'> </span> 
     </span>
    </p>
   </div>
   <div class='ocr_carea' id='block_1_14' title="bbox 1095 2911 2033 3034">
    <p class='ocr_par' dir='ltr' id='par_1_19' title="bbox 1095 2911 2033 3034">
     <span class='ocr_line' id='line_1_113' title="bbox 1138 2911 2033 2943; baseline 0 0"><span class='ocrx_word' id='word_1_655' title='bbox 1138 2912 1147 2933; x_wconf 86' lang='lat'>1</span> <span class='ocrx_word' id='word_1_656' title='bbox 1176 2912 1394 2943; x_wconf 80' lang='lat' dir='ltr'>Germanorum</span> <span class='ocrx_word' id='word_1_657' title='bbox 1424 2911 1650 2941; x_wconf 80' lang='lat' dir='ltr'>criminationes</span> <span class='ocrx_word' id='word_1_658' title='bbox 1680 2911 1770 2942; x_wconf 86' lang='lat' dir='ltr'>etiam</span> <span class='ocrx_word' id='word_1_659' title='bbox 1803 2911 1890 2943; x_wconf 88' lang='lat' dir='ltr'>diluit</span> <span class='ocrx_word' id='word_1_660' title='bbox 1920 2913 2033 2943; x_wconf 85' lang='lat' dir='ltr'>AEneas</span> 
     </span>
     <span class='ocr_line' id='line_1_114' title="bbox 1096 2951 2031 2993; baseline -0.001 -9"><span class='ocrx_word' id='word_1_661' title='bbox 1096 2954 1213 2993; x_wconf 84' lang='lat' dir='ltr'>Sylvius</span> <span class='ocrx_word' id='word_1_662' title='bbox 1229 2952 1396 2984; x_wconf 76' lang='lat' dir='ltr'>cardinalis</span> <span class='ocrx_word' id='word_1_663' title='bbox 1409 2952 1439 2982; x_wconf 90' lang='lat' dir='ltr'>in</span> <span class='ocrx_word' id='word_1_664' title='bbox 1454 2951 1596 2991; x_wconf 80' lang='lat' dir='ltr'>Epistola</span> <span class='ocrx_word' id='word_1_665' title='bbox 1612 2951 1670 2993; x_wconf 72' lang='grc'>338</span> <span class='ocrx_word' id='word_1_666' title='bbox 1686 2957 1715 2984; x_wconf 84' lang='lat' dir='ltr'>et</span> <span class='ocrx_word' id='word_1_667' title='bbox 1730 2953 1797 2984; x_wconf 84' lang='lat' dir='ltr'>aliis</span> <span class='ocrx_word' id='word_1_668' title='bbox 1815 2953 1853 2984; x_wconf 80' lang='lat' dir='ltr'>ad</span> <span class='ocrx_word' id='word_1_669' title='bbox 1870 2955 1904 2984; x_wconf 91' lang='lat' dir='ltr'>M.</span> <span class='ocrx_word' id='word_1_670' title='bbox 1918 2954 2031 2992; x_wconf 86' lang='lat' dir='ltr'>Meyer,</span> 
     </span>
     <span class='ocr_line' id='line_1_115' title="bbox 1095 2993 2027 3034; baseline 0 -9"><span class='ocrx_word' id='word_1_671' title='bbox 1095 2994 1341 3025; x_wconf 77' lang='lat' dir='ltr'>iurisconsulunu</span> <span class='ocrx_word' id='word_1_672' title='bbox 1370 2998 1399 3024; x_wconf 83' lang='lat' dir='ltr'>et</span> <span class='ocrx_word' id='word_1_673' title='bbox 1419 2993 1645 3033; x_wconf 81' lang='lat' dir='ltr'>archiepiscopi</span> <span class='ocrx_word' id='word_1_674' title='bbox 1673 2994 1841 3034; x_wconf 78' lang='lat' dir='ltr'>Moguntini</span> <span class='ocrx_word' id='word_1_675' title='bbox 1869 2995 2027 3025; x_wconf 83' lang='lat' dir='ltr'>cancella-</span> 
     </span>
    </p>
   </div>
   <div class='ocr_carea' id='block_1_15' title="bbox 1094 3036 1180 3066">
    <p class='ocr_par' dir='ltr' id='par_1_20' title="bbox 1094 3036 1180 3066">
     <span class='ocr_line' id='line_1_116' title="bbox 1094 3036 1180 3066; baseline -0.012 0"><span class='ocrx_word' id='word_1_676' title='bbox 1094 3036 1180 3066; x_wconf 77' lang='lat' dir='ltr'>riuin.</span> 
     </span>
    </p>
   </div>
   <div class='ocr_carea' id='block_1_16' title="bbox 1132 3072 2029 3158">
    <p class='ocr_par' dir='ltr' id='par_1_21' title="bbox 1132 3072 2029 3158">
     <span class='ocr_line' id='line_1_117' title="bbox 1132 3072 1608 3114; baseline -0.002 -7"><span class='ocrx_word' id='word_1_677' title='bbox 1132 3076 1147 3097; x_wconf 54' lang='grc' dir='ltr'><strong>Ξ</strong></span> <span class='ocrx_word' id='word_1_678' title='bbox 1165 3076 1311 3114; x_wconf 77' lang='lat' dir='ltr'>Raynald.</span> <span class='ocrx_word' id='word_1_679' title='bbox 1330 3075 1377 3106; x_wconf 86' lang='lat' dir='ltr'>ad.</span> <span class='ocrx_word' id='word_1_680' title='bbox 1395 3084 1447 3106; x_wconf 88' lang='lat' dir='ltr'>an.</span> <span class='ocrx_word' id='word_1_681' title='bbox 1462 3072 1608 3107; x_wconf 55' lang='lat'>145558.</span> 
     </span>
     <span class='ocr_line' id='line_1_118' title="bbox 1133 3116 2029 3158; baseline 0.002 -10"><span class='ocrx_word' id='word_1_682' title='bbox 1133 3118 1146 3139; x_wconf 80' lang='lat'><strong>3</strong></span> <span class='ocrx_word' id='word_1_683' title='bbox 1161 3117 1314 3157; x_wconf 80' lang='lat' dir='ltr'>Spondan.</span> <span class='ocrx_word' id='word_1_684' title='bbox 1339 3117 1377 3147; x_wconf 85' lang='lat' dir='ltr'>ad</span> <span class='ocrx_word' id='word_1_685' title='bbox 1401 3125 1448 3146; x_wconf 82' lang='lat' dir='ltr'>an.</span> <span class='ocrx_word' id='word_1_686' title='bbox 1475 3116 1553 3149; x_wconf 72' lang='lat'>1158</span> <span class='ocrx_word' id='word_1_687' title='bbox 1567 3141 1574 3155; x_wconf 92' lang='lat'>,</span> <span class='ocrx_word' id='word_1_688' title='bbox 1588 3127 1615 3148; x_wconf 93' lang='lat' dir='ltr'>n.</span> <span class='ocrx_word' id='word_1_689' title='bbox 1629 3118 1658 3155; x_wconf 81' lang='lat'>9,</span> <span class='ocrx_word' id='word_1_690' title='bbox 1674 3121 1703 3149; x_wconf 87' lang='lat' dir='ltr'>et</span> <span class='ocrx_word' id='word_1_691' title='bbox 1718 3117 1762 3149; x_wconf 86' lang='lat'>13.</span> <span class='ocrx_word' id='word_1_692' title='bbox 1775 3135 1814 3141; x_wconf 90' lang='lat'><strong>—</strong></span> <span class='ocrx_word' id='word_1_693' title='bbox 1827 3118 1948 3158; x_wconf 82' lang='lat' dir='ltr'>Scripta</span> <span class='ocrx_word' id='word_1_694' title='bbox 1964 3119 2029 3150; x_wconf 88' lang='lat' dir='ltr'>eius</span> 
     </span>
    </p>
   </div>
   <div class='ocr_carea' id='block_1_17' title="bbox 1092 3157 1487 3204">
    <p class='ocr_par' dir='ltr' id='par_1_22' title="bbox 1092 3157 1487 3204">
     <span class='ocr_line' id='line_1_119' title="bbox 1092 3157 1487 3204; baseline -0.003 -15"><span class='ocrx_word' id='word_1_695' title='bbox 1092 3168 1185 3198; x_wconf 81' lang='lat' dir='ltr'>supra</span> <span class='ocrx_word' id='word_1_696' title='bbox 1202 3159 1358 3204; x_wconf 82' lang='lat' dir='ltr'>retulimus</span> <span class='ocrx_word' id='word_1_697' title='bbox 1375 3167 1403 3197; x_wconf 89' lang='lat' dir='ltr'>p.</span> <span class='ocrx_word' id='word_1_698' title='bbox 1420 3157 1487 3188; x_wconf 65' lang='lat'>1⁹28.</span> 
     </span>
    </p>
   </div>
  </div>
 </body>
</html>
