2241 3473
241 145 319 184 344

186 226 317 264 ximae
344 227 590 270 eruditionis,
611 230 771 273 praeter
790 226 869 262 alia
886 227 1011 263 multa
1029 227 1067 262 in
1086 227 1142 263 lu-

185 292 273 318 cem
301 281 407 318 dedit
431 281 623 316 Veterum
642 280 881 327 scriptorum
900 291 1047 316 novam
1065 282 1141 317 col-

187 335 412 377 lectionem,
432 333 628 370 Classicos
645 333 864 380 scriptores
881 345 929 370 ex
943 334 1142 371 codicibus

185 388 391 424 Vaticanis
424 386 574 430 editos,
603 387 859 434 Spicilegium
885 387 1114 424 Romanum
1132 417 1141 433 ,

185 442 338 477 Novam
358 440 642 476 Bibliothecam
663 441 732 477 SS.
751 441 929 478 Patrum.
946 442 1142 478 Antonius

185 494 336 541 Ioseph.
355 493 561 530 Flosculus
587 494 797 539 Binterim‚
814 495 1010 543 parochus
1037 496 1142 543 apud

186 547 521 594 Dusseldorpium,
542 547 754 595 publicavit
773 549 1054 585 Memorabilia
1069 550 1140 585 Ec-

186 601 330 638 clesiae
357 601 576 638 catholicae
598 630 606 645 ,
633 602 854 638 Historiam
881 603 1139 639 conciliorum

187 656 427 692 Germaniae
467 659 508 692 et
548 655 855 693 archidioecesis
894 657 1141 694 Coloniensis

184 709 334 745 veteris
362 712 401 745 et
419 720 560 753 novae,
581 709 672 745 alia.
695 709 838 747 Petrus
856 711 1004 747 Franc.
1032 712 1135 747 Xav.

182 761 229 798 de
248 763 364 807 Ram,
380 763 662 799 Universitatis
681 764 903 801 catholicae
922 765 1141 802 Lovanien-

181 817 234 852 sis
253 821 400 861 rector,
420 821 582 864 praeter
601 818 679 854 alia
700 818 814 866 plura
839 819 947 855 dedit
975 819 1140 868 Synodi-

180 881 252 906 con
278 871 485 917 Belgicum
510 883 581 908 seu
607 874 710 908 Acta
729 872 991 909 ecclesiarum
1011 873 1140 920 Belgii

179 934 203 959 a
229 924 430 961 celebrato
462 926 632 962 concilio
671 926 904 962 Tridentino
943 939 1064 974 usque
1091 927 1141 963 ad

179 978 470 1015 Concordatum
498 980 592 1015 anni
611 980 717 1018 1801.
740 981 908 1017 Ioannes
933 981 1082 1028 Sogdia,
1104 993 1140 1018 e-

180 1032 363 1080 piscopus
390 1034 639 1070 Auximanus
666 1038 706 1070 et
726 1034 986 1081 Cfflgulanus,
1014 1035 1063 1071 R.
1092 1036 1136 1071 E.

184 1086 412 1132 cardinalis,
424 1088 584 1134 scripsit
603 1088 872 1125 Institutiones
888 1089 982 1125 iuris
998 1089 1140 1137 publici

180 1146 220 1176 et
238 1141 385 1188 privati
403 1142 677 1179 ecclesiastici.
706 1143 764 1179 De
798 1142 941 1180 eadem
971 1144 1140 1180 materia

176 1194 281 1232 inter
296 1195 396 1232 alios
410 1196 659 1244 scripserunt
673 1196 949 1234 Ferdinandus
963 1198 1135 1243 Walter,

176 1248 301 1286 laicus
315 1278 324 1294 ‚
352 1250 554 1297 professor
574 1251 612 1286 in
630 1251 905 1288 Universitate
921 1252 1135 1296 Bonnensi,

176 1303 374 1350 Georgius
401 1304 582 1353 Phillips,
608 1305 746 1350 laicus,
765 1306 968 1354 professor
985 1306 1025 1341 in
1040 1306 1138 1342 Uni-

176 1358 368 1394 versitate
384 1358 616 1403 Viennensi,
646 1359 820 1396 Michael
847 1359 1136 1405 Permaneder,

176 1412 377 1458 professor
405 1413 441 1448 in
470 1413 742 1450 Universitate
762 1413 1051 1458 Monacffiensi,
1072 1415 1136 1462 qui

176 1465 281 1502 inter
309 1467 389 1503 alia
407 1467 527 1503 etiam
546 1468 669 1504 edidit
695 1467 980 1505 Bibliothecam
1007 1467 1135 1504 Patri-

175 1519 331 1556 sticam.
359 1522 528 1559 Carolus
554 1522 742 1570 Iosephus
769 1522 910 1559 Hefele
930 1551 939 1567 ,
966 1522 1068 1569 prof.
1097 1523 1133 1558 in

175 1573 448 1612 Universitate
479 1576 739 1623 Tubingensi‚
765 1588 869 1613 nunc
895 1577 1134 1613 Rottenbur-

173 1638 261 1674 gen.
276 1630 497 1678 episcopus,
511 1631 632 1667 edidit
647 1631 811 1668 Patrum
824 1631 1132 1679 apostolicorum

173 1684 449 1730 opera‚Vitam
468 1685 684 1721 cardinalis
699 1685 1131 1729 Ximenes,Historiam

172 1738 444 1784 conciliorum,
457 1740 546 1775 alia.
565 1739 743 1787 Prosper
757 1740 1133 1786 Gueranger‚abbas

171 1790 430 1837 Solesmens.‚
448 1793 544 1830 Ord.
561 1805 593 1830 s.
610 1793 832 1838 Benedicti,
848 1795 1008 1841 scripsit
1021 1794 1131 1830 Insti-

146 1870 149 1873 -
172 1845 343 1882 tutiones
363 1847 570 1894 liturg-icas
591 1848 746 1895 aliaque
767 1849 983 1895 praecipue
1002 1848 1052 1884 ad
1071 1859 1132 1884 sa-

171 1909 281 1935 cram
300 1900 501 1947 liturgiam
519 1903 752 1950 spectantia.
776 1903 805 1938 1.
821 1902 866 1937 B.
886 1902 1013 1945 Pitra‚
1031 1902 1130 1939 Ord.

169 1964 201 1989 s.
230 1953 461 2000 Benedicti,
488 1967 592 1992 nunc
620 1956 841 2003 Episcopus
868 1956 1128 2000 Tusculanus,

171 2007 219 2043 R.
248 2009 294 2044 E.
326 2010 551 2055 cardinalis,
580 2011 685 2048 inter
711 2011 788 2047 alia
814 2010 935 2047 edidit
961 2010 1130 2058 Spicilc-

168 2062 275 2109 {sium
302 2062 546 2101 Solcsmcnse
573 2066 839 2113 complectens
867 2065 935 2101 SS.
964 2065 1128 2101 Patrum

170 2117 486 2166 scriptorumque
534 2120 898 2156 ecclesiasticorum
935 2119 1130 2156 anecdota

167 2183 292 2219 opera
312 2201 321 2217 ‚
355 2173 557 2210 Analecta
590 2186 715 2210 εαειά
749 2174 877 2211 eidem
909 2173 1126 2223 Spicilcgsio

167 2231 312 2274 parata
333 2256 341 2271 ,
370 2227 481 2264 Iuris
507 2229 773 2265 ecclesiastici
799 2229 1045 2265 Graecorum
1073 2229 1126 2264 lii-

167 2281 292 2317 storia
311 2286 351 2318 et
369 2288 638 2319 monumenta.
663 2284 690 2318 1.
714 2283 754 2317 Ρ.
774 2283 1127 2330 Migne,sacerdos

165 2335 316 2380 Gallus,
344 2337 477 2372 varias
503 2336 624 2374 edidit
656 2337 930 2380 collectiones,
959 2348 1124 2384 quarum

168 2391 408 2438 praecipuae
435 2396 527 2428 sunt
553 2392 702 2430 Cursus
728 2392 915 2439 completi
943 2393 982 2427 S.
1000 2392 1128 2428 Theo-

167 2445 295 2493 logiac
323 2452 363 2484 et
388 2448 430 2483 S·
458 2448 704 2495 Scriptuiae,
724 2453 840 2494 atque
869 2446 1124 2493 Pati-ologiae

168 2499 293 2537 latina
319 2508 360 2538 et
387 2513 550 2549 graeca;
571 2512 671 2550 quae
691 2501 850 2549 quidem
870 2500 1122 2548 Pati-ologiae

165 2565 235 2590 seu
264 2556 518 2593 collectiones
544 2566 711 2604 operum
738 2562 778 2591 et
796 2554 1043 2602 Scriptorum
1063 2567 1123 2591 ec—

167 2609 481 2647 clesIasticomim
516 2611 659 2658 ubique
695 2609 924 2646 notissimae
963 2614 1054 2644 sunt
1084 2615 1124 2646 ct

165 2664 294 2700 studia
321 2676 439 2702 sacra
466 2666 678 2712 plurimum
705 2666 953 2711 promovent.

214 2718 445 2756 Fridericus
464 2719 687 2766 Leopoldus
706 2729 840 2754 comes
858 2716 905 2752 de
926 2717 1122 2764 Stolberg‚

165 2784 186 2809 e
208 2779 456 2820 protestante
475 2774 707 2817 catholicus,
725 2772 887 2819 scripsit
906 2771 1122 2807 Historiam

170 2827 373 2873 religionis
409 2829 494 2864 Iesu
535 2827 679 2865 Christi
720 2837 744 2862 a
782 2825 926 2861 mundo
967 2824 1124 2861 condito

166 2893 287 2929 usque
316 2883 364 2919 ad
391 2894 538 2919 annum
567 2892 688 2918 aerae
708 2880 886 2928 vulgaris
904 2880 988 2923 430,
1008 2891 1123 2926 quam

166 2947 285 2982 usquc
305 2936 352 2973 ad
371 2937 576 2973 saeculum
596 2936 686 2972 XIII
707 2938 943 2982 prosecutus
962 2940 1021 2970 est
1043 2934 1123 2968 Fri-

167 2988 251 3025 dcr.
292 3002 367 3026 von
405 2992 523 3027 Kerz.
559 2991 738 3026 Renatus
773 2988 918 3024 Franc.
948 2987 1123 3023 Rolirba-

170 3043 292 3088 cher,
320 3047 520 3092 professor
549 3045 588 3080 in
614 3042 828 3079 seminario
855 3042 1123 3084 Nanceiensi,

168 3098 325 3144 reliquit
360 3099 576 3135 Historiam
615 3098 883 3134 universalem
920 3096 1125 3133 Ecclesiae

170 3151 402 3189 catholicae.
432 3151 664 3188 Theodorus
692 3151 960 3199 Katerkamffi
989 3151 1125 3186 Mona-

172 3205 282 3240 stcrii
311 3207 511 3252 professor
537 3211 678 3242 auctor
698 3210 758 3241 est
779 3205 979 3241 Historiae
1001 3205 1126 3241 eccle-

178 3258 373 3296 siasticae.
404 3261 564 3297 lacobus
593 3259 875 3303 Rutteustock,
896 3270 1038 3296 canon.
1067 3270 1125 3294 rc-

533 157 698 184 EPOCHA
720 157 808 184 XIII.
833 159 858 184 A
879 156 1064 186 PVBLICA
1085 158 1236 185 RERVM
1260 159 1301 185 IN
1324 159 1496 187 GALLIIS
1516 161 1806 190 SVBVERSIONE

1196 229 1325 275 gular.
1353 230 1654 274 Lateranensis‚
1681 233 1783 277 prof.
1812 232 1849 267 in
1877 232 2149 272 Universitate

1194 281 1669 330 Vindobonensi‚scripsit
1684 284 1951 323 Institutiones
1959 286 2149 325 historiae

1192 336 1492 373 ecclesiasticae
1518 337 1569 372 N.
1598 338 1643 373 T.
1673 342 1788 375 caute
1815 339 2018 386 legendas.
2041 341 2150 378 Ioan-

1195 401 1266 426 nes
1304 390 1430 439 Alzog
1450 419 1459 434 ‚
1487 391 1527 426 in
1567 391 1783 428 seminario
1817 393 2149 432 Hildesheimens.

1196 443 1542 490 professor‚edidit
1555 446 1775 481 Historiam
1793 446 2061 486 universalem
2079 450 2154 486 Ec-

1196 498 1357 535 clesiae.
1373 499 1541 535 loannes
1560 500 1635 535 Ios.
1652 500 1777 546 Ignat.
1799 500 2044 549 Doellinger,
2063 514 2152 551 pro-

1193 552 1322 587 fessor
1348 554 1387 588 in
1412 552 1684 589 Universitate
1712 553 1989 591 Monaehiensi
2007 585 2015 600 ‚
2042 557 2149 594 inter

1191 605 1271 641 alia
1297 605 1336 641 in
1355 607 1487 643 lucem
1505 606 1638 643 emisit
1668 607 2002 645 continuationem
2019 609 2151 647 Histo-

1191 659 1273 695 riae
1300 660 1603 697 ecclesiasticae
1631 660 1763 697 Caroli
1791 661 1940 697 Anton.
1975 662 2121 711 Hortig
2138 692 2147 708 ,

1190 713 1409 749 Historiam
1449 714 1656 751 Ecclesiae
1680 743 1688 758 ‚
1726 713 2149 754 Pseudo-reformatio—

1190 777 1280 802 nem
1308 768 1467 816 eiusque
1488 769 1735 805 incrementa
1752 773 1793 805 et
1811 769 1998 815 effectus,
2018 769 2149 819 Paga—

1190 820 1362 857 nismum
1389 826 1428 858 et
1446 822 1684 859 Iudaismum
1703 822 1787 859 sive
1807 823 2144 862 Introductionem

1190 875 1230 910 in
1269 874 1474 912 historiam
1515 876 1804 914 Christianismi
1823 880 1851 910 1.
1879 877 1988 914 Ioan.
2029 879 2147 926 Bapt.

1190 929 1344 974 Palma,
1372 931 1592 974 Romanus,
1614 931 1828 977 publicavit
1846 931 2150 970 Praelectiones

1188 983 1379 1020 historiae
1398 984 1709 1021 ecclesiasticae.
1732 984 1881 1022 Paulus
1894 985 2148 1034 Delsignore,

1188 1048 1328 1074 canon.
1350 1039 1528 1086 regular.
1549 1039 1846 1084 Lateranensis‚
1866 1043 1905 1076 et
1923 1040 1964 1076 in
1977 1040 2149 1078 Univer-

1187 1091 1304 1128 sitate
1332 1093 1515 1128 Romana
1546 1093 1762 1139 professor,
1782 1094 2017 1141 conscripsit
2033 1095 2150 1131 Insti-

1189 1146 1360 1182 tutiones
1393 1146 1581 1182 historiae
1616 1147 1912 1184 ecclesiasticae
1946 1147 2050 1184 Novi
2075 1148 2150 1185 Te-

1188 1200 1376 1236 stamenti
1395 1211 1493 1248 quas
1513 1200 1631 1237 edidit
1648 1201 1829 1248 notisque
1845 1204 1886 1238 et
1900 1201 2148 1239 animadver-

1187 1253 1361 1290 sionibus
1381 1254 1595 1290 illustravit
1612 1254 1849 1291 Vincentius
1867 1254 2146 1298 Tizzani,eius-

1187 1307 1277 1344 dem
1314 1309 1515 1355 Congreg.
1553 1308 1592 1344 in
1627 1308 1835 1356 praedicta
1871 1309 2147 1347 Universitate

1187 1361 1402 1408 professor,
1420 1361 1670 1409 postmodum
1685 1362 2043 1409 archiep.Nisiben.
2063 1362 2145 1399 Eis-

1186 1415 1275 1451 dem
1302 1415 1614 1452 Institutionibus
1639 1417 1810 1453 selectas
1835 1416 2039 1453 variorum
2079 1427 2146 1453 au-

1186 1473 1340 1506 ctorum
1377 1469 1676 1506 dissertationes
1709 1482 1780 1507 seu
1813 1471 2063 1508 Thesaurum
2090 1471 2146 1507 hi-

1185 1523 1335 1560 storiae
1363 1524 1660 1560 ecclesiasticae
1680 1524 1915 1561 addiderunt
1932 1524 2007 1561 duo
2026 1536 2144 1561 cano-

1186 1577 1264 1613 nici
1293 1577 1500 1624 regulares
1520 1579 1830 1623 Lateranenses‚
1848 1590 1992 1626 nempe
2011 1578 2143 1616 lauda-

1185 1636 1247 1668 tus
1287 1632 1445 1667 Tizzani
1487 1636 1527 1668 et
1558 1632 1706 1667 Busiri.
1740 1632 1895 1679 Gaspar
1929 1632 2072 1676 Riffel‚
2106 1632 2146 1669 in

1182 1686 1455 1723 Universitate
1470 1686 1667 1723 Giessana
1682 1685 1799 1734 prof„
1815 1686 1920 1723 inter
1933 1686 2012 1723 alia
2025 1685 2146 1723 edidit

1182 1740 1400 1776 Historiam
1420 1740 1736 1776 ecclesiasticam
1761 1740 2029 1777 recentiorum
2047 1744 2145 1778 tem-

1182 1805 1321 1840 porum
1352 1794 1441 1830 inde
1461 1795 1509 1830 ab
1534 1795 1644 1830 initio
1665 1794 2144 1842 pseudo-Reformationis

1180 1848 1328 1885 saeculi
1355 1849 1463 1884 XVI.
1491 1848 1823 1885 Bartholomaeus
1847 1848 1994 1893 Pacca,
2025 1849 2075 1886 R.
2095 1849 2144 1886 E.

1180 1901 1421 1946 cardinalis,
1455 1902 1616 1949 scripsit
1648 1902 1759 1938 varia
1792 1913 1915 1951 opera
1954 1902 2145 1940 historIca

1182 1955 1229 1992 de
1249 1957 1368 1992 rebus
1388 1955 1438 1994 ad
1457 1955 1518 1992 Pii
1535 1956 1587 1992 Vl
1605 1967 1649 1992 ac
1669 1955 1909 2002 praesertim
1927 1956 1977 1992 ad
1995 1955 2056 1992 Pii
2074 1956 2144 1993 VII

1181 2009 1457 2057 pontificatum
1474 2009 1775 2057 pertinentibus.
1793 2009 2138 2047 continuationem

1179 2063 1314 2110 magni
1341 2064 1475 2111 operis
1501 2063 1749 2100 Bollandiani
1775 2063 1822 2100 de
1852 2063 1957 2100 Vitis
1973 2064 2138 2100 Sancto·

1180 2129 1265 2153 rum
1281 2120 1295 2142 2
1314 2122 1507 2154 curarunt
1534 2122 1573 2153 et
1600 2128 1720 2165 porro
1749 2121 1891 2154 curant
1908 2118 1983 2153 viri
1999 2116 2141 2154 eruditi

1179 2184 1198 2209 e
1219 2173 1309 2208 Soc.
1339 2173 1444 2208 lesu.

1230 2227 1259 2261 E
1287 2226 1549 2273 scriptoribus
1575 2226 1688 2262 laicis
1717 2226 1931 2274 praecipue
1965 2225 2028 2262 hic
2047 2229 2138 2262 sunt

1180 2280 1426 2316 memorandi
1457 2280 1589 2324 Picot,
1617 2279 1680 2327 qui
1707 2279 1814 2316 dedit
1840 2279 2141 2317 Commentaria

1175 2336 1213 2370 in
1240 2334 1449 2370 historiam
1476 2333 1790 2371 ecclesiasticam
1817 2333 1968 2371 saeculi
1986 2333 2132 2378 XVIII,

1177 2387 1368 2432 Henrion‚
1395 2387 1459 2435 qui
1486 2387 1646 2435 scripsit
1665 2388 1882 2424 Historiam
1901 2386 2134 2435 generalem

1177 2441 1382 2478 Ecclesiae
1417 2453 1487 2488 per
1521 2441 1681 2477 saecula
1715 2441 1844 2478 XVIII
1880 2445 1921 2478 et
1946 2441 2069 2484 XIX,
2096 2444 2137 2477 et

1176 2494 1495 2533 Chateaubriand
1513 2524 1521 2538 ,
1555 2495 1658 2531 inter
1692 2497 1803 2531 cuius
1831 2505 1957 2544 opera
1982 2494 2132 2532 eminet

1177 2550 1269 2586 illud
1296 2550 1394 2597 quod
1422 2550 1581 2597 scripsit
1607 2549 1653 2586 de
1672 2549 1802 2586 indole
1821 2548 2123 2588 Christianismi.

1222 2605 1281 2641 42.
1309 2604 1508 2640 Haereses
1537 2605 1571 2639 ct
1599 2615 1755 2640 cri-ores
1781 2603 1898 2640 haias
1915 2602 2068 2639 saeculi
2090 2624 2129 2631 —

1178 2658 1345 2695 Praeter
1360 2657 1763 2702 Constitutionalium‚
1779 2656 2134 2705 Tlieophilanthro-

1178 2724 1316 2760 porum
1343 2717 1384 2748 et
1410 2711 1893 2749 Anticoncordatistarum
1920 2714 2066 2755 sectas,
2085 2711 2132 2748 de

1176 2767 1312 2813 quibus
1331 2767 1409 2802 iani
1426 2766 1571 2814 loquuti
1584 2769 2134 2811 sumus‚emerseruntsectae

1177 2821 1568 2857 Sansimonianorum
1588 2849 1596 2864 ‚
1643 2819 2003 2857 Fourrieristarum
2046 2820 2131 2857 sive

1178 2874 1599 2918 Phalansteriensium,
1628 2880 1667 2911 et
1694 2873 2001 2911 Owenistaruni.

1226 2929 1518 2965 Sausimoniani
1539 2932 1746 2965 auctorem
1765 2927 1911 2965 habent
1924 2926 2130 2966 Claudium

1224 3037 1231 3058 ¹
1263 3034 1409 3073 Ignatius
1439 3034 1620 3075 hollinger,
1647 3034 1802 3077 superbia
1827 3034 1995 3077 abreptus,
2024 3033 2128 3066 sactus

1177 3084 1225 3112 est
1253 3081 1503 3119 naereticorum,
1531 3081 1587 3122 qui
1614 3084 1741 3114 veteres
1770 3079 1936 3114 Catholici
1959 3079 2098 3113 audiunt
2121 3106 2129 3120 ,

1176 3126 1423 3166 antesignanus.
1438 3127 1618 3159 Notandum
1634 3128 1697 3166 liic,
1718 3127 1901 3161 recentiora
1918 3126 1988 3159 eius
2007 3125 2129 3168 scripta

1177 3174 1378 3204 consectaria
1406 3173 1505 3204 fuisse
1532 3173 1779 3214 Gallicanismi,
1799 3182 1862 3216 quo
1880 3171 2123 3215 praelectiones

1178 3228 1253 3250 suae
1272 3223 1400 3251 scatere
1419 3228 1512 3252 nonio
1534 3229 1597 3252 nun
1617 3220 1752 3254 viderat.

1221 3265 1234 3285 ‘-'
1261 3264 1329 3296 vid.
1356 3275 1387 3306 p.
1415 3263 1493 3296 ⁶203.
