2241 3473
199 157 279 196 244

144 239 263 287 phum
296 236 488 284 repressit
527 237 654 271 altero
687 234 809 270 Brevi
825 263 832 276 ,
862 234 912 270 ad
935 236 1093 273 eosdem

144 292 268 339 Belgii
295 291 501 337 episcopos
528 289 618 324 dato
643 300 746 324 anno
767 288 916 325 1696.-
932 287 1094 327 Praete-

142 356 212 381 rea
239 343 487 380 Innocentius
513 343 585 378 XII
613 342 863 378 confirmavit
888 344 1093 379 decretum

141 396 471 444 Congregationis
505 396 669 432 Concilii
702 407 822 442 super
854 397 1094 444 obligatione

142 451 413 486 Parochorum
432 449 655 496 applicandi
673 449 911 485 sacrificium
941 462 1011 497 pro
1032 462 1096 497 po-

142 505 231 552 pulo
262 504 299 538 in
324 503 458 538 diebus
487 503 651 539 festivis.
676 503 811 539 Novos
843 505 1095 540 Sacramenti

141 557 414 593 Poenitentiae
441 557 662 600 ministros,
688 560 728 593 et
756 557 957 593 Parochos
983 557 1097 594 iussit

140 615 249 647 tanto
288 622 330 646 se
368 610 526 646 muneri
566 621 710 657 parare
751 611 985 647 continuata
1024 623 1096 658 per

141 664 223 701 dies
260 664 382 700 denos
422 664 759 712 contemplatione
794 677 928 701 rerum
968 670 1096 702 aeter-

139 729 292 754 narum.
314 718 470 753 Faciles
489 718 538 753 ad
559 730 650 754 eum
677 718 808 755 aditus
826 748 834 763 ,
857 719 1096 767 pauperibus

141 783 237 808 vero
252 772 308 808 ita
322 771 517 818 benignae
534 776 713 814 aures,ut
728 773 791 820 qui
806 774 1001 809 maximus
1016 784 1096 808 om-

139 826 247 861 nium
272 832 361 862 erat
382 825 575 872 dignitate
592 855 600 870 ,
626 837 698 874 par
723 826 866 863 infimis
892 827 1096 863 videretur

140 879 604 916 humanitate—Urbem
622 880 745 916 variis
764 881 1021 923 ornamentis,
1034 891 1096 916 ae-

139 933 292 977 dificiis,
306 934 559 977 nosocomiis,
574 934 798 981 praesidiis,
815 935 1096 971 munitionibus

139 987 368 1030 decoravit,
390 987 585 1031 munivit,
607 989 804 1035 auxitque.
830 989 1014 1024 Mortuus
1037 993 1098 1024 est

140 1052 244 1076 anno
260 1042 305 1078 85
321 1041 529 1084 aetatis,v⁰
541 1042 695 1078 calend.
711 1043 862 1078 octobr.
880 1043 985 1086 1700,
1008 1054 1096 1079 cum

139 1096 274 1142 magni
293 1095 443 1130 consilii
465 1095 663 1139 Pontifex,
685 1100 725 1132 et
742 1101 948 1144 spectatae
969 1097 1096 1144 probi-

141 1149 233 1185 tatis
251 1149 391 1185 fuisset
409 1160 532 1186 annos
549 1150 585 1194 9,
605 1161 749 1186 menses
769 1151 805 1194 2,
826 1155 866 1187 et
883 1150 967 1187 dies
987 1151 1044 1187 15.

188 1204 244 1240 31.
260 1203 436 1240 conatus
459 1203 686 1252 irenicipro
702 1205 843 1241 anione
857 1205 1093 1253 religyiosa—

140 1258 340 1299 Quantum
367 1262 499 1294 autem
519 1259 716 1306 religiosis
740 1259 912 1296 dissidiis
931 1289 939 1303 ‚
959 1260 1096 1307 quibus

139 1323 162 1348 a
181 1312 644 1360 pseudo-reformationis
663 1314 906 1360 temporibus
933 1315 1096 1361 Europa

140 1366 211 1402 fuit
230 1367 479 1413 perturbata,
500 1366 620 1402 animi
640 1367 688 1403 ab
706 1367 878 1404 invicem
898 1368 1017 1404 alieni
1036 1380 1097 1404 es-

139 1423 241 1462 sent,
257 1421 354 1456 satis
368 1419 578 1456 ostendunt
594 1421 679 1468 ipsa
693 1422 850 1458 unionis
866 1423 1096 1466 conamina,

140 1473 214 1510 hoc
234 1475 392 1511 saeculo
415 1479 495 1511 tum
519 1476 625 1511 inter
642 1476 869 1513 Catholicos
889 1481 930 1513 et
958 1477 1096 1513 Prote-

141 1532 309 1573 stantes,
326 1533 407 1565 tum
425 1529 530 1565 inter
540 1530 789 1567 Lutheranos
802 1536 841 1567 et
855 1532 1096 1569 Calvinistas

140 1583 333 1620 instituta.
350 1584 391 1620 In
407 1584 636 1621 liuncfinem
650 1590 730 1621 tum
743 1586 936 1633 colloquia
952 1586 998 1622 de
1017 1597 1095 1622 ma-

140 1637 250 1674 teriis
274 1639 541 1674 controversis
574 1639 708 1675 habita
726 1668 734 1683 ,
761 1644 843 1676 tum
869 1642 1019 1688 scripta
1046 1640 1095 1677 ad

141 1693 293 1728 animos
308 1692 572 1729 conciliandos
587 1694 819 1740 composita,
836 1706 906 1731 seu
922 1695 1089 1736 irenica,

142 1750 224 1782 tum
243 1747 413 1784 methodi
433 1747 667 1785 efficiendae
689 1749 843 1785 unionis
869 1751 1095 1798 propositae

141 1805 242 1837 sunt.

189 1856 220 1891 E
242 1857 457 1905 colloquiis,
477 1857 633 1894 unionis
652 1858 784 1905 gratia
802 1858 907 1895 inter
925 1860 1096 1897 Catholi-

143 1921 210 1947 cos
225 1914 263 1947 et
278 1911 766 1955 Protestantesinstitutis,
777 1916 913 1949 notatu
931 1915 1093 1962 dignum

143 1970 202 2001 est
219 1965 327 2009 illud,
345 1965 445 2012 quod
464 1965 690 2002 Uladislaus
709 1967 778 2010 IV,
798 1979 869 2003 rex
889 1968 1096 2015 Poloniae,

142 2030 246 2055 anno
269 2020 358 2055 1645
374 2020 510 2055 indixit
525 2021 628 2056 inter
645 2021 848 2068 theologos
866 2023 1097 2070 catholicos,

142 2074 371 2110 lutheranos
389 2078 429 2110 et
447 2074 690 2118 calvinistas,
709 2087 787 2111 non
807 2080 886 2112 tam
906 2083 949 2113 ut
968 2078 1094 2126 dispu-

144 2131 289 2170 tarent,
306 2138 421 2175 quam
440 2132 481 2163 ut
495 2130 688 2165 materias
704 2133 986 2168 controversas
1005 2145 1094 2170 exa-

143 2182 978 2229 minarentetamicedeterminarent;unde
995 2188 1095 2224 istud

143 2236 377 2283 colloquium
398 2235 677 2272 charitativum
696 2238 758 2274 vel
778 2240 897 2275 etiam
919 2240 1098 2279 fraterna

143 2289 302 2325 collatio
311 2289 457 2325 dictum
473 2294 544 2325 est.
558 2290 707 2326 Verum
724 2297 911 2339 quantum
928 2294 975 2330 ad
990 2297 1097 2332 unio-

144 2354 232 2380 nem
254 2343 439 2391 pertinet,
459 2343 552 2378 nihil
573 2344 757 2380 effectum
777 2350 849 2382 est.
870 2349 986 2384 Anno
1008 2350 1096 2387 1651

144 2398 339 2434 Ernestus
355 2426 363 2441 ,
384 2408 516 2434 comes
542 2398 798 2445 provincialis
817 2411 885 2437 scu
916 2403 1098 2450 landgra-

144 2451 228 2486 vius
247 2451 374 2486 Hasso
395 2451 721 2497 Rheinfelsensis,
736 2453 993 2492 Valerianum
1018 2458 1101 2494 Ma-

145 2506 225 2553 gni,
243 2505 412 2540 nobilem
434 2504 776 2542 Mediolanensem
795 2512 834 2543 et
849 2509 1010 2547 Ordinis
1029 2512 1100 2549 Ca-

146 2558 376 2605 pucinorum
398 2559 621 2594 ministrum
649 2562 905 2607 generalem,
936 2564 984 2599 ab
1011 2566 1100 2602 Ale—

144 2611 294 2649 xandro
316 2612 386 2659 Pp.
406 2612 491 2648 VIII
512 2614 739 2660 apostolicis
757 2615 1010 2653 missionibus
1031 2630 1100 2665 per

144 2667 417 2710 Germaniam,
434 2666 639 2703 Poloniam
660 2672 700 2704 et
719 2669 966 2715 Hungariam
990 2683 1101 2719 prae-

145 2721 305 2763 sectum,
326 2725 367 2757 et
384 2720 481 2756 duos
501 2720 707 2769 theologos
725 2722 935 2761 Giesenses
951 2726 988 2760 in
1006 2737 1098 2763 arce

144 2786 216 2811 sua
231 2774 434 2811 Rheinsels
450 2776 725 2823 congregavit,
742 2780 797 2820 ut,
814 2789 855 2813 se
873 2784 1100 2825 praesente,

145 2828 192 2865 de
212 2829 381 2865 criteriis
397 2834 436 2866 et
451 2829 731 2867 infallibilitate
750 2842 872 2868 verae
895 2832 1098 2871 Ecclesiae

145 2882 390 2930 disputarent
408 2896 415 2927 ;
436 2884 534 2931 quod
555 2895 602 2920 eo
622 2888 765 2920 eventu
786 2885 931 2922 sactum
952 2891 1014 2923 est
1034 2916 1042 2931 ,
1059 2892 1101 2923 ut

145 2947 278 2972 comes
296 2937 551 2983 provincialis
570 2938 618 2974 ad
638 2938 830 2976 catholica
852 2951 969 2976 sacra
991 2946 1096 2977 tran-

144 2989 255 3026 siret.

196 3044 298 3080 Prae
335 3045 421 3081 aliis
448 3046 633 3083 unionem
668 3047 979 3085 Protestantium
1008 3061 1095 3085 cum

146 3098 358 3135 Catholicis
383 3101 552 3136 tentavit
568 3102 874 3150 Christophorus
901 3103 1025 3150 Rojas
1052 3104 1097 3140 dc

147 3152 324 3199 Spinola,
340 3154 554 3201 Hispanus,
570 3157 705 3193 uxoris
724 3157 913 3204 Leopoldi
935 3157 1099 3204 impera-

708 167 877 195 EPOCHA
897 165 971 194 xll.
993 167 1021 193 A
1042 166 1211 194 LITIBVS
1231 165 1540 195 IANSENISTICIS

1146 238 1300 284 logicae
1325 240 1366 274 et
1392 238 1612 285 polemieae
1629 237 1744 274 valde
1773 238 1937 286 peritus.
1958 239 1995 274 Is
2021 249 2102 275 ma-

1147 303 1225 339 gno
1243 292 1397 329 unionis
1415 292 1543 328 studio
1562 292 1760 329 animatus
1773 321 1781 336 ,
1802 293 1926 329 multa
1943 292 1992 328 ad
2011 304 2100 329 eam

1148 347 1380 382 tentandam
1407 347 1551 383 itinera
1578 346 1627 384 ab
1656 356 1759 382 anno
1785 347 1877 384 1675
1902 358 2025 394 usque
2051 346 2101 382 ad

1151 401 1240 437 1695
1260 401 1470 448 praecipue
1494 412 1565 448 per
1592 400 1848 437 Germaniam
1872 404 1913 437 et
1938 402 2098 447 Hunga-

1148 453 1246 489 riam
1263 455 1450 502 suscepit,
1462 455 1510 490 ab
1527 455 1769 500 Imperatore
1786 459 1826 490 et
1843 455 2013 490 comitiis
2032 455 2103 490 im-

1150 508 1247 554 perii
1266 508 1408 544 litteris
1427 507 1727 544 commendatus
1745 511 1784 544 et
1800 508 2030 544 necessaria
2046 508 2102 544 fa-

1148 562 1294 598 cultate
1309 562 1537 598 instructus.
1551 561 1645 597 Eius
1661 565 1796 597 tamen
1811 561 2021 598 conamina
2035 572 2102 609 op-

1149 618 1271 651 tatum
1290 615 1476 652 effectum
1494 627 1574 650 non
1598 615 1833 651 habuerunt.
1853 615 2101 652 Praesertim

1148 669 1195 705 de
1219 670 1377 706 unionis
1402 670 1564 716 negotio
1591 668 1775 705 disseruit
1793 679 1882 704 cum
1911 669 2072 704 Molano
2089 697 2098 713 ‚

1149 722 1333 770 theologo
1353 723 1561 759 Iutherano
1581 725 1621 758 et
1643 721 1968 758 consistoriorum
1994 722 2101 758 Han-

1151 777 1432 813 noverensium
1449 781 1620 813 rectore.
1630 776 1680 812 lis
1693 774 1805 812 brevi
1821 780 1910 823 post
1922 786 2102 812 accesse-

1150 833 1242 866 runt
1256 830 1506 866 doctissimus
1521 829 1765 873 Bossuetius‚
1780 829 1989 876 episcopus
2004 829 2104 866 Mel-

1149 883 1294 928 densis,
1322 888 1361 921 et
1387 884 1583 920 Guilielm.
1614 883 1844 928 Leibnitius‚
1871 883 2100 930 Lipsiensis,

1151 938 1254 974 inter
1288 938 1534 974 Lutheranos
1572 937 1874 973 eruditissimus.
1906 936 1964 973 Illi
1991 937 2104 984 plura

1150 992 1222 1027 sibi
1251 992 1420 1028 invicem
1447 992 1494 1028 de
1522 991 1723 1039 praesenti
1750 991 1910 1038 negotio
1938 991 2104 1028 consilia

1150 1046 1493 1082 communicarunt
1525 1046 1756 1092 litterasque
1796 1045 2104 1082 transmiserunt

1149 1104 1188 1136 et
1206 1100 1384 1136 diversas
1401 1099 1555 1136 unionis
1570 1099 1839 1135 conciliandae
1858 1100 1945 1140 vias
1963 1111 2103 1148 propo-

1149 1159 1326 1190 suerunt.
1344 1156 1395 1190 At
1412 1153 1539 1189 maior
1553 1157 1641 1189 erat
1656 1153 1939 1200 principiorum
1959 1154 2103 1190 utrius—

1149 1219 1222 1255 que
1243 1209 1368 1256 partis
1382 1208 1431 1244 ad
1447 1208 1617 1243 invicem
1637 1207 1840 1249 distantia,
1859 1218 1976 1255 quam
1993 1211 2037 1244 ut
2055 1208 2104 1244 ad

1148 1262 1391 1310 propositum
1411 1262 1483 1297 sibi
1501 1261 1620 1297 finem
1642 1262 1899 1308 pervenirent
1914 1264 1941 1297 1.

1196 1316 1274 1351 Alii
1301 1316 1339 1351 in
1367 1315 1548 1352 eumdem
1573 1315 1690 1351 finem
1716 1315 1866 1362 scripta
1892 1315 2104 1363 polemico·

1149 1370 1424 1405 conciliatoria
1451 1368 1658 1406 ediderunt
1675 1397 1683 1412 ,
1720 1368 1783 1416 qui
1809 1379 1934 1406 novas
1968 1371 2105 1418 paucis

1148 1423 1359 1459 dirimendi
1381 1434 1466 1459 rem
1479 1430 1781 1459 controversam
1792 1423 1998 1461 methodos
2016 1437 2104 1472 pro-

1149 1478 1359 1524 ponebant;
1379 1477 1546 1524 ideoque
1565 1477 1826 1514 methodistae
1846 1477 1922 1514 dici
1940 1490 2105 1517 consue-

1147 1535 1303 1567 verunt.
1326 1531 1489 1566 Iacobus
1507 1531 1720 1566 Gretserus
1739 1531 1780 1567 S.
1799 1532 1845 1577 l.‚
1872 1532 1911 1567 in
1937 1532 2105 1570 Univer-

1148 1586 1264 1621 sitate
1287 1584 1588 1632 Ingolstadiensi
1607 1585 1821 1632 professor,
1842 1587 1965 1623 multa
1983 1588 2105 1636 scrip-

1149 1643 1189 1675 ta
1208 1639 1406 1687 polemica
1433 1639 1602 1686 reliquit.
1629 1638 1806 1676 Adamus
1833 1641 2005 1678 Contzen
2023 1670 2032 1686 ‚
2051 1642 2100 1678 ab

1149 1705 1213 1729 an.
1235 1694 1326 1731 1642
1343 1694 1532 1732 Coloniae
1552 1693 1672 1729 edidit
1689 1693 1936 1731 discursuum
1955 1695 2104 1732 theolo-

1149 1748 1504 1795 gico-politicorum
1520 1748 1640 1784 libros
1655 1748 1865 1795 3,quorurn
1880 1750 2105 1798 primuspa-

1149 1802 1328 1838 cificator
1344 1802 1585 1839 Germaniae
1604 1802 1686 1838 sive
1708 1803 1904 1839 lrenicum
1931 1803 1978 1841 de
2004 1815 2104 1842 vera

1150 1867 1248 1904 pace
1268 1861 1306 1893 et
1327 1856 1539 1892 concordia
1556 1857 1594 1892 in
1613 1856 1831 1893 Germania
1849 1857 2037 1904 ineunda3
2054 1860 2108 1896 al·

1151 1915 1212 1947 ter
1231 1911 1461 1958 pacificator
1480 1910 1587 1946 orbis
1605 1910 1810 1947 christiani
1829 1912 1912 1948 sive
1931 1912 1979 1949 de
2004 1925 2105 1951 vera

1150 1969 1190 2001 et
1209 1965 1306 2001 falsa
1324 1975 1421 2013 pace
1439 1977 1447 2009 ;
1467 1964 1607 2001 tertius
1632 1965 1679 2001 de
1699 1966 1913 2002 concordia
1938 1972 1979 2004 et
2004 1979 2104 2016 pace

1149 2019 1389 2055 Germaniae
1405 2019 1506 2055 etde
1523 2019 1689 2055 concilio
1705 2020 1885 2067 generali
1899 2021 2105 2059 instituen-

1150 2073 1197 2109 do
1219 2073 1430 2120 inscriptus
1451 2076 1523 2109 est.
1545 2073 1571 2109 I.
1591 2073 1817 2110 Massenius
1836 2085 1898 2110 an.
1924 2075 2016 2112 1662
2033 2077 2106 2113 Co-

1152 2127 1278 2163 Ioniae
1301 2127 1422 2163 edidit
1442 2126 1675 2163 meditatam
1695 2128 1948 2165 concordiam
1968 2129 2110 2168 Prote-

1149 2180 1337 2217 stantium
1357 2191 1445 2216 cum
1465 2180 1678 2217 Catholicis
1697 2181 1735 2216 in
1754 2192 1834 2217 una
1857 2183 2105 2222 confessione

1150 2235 1239 2271 fidei
1259 2246 1280 2271 e
1299 2247 1328 2271 s.
1351 2235 1560 2281 Scriptura
1573 2263 1581 2277 ,
1600 2239 1640 2271 et
1659 2246 1723 2270 an.
1745 2236 1836 2273 1664
1854 2248 1997 2275 novem
2017 2249 2108 2286 pra-

1151 2288 1231 2324 xim
1250 2287 1494 2323 orthodoxae
1522 2287 1611 2324 fidei
1630 2317 1638 2331 ,
1657 2290 1783 2326 sacris
1804 2302 1874 2338 per
1901 2295 1992 2328 octo
2019 2292 2103 2330 dies

1148 2341 1498 2378 exercitationibus
1524 2341 1811 2380 discernendae
1830 2373 1838 2388 ,
1866 2348 1907 2381 et
1932 2346 2104 2394 amplec-

1149 2395 1303 2432 tendae.
1347 2395 1555 2443 Dionysius
1591 2395 1816 2434 VVerlensis
1833 2426 1841 2442 ‚
1881 2399 2106 2448 Capucinus

1148 2449 1307 2496 scripsit
1324 2449 1430 2485 viam
1450 2450 1558 2495 pacis
1577 2449 1680 2486 inter
1706 2451 1885 2488 homines
1911 2465 1984 2501 per
2009 2454 2123 2502 Ger·⁴

1149 2503 1324 2539 maniam
1341 2503 1378 2538 in
1399 2503 1492 2539 Fide
1509 2502 1806 2550 dissentientes,
1820 2516 1884 2542 an.
1903 2507 1996 2545 1686
2015 2508 2105 2544 Hel—

1149 2556 1283 2593 desiae
1300 2556 1338 2591 in
1355 2556 1481 2592 lucem
1501 2557 1700 2593 emissam.
1720 2559 1777 2596 De
1796 2559 1937 2597 eadem
1953 2572 1996 2598 re
2011 2561 2107 2597 scri—

1151 2614 1313 2657 pserunt
1339 2610 1575 2647 Bertholdus
1602 2611 1787 2649 Nihusius
1806 2641 1814 2657 ‚
1841 2613 2106 2652 Brunsvicen-

1149 2664 1215 2707 sis,
1232 2675 1334 2700 anno
1352 2664 1442 2700 1622
1457 2675 1478 2700 c
1497 2664 1702 2702 lntherano
1718 2667 1950 2712 catholicus,
1967 2673 2106 2716 postea

1150 2717 1443 2765 archiepiscopi
1472 2719 1697 2766 Moguntini
1723 2722 2028 2768 suffraganeum
2054 2725 2107 2759 A·

1150 2771 1359 2808 drianuset
1372 2772 1516 2808 Petrus
1533 2774 1677 2810 fratres
1687 2773 1734 2810 de
1753 2774 2041 2812 NVallenburch
2057 2778 2106 2814 E-

1150 2825 1567 2873 piscopisuffraganei,
1582 2827 1644 2864 hic
1660 2828 1898 2876 Moguntini,
1916 2829 1979 2866 ille
1992 2831 2105 2868 Colo-

1150 2879 1310 2923 niensis;
1330 2891 1493 2927 quorum
1519 2884 1712 2918 tractatus
1732 2883 1942 2929 generales
1962 2887 2002 2921 et
2020 2896 2105 2932 spe-

1150 2933 1270 2970 ciales
1288 2933 1335 2970 de
1355 2936 1638 2972 controversiis
1663 2936 1773 2973 Fidei
1794 2937 2003 2985 plurimum
2024 2939 2108 2975 lau-

1148 2986 1307 3031 dantnr;
1324 2988 1564 3025 Franciscus
1590 2989 1789 3027 Veronius
1808 3019 1817 3035 ‚
1843 2991 1988 3028 Iesuita
2013 2992 2106 3028 Gal-

1151 3042 1207 3077 lus
1221 3043 1249 3084 ‘2;
1261 3042 1378 3079 Card.
1396 3042 1443 3079 de
1461 3043 1678 3088 Richelieu,
1691 3045 1904 3092 primarius
1917 3045 2105 3082 Ludoviei

1151 3095 1237 3131 XIII
1258 3096 1366 3141 regis
1385 3097 1537 3134 Galliac
1554 3097 1800 3144 administer3
1816 3098 1962 3136 Paulus
1981 3099 2105 3138 Pelis—

1198 3180 1204 3199 ¹
1228 3183 1378 3222 bossunt,
1407 3183 1546 3217 OEuvrcs
1567 3188 1779 3227 poxehumes,
1809 3190 1833 3220 t.
1856 3186 1882 3225 Ι,
1903 3186 1981 3221 edit.
2002 3187 2104 3230 lum

147 3206 242 3241 ‘0¹⁴⁵
270 3207 281 3241 1
310 3209 591 3254 00¹¹scssa¹·ius‚
618 3216 658 3247 et
683 3210 836 3247 'finano
873 3212 910 3247 in
937 3212 1101 3250 Croatia
1150 3226 1253 3266 ricot,
1279 3227 1384 3262 Mem.
1407 3239 1496 3271 pour
1524 3231 1628 3266 suist.
1657 3233 1737 3267 eccl.
1767 3232 1813 3266 du
1841 3232 1974 3268 XV111·
1990 3234 2103 3269 siecle.

145 3258 443 3299 Neostadiensis
457 3263 494 3298 in
512 3264 673 3301 Austria
687 3265 978 3313 episcopus,rei
995 3266 1099 3304 theo-

1194 3279 1207 3299 ’ἐ
1237 3273 1362 3308 Vidcsis
1390 3285 1422 3317 p.
1449 3276 1530 3309 227.
