2241 3473
595 136 721 167 VSQVE
749 137 802 163 AD
829 135 1127 164 PONTIFICATVM
1156 136 1186 163 S.
1208 136 1403 164 GREGORH
1433 136 1502 162 vlt.

76 202 166 241 olim
186 202 222 239 in
246 200 449 239 Pannonia
469 200 631 249 aliisque
660 200 772 244 locis,
792 212 890 248 quae
911 199 1027 236 Hun—

76 256 161 305 gari
179 257 431 302 occuparant,
451 265 569 301 quum
590 265 639 290 ea
654 258 782 290 essent
799 253 868 289 sub
884 252 1028 289 Roma-

77 318 212 346 norum
239 306 403 355 imperio
417 335 426 350 ,
447 308 592 355 septem
613 305 805 342 exititisse
827 305 1028 353 episcopa-

77 363 155 405 tus,
171 359 455 397 Laureacensis
475 358 661 395 antistitis
679 357 960 403 suffraganeos,
974 368 1031 393 ro-

77 413 274 461 gabatque
296 412 538 455 Pontificem,
555 413 593 446 ut
615 410 897 446 Laureaccnsis
913 409 1032 445 ecclc-

77 464 156 502 siae
178 464 381 513 privilegia
402 463 613 500 restituere
634 463 877 509 dignaretur.
901 462 1032 498 Bene-

77 517 204 554 dictus
226 516 298 553 VII
319 516 524 554 ecclesiam
546 516 858 552 Laureacensem
881 514 929 550 ab
947 514 1033 550 obe-

78 569 224 607 dientia
235 568 541 617 Salisburgensis
554 567 713 611 exemit,
726 567 764 603 in
783 565 1030 613 metropolim

79 623 208 659 erexit
225 651 234 665 ,
255 622 366 669 eique
387 622 425 657 in
447 621 562 657 rebus
581 620 702 656 sacris
723 618 887 656 subiecit
909 618 1032 653 ecclc-

79 674 157 712 sias
186 674 411 711 Pannoniae
432 672 625 709 inferioris
645 674 683 707 et
704 671 873 708 Moesiae
891 683 899 715 3
920 669 1034 706 Salis-

84 727 266 775 burgensi
283 738 375 763 vero
395 724 682 772 archiepiscopo
703 723 876 760 subditos
906 722 1035 758 voluit

85 779 280 817 antistites
309 777 533 815 Pannoniae
563 776 796 824 superioris:
827 778 874 811 de
895 786 972 822 qua
993 785 1034 810 rc

81 831 285 880 epistolam
305 830 411 867 dedit
430 830 477 866 ad
498 829 697 877 episcopos
718 829 965 872 Germaniae,
987 827 1034 862 ad

82 884 267 921 Ottouem
301 884 574 930 imperatorem
606 881 654 925 II,
684 883 723 917 et
752 880 798 917 ad
822 879 1035 916 Henricum

83 936 223 973 ducem
243 935 436 972 Bavariae
455 932 478 971 ¹.
500 933 738 970 Benedictus
757 933 832 969 VII
863 932 923 969 die
944 931 1036 968 fun-

83 991 168 1026 ctus
177 991 235 1025 est
250 999 312 1025 an.
332 987 422 1031 984,
439 989 498 1023 vi⁰
512 987 598 1023 idus
613 985 714 1032 iulii,
730 997 818 1023 cum
834 987 1037 1033 regnasset

83 1052 206 1078 annos
226 1039 394 1088 amplius
416 1051 566 1075 novem.

138 1093 319 1130 102.0tto
339 1092 388 1128 II
398 1097 437 1129 et
451 1091 525 1128 ΠΙ
536 1093 802 1139 imperatores
817 1090 1039 1127 Occidentis

86 1166 135 1175 —
149 1147 262 1183 Anno
282 1144 360 1181 973
379 1144 593 1192 imperator
612 1145 704 1181 Otto
718 1143 769 1181 M.
780 1141 1040 1191 Magdeburgi

83 1198 163 1235 vita
190 1197 368 1235 excessit.
399 1197 510 1233 Tunc
530 1196 741 1244 imperavit
762 1196 853 1232 Otto
874 1195 931 1240 II,
959 1194 1041 1231 eius

85 1250 234 1295 filius,a
253 1250 396 1287 Ioanne
413 1250 482 1298 Pp.
494 1249 606 1294 XIII,
618 1251 661 1286 ut
677 1249 857 1293 vidimus,
876 1246 1041 1284 solemni

85 1303 164 1341 ritu
197 1303 347 1340 Romae
378 1305 598 1339 coronatus.
627 1302 663 1339 Is
692 1301 1042 1350 Theophanonem,

86 1355 252 1393 Romani
261 1355 297 1391 ΙΙ
308 1355 551 1402 imperatoris
563 1355 802 1391 Graecorum
823 1353 943 1390 filiam
955 1363 1046 1388 uxo-

87 1419 170 1446 rem
195 1408 388 1452 duxerat3
418 1407 628 1444 Henricum
665 1407 799 1444 ducem
829 1405 1046 1449 Bavariae,

88 1460 154 1509 qui
172 1471 262 1497 cum
282 1460 410 1497 Slavis
430 1462 469 1496 et
494 1459 612 1496 Danis
632 1459 906 1504 rebellaverat,
926 1458 1045 1494 subc-

87 1512 146 1562 git
163 1515 203 1550 et
222 1512 388 1550 rebelles
404 1513 452 1548 ad
468 1512 695 1560 obsequium
706 1511 876 1549 reduxit.
889 1510 1045 1548 An.981

88 1577 112 1603 a
139 1565 348 1603 Benedicto
377 1565 448 1612 Pp.
464 1565 539 1601 VII
567 1567 754 1602 evocatus
782 1567 918 1601 contra
946 1563 1047 1599 Cen-

88 1618 193 1655 cium
209 1629 276 1655 seu
298 1617 564 1654 Crescentium
581 1616 879 1665 patricium,qui
899 1617 1049 1653 Romae

89 1670 350 1719 principatum
372 1669 721 1718 usurpabat,illum
738 1670 776 1706 in
794 1669 968 1706 ordinem
989 1679 1051 1704 re-

90 1723 199 1772 degit
211 1737 220 1769 ;
230 1726 324 1761 tunc
339 1722 487 1759 bellum
499 1722 867 1770 suscepitadversus
880 1722 1050 1757 Graecos

90 1775 130 1813 in
147 1775 308 1824 Apulia;
324 1775 389 1812 sed
406 1786 553 1823 magna
568 1775 678 1812 clade
694 1775 869 1819 affectus,
885 1774 1051 1810 Romam

93 1839 295 1877 regressus
310 1830 382 1873 est,
400 1828 465 1864 ubi
481 1840 543 1864 an.
566 1827 643 1864 983
673 1827 779 1864 obiit.
807 1827 851 1864 Ei
868 1824 1054 1863 successit

95 1880 187 1918 Otto
216 1881 287 1926 III,
306 1880 409 1917 filius
429 1880 535 1926 cius,
565 1891 635 1916 rex
675 1879 909 1916 Germaniae
939 1880 1054 1925 atque

98 1933 237 1971 Italiae
259 1936 471 1970 coronatus
492 1945 515 1969 a
535 1932 739 1981 W'illegiso
760 1930 993 1980 Moguntino
1015 1932 1054 1966 et

98 1985 242 2022 Ioanne
279 1985 575 2022 Ravennatensi
605 1984 917 2033 archiepiscopis.
948 1983 1051 2020 Pro-

98 2041 184 2086 pter
212 2038 406 2074 iuniorem
427 2037 580 2074 Ottonis
605 2041 775 2074 aetatem
795 2036 906 2085 regni
927 2035 1054 2072 admi-

100 2090 279 2128 nistratio
317 2090 371 2127 W
375 2089 527 2138 illcgiso
567 2090 853 2138 archiepiscopo
893 2089 1057 2136 Mogun-

102 2143 196 2187 tino,
217 2143 320 2190 regis
340 2154 436 2180 vero
458 2143 652 2180 institutio
673 2142 952 2190 Theophanoni
970 2151 1056 2177 ma-

99 2193 166 2241 tri,
184 2195 360 2233 Adel-aidi
383 2195 498 2232 aviae
519 2198 557 2232 et
579 2195 768 2232 Ger-berto
789 2194 978 2231 monacho
996 2194 1057 2230 do-

103 2247 274 2285 ctissimo
298 2248 537 2284 demandata
566 2248 654 2285 fuit.
689 2248 761 2284 An.
788 2247 865 2284 990
886 2247 978 2283 Otto
1002 2245 1059 2282 ΙΙΙ

101 2299 250 2336 Romae
269 2311 293 2336 a
313 2300 503 2348 Gregorio
524 2300 594 2349 Pp.
607 2301 641 2337 V
663 2300 825 2338 solemni
844 2299 920 2336 ritu
940 2298 1056 2346 impe—

105 2355 214 2388 rator
234 2352 493 2400 inauguratus
514 2359 586 2398 est,
610 2355 650 2390 et
670 2355 809 2389 unctus
825 2351 918 2397 fuit3
938 2351 1058 2398 impe-

105 2403 209 2440 ravit
231 2416 351 2451 usque
371 2405 419 2441 ad
439 2416 584 2442 annum
612 2405 722 2443 1002.
740 2404 918 2442 Praefati
935 2404 1056 2452 impe-

103 2459 278 2501 ratores,
298 2456 328 2492 si
348 2456 590 2494 simultatem
616 2457 770 2495 Ottonis
791 2458 806 2494 I
829 2468 916 2494 cum
939 2457 1056 2492 Ioan-

105 2520 153 2545 ne
181 2508 273 2552 XII,
289 2519 406 2556 supra
434 2510 610 2556 relatam,
639 2510 821 2558 excipias,
840 2509 1054 2547 Ecclesiam

105 2571 175 2609 pro
196 2559 320 2597 officio
341 2571 409 2597 suo
431 2561 697 2609 defenderunt,
721 2561 909 2611 episcopis
930 2561 978 2598 ad
1003 2561 1058 2597 in-

106 2611 356 2649 staurandam
379 2613 621 2662 disciplinam
637 2618 676 2652 et
694 2615 945 2663 corrigendos
961 2613 1056 2650 cleri

106 2667 148 2701 et
164 2664 295 2713 populi
316 2676 443 2702 mores
459 2677 571 2714 opem
586 2668 775 2711 tulerunt,
793 2678 948 2716 operam
966 2678 1059 2714 quo-

106 2728 180 2765 que
201 2716 478 2765 praestiterunt
497 2718 695 2767 religionis
708 2720 946 2756 christianae
963 2731 1055 2767 pro-

107 2769 306 2818 pagationi
326 2769 429 2806 inter
448 2770 608 2818 populos
628 2771 777 2809 Slavos.

164 2821 252 2858 103.
274 2822 433 2858 Rerum
453 2827 586 2859 status
606 2824 652 2860 in
676 2824 816 2861 Gallia
831 2845 880 2852 —
898 2825 942 2861 In
959 2823 1055 2860 Gal-

108 2873 164 2910 lia
181 2873 386 2910 Ludovico
402 2874 486 2922 regi
506 2874 574 2920 IV,
591 2886 652 2912 an.
673 2876 749 2913 954
765 2876 959 2921 defuncto,
975 2888 1058 2913 suc-

110 2925 226 2962 cessit
253 2925 461 2963 Lotharius
479 2955 488 2970 ‚
513 2926 615 2964 filius
644 2927 727 2965 eius
744 2957 753 2974 ‚
782 2928 848 2976 qui
872 2928 1056 2977 regnavit

112 2989 232 3026 usque
261 2978 310 3015 ad
329 2990 392 3019 an.
420 2979 508 3016 986.
530 2978 658 3019 Quum
679 2982 811 3017 autem
838 2980 870 3017 is
901 2982 1056 3018 careret

110 3030 258 3067 virtute
274 3031 494 3068 necessaria
509 3031 557 3068 ad
578 3033 835 3070 conterendas
851 3032 1055 3071 interiores

156 3156 165 3176 ¹
184 3157 296 3197 Labbc,
311 3158 372 3189 loc.
385 3158 447 3196 cit,
461 3166 494 3197 p.
508 3156 575 3187 716.

1888 125 1966 162 263

1073 199 1184 247 regni
1204 199 1416 237 divisiones
1436 202 1477 237 et
1496 199 1771 237 vindicandam
1792 198 1940 246 regiam
1958 210 2022 236 au-

1073 252 1293 290 ctoritatem
1317 265 1340 290 a
1355 255 1585 301 magnatum
1603 251 1813 290 ambitione
1830 254 1946 300 atque
1964 263 2023 288 ar-

1074 305 1209 350 bitrio,
1239 308 1321 343 tum
1346 305 1586 353 reipublicae
1606 317 1692 342 cum
1714 304 1916 353 religionis
1935 305 2023 341 sta-

1074 361 1138 394 tus
1158 359 1230 395 sub
1252 358 1333 395 eius
1353 358 1570 406 principatu
1592 358 1829 395 detrimenta
1849 356 1980 394 subiit.

1129 411 1270 446 Postea
1287 422 1451 458 regnum
1466 410 1621 458 excepit
1642 410 1864 447 Ludovicus
1874 408 1910 446 V
1923 421 1944 446 e
1957 407 2025 445 Ca-

1075 462 1316 510 rolovingica
1344 463 1527 510 dynastia
1547 475 1616 499 rex
1638 463 1812 506 ultimus,
1835 461 1900 510 qui
1923 472 2024 498 anno

1075 519 1262 562 sequente
1283 521 1461 551 mortuus
1481 517 1551 552 est.
1574 517 1646 552 An.
1664 515 1743 552 987
1760 517 1845 564 post
1859 516 2025 551 mortem

1076 567 1263 603 Ludovici
1289 567 1336 611 V,
1356 578 1549 614 proceres,
1572 567 1829 605 ecclesiastici
1849 571 1887 604 et
1908 566 2026 611 laici,

1078 619 1350 667 praetermisso
1380 619 1518 655 Carolo
1546 620 1643 656 duce
1678 619 1958 668 Lotliaringiae
1988 621 2028 655 et

1076 671 1262 708 Ludovici
1285 671 1320 708 V
1342 674 1492 719 patruo,
1514 683 1644 719 regem
1669 673 1871 720 clegerunt
1888 671 2028 720 Hugo-

1079 735 1165 760 nem
1187 723 1374 771 Capetum
1388 751 1397 767 ,
1418 724 1554 760 ducem
1575 724 1766 762 Franciae
1787 726 1826 761 et
1845 723 2028 761 comitem

1082 776 1431 823 Parisiensem,qui
1450 776 1567 813 rebus
1589 776 1742 814 fortiter
1758 777 1878 825 gestis
1893 776 1953 814 sui
1969 776 2030 813 ad-

1081 829 1328 865 mirationem
1358 831 1398 864 et
1426 840 1534 876 spem
1564 840 1747 875 magnam
1776 829 1877 876 apud
1899 839 2032 866 omnes

1079 882 1292 918 exciverat.
1320 881 1379 917 Ab
1406 892 1450 917 eo
1476 881 1595 918 tertia
1624 881 1865 919 Francorum
1896 892 2031 929 regum

1080 933 1591 983 dynastia,Capetingorum
1612 934 1729 979 dicta,
1750 934 1905 982 incepit.
1919 935 2033 972 Caro·

1080 987 1139 1024 lus
1160 987 1239 1023 dux
1261 986 1553 1034 Lotharingiae,
1573 986 1660 1023 iura
1680 998 1750 1023 sua
1770 987 1888 1023 armis
1909 986 2031 1023 vindi-

1082 1051 1172 1077 care
1202 1040 1392 1084 tentavit3
1421 1039 1489 1075 sed
1510 1039 1558 1075 ab
1579 1037 1746 1086 Hugone
1767 1041 1970 1086 superat-us
1991 1040 2032 1075 et

1083 1091 1282 1129 custodiae
1302 1091 1489 1137 traditus,
1511 1103 1572 1128 an.
1594 1091 1669 1128 991
1692 1092 1799 1129 obiit.
1821 1093 1937 1139 Hugo
1959 1103 2034 1128 au-

1084 1149 1161 1183 tem
1185 1156 1306 1192 usque
1327 1144 1374 1181 ad
1396 1155 1456 1181 an.
1478 1144 1556 1181 996
1575 1144 1768 1192 regnavit.

1140 1198 1253 1246 Hugo
1274 1198 1320 1234 de
1341 1197 1539 1244 republica
1560 1197 1658 1234 bene
1679 1197 1848 1243 meruit,
1868 1196 2037 1234 auctori-

1085 1253 1208 1288 tatem
1228 1250 1378 1299 regiam
1395 1249 1647 1295 instauravit,
1664 1250 1837 1287 ecclesiis
1853 1252 1892 1286 et
1908 1260 2038 1286 mona-

1087 1303 1392 1352 steriis‚praeter
1408 1303 1466 1340 ius
1483 1302 1648 1352 eligendi
1665 1315 1753 1340 suos
1769 1304 1944 1347 abbates,
1956 1302 2039 1338 red-

1089 1357 1192 1394 ditus
1205 1368 1358 1405 quoque
1375 1368 1398 1392 a
1409 1356 1615 1404 postremis
1628 1355 1946 1404 Carolovingicae
1957 1365 2042 1403 pro-

1089 1410 1219 1457 sapiae
1236 1410 1394 1457 regibus
1405 1408 1649 1457 publicarum
1667 1409 1944 1446 necessitatum
1962 1418 2042 1455 spe-

1091 1464 1148 1499 cie
1170 1464 1390 1510 usurpatos,
1402 1461 1589 1506 restituit,
1606 1465 1657 1508 et,
1674 1463 1864 1510 quantum
1878 1460 1963 1498 fieri
1981 1471 2042 1508 po-

1090 1517 1206 1560 terat,
1223 1526 1245 1550 a
1265 1515 1489 1562 proceribus
1504 1515 1660 1552 restitui
1675 1514 1849 1560 curavit3
1867 1514 1932 1550 sed
1949 1523 2042 1562 gra·

1091 1579 1160 1605 ves
1178 1567 1316 1604 turbas
1342 1567 1533 1604 excitavit
1558 1567 1597 1604 in
1619 1579 1738 1604 causa
1758 1566 1950 1614 Arnulphi
1974 1576 2041 1602 ar-

1092 1620 1325 1669 chiepiscopi
1346 1620 1594 1666 Rhemensis,
1621 1631 1716 1667 quas
1745 1619 2041 1668 explicabimus,

1092 1674 1138 1710 de
1160 1672 1387 1720 pontificatu
1410 1672 1567 1710 Ioannis
1587 1673 1664 1710 XV
1685 1679 1856 1721 agentes.

1149 1725 1234 1763 104.
1269 1725 1360 1761 Vz'rz'
1379 1726 1562 1762 illustres
1577 1726 1736 1762 -Post
1755 1725 1959 1762 dimidium
1979 1735 2045 1760 au-

1093 1780 1173 1815 tem
1203 1778 1319 1815 huius
1350 1778 1497 1815 saeculi
1524 1781 1682 1827 praeter
1711 1778 1807 1815 alios
1823 1777 1928 1814 vitae
1949 1788 2045 1813 san-

1095 1832 1232 1868 ctitate
1256 1831 1485 1868 claruerunt
1505 1836 1545 1868 et
1565 1832 1702 1869 Ssrum
1723 1831 1891 1868 honores
1907 1840 2046 1866 conse-

1095 1884 1177 1921 cuti
1193 1887 1285 1920 sunt
1305 1883 1344 1920 hi
1365 1883 1431 1931 qui
1455 1886 1692 1932 sequuntur:
1713 1883 1815 1921 inter
1836 1883 2047 1931 episcopos,

1096 1936 1308 1974 Udalricus
1347 1938 1615 1984 Augustanus,
1653 1937 1854 1974 Conradus
1894 1937 1934 1972 et
1967 1935 2048 1971 Ge-

1097 1990 1268 2026 bliardus
1285 1989 1591 2026 Constantiensis
1614 1987 1639 2034 ¹,
1659 1989 1898 2036 Wolfangus
1919 1987 2051 2024 Ratis-

1096 2042 1278 2079 bonensis
1301 2063 1349 2069 —
1366 2042 1433 2090 qui
1448 2043 1739 2087 canonicorum,
1755 2041 2051 2085 monachorum,

1096 2095 1324 2132 monialium
1355 2099 1394 2132 et
1418 2095 1552 2143 populi
1581 2095 1782 2132 christiani
1810 2093 1982 2131 moribus
2011 2094 2052 2128 et

1097 2148 1311 2196 disciplinis
1345 2148 1614 2184 instaurandis
1641 2150 1758 2196 atque
1789 2145 2051 2196 promovendo

1096 2201 1323 2238 litterarum
1347 2200 1475 2237 studio
1496 2201 1738 2248 praeclaram
1761 2210 1921 2248 operam
1936 2209 2054 2235 nava-

1099 2254 1156 2290 vit
1170 2252 1185 2274 2
1207 2274 1256 2281 —
1274 2283 1283 2298 ,
1304 2253 1539 2290 Adalbertus
1570 2253 1779 2301 Pragensis
1795 2251 1822 2298 3,
1852 2250 2050 2288 Gerardus

1097 2304 1333 2351 Tullensis4,
1364 2306 1591 2343 Dunstanus
1619 2303 1962 2349 CantuarIensis5,
1993 2303 2048 2339 Ε-

1095 2359 1335 2396 tlielwoldus
1355 2358 1638 2396 Wintoniensis
1651 2357 1679 2403 ⁶,
1699 2362 1738 2395 et
1766 2356 1970 2394 Oswaldus
1991 2354 2047 2391 E-

1097 2409 1346 2449 boracensis⁷
1364 2425 1372 2457 3
1394 2411 1604 2448 Eduardus
1625 2423 1693 2448 rex
1710 2409 1874 2458 Angliae
1891 2411 1930 2445 et
1951 2418 2057 2444 mar-

1096 2463 1206 2513 tyr⁸;
1227 2464 1329 2501 inter
1350 2464 1569 2509 monachos
1584 2464 1753 2501 Maiolus
1769 2463 1889 2499 abbas
1900 2459 2051 2497 Clunia-

1098 2518 1234 2559 censis,
1255 2516 1322 2565 qui
1351 2516 1391 2553 in
1421 2517 1554 2553 multis
1589 2515 1780 2553 coenobiis
1807 2513 2050 2561 disciplinam

1098 2569 1272 2607 restituit
1289 2567 1316 2615 9;
1346 2569 1592 2606 Ramuoldus
1630 2569 1749 2605 abbas
1782 2566 2048 2603 Ratisbonen-

1097 2622 1148 2659 sis
1166 2621 1208 2668 10;
1229 2622 1337 2658 Abbo
1355 2622 1473 2658 abbas
1489 2620 1746 2658 Floriacensis
1761 2617 1802 2664 11;
1823 2617 1940 2655 Nilus
1960 2616 2048 2653 fun-

1098 2676 1211 2712 dator
1226 2674 1452 2711 monasterii
1469 2674 1637 2722 Cryptae
1649 2672 1837 2709 Ferratae
1855 2668 1897 2717 ¹²3
1912 2669 2046 2714 Hatto,

1139 2790 1149 2810 ¹
1167 2791 1279 2826 Butler,
1304 2786 1370 2821 l‘ies
1387 2788 1443 2818 cles
1456 2786 1509 2818 SS.
1528 2786 1567 2816 26
1586 2796 1654 2817 nov.

1138 2832 1151 2853 ‘²
1170 2831 1327 2865 Mabiiiou,
1344 2831 1424 2860 Acla
1443 2828 1516 2858 Orcl.
1535 2826 1564 2857 S.
1585 2828 1618 2858 B.
1636 2836 1718 2857 saec.
1740 2826 1772 2861 V,
1790 2835 1818 2863 p.
1835 2824 1905 2855 812.

1138 2872 1152 2892 3
1168 2872 1318 2908 Boliand„
1334 2871 1414 2901 Acca
1431 2868 1486 2899 SS.
1504 2873 1521 2898 t.
1545 2868 1595 2904 ΙΙΙ,
1613 2868 1699 2906 api-il.
1717 2877 1743 2906 p.
1767 2865 1831 2897 171.

1138 2913 1151 2934 4
1169 2914 1318 2947 Bolland„
1333 2910 1405 2940 ibid.
1422 2908 1460 2939 23
1476 2908 1566 2946 april.

1139 2954 1153 2975 5
1171 2953 1330 2983 ibid.t.1v
1348 2951 1429 2985 maii,
1444 2959 1471 2988 p.
1488 2948 1620 2980 3‡‡.-—6
1636 2947 1712 2979 Ibid.
1732 2948 1745 2978 1
1766 2957 1837 2987 aug.

1138 2994 1152 3015 7
1169 2994 1245 3024 Iliid.
1264 2993 1302 3022 *29
1321 2992 1397 3021 febr.

1138 3033 1292 3065 811›id.ls
1306 3035 1394 3062 marl.
1413 3048 1449 3052 —
1463 3030 1476 3052 9
1493 3031 1652 3069 mabillon,
1672 3030 1728 3060 loc.
1747 3031 1796 3061 cit.
1811 3033 1829 3060 t.
1850 3029 1911 3059 Vll.
1951 3036 1954 3037 ⁷

1141 3075 1168 3097 ¹⁰
1181 3073 1332 3108 Bolland.‚
1351 3071 1405 3111 Op.
1424 3071 1476 3102 cil.
1495 3075 1514 3102 t.
1530 3071 1568 3102 HI
1585 3072 1645 3102 iun.
1665 3082 1697 3111 p.
1713 3071 1780 3102 1142.

1140 3115 1164 3136 ¹¹
1182 3114 1258 3145 ibid.
1276 3113 1314 3143 13
1331 3118 1390 3143 oct.

1144 3155 1170 3177 ¹2
1187 3155 1261 3186 lliid.
1280 3158 1302 3186 t.
1321 3154 1368 3184 Vll
1384 3156 1463 3193 sept.
1481 3162 1508 3192 p.
1525 3152 1597 3184 279.
