2241 3473
269 129 320 169 30

218 217 266 255 ad
296 217 516 254 extremum
540 213 789 253 Neronianae
808 215 1033 265 impietatiS,
1052 215 1165 254 belli-

215 282 290 319 que
323 272 362 308 et
395 269 473 307 odii
515 268 703 306 adversus
740 269 865 306 Deum
902 281 1163 308 successorem

218 324 387 372 seipsum
408 321 604 371 professus
624 323 693 358 est.
716 321 868 371 Quippe
888 323 951 360 hic
971 323 1166 361 secundus

215 376 523 426 persecutionem
539 374 578 410 in
591 385 659 411 nos
671 374 903 413 concitavit¹
916 388 951 414 ».
962 377 1018 414 De
1030 378 1166 414 eodem

215 431 452 478 imperatore
485 427 620 464 scribit
653 427 831 466 Orosius:
868 442 890 466 ‹<
919 429 998 467 Per
1032 442 1165 469 omnes

215 483 406 521 scelerum
420 481 563 530 gradus
580 481 716 529 crevit,
729 484 772 519 ut
783 482 1166 521 confirmatissimam

213 539 296 573 toto
326 535 418 572 orbe
448 533 591 571 Christi
620 534 858 583 Ecclesiam,
888 537 988 574 datis
1024 537 1166 585 ubique

214 587 501 626 crudelissimae
523 588 801 634 persecutionis
821 590 981 637 edictis,
1002 590 1164 628 convel-

214 643 295 679 lere
317 641 504 678 auderet-2
521 651 558 677 >>.
585 640 768 679 Eiusdem
800 644 1082 692 persecutionis
1100 646 1163 682 te-

214 698 293 733 stes
308 697 400 731 sunt
416 693 644 732 Lactantius
656 693 671 715 ³
686 698 726 733 et
742 696 941 746 Sulpicius
956 697 1127 735 Severus
1138 696 1164 736 4.

213 748 321 786 Illius
342 747 500 784 initium
534 746 728 786 Eusebius
756 751 932 799 assignat
960 763 1062 788 anno
1090 751 1163 798 933

217 799 450 850 perduravit
469 811 564 837 vero
587 813 710 851 usque
730 804 778 841 ad
799 804 1013 842 Domitiani
1033 804 1165 842 interi-

214 859 312 901 tum,
334 854 398 903 qui
419 854 586 902 contigit
605 867 706 893 anno
726 857 778 895 96
793 857 818 896 ⁵.

267 908 393 949 Quam
415 910 577 945 cruenta
594 908 716 948 fuerit
729 911 826 949 haec
847 911 1074 961 persecutio,
1091 911 1166 949 col-

211 961 282 1011 ligi
299 963 427 1010 potest
442 972 463 997 e
478 972 599 999 saeva
616 962 862 1011 imperatoris
877 966 1003 1003 indole
1019 968 1058 1002 et
1072 966 1166 1003 stul·

215 1018 258 1053 ta
279 1013 522 1063 arrogantia,
541 1027 618 1064 qua
638 1017 711 1054 sibi
731 1018 882 1057 divinos
902 1019 1065 1056 honores
1086 1018 1166 1056 vin-

214 1068 372 1106 dicavit.
383 1068 433 1105 Et
449 1079 525 1104 non
543 1070 668 1107 solum
685 1072 802 1110 exilio
817 1075 856 1110 et
872 1073 1060 1110 bonorum
1076 1085 1162 1122 spo-

215 1122 377 1159 liatione
391 1152 401 1168 ,
421 1121 489 1159 sed
517 1122 635 1160 etiam
656 1126 849 1164 mortibus
869 1127 908 1163 in
929 1126 1163 1165 christianos

209 1175 330 1214 fuisse
377 1174 694 1215 animadversum
715 1209 725 1226 ,
770 1179 1003 1218 confirmant
1046 1180 1163 1217 etiam

214 1229 424 1278 scriptores
457 1229 620 1277 profani.
656 1232 846 1271 Testatur
883 1233 955 1270 Dio
994 1234 1163 1280 Cassius,

210 1283 478 1321 Domitianum
506 1284 647 1321 multos
667 1285 881 1335 impietatis
901 1287 941 1324 in
956 1288 1057 1325 Deos
1076 1299 1166 1324 cau-

214 1349 258 1374 sa
279 1336 331 1380 (id
352 1336 499 1373 crimen
521 1338 666 1376 ethnici
686 1339 910 1378 inferebant
926 1340 1163 1387 christianis,

211 1391 312 1438 quod
333 1390 481 1428 cultum
498 1391 660 1429 deorum
680 1393 928 1445 spernerent)
945 1395 1161 1442 damnasse;

214 1444 310 1481 alios
335 1443 453 1481 fuisse
483 1445 652 1492 occisoS,
673 1447 771 1486 alios
799 1447 1054 1486 facultatibus
1083 1449 1163 1486 suis

211 1497 415 1546 spoliat0s3
437 1497 604 1535 Acilium
624 1501 876 1539 Glabrionem
896 1502 1159 1548 exconsulem,

209 1556 250 1587 et
269 1550 454 1588 Flavium
476 1552 714 1592 Clementem
728 1585 737 1601 ,
757 1556 889 1593 virum
917 1556 1163 1594 consularem

213 1607 252 1641 et
285 1604 407 1652 ipsius
438 1605 646 1644 Domitiani
675 1610 922 1657 patruelem,
951 1610 1086 1648 eadem
1117 1610 1164 1647 de

209 1669 327 1695 causa
348 1658 478 1706 gladio
510 1671 738 1710 percussos,
764 1663 947 1701 Flaviam
976 1663 1161 1701 Domitil-

208 1711 301 1771 lam,
322 1711 534 1750 Clementis
555 1726 732 1763 uxorem,
752 1717 791 1754 in
812 1717 978 1755 insulam
993 1717 1161 1755 Padeta-

208 1776 308 1802 riam
330 1765 549 1814 relegatam
565 1765 592 1807 ⁶.
614 1770 803 1808 Testatur
819 1771 995 1817 Brutius,
1015 1771 1161 1809 multos

212 1818 447 1857 christianos
481 1831 582 1859 anno
603 1823 816 1861 Domitiani
848 1825 909 1871 14,
930 1824 995 1873 qui
1024 1827 1082 1862 est
1110 1825 1160 1862 94

211 1873 299 1920 post
328 1872 527 1912 Christum
556 1879 705 1922 natum,
732 1878 924 1927 martyrio
953 1878 1117 1916 subiisse
1133 1876 1159 1916 ⁷.

209 1926 270 1962 Ex
292 1925 427 1983 eodem
450 1927 589 1966 Brutio
609 1930 730 1967 refert
750 1931 959 1978 Eusebius,
981 1943 1082 1968 anno
1113 1931 1162 1970 15

210 1978 421 2015 Domitiani
446 1979 622 2020 Flaviani
639 1984 893 2031 Domitillam,
914 1985 1124 2022 Clementis
1141 1997 1161 2022 e

208 2043 341 2070 sorore
370 2037 537 2092 ‘neptem
555 2067 563 2080 ,
590 2049 680 2074 cum
719 2038 805 2075 aliis
839 2038 972 2076 multis
1002 2041 1162 2087 propter

210 2085 495 2127 confesslonem
526 2090 668 2128 Christi
698 2091 943 2140 deportatam
972 2091 1091 2129 fuisse
1121 2092 1159 2129 in

208 2138 379 2199 insulam
420 2139 600 2181 Pontiam
625 2142 651 2181 ⁸.
689 2145 871 2183 Eiusdem
911 2145 1161 2194 imperatoris

210 2204 318 2230 lussu
336 2204 365 2229 S.
380 2192 564 2252 Ioannem
573 2198 787 2247 apostolum
806 2202 846 2236 et
861 2199 1161 2248 evangelistam,

214 2247 365 2283 Romae
381 2258 418 2282 111
431 2246 621 2288 ferventis
638 2252 710 2289 olei
725 2251 868 2290 dolium
888 2252 1007 2290 fuisse
1018 2253 1164 2290 coniec-

213 2303 311 2344 tum,
327 2303 368 2336 et
388 2312 438 2337 ΘΧ
459 2317 504 2342 eo
525 2304 668 2354 insigni
690 2305 876 2343 miraculo
890 2306 1101 2343 liberatum
1123 2306 1161 2343 in

216 2353 381 2390 insulam
405 2353 600 2396 Pathmon
623 2358 854 2407 relegatum,
874 2360 1039 2397 tradunt
1060 2360 1161 2397 Ter-

212 2406 404 2465 tullianus
418 2410 432 2431 9
453 2415 570 2460 atque
590 2424 618 2449 s.
643 2412 906 2461 Hieronymus
925 2411 966 2450 ¹⁰.

264 2461 322 2497 Ex
347 2471 394 2497 1¹S
414 2468 533 2514 patet,
556 2477 655 2514 quae
677 2465 772 2503 fides
794 2467 973 2504 habenda
994 2467 1045 2505 sit
1066 2468 1163 2505 Dod-

207 2514 322 2551 WellO
344 2519 544 2566 scribenti,
560 2520 659 2556 hanc
677 2520 989 2568 persecutionem
1005 2521 1071 2558 vix
1085 2533 1161 2558 uno

209 2579 310 2604 anno
335 2567 497 2626 (iurasse
518 2576 557 2611 et
577 2572 736 2610 minime
758 2573 875 2611 fuisse
895 2577 1099 2612 cruentam
1119 2573 1161 2613 ¹¹.

258 2621 507 2665 Donntianus
528 2638 622 2664 vero
639 2626 807 2664 Neronis
823 2627 1066 2677 impietatem
1078 2628 1159 2666 imi-

248 2763 254 2784 ¹
273 2763 352 2795 lust.
368 2764 443 2794 eccl.
458 2763 477 2795 1.
492 2760 545 2798 ΙΙΙ,
561 2769 587 2791 c.
605 2758 652 2789 17.
668 2775 707 2780 -—
722 2757 736 2779 2
754 2757 837 2789 Ilist.
853 2758 871 2790 l.
889 2757 950 2795 Vll,
967 2766 991 2788 c.
1011 2756 1058 2789 10.

245 2805 260 2828 3
275 2805 319 2836 De
334 2804 494 2836 mortibus
509 2806 716 2843 persecutor„
732 2810 757 2831 c.
776 2799 803 2831 3.

245 2846 257 2869 ⁴
276 2847 362 2878 Hisc.
378 2855 457 2877 sacr.
476 2847 493 2877 Ι.
511 2844 549 2875 ΙΙ.

243 2888 258 2910 5
277 2888 394 2920 Chron.
411 2889 447 2919 Cf
462 2887 546 2926 vagi,
567 2885 640 2918 Crit.
658 2885 690 2916 in
708 2883 823 2916 Annal.
841 2883 958 2916 Baron.
977 2881 1015 2912 ad
1033 2891 1102 2913 ann.
1120 2883 1161 2913 00

202 2932 231 2960 εει
253 2930 308 2967 93;
333 2929 457 2970 Dionys.
483 2931 596 2966 l'clav,
621 2926 775 2959 Doctrina
799 2931 931 2966 tempor.
956 2924 975 2955 l.
1001 2924 1089 2964 XIII,
1105 2926 1159 2957 Th,

202 2972 340 3009 Ruinam,
360 2972 488 3003 praefat.
508 2970 545 3000 ad
563 2969 645 3001 Acta
662 2970 801 3008 martyr.
819 2977 847 2999 n.
866 2966 934 2999 1⁶27.

241 3014 256 3035 6
272 3013 358 3053 Apud
377 3013 532 3052 Xiplnilin.‚
550 3011 764 3042 mamistanus.

241 3055 255 3076 ⁷
273 3055 361 3094 Apud
379 3054 500 3091 Euseb..
519 3053 710 3084 Chronicon.

241 3096 255 3117 ⁵³
271 3096 348 3128 lltse.
366 3096 440 3128 eccl.
458 3096 475 3127 l.
494 3095 548 3133 ΙΙΙ,
564 3105 590 3126 c.
609 3094 656 3125 18.

240 3138 255 3159 9
271 3138 314 3169 Da
329 3138 525 3179 praescript.
542 3147 567 3168 c.
586 3136 634 3167 30.

226 3179 255 3201 ¹0
274 3179 392 3211 Contra
409 3179 572 3217 lovinion,
590 3183 618 3209 cl
636 3176 736 3209 Catal.

228 3221 250 3241 ¹¹
271 3221 439 3252 llisserrat.
467 3222 618 3261 Cyprum.
643 3220 689 3256 xl,
713 3229 742 3250 n.
763 3217 806 3248 10.
831 3218 869 3248 Cf
886 3217 1024 3252 Ruinarl,
1040 3216 1058 3248 l.
1076 3226 1118 3255 c.;
1135 3217 1153 3248 Ι.

204 3262 234 3294 Β.
253 3264 368 3301 Palma,
386 3263 540 3296 l’ruclecc.
559 3262 631 3294 mse.
650 3261 722 3293 eccl.
741 3264 759 3291 t.
778 3261 798 3298 1,
816 3264 893 3299 part.
912 3260 931 3297 Ι,
947 3270 973 3290 c.
990 3257 1017 3288 5.

769 139 926 166 EPOCHA
955 140 981 166 1.
1016 139 1044 166 A
1071 138 1319 167 NATIVI'I'ATE
1346 139 1436 167 IESV
1463 140 1619 168 CHRISTI

1209 219 1317 256 tatus
1334 248 1344 265 ,
1362 229 1499 268 parem
1525 229 1571 255 ac
1589 217 1656 255 ille
1667 219 1819 256 ‘sortem
1845 217 1994 256 habuit.
2019 216 2160 256 Omni-

1209 272 1281 309 bus
1301 272 1458 310 odiosus
1478 271 1620 317 factus,
1636 283 1737 309 anno
1759 271 1808 310 15
1827 271 1887 309 sui
1908 271 2066 321 imperii
2087 272 2161 310 ab-

1209 325 1337 363 soluto
1358 338 1381 364 a
1405 325 1663 363 familiaribus
1690 324 1770 362 suis
1790 324 1940 363 occisus
1961 328 2032 364 est.
2053 326 2163 363 Tan-

1209 381 1293 416 tum
1309 382 1408 425 erat,
1423 379 1548 417 Dione
1563 380 1678 424 teste,
1695 378 1842 415 civium
1856 380 1896 417 in
1911 391 2000 416 eum
2017 378 2163 425 odium,

1209 434 1252 470 ut
1278 445 1411 471 omnes
1437 433 1521 470 eius
1540 434 1695 469 statuae
1713 430 1796 468 sive
1815 443 1960 470 aureae
1980 431 2064 470 sive
2092 443 2162 469 ar-

1209 489 1373 535 genteae
1401 486 1441 524 in
1461 496 1631 524 massam
1651 484 1802 523 fuerint
1819 485 2010 524 conflatae
2029 488 2070 523 et
2088 496 2162 523 no-

1209 551 1298 577 men
1317 552 1338 577 e
1357 540 1552 589 lapidibus
1571 550 1716 576 rasum.

1262 593 1325 631 56.
1346 594 1552 632 Ecclesiae
1563 604 1655 641 pax
1674 592 1749 630 sub
1769 592 1911 630 Nerva
1925 589 2019 642 (an.
2040 590 2163 643 96)-

1211 646 1374 685 Sublato
1395 647 1618 685 Domitiano
1643 646 1802 684 senatus
1831 644 2076 694 militumque
2097 656 2163 683 as-

1214 711 1329 737 sensu
1350 700 1558 749 imperium
1578 700 1744 749 adeptus
1764 700 1825 736 est
1852 698 2036 737 Cocceius
2055 698 2162 736 Ner-

1211 766 1273 799 va,
1293 754 1358 802 qui
1379 754 1429 792 ab
1449 766 1551 791 anno
1571 754 1623 792 96
1643 765 1768 802 usque
1782 752 1832 790 ad
1852 753 1903 791 98
1921 751 2017 790 illud
2036 752 2165 789 mode-

1208 810 1318 845 ratus
1348 809 1419 845 est.
1452 808 1488 845 Is
1518 820 1539 845 e
1568 809 1726 845 senatus
1755 805 1932 843 consulto
1951 804 2164 843 Domitiani

1207 863 1296 898 acta
1310 861 1471 899 rescidit
1487 863 1527 899 et
1547 862 1595 898 ab
1616 873 1661 898 eo
1680 860 1720 897 in
1741 859 1904 898 exilium
1925 860 2032 897 actos
2050 870 2162 896 revo-

1207 914 1324 952 cavit.
1339 916 1460 960 «Eos,
1473 914 1602 963 inquit
1621 914 1693 952 Dio
1713 913 1882 959 Cassius,
1897 912 1962 962 qui
1982 912 2040 950 rei
2059 911 2154 950 facti

1208 970 1320 1006 erant
1355 968 1568 1018 impietatis
1589 966 1687 1019 (quo
1717 967 2022 1016 designabantur
2050 964 2164 1004 Chri-

1207 1021 1368 1072 stiani),
1389 1021 1578 1067 absolvit,
1598 1022 1809 1070 exulesque
1829 1019 2005 1058 restituit
2021 1016 2088 1067 ἦ».

1259 1075 1322 1113 57.
1351 1075 1391 1113 S.
1409 1075 1585 1113 Ioannes
1610 1076 1831 1124 Apostolus
1845 1096 1898 1101 —
1915 1073 2000 1111 Hac
2021 1083 2162 1110 caesa-

1208 1129 1262 1166 ris
1290 1129 1536 1178 indulgentia
1556 1128 1756 1178 apostolus
1777 1128 1943 1165 Ioannes
1963 1138 2012 1164 ex
2033 1125 2165 1164 insula

1208 1177 1398 1229 Pathmo,
1418 1183 1456 1220 in
1479 1194 1596 1231 quam
1615 1195 1640 1221 a
1659 1181 1884 1220 Domitiano
1912 1179 2047 1218 fuerat
2065 1178 2166 1217 rele-

1207 1239 1342 1286 gatus,
1362 1236 1555 1286 Ephesum
1576 1235 1716 1282 rediit,
1737 1234 1924 1272 ecclesias
1943 1233 2160 1280 Asiaticas,

1206 1293 1290 1327 tum
1311 1290 1582 1340 persecutione
1597 1289 1824 1327 Domitiana
1843 1290 1927 1326 tum
1946 1286 2162 1325 haeretico-

1205 1355 1307 1390 rum,
1327 1344 1498 1381 maxime
1519 1343 1861 1381 Cerinthianorum
1891 1343 1932 1380 et
1952 1340 2159 1379 Ebionita-

1206 1409 1307 1443 rum,
1319 1397 1563 1436 sermonibus
1582 1398 1776 1443 turbatas,
1787 1395 2016 1445 composuit,
2028 1394 2163 1432 firma-

1207 1451 1276 1498 vit,
1291 1451 1528 1500 idoneosque
1545 1451 1582 1488 in
1600 1451 1656 1488 eis
1671 1450 1870 1488 ministros
1886 1449 2009 1487 consti
2017 1447 2110 1495 tuit,
2120 1448 2162 1485 et

1208 1517 1331 1554 usque
1351 1505 1400 1543 ad
1419 1505 1571 1543 exitum
1591 1504 1706 1543 huius
1726 1503 1875 1542 saeculi
1894 1502 1999 1540 vixit
2015 1500 2043 1540 ².

1259 1559 1424 1597 Ioannes
1444 1570 1563 1608 quum
1583 1559 1621 1595 in
1638 1558 1806 1595 Pathmo
1821 1555 1914 1594 exul
1929 1557 2044 1602 esset,
2059 1555 2160 1605 Apo-

1206 1612 1396 1662 calypsim
1417 1624 1486 1650 seu
1507 1611 1762 1649 revelationis
1780 1610 1926 1648 librum
1956 1608 2159 1658 conscrip-

1206 1666 1267 1704 sit.
1289 1667 1333 1703 In
1355 1666 1427 1704 hoc
1447 1665 1546 1704 libro
1559 1695 1568 1713 ,
1588 1665 1724 1702 multis
1744 1662 1943 1713 mysteriis
1972 1661 2162 1712 gravido,

1206 1720 1370 1758 Ioannes
1401 1722 1548 1769 septem
1578 1718 1760 1756 ecclesias
1779 1718 1896 1755 Asiae
1916 1717 2101 1755 hortatur
2120 1716 2161 1753 et

1204 1773 1384 1821 instruit,
1405 1773 1663 1823 quorumdam
1685 1771 1846 1809 vivendi
1865 1770 2058 1809 rationem
2078 1779 2159 1806 cor-

1205 1827 1298 1876 ripit
1313 1829 1353 1865 et
1373 1827 1569 1874 emendat3
1585 1827 1632 1864 de
1652 1825 1798 1864 futuris
1818 1823 2020 1862 Ecclesiae
2039 1823 2159 1861 rebus

1205 1881 1376 1919 maxime
1397 1882 1469 1918 sub
1489 1880 1624 1918 mundi
1653 1879 1774 1917 finem
1801 1877 1926 1916 multa
1953 1875 2154 1914 vaticina-

1205 1937 1269 1971 tur
1290 1949 1298 1982 ;
1328 1934 1545 1983 Religionis
1575 1932 1812 1970 christianae
1842 1931 1889 1969 de
1909 1930 2102 1968 iudaismo
2118 1931 2159 1967 et

1205 1987 1437 2025 ethnicismo
1457 1987 1711 2036 triumphum,
1729 1985 1982 2033 coelestisque
2001 1984 2159 2022 Ierusa-

1203 2041 1281 2078 lem
1302 2040 1469 2090 gloriam
1489 2041 1560 2078 sub
1590 2039 1839 2077 nobilissimis
1868 2037 2055 2088 symbolis
2085 2037 2157 2075 de-

1205 2094 1339 2132 scribit
1367 2092 1393 2132 3.
1424 2095 1484 2132 Ab
1505 2094 1622 2132 exilio
1643 2093 1767 2131 redux
1788 2091 1946 2142 scripsit
1966 2092 2156 2140 Evange-

1204 2147 1312 2194 lium,
1335 2148 1475 2185 utiam
1505 2148 1676 2185 diximus
1701 2146 1728 2185 ⁴.
1759 2145 1926 2196 Scripsit
1952 2146 2158 2194 praeterea

1204 2205 1283 2239 tres
1303 2201 1497 2251 epistolas.
1522 2202 1565 2239 In
1586 2202 1711 2250 prima
1730 2202 1837 2237 totus
1858 2201 1929 2246 est,
1946 2201 1990 2236 ut
2009 2198 2156 2235 adver-

1204 2267 1269 2293 sus
1286 2258 1520 2293 memoratos
1537 2254 1758 2292 haereticos
1774 2251 2056 2290 incarnationis
2067 2251 2155 2289 Iesu

1204 2308 1347 2346 Christi
1369 2309 1622 2358 mysterium,
1643 2307 1882 2356 humanique
1902 2305 2058 2356 generis
2086 2316 2159 2355 per

1205 2374 1292 2400 eum
1313 2362 1591 2411 redemptionis
1611 2361 1879 2400 oeconomiam
1900 2359 2085 2397 vindicet.
2098 2358 2158 2397 Ei-

1205 2417 1288 2453 dem
1310 2418 1542 2464 argumento
1562 2416 1706 2453 insistit
1725 2415 1764 2452 in
1793 2414 1967 2452 secunda
1983 2443 1993 2460 ,
2012 2412 2160 2462 scripta

1204 2470 1252 2507 ad
1274 2468 1448 2507 Electam
1470 2470 1667 2507 dominam
1689 2468 1850 2517 eiusque
1870 2467 1970 2505 filios
1987 2496 1996 2513 ‚
2016 2465 2158 2516 quibus

1204 2522 1442 2572 gratulatur,
1464 2523 1565 2571 quod
1586 2525 1733 2560 rectam
1753 2522 1800 2560 de
1821 2522 1908 2560 Iesu
1929 2520 2083 2559 Christo
2103 2518 2156 2558 fi-

1205 2577 1290 2614 dem
1310 2579 1492 2623 teneant,
1513 2577 1774 2625 hortaturque
1794 2587 1872 2623 eos‚
1895 2576 1938 2612 ut
1956 2573 1996 2612 in
2019 2573 2157 2612 eadem

1203 2633 1467 2680 pcrscverent,
1488 2632 1528 2668 et
1547 2630 1657 2668 bonis
1678 2629 1860 2680 operibus
1880 2627 2048 2666 maxime
2068 2627 2155 2665 cha-

1205 2684 1331 2722 ritatis
1353 2696 1397 2721 ac
1418 2684 1662 2722 obedientiae
1684 2695 1771 2722 eam
1792 2683 1996 2721 exornent.
2013 2681 2058 2720 In
2077 2681 2157 2718 ter-

1203 2737 1259 2775 tia
1279 2737 1415 2776 Caium
1438 2749 1672 2787 magnopere
1693 2737 1843 2784 laudat,
1862 2735 1966 2785 quod
1986 2735 2025 2773 in
2044 2733 2152 2772 veri-

1202 2793 1298 2838 tate,
1314 2792 1352 2829 in
1374 2793 1481 2829 recta
1497 2792 1571 2830 fide
1592 2796 1631 2830 et
1650 2790 1855 2829 charitatis
1874 2789 2058 2839 operibus
2077 2799 2155 2827 am-

1203 2846 1333 2892 bulet,
1355 2845 1612 2895 hortaturque
1633 2846 1681 2884 ad
1701 2842 2048 2895 perseverantiam.

1245 2964 1252 2985 ¹
1273 2963 1359 3004 Apud
1383 2963 1542 3003 Xiphilin.,
1559 2963 1680 3002 Nerva3
1704 2962 1826 3002 Euseb„
1849 2960 1939 2993 Hist.
1955 2959 2030 2993 eccl.
2053 2959 2074 2992 Ι.
2096 2959 2151 3000 111,

1202 3015 1227 3037 c.
1243 3005 1300 3043 20;
1318 3007 1464 3040 taciani„
1482 3006 1537 3037 loc.
1555 3006 1604 3036 cit.

1241 3047 1254 3068 '2
1271 3049 1298 3077 S.
1319 3048 1407 3085 iren,
1424 3047 1440 3077 1,
1462 3047 1515 3086 111,
1532 3057 1558 3079 c.
1575 3047 1608 3085 33
1627 3047 1750 3086 Euseb„
1765 3046 1783 3077 1.
1802 3055 1827 3077 c.
1843 3054 1869 3077 c.
1886 3043 1935 3077 23.

1242 3090 1255 3109 ³
1272 3089 1348 3121 Olim
1367 3089 1491 3128 qnidam
1509 3089 1724 3130 Apocalypsim
1742 3098 1767 3119 s.
1784 3087 1890 3119 loanni
1907 3085 2048 3126 apostolo
2065 3085 2156 3117 abiu-

1201 3132 1359 3165 ‹lit-aruum
1377 3135 1405 3161 ιη
1425 3131 1505 3161 illam
1523 3135 1553 3162 ut
1570 3131 1735 3169 genuinum
1752 3130 1819 3160 eius
1838 3137 1915 3168 opus
1932 3128 1992 3159 iam
2009 3137 2026 3158 a
2043 3136 2156 3159 saecu·

1200 3174 1228 3204 lo
1254 3174 1274 3204 ll
1299 3176 1327 3202 ι-,ῑ
1352 3172 1496 3211 deinc-ops
1520 3173 1685 3203 laudarunt
1708 3171 1845 3211 potiores
1863 3170 2020 3201 Ecclesiae
2037 3169 2156 3201 Patres.

1200 3216 1236 3246 (Ls
1257 3214 1351 3245 Nat-«1,
1378 3215 1533 3254 Alexand„
1557 3214 1638 3246 llisc.
1655 3213 1728 3246 eccl.
1745 3222 1826 3244 saec.
1843 3213 1866 3251 Ι,
1881 3221 1907 3243 c.
1924 3212 1989 3251 xn,
2005 3220 2033 3243 a.
2049 3210 2078 3250 ⁶2,
2093 3209 2110 3252 ξ
2126 3210 2154 3242 5.

1240 3257 1252 3278 ’ί
1271 3256 1387 3287 Videsis
1405 3267 1432 3296 p.
1452 3255 1496 3287 Η.
