2241 3473
221 128 300 168 338

168 211 314 259 palium
342 209 577 255 augebatur;
595 206 900 254 episcopatibus,
920 205 1117 253 capitulis,

165 263 389 301 seminariis
416 272 594 308 congrua
621 261 690 296 dos
711 260 974 296 immobilibus
992 259 1118 296 reddi-

165 318 267 355 tibus
284 317 455 353 haerens
472 314 790 361 promittebatur.
818 313 971 350 Verum
1005 313 1119 348 novis

165 383 187 408 e
215 375 327 418 parte
355 371 631 412 Camerarum,
657 372 701 404 ut
725 371 886 410 vocant,
915 367 1120 403 difficulta—

166 425 267 461 tibus
286 422 447 465 exorffls,
468 421 739 458 conventionis
759 420 941 457 executio
961 431 1122 468 suspen-

165 489 210 514 sa
242 477 326 512 fuit.
365 477 520 511 Interea
551 474 646 511 Pius
680 474 753 521 Pp.
790 475 860 510 VII
895 474 1122 522 provisoria

165 531 321 567 ratione
356 529 621 566 ecclesiarum
653 527 881 574 indigentiis
909 528 1117 564 consuluit.

166 583 277 626 Quod
302 594 399 620 vero
418 583 592 619 maxime
611 581 658 617 ad
677 581 948 629 impediendos
975 582 1122 618 instau-

168 642 282 674 ratae
308 636 528 683 Religionis
546 637 699 672 fructus
719 639 759 671 et
778 636 826 671 ad
845 635 1055 672 fovendum
1074 635 1124 670 ir-

166 691 371 738 religionis
398 690 559 738 genium
586 690 844 733 inserviebat,
864 694 981 726 erant
999 690 1126 726 irreli-

168 745 269 793 giosi
295 750 336 781 et
363 744 469 792 impii
497 744 585 779 libri
607 772 616 787 ,
643 744 707 790 qui
742 744 903 780 favente
940 744 1122 780 libertate

168 799 458 847 typographica
485 798 640 845 ingenti
659 809 823 834 numero
844 798 1123 846 imprimeban-

167 857 242 889 tur.
262 854 304 888 In
319 852 518 888 nonnullis
533 852 655 889 etiam
671 852 886 900 provinciis
897 852 1127 889 sacerdotes

167 911 209 944 et
236 907 473 943 missionarii
501 907 689 955 populum
717 918 738 943 e
766 918 890 943 coeno
919 906 1128 943 increduli-

169 961 262 997 tatis
279 972 326 997 ac
346 961 614 1008 negligentiae
634 960 683 998 ad
699 961 917 1008 Religionis
935 960 1130 997 exercitia

173 1015 368 1052 reducere
396 1020 642 1062 satagentes,
669 1015 880 1063 impiorum
915 1015 1011 1060 vim,
1039 1026 1130 1051 con-

171 1071 275 1107 vicia
300 1077 342 1107 et
370 1070 536 1107 iniurias
555 1071 710 1118 experti
729 1074 834 1106 sunt.
854 1070 934 1105 Pro
952 1069 1130 1106 iuventu-

172 1127 223 1162 tis
250 1125 513 1162 instructione
533 1125 712 1172 Collegia
730 1130 769 1161 et
787 1125 1132 1171 Congregationes

172 1179 384 1226 religiosae
419 1179 582 1215 fuerunt
614 1180 829 1215 institutae.
867 1180 982 1214 Anno
1012 1178 1130 1221 1822,

173 1234 511 1270 consentientibus
526 1234 722 1276 Cameris,
738 1245 809 1281 per
825 1232 1130 1269 conventionem

175 1288 439 1334 provisoriam
466 1288 570 1325 inter
598 1288 712 1324 Pium
738 1289 810 1324 VII
830 1291 871 1325 et
888 1287 1130 1324 Ludovicum

176 1342 306 1379 XVIII
333 1354 524 1379 numerus
541 1343 845 1390 episcopatuum
865 1342 914 1378 ad
932 1342 978 1379 80
997 1345 1133 1377 auct-us

174 1397 260 1440 fuit,
281 1396 453 1444 capitula
469 1390 729 1441 cathedralia,
748 1396 965 1433 seminaria
980 1396 1133 1443 aliaque

174 1451 356 1487 instituta
381 1451 655 1487 ecclesiastiea
681 1451 904 1487 instaurata
937 1454 1027 1486 sunt
1045 1453 1082 1483 1.

221 1506 278 1542 35.
300 1505 353 1541 In
376 1504 584 1553 Hispania
603 1507 640 1542 et
658 1504 964 1542 Lusitania—In
983 1503 1131 1552 Hispa-

174 1559 244 1595 ηἰα
271 1559 320 1595 ab
347 1569 449 1595 anno
478 1559 594 1601 1808,
625 1571 698 1607 quo
727 1570 813 1596 eam
842 1559 942 1595 Galli
970 1569 1136 1604 occupa-

174 1618 280 1656 runt,
307 1625 372 1650 res
399 1613 675 1650 ecclesiastica
702 1613 774 1649 fuit
801 1612 1050 1660 perturbata,
1076 1622 1135 1648 sa-

175 1678 247 1704 cra
280 1668 484 1715 Inquisitio
516 1669 725 1715 abrogata,
755 1667 927 1703 Ordines
959 1665 1135 1713 religiosi

175 1721 394 1769 suppressi,
415 1722 690 1758 ecclesiastica
710 1722 811 1758 bona
830 1721 1068 1765 confiscata,
1095 1720 1137 1756 li-

175 1775 237 1811 bri
255 1775 471 1823 irreligiosi
490 1776 652 1820 invecti,
671 1780 711 1813 et
731 1775 984 1812 auctoritatis
1012 1774 1136 1812 eccle-

177 1830 362 1867 siasticae
389 1842 436 1867 ac
456 1831 582 1867 cIvilis
602 1834 855 1877 contemptus
875 1834 1132 1877 propagatus.

177 1885 290 1932 Rege
317 1885 510 1932 legitimo,
540 1884 791 1921 Ferdinando
818 1885 888 1920 VII
908 1912 916 1927 ,
950 1895 1013 1920 an.
1044 1883 1135 1920 1814

181 1939 219 1974 in
247 1939 386 1975 solium
414 1951 530 1976 suum
558 1939 767 1982 restituto,
798 1938 984 1985 pristinus
1011 1938 1134 1974 eccle-

179 1993 365 2030 siasticae
392 1994 450 2030 rei
476 1998 601 2030 status
627 1993 700 2030 fuit
719 1993 919 2036 reductus,
947 2004 978 2028 s.
1007 1991 1133 2039 Inqui-

180 2048 270 2085 sitio
286 2049 481 2092 restituta,
499 2048 677 2085 Societas
696 2048 784 2084 Iesu
802 2047 947 2094 aliique
965 2046 1136 2083 Ordines

181 2103 356 2150 religiosi
390 2103 626 2146 instaurati,
666 2102 754 2138 libri
789 2100 1003 2149 irreligiosi
1046 2111 1132 2148 pro-

179 2157 332 2205 scripti,
359 2158 572 2193 socIetates
597 2157 777 2193 occultae
796 2155 1029 2204 prohibitae.
1059 2155 1135 2191 Ve-

181 2223 267 2247 rum
295 2222 358 2247 an.
388 2211 480 2249 1820
507 2211 651 2248 milites
670 2222 693 2246 a
711 2209 963 2246 Ferdinando
982 2210 1052 2245 Vll
1074 2221 1136 2246 re-

181 2266 392 2310 bellarunt,
411 2265 733 2302 constitutionem
753 2264 844 2300 anni
869 2263 962 2301 1812
981 2266 1133 2310 procla-

183 2325 355 2363 marunt,
384 2325 424 2357 et
451 2331 588 2367 regem
615 2319 665 2355 ad
691 2318 969 2356 convocandos
1000 2319 1131 2367 populi

181 2376 390 2424 deputatos
418 2379 649 2423 coegerunt.
669 2375 720 2410 Hi
739 2379 831 2410 ante
855 2374 989 2410 omnia
1014 2386 1047 2410 s.
1076 2375 1134 2410 In-

181 2430 427 2477 quisitionem
444 2433 483 2465 et
499 2429 739 2465 Societatem
757 2428 843 2463 Iesu
859 2427 1133 2471 aboleverunt,

182 2485 286 2520 bona
300 2483 574 2520 ecclesiastica
588 2482 738 2519 nationi
749 2481 1038 2525 adiudicarunt,
1056 2493 1135 2517 om-

186 2550 256 2575 nes
282 2537 453 2574 Ordines
487 2535 886 2584 religioso-militares
926 2536 1134 2584 pluresque

187 2593 440 2635 monasticos,
461 2591 668 2638 speciatim
689 2589 1003 2631 Benedictinum,
1024 2591 1138 2625 abro-

186 2650 345 2693 garunt,
366 2646 559 2694 episcopis
584 2643 836 2686 mandarunt,
850 2647 893 2679 ut
912 2644 1057 2679 nemini
1077 2655 1139 2680 sa-

186 2700 388 2737 cerdotum
409 2730 417 2745 ,
444 2701 507 2748 qui
535 2711 559 2736 a
584 2710 687 2736 nova
714 2697 824 2745 regni
857 2697 1136 2734 constitutione

187 2756 317 2791 animo
345 2756 471 2792 alieno
499 2759 617 2798 esset,
638 2752 865 2790 facultatem
886 2751 1139 2799 praedicandi

186 2816 253 2846 aut
271 2811 539 2847 consessiones
557 2806 775 2855 excipiendi
794 2806 1028 2849 tribuerent,
1045 2806 1137 2841 alia—

185 2877 259 2912 que
277 2866 422 2901 similia
440 2865 720 2901 decreverunt.
742 2862 818 2903 Qui
837 2865 969 2897 autem
991 2871 1039 2897 ex
1060 2861 1139 2908 cpi-

184 2919 313 2966 scopis
328 2919 574 2965 caeterisque
591 2916 746 2953 clericis
760 2914 934 2952 decretis
955 2914 1040 2950 istis
1060 2925 1139 2949 mo-

185 2984 268 3009 rem
304 2984 447 3019 gerere
481 2971 744 3013 recusabant,
772 2969 894 3006 variis
921 2968 1071 3016 poenis,
1102 2967 1138 3003 in

185 3027 320 3073 primis
347 3027 522 3063 carceris
548 3031 589 3062 et
623 3025 730 3062 exilii
767 3023 927 3066 allecti,
963 3022 1138 3058 nonnulli

185 3082 303 3117 etiam
325 3081 522 3118 interfecti
542 3086 643 3116 sunt.
670 3079 785 3115 Multi
813 3089 964 3121 eorum,
993 3077 1040 3113 ad
1061 3077 1138 3114 evi—

190 3135 326 3171 tandas
343 3136 504 3171 iniurias
522 3140 562 3171 ct
581 3133 804 3176 violentius,
821 3133 858 3167 in
879 3137 1010 3169 terras
1034 3136 1142 3169 exte-

192 3201 269 3228 ras,
299 3189 531 3235 pracsertim
561 3188 598 3224 in
633 3187 798 3224 Galliam
819 3215 827 3230 ,
855 3187 1055 3233 fugerunt.
1089 3187 1142 3222 At

245 3268 249 3287 ¹
283 3270 416 3308 Artaud,
444 3270 588 3302 Histoire
615 3269 653 3301 ‹Ie
682 3269 740 3302 Pie
776 3269 844 3307 1³11,
875 3273 896 3300 ῑ.
927 3268 970 3301 11.

510 135 679 167 EPOCHA'
696 140 783 166 XIII·
810 140 838 166 A
857 139 1043 167 PVBLICA
1063 140 1212 168 RERVM
1235 141 1279 168 IN
1302 140 1473 168 GALLIIS
1493 141 1785 171 SVBVERSIONE

1169 217 1273 242 anno
1290 206 1380 243 1823
1395 207 1473 243 dux
1482 207 1808 254 Engolismensis‚
1819 219 1908 246 cum
1922 209 2129 246 Gallorum

1170 260 1349 296 exercitu
1367 271 1390 296 a
1410 260 1608 297 Ludovico
1623 261 1754 298 XVIII
1769 262 1810 298 in
1827 263 2015 299 auxilium
2029 263 2125 301 Fer-

1172 313 1328 349 dinandi
1344 315 1415 350 VII
1431 315 1586 360 missus,
1605 315 1774 352 rebelles
1793 316 1994 364 Hispanos
2010 317 2050 353 in
2068 329 2130 353 or-

1173 367 1303 404 dinem
1331 368 1498 415 redegit,
1526 373 1566 405 et
1593 380 1744 416 regem,
1772 381 1889 417 quem
1915 371 1970 407 illi
1995 370 2128 408 Gades

1173 422 1430 467 abduxerant,
1459 423 1642 460 restituit.
1670 424 1732 460 Ex
1750 435 1824 471 quo
1850 429 2031 473 tempore
2057 436 2126 462 res

1173 477 1470 513 ecclesiasticae
1497 476 1546 513 ad
1578 477 1790 524 pristinum
1823 482 1972 516 statum
2013 490 2127 516 suum

1175 530 1362 567 reductae
1390 535 1495 568 sunt.

1223 585 1265 620 In
1273 584 1484 621 Lusitania
1498 585 1587 621 inde
1598 596 1621 622 a
1632 587 1873 633 temporibus
1883 588 2127 626 marchionis

1176 638 1224 674 de
1240 638 1418 684 Pombal‚
1434 639 1614 686 primarii
1636 641 1744 687 regis
1761 641 1914 689 Iosephi
1933 642 1946 678 I
1966 641 2132 679 a‘dmini-

1177 693 1480 736 stri1‚novitatis
1501 693 1641 740 genius
1659 698 1905 743 propagatus
1922 700 2004 733 est.>
2016 696 2129 733 Post·

1179 757 1296 793 quam
1325 758 1389 783 an.
1418 748 1509 785 1807
1536 750 1735 785 exercitus
1755 749 1961 787 Gallorum
1979 751 2132 788 Lusita-

1180 801 1285 837 niam
1316 801 1581 846 invasissent,
1614 803 1744 850 magis
1776 804 2031 851 perturbatus
2060 805 2134 842 fuit

1181 867 1316 891 rerum
1348 856 1712 893 ecclesiasticarum
1731 861 1872 894 status.
1891 858 2062 896 Ioannes
2078 859 2133 896 VI

1181 909 1336 957 quidem
1352 910 1391 946 in
1402 911 1542 947 solium
1553 915 1764 959 paternum
1774 913 2135 958 restitutus,rerum

1182 964 1362 1001 ordinem
1377 965 1630 1002 instauravit.
1642 966 1719 1003 Sed
1734 977 1798 1002 an.
1812 967 1905 1005 1820
1919 971 2062 1004 exorta
2075 978 2138 1004 re-

1183 1020 1381 1056 volutione
1401 1049 1410 1064 ,
1445 1021 1589 1057 similia
1615 1032 1663 1057 ac
1690 1021 1728 1057 in
1755 1022 1949 1070 Hispania
1975 1021 2140 1059 decreta

1183 1079 1299 1122 atque
1335 1078 1497 1123 patrata
1529 1080 1633 1111 sunt.
1666 1076 1782 1111 Anno
1808 1087 1906 1112 vero
1933 1075 2024 1113 1823
2049 1087 2138 1112 con-

1185 1128 1319 1165 cordia
1348 1130 1535 1166 restituta
1559 1131 1648 1166 fuit.

1232 1183 1288 1220 36.
1317 1183 1369 1218 In
1396 1183 1529 1219 Italia
1545 1207 1587 1210 —
1603 1184 1645 1220 In
1665 1184 1793 1228 Italia,
1813 1184 1989 1221 extincto
2008 1184 2135 1222 Gallo-

1186 1249 1273 1273 rum
1300 1238 1488 1280 domium,
1517 1251 1583 1276 res
1609 1239 1906 1277 ecclesiasticae
1933 1239 1982 1276 ad
2005 1239 2141 1277 melio-

1188 1303 1272 1328 rem
1307 1296 1454 1329 statum
1487 1293 1682 1330 adductae
1714 1297 1818 1330 sunt.
1849 1293 1942 1330 Pius
1967 1293 2040 1342 Pp.
2068 1293 2141 1330 VII

1186 1346 1224 1381 in
1252 1358 1322 1382 suo
1353 1348 1557 1384 territorio
1584 1350 1731 1392 omnia,
1759 1353 1947 1396 quantum
1971 1348 2060 1386 fieri
2077 1359 2143 1396 po-

1186 1401 1275 1444 tuit,
1304 1401 1353 1437 ad
1381 1402 1555 1449 priorem
1584 1403 1850 1439 conditionem
1877 1402 2046 1439 reduxit.
2074 1402 2142 1438 Vi-

1187 1459 1272 1490 ctor
1301 1456 1534 1493 Emmanuel
1555 1469 1624 1494 rex
1643 1457 1867 1501 Sardiniae,
1885 1457 2058 1505 receptis
2075 1467 2139 1493 an.

1190 1510 1279 1547 1814
1306 1512 1426 1547 tei-ris
1452 1512 1533 1548 suis
1559 1512 1597 1547 in
1626 1512 1822 1560 superiori
1850 1511 1977 1554 Italia,
2005 1511 2144 1560 quibus

1189 1565 1413 1612 respublica
1427 1566 1649 1602 Genuensis
1668 1566 1948 1610 accessit,mox
1958 1565 2145 1613 pristinas

1188 1619 1298 1666 leges
1325 1620 1621 1656 ecclesiasticas
1648 1620 1686 1657 in
1713 1620 1849 1657 iisdem
1878 1620 2064 1663 restituit,
2093 1619 2142 1656 R.

1188 1673 1368 1710 Pontifici
1387 1675 1517 1721 prisca
1534 1675 1623 1711 iura
1640 1674 1819 1718 reddidit,
1840 1678 1882 1711 et
1900 1674 2068 1712 ain-1817
2084 1685 2146 1711 se-

1188 1728 1354 1765 cundum
1377 1730 1683 1766 conventionem
1710 1740 1799 1765 cum
1819 1728 2011 1765 Pontifice
2030 1727 2144 1772 inita,

1187 1794 1419 1829 suppressos
1435 1784 1686 1832 episcopatus
1698 1781 2142 1830 redintegravit.Ferdi-

1189 1837 1339 1874 naudus
1365 1838 1432 1881 IV,
1456 1850 1525 1875 rex
1544 1838 1748 1886 utriusque
1775 1837 1949 1881 Siciliae,
1968 1847 2031 1873 an.
2053 1836 2144 1874 1818

1188 1903 1276 1927 cum
1292 1893 1524 1939 Apostolica
1540 1892 1641 1929 Sede
1657 1891 1949 1930 Concordatum
1964 1891 2144 1939 iniit,quo

1187 1946 1254 1981 uni
1281 1946 1463 1994 religioni
1492 1947 1713 1983 catholicae
1747 1946 1990 1994 apostolicae
2017 1956 2145 1982 roma-

1188 2011 1261 2037 nae
1295 2001 1405 2038 locus
1438 2003 1477 2037 in
1508 2012 1633 2049 regno
1660 2001 1788 2037 factus
1815 2004 1902 2045 est,
1928 1999 2144 2036 nominatio

1188 2056 1579 2104 archiepiscoporum
1602 2060 1642 2093 et
1663 2056 1939 2104 episcoporum
1955 2065 2146 2091 concessa

1189 2112 1288 2157 regi,
1308 2111 1504 2159 episcopis
1524 2110 1737 2158 regiminis
1756 2109 1966 2158 pastoralis
1983 2109 2146 2146 libertas

1186 2165 1400 2201 secundum
1420 2176 1593 2202 canones
1613 2165 1807 2208 restituta,
1821 2174 1887 2200 res
1905 2163 1953 2200 de
1971 2162 2146 2200 divendi-

1188 2220 1236 2256 tis
1254 2220 1364 2256 bonis
1385 2218 1665 2257 ecclesiasticis
1691 2218 1845 2266 aliaque
1863 2217 2025 2266 negotia
2043 2228 2145 2255 eom-

1189 2274 1316 2321 posita
1341 2277 1446 2310 sunt·

1234 2328 1388 2365 Verum
1407 2328 1653 2364 instauratae
1673 2327 1896 2375 Religionis
1916 2331 1957 2364 et
1975 2326 2146 2364 restituti

1188 2382 1397 2429 regiminis
1430 2382 1563 2418 hostes
1597 2382 1637 2417 in
1672 2383 1911 2419 societatem
1949 2381 2144 2418 occultam

1187 2437 1386 2480 coaluere,
1408 2435 1518 2472 cuius
1537 2435 1633 2472 socii
1660 2436 1908 2472 carbonarii
1928 2436 2023 2472 dicti
2041 2440 2145 2473 sunt.

1191 2492 1248 2527 Ea
1267 2491 1423 2538 quidem
1443 2490 1562 2527 finem
1582 2490 1836 2538 potissimum
1857 2490 2062 2538 politicum
2080 2490 2146 2528 ha-

1192 2546 1323 2589 bebat,
1351 2556 1493 2592 nempe
1519 2545 1751 2581 universam
1781 2544 1933 2581 Italiam
1960 2545 1999 2580 in
2025 2555 2146 2581 unam

1191 2611 1376 2648 magnam
1405 2599 1689 2646 rempublicam
1724 2598 2014 2647 coniungendi,
2042 2603 2082 2636 et
2108 2600 2146 2635 in

1191 2661 1273 2690 tota
1299 2655 1479 2701 Europa,
1507 2653 1671 2690 deiectis
1697 2653 1861 2700 regibus
1877 2682 1885 2698 ,
1911 2652 2148 2690 democrati-

1190 2721 1278 2745 cum
1317 2709 1496 2755 regimen
1531 2706 1785 2750 instituendi,
1818 2707 1857 2743 in
1885 2718 2000 2755 quem
2026 2707 2146 2744 finem

1191 2775 1278 2800 cum
1299 2764 1387 2799 aliis
1406 2768 1521 2799 extra
1540 2762 1693 2798 Italiam
1713 2762 1968 2799 societatibus
1981 2761 2147 2799 occultis

1193 2817 1512 2855 coniunctionem
1541 2816 1668 2862 inivit;
1696 2828 1744 2854 ea
1764 2820 1913 2862 tamen,
1933 2827 2011 2852 non
2029 2827 2146 2854 secus

1193 2884 1237 2908 ac
1277 2883 1415 2909 omnes
1453 2871 1646 2907 eiusmodi
1687 2870 1899 2908 societates
1922 2899 1930 2915 ‚
1964 2870 2146 2918 religioni

1194 2927 1434 2963 christianae
1451 2925 1752 2962 adversabatur.
1770 2925 1949 2962 Societas
1962 2924 2038 2962 ista
2047 2924 2147 2962 adeo

1194 2981 1403 3025 convaluit,
1424 2985 1466 3016 ut
1484 2992 1546 3016 an.
1574 2980 1663 3017 1820
1682 2980 1719 3016 in
1738 2991 1862 3027 regno
1881 2978 2145 3027 Neapolitano

1195 3035 1483 3072 revolutionem
1511 3034 1718 3077 excitarit,
1746 3033 1950 3081 regiminis
1976 3033 2144 3069 formam

1195 3089 1372 3132 mutarit,
1388 3092 1611 3136 tetrumque
1632 3088 1774 3124 bellum
1795 3087 1908 3124 civile
1927 3087 1964 3123 in
1981 3090 2148 3134 utraque

1194 3144 1328 3179 Sicilia
1342 3142 1605 3179 suscitaverit·
1622 3142 1736 3179 Anno
1750 3141 1931 3189 sequenti
1946 3139 2050 3178 idem
2061 3144 2141 3177 ten-

1241 3269 1247 3289 1
1279 3269 1346 3300 vn.
1365 3277 1420 3310 pp.
1440 3268 1520 3306 293,
1538 3266 1619 3307 208,
1641 3268 1720 3308 311,
1739 3267 1815 3302 338.
