2241 3473
687 154 824 186 VSQVE
846 155 898 183 AD
919 150 1204 182 PRAESENTEM
1228 155 1435 186 ΑΕΤΑΤΕΜ

88 226 222 276 plures
238 224 532 264 ecclesiasticos
551 230 631 264 tum
650 226 699 264 ad
717 226 939 275 augendum
959 225 1038 262 cle-

87 291 172 317 rum
198 290 311 316 suum
331 307 339 323 ,
367 283 448 316 tum
475 280 522 316 ad
549 280 798 318 formandum
826 278 1035 317 Baltimori

86 333 342 371 seminarium
383 345 517 370 secum
557 334 593 370 in
638 335 869 372 Americam
914 332 1033 370 duxit.

86 388 201 424 Anno
229 387 316 423 1791
345 387 562 424 secundum
592 387 796 424 Pontificis
827 387 1032 424 consilium

85 438 292 477 Baltimori
321 451 408 476 cum
436 441 479 478 21
509 441 749 489 presbyteris
766 440 955 488 synodum
977 451 1039 477 ce-

86 494 268 538 lebravit,
287 494 324 529 in
351 505 427 542 qua
453 499 542 542 post
558 495 734 542 episcopi
753 495 975 530 orationem
996 498 1035 531 et

89 548 178 585 fidei
207 547 490 594 professionem
510 577 519 592 ,
546 548 790 596 potissimum
819 551 949 583 actum
977 552 1036 584 est

88 602 136 639 de
163 602 513 638 Sacramentorum
533 601 889 645 administratione,
908 601 955 637 de
985 601 1039 637 fe-

88 661 240 693 storum
275 659 315 692 et
351 655 571 692 divinorum
610 655 828 691 officiorum
862 654 1039 691 celebra-

89 710 209 754 tio'ne,
235 709 282 746 de
309 709 524 757 sepultura,
551 708 598 745 de
629 708 801 750 fabricis,
835 707 881 744 de
907 718 1038 744 sacro-

90 775 176 800 rum
203 763 474 799 ministrorum
500 762 672 799 moribus
688 790 697 806 ,
724 762 1039 806 sustentatione,

89 817 225 854 habitu
238 821 278 854 et
291 816 508 863 disciplina.
525 815 670 864 Synodi
689 815 851 853 decreta
869 816 1038 852 Romam

91 871 214 907 missa
238 874 328 906 sunt
353 870 520 917 supplici
548 881 681 917 prece,
701 874 743 906 ut
770 870 954 906 Pontifex
980 870 1039 905 vel

90 924 224 962 sedem
251 924 548 971 suffraganeam
576 924 639 960 vel
665 923 935 960 coadiutorem
963 923 1040 970 epi-

90 978 198 1025 scopi
216 977 520 1014 Baltimorensis
535 981 702 1014 crearet.
723 977 816 1013 Pius
832 978 884 1013 Vl
904 975 1040 1024 synodi

89 1036 180 1068 acta
206 1031 483 1075 confirmavit,
510 1035 550 1068 et
582 1032 698 1079 paulo
728 1035 816 1080 post
850 1043 885 1078 p.
914 1031 1040 1068 Neale

88 1085 273 1122 iesuitam
295 1113 304 1129 ‚
339 1085 584 1122 sublevatum
617 1085 860 1133 episcopatui
899 1085 1040 1133 Gorty-

88 1138 200 1175 nensi
237 1137 279 1174 in
312 1137 494 1186 partibus
517 1166 526 1182 ,
566 1138 732 1175 instituit
756 1137 1038 1177 Coadiutorem

89 1192 265 1240 episcopi
291 1189 604 1228 Baltimorensis.

138 1246 266 1287 Quum
286 1250 435 1289 autem,
453 1246 692 1294 perturbatis
706 1245 776 1283 sub
792 1245 939 1282 exitum
956 1255 1042 1281 sae-

92 1300 170 1337 culi
188 1300 317 1337 XVIII
336 1300 374 1336 in
394 1300 553 1348 Europa
570 1301 688 1337 rebus
701 1328 709 1343 ‚
729 1303 770 1336 et
795 1304 935 1336 exorta
955 1298 1041 1334 inde

92 1359 232 1392 contra
258 1355 479 1392 Ecclesiam
511 1354 787 1404 persecutione
809 1382 818 1398 ,
845 1353 956 1389 multi
984 1363 1042 1388 sa-

92 1409 273 1447 cerdotes
291 1412 518 1448 saeculares
533 1414 572 1448 et
589 1407 943 1457 regulares,etiam
963 1417 1043 1442 mo-

92 1464 231 1509 niales,
251 1465 289 1501 in
309 1467 444 1503 Status
460 1466 590 1503 unitos
607 1477 650 1502 se
669 1463 911 1505 conferrent,
929 1460 1043 1497 varia

93 1519 173 1556 illic
206 1521 376 1569 collegia
409 1524 449 1558 et
483 1519 671 1557 coenobia
696 1521 834 1555 erecta
859 1519 974 1557 sunt,
1004 1519 1045 1551 et

92 1573 382 1613 catholicorum
392 1586 582 1612 numerus
593 1573 776 1610 continuo
788 1569 1043 1611 auctusQua—

93 1632 254 1676 propter
272 1629 363 1666 Pius
381 1629 454 1677 Pp.
474 1629 546 1665 VII
573 1640 638 1664 an.
659 1626 749 1665 1808
777 1623 1043 1673 episcopalem

93 1681 225 1720 sedem
244 1683 450 1720 Baltimori
477 1682 608 1720 evexit
633 1680 681 1718 ad
708 1679 942 1727 dignitatem
967 1689 1046 1714 me-

94 1737 373 1784 tropoliticam,
393 1737 553 1785 eiusque
579 1737 602 1773 4
627 1735 904 1781 suffraganeas
931 1731 1045 1769 sedes

94 1791 268 1835 creavit,
297 1791 610 1834 Novi-Eboraci,
637 1786 946 1835 philadelphiae,
974 1787 1046 1821 Bo-

97 1844 226 1889 stonii,
253 1848 295 1882 et
319 1844 580 1881 Bardstownii
606 1843 644 1879 in
670 1841 908 1879 Kentuckia.
929 1840 1048 1876 Balti-

98 1899 271 1935 morensi
300 1899 509 1946 metropoli
534 1898 654 1935 etiam
681 1896 850 1933 subiecit
874 1894 1047 1930 Novum-

97 1952 356 1989 Aurelianum
376 1952 598 1995 Luisianae‚
619 1956 659 1987 et
678 1961 741 1985 an.
762 1949 854 1986 1815
881 1947 928 1984 ad
946 1947 1048 1984 hanc

98 2005 247 2049 sedem,
268 2006 346 2042 iam
374 2017 398 2041 a
416 2005 486 2041 Pio
504 2006 558 2041 VI
579 2007 770 2047 creatam,
791 2001 959 2037 instituit
975 2002 1048 2037 Lu-

99 2058 282 2096 dovicum
308 2059 510 2106 Dubourg.

150 2112 210 2148 Ex
239 2111 314 2149 hoc
347 2113 527 2161 tempore
562 2110 702 2158 religio
735 2109 931 2146 catholica
965 2112 1047 2145 tum

99 2168 140 2205 in
177 2167 403 2204 civitatibus
443 2169 526 2202 tum
566 2165 604 2200 in
642 2163 907 2207 missionibus,
943 2162 1048 2198 inter

100 2221 307 2269 indigenas
337 2219 525 2256 institutis
543 2247 552 2262 ,
584 2217 770 2253 continua
799 2217 1048 2253 incrementa

101 2276 218 2323 cepit.
245 2274 368 2311 Plura
400 2273 606 2320 utriusque
640 2282 757 2308 sexus
793 2269 1049 2313 monasteria,

101 2329 268 2377 collegia
293 2339 364 2375 pro
390 2327 575 2364 iuvenum
594 2325 806 2372 domusque
835 2325 1044 2372 religiosae

101 2394 172 2430 pro
199 2383 418 2430 puellarum
450 2379 708 2416 instructione
734 2378 912 2414 instituta
943 2381 1047 2414 sunt.

100 2436 240 2472 Novae
258 2435 373 2472 sedes
388 2434 631 2481 episcopales
649 2436 808 2469 erectae
828 2434 933 2475 sunt,
951 2431 1048 2467 adeo

101 2494 145 2527 ut
159 2501 224 2526 an.
241 2490 331 2527 1838
350 2489 425 2525 illic
441 2490 746 2524 numerarentur
765 2487 822 2529 17,
842 2486 910 2522 538
926 2486 1050 2522 eccle-

102 2544 184 2581 siae
200 2548 266 2580 aut
279 2543 484 2585 stationes,
497 2541 543 2578 28
556 2540 768 2576 seminaria
781 2550 850 2575 seu
866 2539 1048 2585 collegia,

103 2598 150 2635 38
173 2596 430 2648 xenodochia,
449 2594 486 2630 in
513 2593 649 2641 quibus
667 2592 945 2629 ministrabant
970 2603 1050 2628 mo-

104 2651 228 2687 niales
253 2649 482 2687 Charitatis-

151 2705 193 2741 In
209 2699 1048 2752 regionibusAmericanis,Mexicana,Gua-

105 2759 255 2802 timala,
283 2756 472 2799 Peruvia‚
501 2754 635 2797 Plata,
662 2758 702 2790 et
728 2754 826 2796 aliis,
854 2763 952 2800 quae
979 2752 1051 2790 hoc

104 2812 263 2849 saeculo
272 2811 538 2858 Hispanorum
549 2809 760 2847 dominium
770 2807 1050 2851 detrectantes,

105 2866 266 2913 proprio
291 2875 386 2902 usae
412 2868 504 2900 sunt
529 2863 744 2911 regimine,
773 2864 889 2908 atque
916 2860 955 2895 in
982 2861 1050 2896 im-

104 2919 215 2968 perio
241 2918 438 2955 Braxiliac
457 2946 465 2962 ,
503 2918 643 2965 religio
669 2915 867 2954 catholica
893 2924 1051 2951 conser-

102 2977 196 3010 vata
221 2976 296 3010 est.

149 3028 206 3065 30.
234 3025 455 3074 Religionis
479 3026 604 3061 statas
631 3023 738 3072 apud
766 3022 1046 3059 Maronitas—

103 3080 280 3118 Celebris
313 3090 408 3115 vero
434 3078 614 3115 Ecclesia
640 3077 930 3114 Maronitarum
949 3105 958 3120 ,
985 3077 1050 3124 qui

104 3139 279 3171 montem
294 3133 468 3170 incolunt
482 3133 688 3174 Libanum,
709 3130 918 3178 posteriori
937 3135 1048 3178 parte

105 3188 252 3224 saeculi
264 3186 537 3235 praecedentis
552 3184 727 3221 nonnihil
738 3183 967 3231 perturbata
977 3184 1050 3221 fuit

108 3241 217 3278 falsis
233 3241 430 3279 vaticiniis
457 3239 658 3278 cuiusdam
678 3238 874 3283 monialis,
891 3237 1048 3275 nomine

1905 142 1984 182 335

1089 225 1237 264 Endiac
1264 239 1333 265 seu
1361 229 1501 265 Annae
1517 226 1673 264 Mariae
1698 224 1855 273 Agemi-
1875 224 1953 262 Sed
1971 235 2036 262 na—

1088 284 1243 317 scentes
1271 285 1399 318 motus
1425 293 1516 318 mox
1535 279 1755 328 composuit
1773 278 1864 315 Pius
1878 277 1951 325 Pp.
1969 279 2040 323 VI,

1089 334 1151 381 qui
1171 335 1440 382 patriarcham
1468 334 1759 372 Maronitarum
1787 331 2038 380 pseudo-pro-

1090 388 1284 434 phetissae
1313 390 1488 435 partibus
1514 389 1711 425 faventem
1732 387 1899 422 Romam
1926 396 2039 422 voca-

1091 442 1158 485 vit;
1178 453 1242 478 an.
1264 442 1356 478 1779
1375 443 1536 479 fallaces
1555 441 1704 478 Endiae
1725 439 1953 488 prophetias
1973 439 2041 475 im-

1091 495 1284 541 probavit,
1304 495 1407 531 datis
1433 495 1481 532 ad
1507 495 1712 543 episcopos
1730 498 1769 530 et
1787 494 1936 530 clerum
1956 493 2042 529 Ma-

1091 548 1307 584 ronitarum
1325 548 1482 591 litteris;
1499 559 1563 584 an.
1584 548 1673 585 1783
1690 547 1800 583 novis
1817 546 1864 582 ad
1881 545 2040 583 eosdem

1092 601 1232 638 litteris
1248 598 1541 637 Maronitarum
1563 601 1752 648 pictatem
1768 599 1956 643 laudavit,
1974 610 2042 636 eos

1090 654 1138 690 ad
1165 655 1352 692 unionem
1380 656 1558 691 hortatus
1585 658 1661 698 est,
1680 654 1983 700 resipiscentem
2002 653 2041 689 in

1091 708 1264 754 gratiam
1293 712 1458 756 recepit,
1477 712 1516 746 et
1533 708 1571 744 in
1592 707 1798 755 pristinum
1817 711 1961 743 statum
1981 718 2040 743 re-

1091 762 1228 799 stituit.
1250 762 1436 799 Eiusdem
1458 762 1659 798 Pontificis
1686 761 1872 797 mandato
1900 760 2041 797 ibidem

1093 816 1265 864 episcopi
1292 820 1331 853 et
1358 817 1691 853 monasteriorum
1720 814 1911 862 praefecti
1938 825 2040 850 anno

1093 870 1184 906 1793
1203 869 1393 918 synodum
1410 870 1675 914 celebrarunt,
1694 868 1733 904 in
1749 879 1824 916 qua
1842 868 1955 904 varia
1971 879 2041 915 pro

1092 923 1266 960 locorum
1283 928 1325 961 et
1340 927 1417 960 tem
1425 935 1563 971 porum
1575 922 1871 959 necessitatibus
1884 921 2046 958 decreta

1091 982 1193 1022 sunt,
1203 977 1342 1015 deinde
1358 990 1380 1014 a
1390 977 1712 1026 Congregatione
1724 976 1770 1013 de
1779 975 2044 1023 propaganda

1092 1030 1186 1067 Fide
1214 1032 1432 1079 approbata
1449 1034 1476 1064 1.

1138 1085 1290 1121 Verum
1317 1086 1514 1134 prioribus
1537 1084 1650 1121 huius
1676 1083 1823 1121 saeculi
1849 1084 1963 1120 annis
1981 1093 2047 1118 no-

1092 1148 1162 1174 vas
1196 1138 1413 1176 divisiones
1448 1140 1485 1175 in
1522 1138 1702 1176 ecclesiis
1735 1137 1846 1174 istius
1872 1136 2046 1184 regionis

1093 1192 1284 1229 excitavit
1310 1194 1531 1230 Germanus
1565 1191 1711 1228 Adami
1733 1220 1741 1236 ,
1768 1190 2047 1235 Florentinus3

1095 1246 1157 1293 qui
1185 1246 1507 1295 archiepiscopus
1535 1245 1761 1293 Hierapolis
1788 1248 1828 1281 et
1852 1244 2047 1280 Visitator

1094 1301 1332 1349 apostolicus
1360 1302 1503 1337 montis
1529 1300 1667 1337 Libani
1695 1302 1867 1342 creatus,
1895 1298 2047 1334 novita-

1096 1357 1195 1392 tibus
1219 1383 1227 1400 ,
1254 1367 1350 1404 quas
1375 1356 1459 1404 ipse
1493 1355 1647 1392 iuvenis
1671 1365 1695 1390 a
1721 1353 1904 1401 Scipione
1931 1352 2043 1388 Ricci

1094 1410 1300 1455 didicerat,
1327 1411 1542 1447 catholicos
1569 1408 1744 1446 Orientis
1771 1407 1947 1444 imbuere
1967 1409 2043 1442 stu-

1094 1465 1189 1502 duit.
1209 1466 1304 1502 Eius
1331 1465 1492 1501 consilio
1512 1464 1625 1512 Agab
1645 1464 1794 1504 Matar,
1814 1460 2044 1509 patriarcha

1094 1520 1362 1556 Antiochenus
1377 1519 1655 1557 Melchitarum
1667 1516 1964 1559 catholicorum,
1976 1525 2041 1551 an.

1096 1574 1185 1612 1806
1212 1574 1248 1609 in
1277 1574 1466 1611 coenobio
1501 1572 1684 1621 Carcaph
1718 1571 1945 1607 dioeceseos
1971 1569 2046 1606 Be-

1097 1628 1267 1676 rytensis
1297 1628 1485 1677 synodum
1519 1626 1749 1670 celebravit,
1779 1635 1878 1673 quae
1910 1622 2046 1659 Antio-

1099 1682 1226 1719 chena
1242 1682 1347 1719 dicta
1365 1686 1438 1719 est.
1457 1682 1498 1718 In
1513 1692 1561 1718 ea
1575 1681 1691 1728 plura
1709 1691 1730 1716 e
1749 1677 1946 1715 damnatis
1964 1676 2045 1713 iam

1096 1735 1351 1774 pistoriensis
1370 1735 1616 1772 conciliabuli
1635 1733 1808 1771 decretis
1834 1731 2047 1768 constituta

1096 1793 1208 1834 sunt,
1228 1794 1309 1826 tum
1337 1789 1541 1826 doctrinae
1559 1792 1641 1825 tum
1660 1787 1891 1834 disciplinae
1911 1785 2047 1821 Eccle-
2066 1808 2069 1809 ν

1097 1843 1178 1880 siae
1204 1844 1397 1891 opposita.
1419 1843 1562 1892 Synodi
1583 1846 1672 1878 acta
1691 1841 1852 1877 minime
1871 1838 1920 1875 ad
1944 1839 2048 1885 Apo-

1096 1897 1274 1934 stolicam
1301 1898 1457 1940 Sedem,
1485 1901 1528 1933 ut
1554 1896 1674 1932 moris
1699 1898 1801 1938 erat,
1822 1894 1942 1929 missa
1968 1893 2048 1928 fue-

1098 1955 1200 1995 runt3
1221 1955 1261 1987 et
1279 1962 1341 1987 an.
1364 1951 1456 1989 1810
1484 1950 1586 1999 typis
1605 1949 1776 1986 arabicis
1794 1957 1940 1984 excusa
1958 1957 2046 1981 cum

1098 2004 1380 2052 approbatione
1408 2015 1432 2040 a
1458 2003 1657 2040 Ludovico
1683 2000 1919 2048 Gandolphi,
1953 2002 2046 2035 tunc

1098 2058 1286 2104 temporis
1300 2057 1514 2105 apostolico
1527 2056 1669 2093 montis
1678 2055 1816 2092 Libani
1826 2054 2048 2096 visitatore,

1100 2110 1372 2147 fraudulenter
1388 2114 1567 2158 accepta,
1583 2121 1653 2157 per
1668 2119 1825 2145 omnem
1841 2107 2047 2143 Orientem

1099 2164 1358 2201 disseminata
1384 2167 1487 2201 sunt.
1515 2163 1699 2200 Infaustis
1723 2166 1948 2209 temporum
1975 2160 2048 2195 cir·
2084 2177 2088 2180 ·

1100 2220 1346 2256 cumstantiis
1371 2220 1518 2255 factum
1546 2222 1620 2262 est,
1637 2223 1681 2255 ut
1705 2228 1753 2254 ea
1780 2228 1844 2252 res
1863 2215 1927 2251 diu
1948 2214 2046 2250 Pon-

1102 2274 1246 2310 tificem
1274 2273 1462 2318 latuerit;
1487 2273 1550 2321 qui
1575 2273 1640 2309 ubi
1666 2283 1754 2309 eam
1781 2269 1996 2317 cognovit,
2025 2278 2049 2304 a

1102 2328 1276 2364 Maximo
1311 2328 1486 2364 Mazlum
1506 2356 1514 2372 ,
1541 2339 1642 2363 novo
1677 2325 1955 2362 Melchitarum
1984 2333 2050 2370 pa-

1103 2382 1288 2426 triarcha,
1317 2382 1522 2428 exemplar
1548 2385 1728 2418 actorum
1756 2378 1959 2427 praefatae
1985 2388 2048 2424 sy·

1102 2436 1190 2472 nodi
1206 2436 1432 2484 postulavit·
1446 2436 1584 2472 Paruit
1598 2434 1837 2483 patriarcha,
1848 2431 2041 2478 simulque

1102 2494 1342 2528 contestatus
1361 2494 1436 2534 est,
1454 2502 1496 2527 se
1523 2490 1589 2526 illa
1615 2499 1812 2536 nunquam
1839 2486 2044 2534 probasse,

1102 2549 1142 2582 et
1168 2547 1206 2582 in
1225 2545 1406 2581 omnibus
1425 2543 1673 2591 Apostolicae
1693 2542 1805 2579 Sedis
1824 2539 1964 2576 iudicio
1983 2550 2048 2575 ac-

1103 2600 1318 2647 quiescere·
1345 2599 1404 2634 Re
1432 2609 1456 2634 a
1485 2610 1515 2633 s.
1545 2595 1863 2644 Congregatione
1890 2596 2046 2629 mature

1103 2654 1291 2695 discussa,
1319 2651 1537 2698 Gregorius
1558 2651 1628 2698 Pp.
1648 2650 1754 2693 XVI,
1785 2649 1871 2685 xvl⁰
1891 2646 2044 2683 calend.

1103 2708 1251 2744 octobr.
1273 2706 1518 2743 1835'librum
1531 2701 1961 2750 inscriptum2Synoclus
1972 2700 2050 2735 An-

1103 2761 1286 2798 tiocltenct
1300 2758 1634 2804 habitasubAyab
1646 2756 1791 2792 Matar
1806 2754 2008 2792 damnavit
2019 2756 2046 2788 2.

1151 2816 1208 2852 31.
1236 2811 1456 2859 Religionis
1481 2814 1606 2847 statas
1626 2810 1666 2846 in
1685 2810 1792 2847 Sinis
1820 2812 1856 2847 et
1883 2807 2050 2847 cochin-

1104 2869 1225 2906 ekina
1244 2888 1281 2893 —
1297 2868 1352 2902 De
1381 2869 1486 2901 statu
1513 2865 1719 2912 religionis
1745 2864 1985 2901 christianae
2012 2862 2051 2897 in

1106 2922 1268 2970 imperio
1279 2919 1431 2957 Sinensi
1446 2919 1612 2956 durante
1624 2919 1783 2955 saeculo
1794 2915 2049 2966 praecedenti

1104 2986 1224 3023 supra
1249 2974 1414 3010 diximus
1442 2975 1470 3007 3.
1503 2974 1617 3009 Anno
1652 2973 1743 3011 1805
1778 2983 1882 3009 nova
1908 2971 1986 3008 illic
2011 2971 2050 3006 in

1149 3104 1158 3124 ¹
1177 3103 1317 3135 chrion
1333 3125 1340 3138 ‚
1362 3098 1558 3134 Continuat.
1578 3101 1617 3134 de
1635 3101 1747 3134 l'Hist.
1767 3102 1847 3134 eccl.
1868 3110 1922 3133 an.
1944 3099 2050 3133 1780,

1147 3147 1161 3169 2
1179 3149 1246 3180 Vid.
1267 3147 1374 3183 1Ᾰάνηὶ
1391 3147 1477 3179 dela
1497 3147 1666 3189 Religion,
1687 3141 1711 3179 t}
1727 3146 1902 3184 Lxxxlx,
1919 3156 1950 3189 p.
1971 3145 2049 3186 3273

1106 3197 1255 3232 Kcrsten,
1273 3193 1415 3226 Journal
1431 3193 1508 3227 hist.
1531 3196 1562 3227 et
1581 3195 1664 3232 titt„
1685 3197 1707 3226 t.
1728 3192 1789 3232 Ill,
1808 3203 1843 3236 p.
1866 3194 1925 3226 21.

1147 3240 1160 3262 3
1178 3241 1213 3273 P.
1232 3239 1298 3272 ⁶284
1315 3249 1366 3282 sq.
