2241 3473
842 104 967 135 VSQVE
996 104 1048 130 ΑΙ)
1078 103 1204 130 ῙΝῙΤῙΑ
1234 104 1410 132 Lv'rHERI

163 173 212 210 ab
229 170 397 209 hostium
414 169 696 208 incursionibus
707 168 843 208 Italiae
859 168 993 206 littora
1003 168 1096 206 clas-

164 236 245 262 sem
265 224 461 272 ingentem
482 223 748 261 instruendam
769 223 934 260 curavit.
955 222 1092 259 Ferdi-

161 277 288 315 nando
316 280 354 314 et
381 277 582 321 Isabellae,
603 276 823 325 Aragoniae
845 280 883 313 et
904 275 1094 313 Castellae

160 330 315 379 regibus
334 359 341 374 ,
370 331 417 367 ad
448 330 590 367 bellum
611 334 742 367 contra
764 329 921 366 Mauros
941 329 1094 365 Grana-

160 385 289 421 tenses
315 384 543 432 gerendum,
566 383 733 420 decimas
753 382 953 427 concessit,
975 386 1014 418 et
1033 381 1091 418 di-

163 436 393 474 micantibus
423 440 540 485 atque
570 436 783 474 subsidium
804 435 850 472 ad
874 434 1016 471 bellum
1038 434 1093 471 fe-

161 490 334 527 rentibus
370 490 635 537 Indulgentias
670 489 835 536 largitus
865 491 933 525 est.
955 487 1093 524 Ferdi-

161 544 332 581 nandum
353 554 463 592 reges
484 541 677 590 Neapolis,
701 541 896 578 Ecclesiae
917 541 1003 577 iura
1019 540 1097 576 vio-

159 595 304 634 lantem
334 600 373 633 et
399 597 436 633 in
467 595 698 644 apostolicae
718 594 827 631 Sedis
847 593 1008 630 clientes
1027 595 1093 642 ty-

159 649 361 686 rannidem
400 650 667 692 exercentem,
705 647 804 684 bello
834 646 951 694 fregit
979 649 1018 683 et
1047 645 1093 681 ad

160 702 428 751 postulandam
441 713 575 750 pacem
591 699 1095 749 compulit.Constitutiones

162 755 423 804 promulgavit
448 758 582 791 contra
601 753 799 791 maleficos
817 756 857 790 et
876 755 1010 789 contra
1029 762 1093 788 re-

159 807 283 856 liquos
311 808 349 845 in
380 807 568 844 Bohemia
589 806 782 844 Hussitas.
804 806 987 843 Ordinem
1010 817 1093 842 mo-

158 861 321 898 nialium
335 859 912 908 ConceptionisB.M.V.,quem
933 858 1095 896 Beatrix

157 925 180 950 a
207 913 333 958 Silva,
358 913 494 950 nobilis
515 913 626 962 virgo
648 912 846 958 Lusitana,
866 913 935 950 sub
957 911 1093 960 regula

156 965 309 1004 Ordinis
331 966 598 1004 Cisterciensis
629 968 668 1003 et
702 963 920 1003 obedientia
943 965 1091 1013 episco-

155 1031 291 1068 porum
323 1020 575 1064 instituerat,
610 1019 867 1056 confirmavit.
898 1018 1091 1056 Libellum

157 1075 439 1122 nongentarum
467 1073 784 1121 propositionum,
814 1084 910 1122 quas
931 1072 1092 1109 Ioannes

158 1125 273 1164 Picus
297 1126 592 1164 Mirandulanus
613 1127 741 1174 magni
763 1126 906 1174 ingenii
929 1125 1091 1171 iuvenis,

155 1179 202 1216 de
222 1190 264 1216 re
284 1179 500 1225 dialectica,
512 1179 686 1229 physica,
699 1178 1091 1229 metaphysica,theo-

155 1231 302 1281 logica,
322 1233 482 1282 ,magica
511 1235 550 1269 et
579 1233 802 1271 cabalistica
831 1233 978 1269 Romae
1014 1244 1089 1280 pu-

155 1284 252 1323 blice
281 1289 613 1335 propugnaverat,
634 1286 704 1324 sub
723 1297 846 1335 poena
865 1297 1090 1323 excommu-

155 1339 358 1377 nicationis
387 1340 584 1389 prohibuit
614 1338 638 1377 ¹.
670 1341 782 1378 Anno
816 1339 942 1385 1492,
971 1350 1091 1387 quum

152 1390 338 1438 ZIzimus,
368 1392 492 1431 frater
533 1392 754 1442 Bajazethis
783 1393 818 1430 II
846 1392 1090 1440 imperatoris

153 1444 383 1492 Turcarum,
411 1458 431 1483 e
461 1447 633 1485 custodia
661 1446 1089 1484 GallicainRomanam

153 1497 291 1536 fuisset
319 1499 543 1544 translatus,
575 1500 817 1537 Innocentius
839 1499 906 1548 Pp.
930 1511 953 1537 a
973 1498 1089 1547 Baja-

152 1551 260 1589 zethe
289 1552 325 1590 II
353 1553 450 1590 dono
479 1553 626 1602 accepit
653 1556 803 1603 partem
825 1553 992 1599 lanceae,
1013 1563 1091 1600 qua

152 1604 367 1643 Salvatoris
396 1606 498 1644 latus
528 1606 656 1644 fuerat
683 1606 940 1653 transfixum,
971 1617 1087 1654 spon-

153 1658 258 1707 giam
286 1659 378 1696 item
401 1662 440 1696 et
467 1671 628 1697 cannam
659 1660 844 1697 Passione
872 1658 1087 1696 Salvatoris

151 1715 395 1750 consecratas
417 1711 442 1750 ².
465 1713 609 1750 Eodem
631 1725 730 1750 anno
752 1713 901 1750 Romae
921 1713 961 1749 in
982 1712 1088 1749 Basi-

150 1763 226 1802 lica
241 1765 417 1813 s.Crucis,
431 1766 521 1803 dum
540 1766 766 1803 reficeretur
778 1796 786 1812 ,
804 1770 979 1814 repertus
1014 1765 1089 1803 fuit

151 1817 288 1856 titulus
317 1818 449 1856 Crucis
470 1819 614 1857 Christi
633 1819 799 1856 Domini.
821 1819 1086 1857 Innocentium

150 1870 246 1909 VIII
266 1883 352 1909 cum
375 1871 582 1921 Norwegis
603 1873 843 1921 dispensasse
857 1902 865 1918 ,
887 1875 928 1910 ut
946 1873 986 1910 in
1008 1872 1086 1910 solo

151 1935 250 1973 pane
265 1925 348 1963 sine
366 1926 454 1963 vino
471 1937 520 1963 ss,
533 1926 820 1963 Eucharistiam
841 1926 1086 1972 conficerent,

150 1978 253 2026 quod
268 1978 317 2015 ob
333 1979 520 2016 immensa
531 1979 678 2028 frigora
691 1979 826 2016 vinum
844 1979 880 2016 in
899 1991 944 2016 ea
959 1979 1085 2027 regioss

151 2042 200 2068 ne
219 2030 471 2081 importatum
492 2035 702 2077 acesceret,
723 2031 820 2070 falso
842 2032 998 2081 scripsit
1013 2032 1087 2070 Vo-

149 2083 367 2123 laterranus
396 2083 422 2123 ³.
452 2085 535 2123 Hoc
565 2085 752 2123 Pontifice
781 2086 984 2123 adnitente
1012 2097 1085 2122 ex-

151 2137 278 2176 tincta
295 2138 437 2176 sensim
459 2142 517 2177 est
536 2139 788 2176 Hussitarum
808 2139 992 2186 haeresis,
1013 2139 1084 2176 do-

150 2201 222 2228 nec
259 2191 453 2230 Lutherus
491 2204 575 2230 eam
605 2193 796 2242 hydram,
826 2193 881 2230 uti
911 2193 1087 2240 loquitur

150 2243 378 2292 Raynaldus
398 2244 426 2291 ⁴,
447 2245 620 2294 pluribus
653 2246 877 2283 horrentem
898 2246 1086 2294 capitibus

150 2296 190 2332 in
219 2297 528 2336 Christianorum
557 2298 720 2336 exitium
748 2299 963 2337 suscitavit.
981 2299 1087 2336 Idem

151 2348 291 2387 dicitur
315 2350 517 2389 Catholici
531 2352 646 2390 titulo
662 2353 862 2390 decorasse
877 2352 1085 2390 Ferdinan-

150 2402 243 2440 dum
264 2403 300 2441 V
320 2404 539 2453 Aragoniae
559 2406 599 2442 et
619 2405 811 2444 Castellae
831 2406 996 2455 Regem,
1018 2405 1084 2454 qui

151 2455 328 2494 Granata
356 2457 458 2495 Urbe
486 2458 646 2508 potitus,
672 2458 874 2497 deleverat
893 2460 1085 2498 vetustis-

191 2581 202 2604 ¹
222 2583 283 2614 Has
300 2584 541 2623 propositiones,
553 2585 632 2617 inter
648 2595 724 2627 quas
741 2586 909 2618 nonnullae
925 2590 1088 2626 suspectae

150 2626 180 2654 et
196 2624 350 2656 haeresim
367 2626 521 2665 sapientes
539 2631 682 2666 repertae
698 2631 777 2666 sunt,
793 2630 922 2659 Ioannes
939 2628 1027 2659 Picus
1041 2637 1087 2659 so-

149 2663 211 2696 lum
227 2665 447 2714 disputationis
469 2668 681 2715 *scholasticae
704 2671 805 2707 gratia
827 2670 980 2708 ediderat,
997 2673 1086 2710 atque

149 2707 770 2790 Appsxtffiicffiesgghsniizytpggnssitiipicf'rpti
786 2751 932 2784 Bullarii.

189 2789 205 2812 3
226 2790 343 2822 Natalis
377 2791 549 2822 Alexander
576 2791 617 2829 (in
644 2792 722 2824 Hist.
749 2792 863 2824 Eccles.
886 2802 967 2824 saec.
983 2793 1034 2823 XV
1057 2796 1085 2824 et

150 2829 223 2869 XVI,
237 2831 287 2862 c.1
305 2841 330 2862 a.
346 2831 394 2870 10)
409 2833 641 2872 animadvertit,
658 2834 770 2865 nullum
784 2834 954 2865 innocentii
968 2834 1031 2865 vul
1048 2844 1084 2865 ea

149 2871 187 2902 de
206 2881 238 2903 re
252 2873 408 2904 decretum
435 2877 550 2912 exstat,
576 2884 632 2905 nec
656 2875 717 2906 ulla
741 2875 822 2913 apud
846 2875 924 2906 alios
941 2878 1084 2906 auctores

149 2915 309 2946 memoria.
327 2915 457 2946 Bzovius
477 2925 548 2946 vero
565 2916 615 2955 (ad
633 2925 682 2946 an.
703 2915 794 2954 1490)
810 2917 930 2955 scribit,
947 2917 1029 2948 circa
1045 2917 1084 2948 il·-

148 2953 201 2985 lud
219 2959 338 2995 tempus
355 2956 518 2987 nonnullos
531 2957 727 2995 Sacerdotes,
743 2956 795 2997 qui
810 2962 919 2997 postea
935 2958 1082 2989 combusti

150 2999 221 3027 sunt
242 3001 368 3037 propter
390 2997 554 3029 falsificata
572 2998 740 3039 diplomata
757 2999 913 3030 pontificia
925 3024 932 3037 ‚
946 2998 1083 3039 potuisse

150 3036 181 3067 in
199 3037 261 3068 illis
279 3039 416 3077 partibus
433 3039 540 3070 salsam
558 3039 690 3080 aliquam
707 3040 968 3078 dispensationem
984 3041 1084 3080 publi-

147 3086 228 3110 care.
247 3079 310 3110 Vid.
330 3081 474 3118 Gonetus,
488 3082 516 3111 in
533 3079 652 3121 Clypea
667 3081 691 3113 T
692 3081 769 3112 heol.
789 3081 980 3121 Thomist.,t.
991 3082 1022 3120 V,
1032 3082 1084 3113 Di-

147 3124 228 3160 sput.
244 3119 262 3152 3
278 3120 322 3152 De
335 3120 551 3160 Eucharistia,
569 3126 626 3154 art.
642 3122 670 3161 6,
683 3122 698 3164 ξ
711 3122 739 3162 2,
755 3122 834 3154 n.9l.

188 3161 202 3183 ⁴
219 3161 262 3193 Ad
278 3171 325 3193 an.
344 3162 433 3202 1486,
448 3166 464 3194 S
478 3162 529 3203 42,
545 3163 594 3195 58.

1950 91 2022 130 137

1134 167 1276 206 simum
1296 168 1522 206 Maurorum
1556 165 1759 217 imperium
1779 167 1817 205 in
1840 166 2024 215 Hispania
2044 165 2073 203 ¹.

1136 221 1379 259 Innocentius
1395 222 1487 259 VIII
1507 225 1680 258 mortuus
1696 222 1754 258 est
1769 232 1857 258 ann.
1876 220 1974 258 1492
1986 218 2076 257 vm⁰

1136 274 1282 312 calend.
1312 275 1479 324 augusti.
1498 275 1608 312 Vixit
1628 286 1714 312 ann.
1731 273 1795 320 60,
1811 273 1990 322 regnavit
2009 284 2071 311 se-

1137 331 1252 375 ptem,
1270 340 1356 365 cum
1374 339 1496 366 mens.
1515 328 1575 373 10,
1593 328 1690 365 dieb.
1704 327 1765 373 27,
1786 327 1875 365 novi
1896 326 2019 371 Orbis,
2032 328 2076 362 ut

1136 380 1252 417 habet
1267 381 1349 418 eius
1364 381 1621 430 clogium‚suo
1637 391 1732 418 aevo
1749 379 1898 418 inventi
1911 379 2036 428 gloria
2048 375 2074 416 ².

1191 433 1248 470 10.
1274 434 1434 470 Bellum
1459 434 1676 472 Turez‘cum
1693 456 1741 465 —
1759 434 1915 471 Interea
1936 433 2076 470 Maho-

1136 488 1215 523 met
1238 486 1286 531 II,
1307 489 1531 535 expugnata
1564 499 1624 524 an.
1651 488 1750 527 1453
1767 517 1776 534 ,
1806 491 1848 525 ut
1876 486 2044 523 vidimus
2061 514 2070 531 ,

1134 538 1477 589 Constantinopoli,
1493 539 1678 589 quidquid
1697 540 1835 579 Graeci
1856 539 1894 577 in
1914 540 2072 587 Europa

1136 591 1393 640 possidebant,
1407 594 1636 640 occupavit:
1657 594 1835 632 Serviam
1855 592 1893 629 in
1915 592 2069 641 provin-

1135 644 1447 683 ciamTurcicam
1468 646 1639 695 redegit,
1661 646 1920 696 principatum
1941 646 2068 682 Grae-

1135 708 1221 734 cum
1251 697 1288 734 in
1310 697 1573 748 Peloponneso
1602 701 1815 745 exstinxit,
1836 701 1874 736 et
1896 699 2074 736 universa

1133 750 1312 796 Graecia,
1341 751 1583 800 Trapezunte
1613 755 1652 789 et
1670 754 1813 792 Bosnia
1833 754 1979 800 potitus
2000 753 2070 789 est.

1134 803 1244 841 Anno
1277 804 1375 842 1456
1409 804 1552 842 invasit
1586 805 1848 854 Hungariam,
1882 806 1947 842 sed
1982 805 2070 841 inde

1134 856 1281 894 eiectus
1319 856 1394 894 fuit
1420 870 1442 895 a
1462 858 1605 895 Ioanne
1627 859 1794 897 Corvino
1818 858 2023 896 Hunniade
2043 857 2071 894 ³.

1135 909 1276 947 Eodem
1307 914 1479 959 tempore
1505 922 1614 948 arma
1634 913 1753 950 vertit
1777 916 1912 950 contra
1941 910 2073 948 fortis-

1134 963 1273 1001 simum
1311 964 1582 1013 Scanderbeg,
1602 965 1816 1015 principem
1845 964 1978 1013 Epiri,
2007 963 2072 1012 qui

1134 1016 1283 1054 'Furcas
1311 1017 1464 1066 saepius
1494 1018 1662 1056 vicerat:
1691 1020 1755 1056 sed
1777 1030 1864 1056 eum
1886 1029 1945 1055 an.
1971 1017 2071 1054 1466

1133 1069 1194 1106 hic
1216 1070 1386 1117 obiisset,
1409 1083 1458 1108 ex
1477 1083 1520 1108 eo
1541 1073 1716 1120 tempore
1736 1073 1885 1110 Turcae
1908 1070 2069 1117 Epirum

1131 1126 1382 1172 occuparunt.
1418 1125 1527 1161 Tunc
1558 1125 1756 1163 Mahomet
1775 1137 1884 1162 arma
1905 1122 2070 1161 contulit

1131 1176 1168 1212 in
1199 1176 1460 1214 Occidentem.
1492 1178 1670 1216 Diximus
1699 1190 1836 1228 supra,
1868 1189 1944 1226 qua
1975 1188 2069 1213 cura

1132 1230 1284 1278 Xystus
1324 1231 1391 1279 Pp.
1428 1231 1483 1268 IV
1513 1231 1703 1280 principes
1722 1235 1760 1269 et
1780 1232 1937 1280 populos
1959 1229 2069 1266 chri-

1132 1284 1278 1321 stianos
1298 1283 1335 1321 al
1356 1283 1503 1321 bellum
1524 1287 1661 1322 contra
1689 1285 1862 1322 infideles
1893 1285 2070 1320 hortatus

1133 1335 1262 1374 fuerit.
1280 1339 1393 1374 Anno
1411 1337 1511 1374 1472
1527 1338 1588 1374 hie
1606 1338 1789 1376 Pontifex
1806 1350 1891 1375 cum
1908 1336 2072 1375 Venetis

1133 1392 1172 1426 et
1191 1390 1436 1428 Ferdinando
1457 1403 1549 1440 rege
1566 1391 1748 1441 Neapolis
1767 1391 1928 1429 classem
1963 1402 2072 1427 com-

1131 1445 1298 1491 paravit,
1328 1456 1427 1493 quae
1448 1445 1671 1492 Smyrnam,
1700 1445 1921 1493 opulentam
1946 1443 2073 1480 Ioniae

1132 1497 1346 1543 civitatem,
1368 1498 1480 1546 cepit3
1501 1499 1567 1535 sed
1598 1501 1794 1535 caeterum
1812 1498 1907 1535 nihil
1930 1496 2071 1542 effecit,

1132 1550 1272 1587 Tureis
1287 1562 1326 1588 se
1341 1550 1538 1598 Bosphoro
1555 1553 1594 1588 et
1611 1551 1862 1600 Hellesponto
1879 1550 2073 1588 continen-

1132 1603 1361 1641 tibus.Anno
1374 1603 1474 1641 1476
1487 1604 1685 1642 Mahomet
1698 1617 1783 1642 cum
1800 1605 1944 1654 ingenti
1957 1615 2072 1640 exer-

1131 1656 1208 1693 citu
1226 1658 1344 1694 irruit
1359 1657 1396 1694 in
1412 1657 1662 1696 Moldaviam.
1674 1658 1834 1695 Restitit
1849 1658 1882 1695 ei
1898 1657 2068 1705 Stepha-

1130 1721 1200 1746 nus
1230 1710 1395 1748 vaivoda
1423 1722 1488 1748 seu
1510 1711 1716 1760 palatinus,
1745 1713 1933 1760 tantaque
1961 1711 2070 1748 clade

1130 1763 1258 1800 hostes
1278 1763 1432 1811 repulit,
1451 1767 1493 1801 ut
1514 1765 1626 1813 pauci
1647 1777 1780 1802 eorum
1800 1764 2006 1809 evaserint,
2022 1764 2068 1801 si-

1129 1827 1281 1865 gnaque
1302 1817 1485 1855 militaria
1513 1818 1680 1866 amplius
1712 1819 1786 1855 100
1814 1817 2066 1866 perdiderint.

1129 1869 1280 1907 Turcae
1313 1870 1407 1907 nihil
1437 1871 1482 1907 de
1513 1871 1643 1908 furore
1672 1883 1740 1909 suo
1770 1871 1807 1908 in
1828 1871 2066 1908 Christianos

1128 1924 1369 1961 remittentes
1387 1953 1395 1969 ,
1425 1924 1594 1972 Caffam,
1624 1925 1900 1962 nobilissimam
1933 1924 2067 1960 urbem

1128 1976 1319 2014 Tauricae
1339 1977 1583 2024 Chersonesi,
1610 1978 1879 2015 Genuensibus
1910 1977 2068 2026 eripue-

1127 2033 1230 2076 runt;
1252 2042 1352 2067 anno
1374 2031 1474 2067 1477
1495 2043 1646 2069 summa
1667 2043 1754 2068 cum
1783 2031 1963 2068 barbarie
1994 2042 2067 2067 ex-

1128 2086 1352 2131 pugnarunt
1372 2084 1590 2131 Albaniam
1617 2097 1677 2122 an.
1703 2084 1802 2123 1479
1832 2084 2067 2122 obsederunt

1127 2137 1292 2174 insulam
1310 2137 1503 2183 Rhodum,
1519 2149 1617 2186 quae
1638 2138 1822 2175 bellicosa
1834 2138 1982 2175 virtute
1999 2137 2070 2174 Pe-

1127 2190 1178 2227 tri
1199 2190 1432 2236 Albussonii,
1453 2191 1639 2239 Equitum
1659 2203 1687 2229 s.
1709 2191 1864 2228 Ioannis
1881 2190 2070 2239 magistri,

1128 2242 1249 2291 pulsis
1264 2244 1448 2290 hostibus,
1471 2247 1629 2282 servata
1644 2244 1730 2291 suin
1748 2245 1881 2282 eodem
1890 2256 1992 2281 anno
2011 2244 2063 2280 ir-

1127 2299 1293 2334 ruerunt
1311 2297 1349 2334 in
1365 2297 1692 2342 Transilvaniam,
1709 2298 1776 2335 sed
1798 2299 1844 2335 ab
1866 2297 2063 2345 Hungaris

1129 2349 1264 2387 reiecti
1284 2350 1455 2388 fuerunt.
1486 2351 1597 2388 Anno
1620 2351 1721 2388 1480
1749 2351 1886 2400 ingens
1915 2350 2064 2387 Tur-ca-

1128 2414 1215 2440 rum
1235 2403 1366 2441 classis
1385 2404 1549 2441 traiecto
1567 2404 1663 2441 mari
1685 2404 1880 2441 descendit
1899 2403 1937 2440 in
1957 2402 2064 2440 Cala-

1128 2456 1265 2504 briam,
1281 2457 1531 2506 Hydruntum
1549 2458 1791 2506 expugnavit
1818 2459 2065 2505 stragemque

1129 2510 1360 2548 horrendam
1398 2511 1437 2547 in
1468 2510 1707 2548 Christianos
1745 2510 1876 2547 edidit.
1916 2510 2064 2547 Tantus

1128 2565 1254 2600 terror
1272 2563 1407 2601 illatus
1427 2566 1484 2601 est
1504 2564 1706 2601 universae
1736 2563 1886 2608 Italiae,
1917 2565 1959 2600 ut
1977 2573 2064 2599 ma-

1128 2616 1185 2665 gis
1206 2617 1252 2653 de
1271 2628 1318 2654 ea
1339 2616 1551 2654 deserenda
1571 2628 1684 2665 quam
1705 2615 1943 2653 defendenda
1957 2615 2064 2664 cogi-

1127 2671 1290 2707 taretur.
1322 2669 1473 2707 Animis
1511 2681 1585 2707 non
1614 2669 1752 2706 cecidit
1779 2669 1931 2718 Xystus
1963 2669 2034 2717 Pp.
2054 2697 2064 2715 ‚

1126 2723 1344 2771 principum
1379 2725 1552 2761 oratores
1585 2721 1827 2768 convocavit,
1861 2724 1904 2759 ut
1929 2733 2061 2759 omnes

1127 2778 1262 2813 contra
1281 2776 1498 2824 Religionis
1518 2777 1556 2813 et
1573 2775 1721 2824 patriae
1743 2775 1872 2813 hostes
1900 2774 2062 2812 coniun-

1126 2830 1197 2867 ctis
1214 2829 1361 2867 viribus
1375 2829 1631 2878 insurgerent,
1640 2828 1773 2866 foedus
1790 2829 1836 2866 ad
1849 2828 1988 2866 bellum
2007 2839 2065 2866 sa-

1168 3001 1179 3022 ¹
1198 2999 1349 3040 Raynald.
1365 2998 1403 3028 ad
1422 3006 1468 3028 an.
1489 2997 1579 3037 1496,
1597 3007 1624 3029 n.
1642 2998 1690 3029 ⁶25.

1167 3041 1182 3063 2
1206 3044 1226 3072 A
1245 3040 1469 3079 christophoro
1486 3039 1630 3070 Columbo
1644 3041 1796 3072 Genuensi
1814 3039 2004 3079 nn.149⁹2,et
2019 3043 2062 3071 A·

1126 3083 1270 3114 maricae
1286 3083 1407 3112 nomine
1424 3083 1533 3120 postea
1547 3081 1701 3120 appellati,
1715 3083 1765 3122 qui
1780 3082 1895 3122 primus
1912 3092 1949 3114 ex
1964 3083 2060 3114 Euro-

1128 3126 1215 3164 paeis
1232 3125 1262 3154 in
1277 3124 1342 3154 eius
1358 3123 1561 3154 continentem
1584 3123 1743 3164 ingressus
1760 3127 1816 3155 est.

1167 3165 1181 3188 3
1201 3165 1264 3195 Vid.
1283 3174 1317 3204 p.¹
1336 3162 1403 3195 133.
