2241 3473
217 164 269 201 36

165 242 252 285 tur,
280 238 522 283 elaboravit3
551 238 591 273 et
618 233 844 272 hane-iuris
874 232 1021 282 publici
1058 244 1125 270 re-

166 293 300 341 gulam
334 290 610 329 stabiliendam
644 287 820 324 curavit:
850 286 1126 334 imperatorem

165 357 249 382 osse
286 344 390 381 orbis
419 342 632 386 dominum,
663 339 823 387 proinde
853 339 901 375 ad
932 350 1021 375 eum
1061 350 1127 376 so-

165 398 249 435 lum
267 397 467 446 pertinere
489 393 618 431 omnia
646 392 811 440 regalia.
835 391 882 428 Vi
913 391 1030 429 huius
1059 403 1127 428 re-

163 451 282 499 gulae
301 448 526 486 Fridericus
546 445 748 494 episcopos
766 447 805 482 et
825 445 988 482 abbates
1016 444 1124 481 Lon-

162 502 354 551 gobardos
383 501 431 537 ad
461 498 699 536 dimittenda
724 497 895 547 regalia,
918 500 958 534 et
988 498 1035 534 ad
1057 497 1127 534 sibi

166 555 413 598 hominium,
435 555 477 590 ut
505 563 553 589 ea
581 552 818 600 reciperent,
847 550 1127 599 praestandum

165 607 361 656 compulit.
384 607 442 644 De
457 605 517 642 his
544 608 585 642 et
613 604 700 642 aliis
722 603 909 653 pluribus,
930 615 1030 651 quae
1050 603 1127 640 im-

165 663 324 709 perator
352 660 490 696 contra
518 657 786 696 Ecclesiarum
823 656 1048 694 libertatem
1090 658 1130 693 et

164 714 253 751 iura
267 712 503 757 attentabat,
521 711 745 749 Hadrianus
758 709 842 758 Pp„
856 710 948 746 data
968 709 1016 746 ad
1039 721 1129 746 eum

168 766 344 815 epistola,
357 764 498 803 merito
515 764 796 813 expostulavit.
810 762 1039 799 Fridericus
1056 774 1129 798 ex-

164 818 497 868 postulationibus
537 816 743 855 Pontificis
773 827 863 853 suas
902 815 1129 864 petulanter

166 871 358 921 opposuit,
375 871 670 919 contenditque,
686 881 760 906 non
777 871 933 906 tantum
954 868 1126 905 omnium

166 925 372 974 regalium,
394 924 459 961 sed
481 924 601 973 ipsius
622 923 739 961 Urbis
759 923 930 966 Romae,
951 922 1034 958 sine
1056 932 1132 968 qua

166 979 284 1015 inane
314 989 398 1015 esse
428 977 586 1014 dicebat
613 975 861 1024 imperatoris
882 986 1036 1019 nomen,
1057 975 1130 1012 do-

168 1030 334 1068 minium
363 1030 413 1068 ad
447 1042 488 1068 se
522 1029 731 1079 pertinere.
762 1028 990 1066 Hadrianus
1020 1027 1130 1064 novis

167 1083 309 1122 litteris
339 1084 606 1132 arrogantiam
637 1082 885 1131 imperatoris
913 1081 1130 1129 reprehen-

168 1137 238 1184 dit,
269 1149 440 1186 eumque
462 1136 510 1174 ad
531 1135 840 1185 resipiscentiam
857 1135 1037 1171 hortatus
1059 1137 1130 1178 est,

170 1190 327 1239 «quia,
356 1190 509 1239 inquit,
538 1201 627 1226 cum
658 1201 681 1226 a
709 1188 831 1226 Nobis
860 1187 1130 1225 consecratio-

172 1255 263 1281 nem
285 1245 326 1281 et
347 1254 534 1281 coronam
557 1241 762 1288 merueris,
783 1242 875 1279 dum
905 1240 1132 1278 inconcessa

174 1299 321 1345 captas,
342 1308 391 1334 ne
411 1307 595 1334 concessa
616 1295 770 1345 perdas,
791 1292 1003 1333 Nobilitati
1024 1294 1132 1331 Tuae

175 1351 360 1388 timemus
380 1347 438 1388 ¹».

223 1403 353 1445 Quum
370 1403 425 1440 sic
437 1402 633 1440 discordia
648 1401 958 1451 ingravesceret,
969 1399 1133 1438 Hadria-

172 1467 245 1493 nus
278 1458 458 1494 mortuus
491 1458 551 1493 est
579 1455 682 1504 apud
718 1455 953 1503 Anagniam,
996 1454 1131 1490 urbem

173 1509 428 1559 Campaniae,
446 1509 584 1546 morbo
600 1508 863 1557 squinantiae,
880 1519 940 1544 an.
957 1507 1058 1544 1159
1074 1518 1133 1543 ca-

172 1563 276 1601 lend.
293 1562 503 1611 septembr.
521 1562 670 1610 Corpus
685 1561 768 1598 eius
784 1561 953 1598 Romam
969 1560 1135 1597 transla-

172 1618 271 1662 tum,
284 1616 377 1653 etin
391 1614 565 1653 Basilica
581 1615 624 1652 B.
645 1614 755 1652 Petri
778 1613 989 1661 sepultum.
1008 1612 1135 1650 Huius

171 1669 378 1706 Pontificis
399 1669 497 1707 haec
518 1670 578 1706 est
602 1668 708 1705 haud
726 1666 888 1704 minima
912 1666 1011 1712 laus,
1033 1666 1134 1714 quod

173 1725 331 1760 tantum
348 1721 732 1770 abfuitacupiditate
748 1731 840 1769 opes
856 1719 1068 1769 aggerendi
1086 1719 1134 1756 ad

174 1787 286 1821 suos,
316 1778 359 1813 ut
384 1777 552 1813 matrem
573 1774 814 1823 relinqueret
839 1773 1017 1811 alendam
1038 1772 1138 1822 stipe

175 1829 374 1867 Ecclesiae
396 1827 706 1867 Cantuariensis.

228 1883 291 1920 44.
304 1882 545 1921 Alexander
562 1881 638 1919 III
650 1881 849 1930 Pontifea)
861 1878 946 1930 (an.
963 1878 1136 1927 1159)-

175 1938 300 1974 Sexta
314 1935 376 1972 die
390 1937 476 1984 post
493 1934 682 1972 Hadriani
698 1934 754 1972 IV
775 1933 941 1978 obitum,
953 1931 1034 1969 vi1⁰
1048 1933 1135 1970 idus

176 1989 388 2038 septembr.
413 1988 528 2033 1159,
558 1988 596 2025 in
619 1987 702 2025 eius
730 1987 861 2024 locum
882 1986 1034 2024 electus
1063 1985 1137 2022 fuit

176 2041 402 2080 Alexander
425 2041 493 2086 III,
509 2040 703 2085 Senensis,
735 2039 946 2077 cardinalis
967 2039 1135 2076 Cancel-

175 2095 317 2140 larius,
339 2097 456 2132 antea
485 2094 707 2143 appellatus
728 2093 933 2131 Rolandus
961 2092 1136 2141 Papero-

179 2160 264 2194 nus,
280 2149 328 2185 ad
351 2148 463 2185 cuius
484 2147 750 2184 litteraturam
771 2147 883 2196 pauci
905 2147 952 2183 de
971 2145 1136 2194 praede-

178 2201 396 2239 cessoribus
418 2201 500 2238 eius
522 2201 623 2238 infra
653 2202 810 2237 centum
842 2211 965 2236 annos
989 2199 1135 2248 attige-

178 2257 292 2293 runt:
313 2254 415 2292 sedit
443 2265 566 2302 usque
593 2253 638 2290 ad
672 2265 734 2290 an.
770 2252 890 2295 1181,
910 2251 1136 2300 invictaque

179 2307 371 2357 patientia
391 2307 623 2345 diuturnum
639 2305 807 2344 schisma
823 2305 1076 2354 compescuit,
1095 2308 1138 2342 ut

182 2373 274 2400 mox
295 2361 527 2398 videbimus.

232 2414 295 2453 45.
320 2411 758 2452 Schisma—Electioni
777 2410 990 2449 Alexandri
1009 2410 1063 2448 III
1081 2422 1138 2448 re·
1156 2415 1158 2422 '

178 2467 369 2505 stiterunt
388 2467 413 2504 3
429 2466 670 2510 cardinales,
692 2464 944 2509 Octavianus,
969 2464 1136 2501 Ioannes

181 2523 228 2558 de
249 2521 308 2559 Sto
331 2520 524 2566 Martino,
545 2522 585 2556 et
606 2518 733 2555 Guido
754 2517 988 2561 Cremeusis,
1006 2517 1133 2555 fauto-

179 2586 242 2611 res
276 2573 451 2611 diuturni
491 2571 725 2611 schismatis.
761 2571 1003 2608 Octavianus
1018 2600 1026 2616 ,
1066 2569 1134 2618 qui

179 2627 326 2665 iamdiu
348 2627 395 2665 ad
413 2625 666 2676 apostolicam
684 2625 913 2662 cathedram
928 2623 1135 2672 aspirave-

184 2683 259 2726 rat,
280 2692 401 2729 quum
421 2679 691 2718 Alexandrum
709 2678 876 2716 electum
896 2677 1009 2721 vidit,
1030 2676 1136 2713 illam

181 2734 220 2770 vi
251 2734 438 2771 invadere
468 2735 634 2771 conatus
659 2733 739 2777 est3
761 2730 938 2769 inaudita
971 2729 1135 2766 audacia

181 2786 336 2836 insigne
367 2785 612 2835 pontificale,
643 2796 720 2834 quo
749 2785 827 2822 iam
857 2783 1017 2821 indutus
1051 2786 1137 2819 erat

184 2839 423 2886 Alexander,
435 2840 525 2877 huic
541 2839 716 2878 detraxit
731 2840 770 2876 et
785 2837 854 2876 sibi
874 2836 1016 2886 rapuit;
1036 2848 1135 2873 mox·

183 2904 259 2941 que
289 2896 443 2931 armata
473 2905 591 2931 manu
623 2894 754 2942 partes
774 2903 865 2929 suas
886 2890 1044 2928 firmare
1067 2901 1136 2925 co-

184 2949 300 2983 natus
326 2949 396 2984 est.
420 2949 453 2984 A
475 2946 625 2984 duobus
646 2945 854 2995 praedietis
875 2942 1137 2982 cardinalibus

183 2999 330 3037 electus
359 3011 448 3037 cum
479 3012 552 3038 non
583 3000 782 3037 inveniret
810 3001 892 3036 tres
927 2996 1140 3046 episcopos,

184 3052 249 3100 qui
266 3053 300 3090 ei
318 3065 459 3090 manus
478 3051 907 3103 imponerent,tandem
924 3051 946 3088 4
969 3049 1138 3088 octobris

229 3190 235 3210 ¹
258 3191 446 3229 lladevicus,
466 3191 558 3223 Gesta
576 3191 736 3223 I⁸riderivi
754 3192 775 3227 Ι,
795 3191 811 3221 1.
843 3190 912 3227 1-2;
932 3190 1084 3221 Baruuius
1111 3193 1139 3220 el

187 3232 261 3272 l'agi
280 3233 318 3262 ad
337 3242 384 3263 au.
407 3233 539 3263 1157-5u
555 3243 561 3271 ;
579 3233 680 3264 Labbc
701 3232 795 3265 Cone.
814 3236 832 3263 l.
853 3233 887 3270 X,
906 3242 939 3272 p.
956 3231 985 3263 11
1001 3231 1103 3262 22-59.

638 169 795 196 EPOCHA
826 170 896 195 Vll.
927 169 954 195 A
983 168 1250 194 PONTIFICATV

1281 171 1310 194 5.
1335 169 1534 196 GREGORH
1564 170 1623 196 vn
1630 188 1637 195 .

1171 234 1220 270 ab
1249 234 1378 271 Imaro
1407 234 1586 283 episcopo
1605 235 1851 284 Tusculano,
1872 238 1939 287 qui
1959 238 2128 287 primum

1171 286 1385 324 Alexandri
1416 287 1597 325 electioni
1625 294 1868 336 assenserat,
1900 291 2126 330 assistenti-

1171 340 1244 377 bus
1259 339 1447 389 episcopis
1458 340 1712 378 Ferentinate
1726 345 1766 379 et
1776 343 2027 392 Melphitensi
2042 356 2128 382 con-

1171 398 1360 438 secratus,
1376 393 1587 441 assumpsit
1603 405 1743 431 nomen
1764 396 1937 435 Victoris
1954 397 2009 434 IV
2028 396 2054 436 ¹.
2071 398 2131 435 In-

1173 445 1288 482 terim
1312 445 1540 483 Alexander
1570 447 1627 483 III
1658 450 1750 485 ante
1777 448 1878 486 diem
1899 461 1959 487 ΧΠ
1979 450 2129 488 calend.

1173 499 1319 536 octobr.
1351 501 1535 536 consueto
1565 511 1678 537 morev
1692 501 1740 538 ab
1766 501 1943 550 episcopo
1963 503 2131 540 Ostiensi

1174 554 1424 589 consecratus
1436 555 1495 589 est
1505 553 1544 589 et
1552 552 1774 590 Pontificali
1785 566 1928 591 corona
1936 554 2128 594 ornatus².

1228 605 1359 646 Quum
1389 607 1580 653 uterque,
1609 605 1837 644 Alexander
1870 610 1909 646 et
1941 608 2130 646 Octavia-

1175 669 1261 703 nus,
1278 658 1510 696 electionem
1526 670 1639 696 suam
1660 659 1804 697 litteris
1833 661 2041 709 encyclicis
2067 673 2128 698 ca-

1172 711 1318 748 tholico
1336 711 1420 749 orbi
1448 711 1965 760 significassent,confestim
1985 714 2129 752 Fride-

1176 766 1278 801 ricus
1298 765 1524 813 imperator,
1541 765 1642 802 bello
1663 765 1702 802 in
1726 767 2002 814 Longobardia
2021 779 2133 804 oecu-

1177 819 1302 866 patus,
1319 819 1465 855 reiecto
1480 818 1722 864 Alexandro,
1735 831 1849 867 quem
1866 820 1944 857 iam
1961 821 2033 858 sub
2049 820 2131 858 Ha-

1176 871 1311 907 driano
1333 871 1386 908 lV
1409 871 1610 919 legatione
1632 871 1815 909 functum
1836 873 1984 919 oderat,
2006 873 2131 911 Octa-

1176 923 1333 960 vianum
1364 924 1555 972 suscepit,
1577 924 1734 973 eiusque
1767 928 1901 974 partes
1931 926 2035 963 omni
2069 927 2134 964 via

1175 976 1386 1014 defendere
1407 977 1548 1026 coepit,
1566 989 1613 1014 ne
1629 980 1761 1015 tamen
1786 979 2000 1016 arbitraria
2015 979 2136 1017 ratio-

1177 1042 1224 1067 ne
1246 1030 1456 1078 procedere
1477 1030 1694 1076 videretur,
1718 1043 1781 1068 an.
1807 1032 1908 1069 1160
1927 1031 2055 1069 Ticini
2075 1032 2131 1070 si-

1177 1083 1397 1121 mulacrum
1421 1083 1573 1120 concilii
1602 1083 1742 1132 coegit,
1763 1085 1890 1133 specie
1910 1085 2070 1133 quidem
2092 1087 2135 1122 ut

1177 1137 1381 1185 utriusque
1413 1137 1536 1185 partis
1557 1137 1646 1174 iura
1667 1137 1970 1185 discuterentur,
1990 1149 2133 1176 revera

1179 1192 1234 1235 ut,
1256 1190 1401 1227 reiecto
1422 1190 1663 1235 Alexandro,
1683 1190 1924 1228 Octavianus
1945 1202 2013 1228 seu
2035 1190 2132 1229 Vic-

1177 1246 1239 1281 tor
1251 1243 1410 1281 confirm
1417 1244 1566 1281 aretur.
1580 1243 1860 1281 Convenerunt
1871 1244 2134 1293 archiepisco-

1178 1297 1211 1344 pi
1234 1299 1273 1334 et
1295 1296 1464 1345 episcopi
1495 1296 1583 1333 Itali
1608 1299 1726 1345 atque
1757 1297 1945 1335 Germani
1975 1297 2134 1335 circiter

1177 1350 1241 1395 50,
1264 1349 1377 1387 multi
1393 1350 1554 1387 abbates
1571 1351 1608 1386 et
1630 1350 1854 1398 praepositi3
1871 1350 1999 1388 adfuit
2015 1351 2134 1388 etiam

1178 1403 1422 1440 Octavianus
1443 1414 1533 1439 cum
1552 1402 1776 1441 fautoribus
1797 1404 1890 1450 suis3
1910 1403 2135 1442 Alexander

1179 1468 1271 1494 vero
1293 1456 1455 1504 eiusque
1477 1456 1696 1493 cardinales
1717 1456 1978 1494 conciliabulo
1999 1457 2063 1494 isti
2086 1469 2134 1494 a-

1179 1510 1287 1546 desse
1309 1509 1451 1546 merito
1473 1511 1722 1547 recusarunt.
1746 1510 1789 1547 In
1811 1510 1883 1547 hoc
1904 1510 2135 1548 conciliabu-

1177 1563 1213 1600 lo
1235 1563 1403 1611 episcopi
1427 1566 1467 1600 et
1486 1563 1567 1607 alii,
1589 1563 1732 1611 partim
1753 1563 2001 1612 imperatoris
2043 1575 2135 1613 gra-

1177 1616 1234 1652 tia
1254 1618 1292 1653 et
1312 1619 1420 1653 metu
1436 1645 1445 1661 ,
1466 1616 1610 1663 partim
1644 1616 1857 1653 mendaciis
1871 1645 1879 1661 ,
1900 1616 2042 1665 quibus
2062 1616 2137 1654 Vi-

1179 1669 1299 1706 ctoris
1316 1668 1472 1714 electio,
1494 1670 1648 1706 nemine
1665 1669 1964 1707 contradicente
1977 1699 1986 1716 ,
2008 1669 2139 1708 fuerat

1179 1722 1373 1770 exposita,
1391 1722 1572 1770 permoti,
1585 1722 1787 1759 Victorem
1807 1723 2029 1771 legitimum
2042 1735 2138 1772 pon-

1179 1776 1326 1812 tificem
1349 1775 1619 1822 declararunt,
1642 1775 1911 1813 Alexandrum
1931 1787 2024 1813 vero
2045 1788 2138 1813 con-

1180 1829 1483 1874 demnaverunt3
1496 1831 1535 1866 et
1552 1829 1737 1878 antipapa
1754 1829 1960 1867 confestim
1973 1830 2136 1867 anaihe-

1182 1882 1297 1919 matis
1317 1881 1553 1919 sententiam
1572 1883 1609 1919 in
1633 1882 1906 1920 Alexandrum
1928 1894 2138 1932 omnesque

1179 1935 1262 1973 eius
1291 1935 1467 1973 fautores
1497 1936 1662 1984 protulit
1691 1934 1717 1974 ³.
1740 1935 1968 1974 Fridericus
1997 1935 2014 1973 Ι
2043 1947 2135 1974 mox

1180 1988 1361 2026 omnibus
1391 1988 1542 2038 imperii
1565 1989 1757 2038 episcopis
1778 1990 1852 2027 sub
1873 2001 1997 2038 poena
2027 1989 2135 2027 exilii

1179 2042 1397 2088 mandavit,
1420 2045 1462 2080 ut
1491 2042 1710 2079 Octaviano
1730 2054 1799 2081 seu
1821 2042 1972 2080 Victori
2002 2042 2138 2080 obedi-

1180 2098 1282 2142 rent,
1304 2095 1504 2144 episcopos
1525 2096 1560 2133 id
1584 2096 1714 2133 facere
1739 2098 1974 2134 recusantes
1991 2107 2011 2132 e
2031 2095 2136 2132 sedi-

1181 2149 1253 2186 bus
1269 2149 1351 2186 suis
1371 2148 1486 2185 eiecit
1501 2153 1540 2186 et
1555 2150 1592 2186 in
1614 2150 1769 2197 easdem
1788 2149 2058 2186 schismaticos
2078 2149 2138 2185 in-

1181 2202 1312 2246 trusit3
1335 2203 1438 2239 unde
1468 2213 1613 2251 magna
1635 2202 1878 2251 perturbatio
1899 2202 1938 2239 in
1960 2201 2138 2240 ecclesiis

1179 2255 1338 2303 imperii
1360 2257 1497 2293 secuta
1513 2259 1573 2293 est
1593 2255 1618 2293 ⁴.

1234 2308 1311 2345 Alii
1324 2320 1418 2346 sane
1434 2320 1544 2357 reges
1553 2312 1593 2346 et
1605 2308 1688 2358 prin
1696 2309 1799 2359 cipes
1814 2308 2032 2355 christiani,
2043 2319 2140 2358 quos

1224 2400 1233 2421 1
1254 2401 1416 2431 Victorem
1432 2400 1476 2436 lv,
1490 2402 1521 2429 ut
1537 2399 1624 2429 estin
1640 2398 1786 2438 Epistola
1801 2400 2027 2432 canonicorum
2043 2400 2071 2432 S.
2087 2401 2140 2432 Pc-

1181 2442 1218 2473 lri
1235 2443 1244 2481 (
1259 2451 1309 2481 ap.
1338 2443 1451 2473 baron.
1466 2441 1504 2471 ad
1523 2450 1569 2471 an.
1591 2440 1679 2479 1160,
1697 2446 1711 2473 ἓ
1728 2440 1778 2479 61,
1797 2442 1980 2473 cardinales
1996 2467 2004 2479 ,
2021 2442 2137 2481 Clerus,

1181 2484 1310 2521 ludices,
1330 2483 1502 2520 Scriniarii,
1524 2484 1701 2521 Senatores,
1722 2483 1918 2523 populusque
1937 2484 2094 2515 Romanus
2111 2493 2140 2515 e-

1180 2526 1302 2562 lectum,
1318 2525 1356 2555 ud
1376 2525 1524 2555 l’alalium
1544 2533 1642 2562 usque
1669 2534 1737 2555 (rum
1766 2525 1960 2555 iucunditate
1985 2525 2140 2563 perduxe-

1180 2571 1260 2604 runt,
1275 2567 1462 2597 clamantes:
1482 2566 1568 2605 I'apa
1592 2564 1712 2597 Vitiare
1729 2564 1758 2597 S.
1780 2565 1893 2597 Pietm
1911 2565 2061 2608 l'eleqye.
2079 2567 2141 2598 Eo-

1181 2608 1248 2639 dem
1260 2608 1348 2638 modu
1360 2607 1489 2638 electum
1505 2607 1814 2646 pseudo-Pontificem
1830 2608 2003 2648 Philippum
2014 2608 2141 2648 presby-

1180 2653 1278 2680 terum
1297 2650 1481 2681 Auaslusius
1499 2649 1593 2679 refert
1610 2649 1637 2678 iu
1662 2647 1731 2680 Vita
1747 2648 1905 2689 Stephani
1922 2648 1973 2682 IV.

1221 2690 1235 2711 2
1253 2691 1392 2729 scriptor
1410 2691 1499 2721 liuius
1516 2691 1646 2729 aciatis(
1662 2700 1715 2728 ap.
1732 2691 1908 2728 Bai-onium,
1923 2691 1960 2722 ad
1979 2699 2018 2723 an
2051 2690 2141 2730 1159,

1181 2731 1264 2773 533)
1281 2734 1335 2769 ait,
1354 2732 1570 2763 Alexandrum
1599 2732 1632 2762 ΙΙΙ
1659 2740 1758 2772 reguo
1784 2732 1821 2763 de
1847 2741 1931 2763 more
1957 2733 2138 2774 insignitum

1181 2774 1271 2803 mura
1298 2774 1471 2810 turbinata,
1486 2773 1606 2804 scilicet
1623 2783 1692 2804 cum
1709 2782 1838 2804 corona.
1859 2773 2036 2805 Alexander
2051 2775 2087 2806 111
2105 2783 2139 2805 re

1181 2824 1253 2845 vcra
1272 2815 1322 2852 (iu
1341 2814 1436 2853 Epist>
1454 2814 1498 2846 ad
1518 2813 1715 2853 Germ-dum,
1732 2814 1834 2854 Episc.
1850 2815 2041 2852 Bononien.)
2058 2816 2141 2846 scri-

1181 2856 1238 2886 bit:
1263 2868 1273 2884 «
1293 2857 1379 2895 Apud
1399 2857 1567 2896 Mmplmm
1586 2865 1645 2887 non
1664 2857 1757 2895 longe
1782 2857 1820 2887 ab
1838 2856 1918 2889 Urbe
1935 2865 2044 2887 munus
2065 2865 2140 2888 cou-

1181 2898 1365 2928 secralionis
1383 2900 1568 2937 accepimus,
1581 2902 1607 2928 cl
1624 2899 1703 2928 sicul
1719 2898 1747 2928 iu
1764 2899 1899 2929 nomana
1919 2898 2056 2929 Ecclesia
2074 2907 2140 2929 mo-

1183 2939 1223 2969 ris
1247 2944 1302 2974 cst,
1327 2939 1439 2970 ibidem
1465 2939 1638 2970 l‘onlilicali
1667 2941 1774 2978 Regno
1798 2939 1962 2976 magnifice
1988 2948 2094 2970 sumus
2112 2944 2142 2971 et

1182 2981 1359 3011 solemniter
1377 2983 1515 3012 coronali
1534 2990 1561 3018 »ς
1577 2982 1688 3013 Barou.
1704 2982 1742 3012 ad
1761 2990 1811 3012 an.
1834 2980 1883 3011 cil.
1901 2980 1917 3020 ζ
1932 2979 1972 3012 38
1997 2981 2031 3011 Εῑ
2050 2981 2137 3012 Inno-

1182 3023 1301 3053 centius
1326 3023 1366 3053 111
1389 3022 1526 3058 (Sermo
1552 3023 1580 3053 in
1606 3022 1698 3054 Festo
1727 3021 1757 3055 S.
1776 3021 1922 3053 Silvestre*
1951 3021 2141 3063 1›1›.)1enei:

1186 3076 1197 3091 «ι
1215 3065 1368 3094 Romanus
1387 3065 1522 3095 Pontifex
1542 3065 1569 3094 iu
1587 3065 1710 3103 signum
1729 3064 1848 3103 imperii
1864 3063 1957 3094 ulitur
1986 3066 2092 3104 Regno
2112 3067 2141 3095 el

1183 3105 1211 3135 in
1235 3105 1360 3143 siguum
1386 3106 1535 3137 l'onlilicii
1551 3106 1645 3137 ulitur
1667 3107 1757 3138 mitra
1770 3117 1798 3136 ».
1817 3104 1881 3135 Vid.
1900 3108 2004 3136 annot.
2022 3105 2061 3137 ad
2078 3107 2139 3139 Un-

1183 3153 1292 3177 ιιΛΝυΜ
1313 3147 1344 3176 V.

1225 3189 1238 3206 ³¹
1255 3189 1367 3225 talum,
1385 3189 1441 3219 lor.
1461 3189 1510 3219 cil.
1530 3199 1558 3229 p.
1581 3189 1668 3221 13⁸7.

1226 3231 1238 3253 ⁴
1258 3231 1526 3267 nauci-icus‚10‹-.
1546 3231 1597 3262 cil.
1617 3236 1635 3261 ι.
1653 3230 1682 3266 *ἐς
1699 3230 1800 3261 Baron
1817 3254 1823 3265 ,
1841 3229 1880 3260 ad
1898 3238 1947 3260 au.
1968 3229 2054 3261 litio.
