2241 3473
641 173 766 205 vsovs
794 173 846 200 AD
874 173 1199 202 JANSEMSTARVM
1226 172 1404 201 Exortum

47 238 270 282 sanctitate,
298 237 514 276 catholicae
543 238 739 288 religionis
766 239 906 285 studio,
933 249 990 275 re-

47 294 195 342 busque
224 291 422 340 praeclare
451 292 570 340 gestis
599 293 750 331 claruit.
772 291 989 330 Renuncia-

50 350 135 383 tum
169 344 394 382 Pontificem
435 349 570 394 stupor
607 344 882 393 silentiumque
919 345 989 382 de-

52 398 152 437 fixit.
182 397 427 446 Rogantibus
463 409 638 436 caussam
667 399 912 447 respondisse
941 397 990 435 fe-

52 452 168 495 runt,
195 462 236 488 se
265 451 310 486 in
345 453 593 489 monasterio
618 454 819 490 viventem
849 452 929 489 sibe·
954 456 990 488 et

49 504 130 542 Deo
163 505 314 552 optime
345 504 392 541 de
429 510 601 542 aeterna
633 506 765 542 salute
792 515 988 552 sperasse,

49 561 233 594 creatum
265 557 513 606 Episcopum
547 562 587 594 et
622 558 882 595 Carde'nalem
911 567 991 593 coe-

46 611 154 660 pisse
173 611 324 653 timere‚
340 610 501 647 electum
524 610 751 647 Pontificem
776 621 904 658 poene
930 609 991 646 de-

51 673 215 711 sperare
237 662 261 700 ¹.
283 662 431 703 Quibus
450 663 578 700 verbis
598 662 845 711 significavit,
873 673 989 710 quam

51 727 168 764 aegre
198 715 412 764 susciperet
453 716 587 752 datum
616 715 686 753 sibi
719 715 988 752 Sacerdotium

52 780 178 806 summ
186 769 484 806 um.—Causam
493 767 781 813 Carafarum,in
793 780 887 817 quos
896 768 990 805 Pius

54 821 108 859 IV
127 833 263 859 severe
284 821 625 866 animadverterat,
641 821 849 859 retractari
866 820 991 865 iussit,

53 877 92 912 et
111 874 426 923 postdiligentem
442 874 544 911 illius
556 874 838 912 discussionem
859 885 991 911 eorum

53 927 280 966 memoriam
291 927 330 964 in
345 926 542 976 integrum
557 927 740 966 restituit.
765 926 920 965 Curiam
935 938 992 964 re-

54 980 259 1025 formavit,
295 990 512 1028 pravasque
549 981 849 1017 consuetudines
868 981 995 1018 sustu-

53 1033 113 1071 lit.
135 1032 295 1070 Iudaeos
315 1045 363 1070 ex
383 1033 650 1071 ecclesiastica
679 1033 824 1070 ditione
837 1063 846 1074 ,
866 1034 994 1070 Roma

54 1087 262 1124 etAncona
280 1086 465 1135 exceptis,
480 1086 676 1124 discedere
693 1087 816 1124 iussit.
832 1086 991 1123 Omnem

55 1150 188 1177 curam
218 1139 402 1184 adhibuit,
424 1141 466 1176 ut
494 1139 711 1176 Tridentini
742 1139 894 1176 concilii
923 1139 992 1176 de-

56 1195 163 1230 creta
183 1192 323 1240 ubique
339 1192 514 1240 gentium
542 1193 811 1241 reciperentur
839 1195 878 1230 et
897 1204 994 1229 exe-

56 1245 200 1283 cutioni
222 1245 513 1283 mandarentur.
535 1246 822 1283 Catechismum
853 1258 873 1282 e
903 1245 995 1282 Tri-

57 1298 215 1336 dentino
235 1299 390 1336 decreto
409 1299 568 1342 editum,
585 1299 830 1336 Breviarium
847 1301 887 1336 et
900 1298 995 1335 Mis-

57 1351 138 1390 sale
156 1363 206 1389 ex
221 1352 394 1389 eiusdem
415 1351 578 1389 Concilii
598 1352 837 1400 praescripto
859 1363 996 1388 emen-

57 1405 413 1454 data‚approbavit,
424 1406 589 1442 caeteris
600 1405 817 1454 prohibitis,
831 1415 996 1453 quorum

60 1469 151 1496 usus
167 1469 191 1495 a
208 1458 332 1507 prima
347 1458 592 1496 institutione
614 1471 636 1495 a
657 1458 758 1495 Sede
778 1457 1000 1506 Apostolica

59 1511 120 1549 vel
135 1511 313 1559 legitima
331 1511 615 1549 consuetudine
630 1511 707 1548 200
716 1523 904 1549 annorum
920 1523 995 1548 non

58 1567 159 1603 esset
170 1565 417 1613 approbatus.
434 1564 584 1602 Latinis
599 1564 868 1602 sacerdotibus
888 1576 1000 1612 grae—

60 1629 117 1661 co,
129 1620 168 1654 et
177 1618 336 1654 Graecis
352 1617 472 1656 latino
488 1617 566 1654 ritu
584 1617 804 1655 sacrificare
815 1619 855 1654 et
869 1617 1000 1654 divina

60 1670 184 1709 officia
195 1681 380 1718 peragere
390 1670 598 1717 prohibuit.
616 1670 922 1708 Constitutiones
939 1682 1000 1707 va-

60 1724 138 1762 rias
156 1723 276 1761 edidit
295 1724 342 1761 de
363 1723 493 1760 divino
514 1724 634 1768 cultu,
654 1723 841 1761 festorum
862 1724 999 1760 obser-

62 1777 208 1822 vantia,
221 1776 445 1814 monialium
462 1776 655 1820 clausura,
679 1777 837 1814 cambiis
857 1776 1000 1813 illicitis

62 1829 236 1878 aliisque.
257 1829 611 1879 congregationum
632 1829 904 1878 religiosarum
933 1841 1001 1866 re-

62 1883 336 1921 formationem
355 1883 562 1932 promovit.
583 1882 766 1920 Ordinem
801 1882 1000 1920 Humilia-

61 1939 373 1984 torum,quorum
384 1936 695 1974 emendationem
717 1938 800 1973 tum
813 1936 999 1984 ipse‚tum

61 2002 90 2028 s.
103 1989 264 2027 Carolus
280 1989 548 2034 Borromaeus,
569 1989 674 2027 illius
696 1991 903 2035 protector,
914 1989 1001 2026 fru-

61 2044 145 2080 stra
177 2044 388 2087 tentarant,
416 2042 644 2091 suppressit.
678 2042 884 2079 Michaelis
917 2042 1003 2079 Baii

63 2095 355 2144 propositiones,
371 2098 416 2133 ut
429 2095 532 2133 infra
546 2095 778 2141 videbimus,
791 2095 1004 2132 damnavit.

63 2148 227 2187 Mariam
248 2148 385 2186 Stuart
405 2148 582 2197 reginam
597 2149 765 2193 Scotiae,
787 2160 904 2197 quam
924 2147 1004 2185 Eli-

67 2202 228 2239 sabetha
243 2201 459 2250 Anglorum
473 2201 608 2251 regina
618 2213 688 2250 per
700 2213 894 2239 summam
911 2200 1006 2238 iniu-

65 2254 163 2292 riam
178 2255 339 2292 miserat
356 2255 393 2292 in
406 2266 615 2299 carcerem,
626 2256 787 2303 paterno
809 2254 929 2292 coluit
940 2253 1000 2291 af-

64 2307 184 2353 fectu3
204 2307 465 2345 Elisabetham
486 2320 580 2345 vero
600 2320 701 2356 quae
724 2307 843 2345 etiam
864 2307 1007 2345 acriter

65 2359 276 2398 catholicos
308 2361 480 2398 vexabat
497 2391 506 2406 ‚
537 2361 789 2398 anathemate
823 2360 1004 2409 perculit,

66 2412 270 2460 Equitibus
295 2413 578 2459 Melitensibus,
597 2426 619 2452 a
639 2414 777 2452 Turcis
797 2414 845 2451 ad
881 2425 1006 2461 angu-

66 2465 159 2503 stias
179 2465 358 2511 redactis,
374 2467 520 2508 auxilia
536 2467 800 2515 suppeditavit
810 2465 836 2505 ².
852 2463 1017 2504 Bellum

68 2530 223 2556 sacrum
246 2520 382 2556 contra
395 2519 546 2557 Turcas
572 2520 776 2564 excitavit,
792 2520 840 2558 de
864 2519 1009 2569 quibus

67 2583 129 2609 an.
141 2571 239 2609 1571
258 2571 420 2620 insignis
434 2572 599 2610 victoria
613 2573 659 2610 ad
671 2573 894 2611 Echinadas
907 2572 1006 2610 insu-

66 2625 125 2662 las
144 2636 167 2662 a
185 2624 416 2662 Christianis
434 2624 559 2663 relata
578 2628 637 2663 est
657 2624 792 2675 (quam
818 2625 1007 2663 divinitus

69 2677 204 2715 didicit
223 2677 357 2714 eadem
373 2677 481 2722 hora,
501 2689 576 2726 qua
590 2681 702 2727 parta
718 2677 804 2728 est).
824 2679 1008 2716 Carolum

68 2730 139 2775 IX,
154 2741 286 2779 regem
303 2729 471 2775 Galliae,
487 2731 674 2768 adversus
688 2731 922 2769 Calvinistas
938 2743 1007 2768 seu

69 2783 296 2832 Hugonotos
316 2783 460 2820 bellum
488 2786 700 2831 gerentem,
724 2784 845 2822 milite
867 2785 908 2820 et
936 2796 1006 2832 pe-

70 2835 183 2874 cunia
201 2836 311 2874 iuvit.
332 2836 375 2873 In
396 2836 614 2874 Americam
636 2838 676 2874 et
694 2837 824 2874 Indias
847 2839 1008 2884 aposto-

69 2888 183 2927 licam
213 2889 509 2927 sollicitudinem
530 2888 728 2938 explicuit,
757 2889 1005 2928 lectissimos-

72 2953 146 2990 que
161 2942 268 2980 Fidei
284 2954 493 2992 praecones
521 2954 541 2979 e
562 2941 758 2980 Societate
773 2943 860 2981 Iesu
877 2942 925 2980 ad
946 2943 1009 2980 Ia-

112 3066 124 3088 ¹
141 3067 207 3099 vid.
222 3068 339 3099 Cornel.
364 3078 382 3098 a
406 3068 509 3103 Lanid.
538 3068 572 3099 in
597 3067 774 3100 Ecclesiast.
791 3077 816 3099 c.
832 3068 963 3107 XXXII,
980 3068 1011 3108 9,

74 3110 104 3138 et
124 3108 157 3138 iu
174 3109 399 3149 Apocalypsim
417 3109 471 3145 ΙΙΙ,
492 3109 518 3141 1.

113 3148 128 3169 ²
143 3150 265 3189 Equites
275 3151 503 3189 Hospitalariis.
514 3151 686 3188 loannis‚ut
696 3150 826 3180 vidimus
836 3149 1011 3189 nim-149

75 3189 217 3235 an.1522
232 3201 268 3222 cx
283 3191 383 3222 insula
396 3193 502 3223 Rhodo
517 3193 613 3228 eiecti,
627 3201 643 3221 a
656 3193 765 3222 carolo
780 3192 807 3222 V
825 3197 1013 3232 acceperunt

74 3231 205 3263 insulam
221 3232 361 3272 Melitam,
378 3233 456 3265 unde
475 3234 646 3265 Melitenses
665 3233 737 3264 dicti
754 3239 834 3265 sunt.

1832 157 1906 196 173

1032 248 1219 285 ponenses
1256 239 1294 274 et
1328 235 1508 273 Sinenses
1541 232 1763 272 destinavit.
1784 251 1832 260 -
1848 232 1960 268 Anno

1035 289 1135 328 1568
1169 290 1405 327 Clericorum
1438 287 1695 336 Regularium
1728 284 1961 323 Somaschae

1032 342 1378 391 congregationem
1401 342 1437 379 in
1471 341 1657 379 Ordinum
1695 338 1963 388 religiosorum

1034 408 1235 433 numerum
1256 394 1463 442 cooptavit.
1476 394 1514 432 S.
1527 394 1715 431 Thomam
1731 390 1965 439 Aquinatem

1032 449 1228 487 Ecclesiae
1248 448 1452 485 Doctorem
1473 447 1692 484 habendum
1712 444 1833 483 iussit.
1855 443 1965 481 Tan-

1031 503 1115 539 dem
1136 503 1258 539 vitam
1278 502 1339 550 pie
1360 503 1398 538 et
1417 503 1521 538 caste
1542 500 1775 542 traductam,
1796 496 1964 535 sanctis-

1031 555 1128 593 simo
1148 555 1224 592 fine
1245 554 1388 591 clausit
1403 553 1572 590 calendis
1592 552 1682 590 maii
1706 551 1818 594 1572,
1837 562 1861 587 a
1877 549 1966 587 Cle-

1032 610 1157 645 mente
1173 608 1210 645 X
1226 607 1437 644 Beatorum
1453 610 1491 642 et
1507 618 1529 643 a
1544 605 1741 643 Clemente
1757 603 1814 641 XI
1830 603 1965 640 Ssrum

1035 672 1193 698 numero
1213 660 1432 707 adscriptus
1449 657 1472 696 ¹.

1083 714 1145 751 43.
1165 713 1389 760 Relzyz‘onz's
1404 716 1536 749 status
1558 713 1602 748 in
1618 711 1770 757 Anqlz‘a
1789 709 1862 748 sub
1881 710 1968 747 Eli·

1032 767 1198 803 sabetha
1211 787 1258 792 ——
1275 765 1316 802 In
1339 765 1481 813 Anglia
1499 765 1568 801 sub
1590 764 1715 801 Maria
1746 763 1879 811 regina
1898 774 1966 799 ca-

1033 819 1198 857 tholicae
1218 817 1437 866 Religionis
1457 817 1646 855 exercitia
1666 816 1848 854 restituta
1864 815 1968 852 vidi-

1035 884 1118 910 mus
1138 870 1165 909 2.
1187 872 1334 910 Verum
1356 871 1424 908 illa
1444 882 1505 907 an.
1529 869 1630 907 1558
1645 870 1727 906 sine
1747 869 1876 906 liberis
1896 868 1969 905 de-

1034 925 1180 971 functa,
1204 924 1440 969 Eliszibetha,
1470 922 1627 961 Henrici
1658 922 1752 959 VIII
1781 934 1830 959 ex
1857 922 1970 959 Anna

1035 978 1178 1015 Bolena
1198 977 1293 1023 filia,
1313 988 1475 1026 regnum
1496 975 1655 1023 accepit,
1668 987 1781 1024 quae,
1800 974 1970 1024 proscri-

1035 1034 1100 1080 pta
1119 1030 1321 1075 catholica,
1339 1042 1461 1067 novae
1483 1028 1659 1078 religioni
1675 1031 1711 1064 in
1729 1028 1870 1076 Anglia
1888 1031 1972 1065 sta-

1035 1084 1230 1122 biliendae
1247 1084 1297 1122 45
1313 1095 1449 1128 annos,
1465 1083 1604 1131 quibus
1625 1082 1818 1130 regnavit,
1839 1092 1973 1118 conse-

1037 1138 1176 1175 cravit.
1198 1137 1360 1175 Artibus
1379 1135 1545 1186 politicis
1564 1135 1768 1180 instructa,
1797 1133 1974 1182 quamvis

1037 1203 1060 1228 a
1079 1190 1223 1228 teneris
1239 1189 1459 1239 unguiculis
1478 1189 1515 1225 in
1539 1199 1639 1224 nova
1655 1187 1841 1235 religione
1860 1186 1974 1223 insti-

1037 1245 1137 1288 tuta,
1158 1244 1206 1281 ab
1227 1244 1405 1291 episcopo
1425 1241 1661 1280 Carleolensi
1681 1241 1756 1278 ritu
1786 1239 1975 1277 catholico

1037 1296 1267 1345 inaugurari
1287 1296 1422 1341 voluit,
1455 1295 1612 1332 solitum
1631 1293 1896 1331 iuramentum
1929 1292 1976 1329 de

1039 1350 1127 1387 fidei
1150 1349 1363 1387 catholicae
1376 1348 1606 1393 defensione,
1620 1348 1665 1384 de
1686 1346 1977 1396 privilegiorum

1041 1405 1080 1441 et
1092 1404 1314 1441 libertatum
1328 1401 1677 1440 ecclesiasticarum
1689 1399 1979 1438 conservatione

1040 1456 1248 1506 praestitit,
1267 1467 1456 1504 suamque
1486 1454 1824 1503 inaugurationem
1853 1452 1979 1489 Paulo

1043 1512 1112 1558 Pp.
1129 1510 1183 1547 IV
1199 1509 1447 1558 significavit.
1466 1509 1548 1545 Iam
1571 1507 1716 1556 pridem
1734 1505 1980 1554 Apostolicae

1042 1562 1303 1607 Sediinfensa,
1317 1561 1517 1610 magisque
1529 1561 1673 1598 offensa
1689 1571 1870 1608 responso
1883 1559 1982 1596 Pon-

1043 1616 1173 1663 tificis‚
1194 1615 1333 1664 questi,
1355 1615 1469 1664 quod,
1487 1626 1561 1651 non
1583 1615 1761 1651 obstante
1791 1612 1980 1649 natalium

1045 1670 1151 1714 vitio,
1190 1680 1356 1717 regnum
1381 1671 1620 1716 occupasset,
1640 1667 1851 1704 abolendae
1884 1664 1980 1702 reli-

1045 1723 1150 1772 gioni
1170 1722 1385 1759 catholicae
1402 1733 1540 1758 manus
1559 1720 1713 1758 adiecit.

1098 1776 1232 1813 Primo
1253 1775 1453 1823 religionis
1473 1786 1540 1811 seu
1559 1774 1733 1811 cultuum
1762 1772 1983 1809 libertatem

1049 1829 1214 1866 subditis
1250 1828 1450 1874 concessit,
1481 1839 1615 1864 omnes
1645 1825 1879 1863 acatholicos
1911 1825 1983 1862 sub

1047 1883 1173 1920 Maria
1195 1882 1402 1930 prehensos
1450 1880 1594 1918 dimisit
1632 1879 1844 1926 exulesque
1866 1890 1984 1915 revo-
2013 1912 2016 1914 ,

1047 1935 1163 1972 cavit.
1185 1937 1260 1972 An.
1287 1934 1386 1972 1559
1407 1933 1516 1982 regni
1549 1933 1710 1970 Ordines
1744 1931 1984 1977 convocavit,

1047 1989 1113 2037 qui
1133 1988 1231 2025 mira
1248 1988 1366 2025 animi
1382 1986 1598 2024 abiectione
1617 1986 1655 2023 in
1674 1996 1826 2023 omnem
1848 1984 1986 2032 princi-

1049 2054 1139 2090 pum
1159 2053 1318 2078 suorum
1339 2041 1582 2078 voluntatem
1604 2039 1713 2088 proni
1735 2040 1877 2076 cuncta
1896 2037 1986 2075 Ma-

1048 2095 1132 2132 riae
1161 2094 1323 2143 reginae
1344 2098 1433 2131 acta
1453 2094 1610 2131 decreta
1631 2105 1696 2141 pro
1717 2091 1906 2129 catholica
1923 2102 1987 2128 re-

1048 2148 1192 2197 ligione
1202 2148 1454 2195 abrogarunt,
1473 2159 1596 2184 novae
1613 2145 1811 2194 religionis
1823 2143 1987 2181 formam

1052 2206 1091 2238 et
1111 2201 1327 2249 liturgiam,
1348 2201 1420 2237 sub
1441 2200 1621 2237 Eduardo
1640 2199 1696 2236 VI
1713 2198 1988 2242 introductam,

1050 2255 1319 2299 restituerunt3
1338 2253 1601 2290 Elisabetham
1614 2253 1772 2300 eiusque
1789 2262 2007 2301 successo-u

1051 2319 1112 2344 res
1131 2307 1440 2356 pronuntiarunt
1459 2318 1660 2354 supremos
1694 2303 1891 2343 Ecclesiae
1911 2315 2004 2352 gii-V

1052 2361 1293 2406 bernatores;
1315 2363 1354 2397 et
1382 2359 1601 2408 plenissima
1630 2359 1669 2396 in
1697 2358 1764 2395 illa
1799 2359 1988 2405 potestate

1051 2414 1338 2457 instruxerunt,
1359 2424 1475 2462 quam
1495 2413 1612 2450 etiam
1632 2423 1702 2461 per
1721 2410 1888 2447 vicarios
1903 2422 1927 2447 a
1946 2421 1987 2446 se

1053 2467 1221 2504 delectos
1237 2478 1424 2503 exercere
1446 2470 1613 2514 possent.
1634 2463 1858 2502 Elisabetha
1878 2475 1899 2499 e
1921 2474 1991 2511 po-

1051 2522 1193 2558 testate
1213 2520 1284 2557 sibi
1306 2520 1354 2557 ab
1378 2519 1588 2557 Ordinibus
1609 2518 1714 2556 facta
1732 2522 1771 2554 et
1791 2527 1839 2553 ex
1860 2527 1992 2552 eorum

1053 2585 1240 2611 consensu
1262 2573 1410 2610 creavit
1433 2572 1488 2609 sic
1507 2572 1651 2609 dictum
1671 2570 1793 2608 altum
1819 2568 1992 2606 tribunal

1052 2626 1370 2671 ecclesiasticum,
1385 2625 1553 2663 maxime
1568 2637 1588 2661 e
1602 2623 1710 2661 laicis
1721 2622 1992 2669 compositum3

1054 2680 1262 2728 episcopos,
1297 2678 1363 2726 qui
1385 2678 1467 2716 fere
1488 2689 1622 2715 omnes
1641 2677 1677 2714 ei
1705 2679 1892 2723 tanquam
1921 2686 1991 2711 su-

1055 2744 1185 2782 premo
1204 2731 1392 2769 ecclesiae
1421 2731 1536 2780 capiti
1572 2725 1830 2767 obedientiam
1862 2727 1994 2765 iurare

1053 2786 1298 2831 recusabant,
1319 2784 1516 2822 custodiae
1536 2783 1697 2820 tradidit
1715 2783 1755 2818 et
1775 2780 1888 2829 paulo
1908 2785 1994 2829 post

1055 2838 1241 2888 deposuit,
1274 2849 1484 2886 eorumque
1505 2837 1588 2874 loca
1621 2834 1844 2872 acatholicis
1875 2834 1993 2880 dedit;

1054 2903 1199 2929 novum
1229 2891 1508 2928 credendorum
1529 2888 1763 2938 symbolum,
1794 2887 1993 2925 continens

1054 2945 1104 2983 39
1125 2944 1321 2990 articulos,
1334 2956 1394 2981 an.
1419 2944 1517 2981 1562
1539 2943 1578 2979 in
1591 2940 1826 2979 Londineusi
1845 2941 1993 2989 synodo

1055 2998 1334 3047 acceptandum
1348 2997 1516 3043 curavit;
1528 2994 1727 3044 liturgiam
1746 2993 1918 3032 Eduardi
1939 2993 1994 3031 VI

1095 3107 1105 3128 ¹
1123 3108 1154 3138 fl.
1174 3107 1298 3142 catena,
1320 3104 1387 3136 Vita
1402 3104 1452 3135 del
1469 3103 1699 3143 yloriostssimo
1717 3103 1804 3142 Papa
1822 3101 1883 3133 Pio
1906 3100 1946 3139 V;
1963 3102 1995 3132 Α.

1055 3147 1192 3183 Gabinii,
1205 3146 1246 3176 De
1262 3146 1326 3177 vita
1345 3146 1392 3177 Ρίί
1416 3145 1444 3174 V
1456 3145 1529 3176 libri
1545 3144 1605 3182 11&
1623 3144 1763 3178 Bolland.
1779 3145 1857 3176 Acta
1873 3140 1939 3174 SS..
1957 3143 1995 3174 ad

1057 3192 1135 3222 diem
1154 3189 1172 3219 5
1188 3188 1271 3219 maii.

1095 3232 1109 3253 ‘2
1133 3232 1161 3262 P.
1182 3229 1248 3259 168.
