2241 3473
306 92 381 131 112

253 182 329 220 que
350 168 546 208 Bonifacii
578 167 722 207 litteris
747 165 960 215 respondit,
979 175 1019 202 se
1039 174 1190 201 omnem

252 235 388 261 curam
421 222 684 261 adhibiturum
701 249 711 266 ,
732 222 776 258 ut
804 217 1068 256 ecclesiastica
1101 216 1190 254 unio

251 277 534 321 restitueretur3
552 274 749 322 negotium
767 274 896 310 autem
908 270 1128 320 inquirendi
1143 271 1190 307 de

251 330 413 375 ratione,
435 341 511 377 qua
526 327 693 366 schisma
709 326 1016 374 componeretur,
1038 324 1190 360 deman-

252 380 644 420 davitUniversitatis
656 379 886 417 Parisiensis
894 377 1126 416 doctoribus.
1140 376 1190 414 Hi

251 437 330 473 tres
359 435 441 472 vias
470 435 763 483 proposuerunt,
780 432 961 470 nimirum
981 429 1189 469 cessionem

253 489 453 537 utriusque
483 486 749 536 competitoris
765 516 775 532 ,
795 486 857 523 vel
877 483 1189 534 compromissio-

253 553 339 579 nem
358 541 560 590 utriusque
579 541 619 578 in
639 540 787 589 aliquot
800 539 944 577 iudices
956 539 1023 587 qui
1037 548 1190 576 summa

250 595 484 633 auctoritate
518 595 797 640 decernerent,
820 593 880 630 vel
902 592 1109 630 concilium
1130 602 1190 639 ge-

250 648 396 686 nerale.
417 649 517 696 Rex,
533 660 607 686 non
624 647 868 685 obstantibus
885 645 1090 683 contrariis
1106 656 1190 681 con-

250 701 345 739 siliis
365 702 474 739 Petri
498 702 544 739 de
564 702 678 739 Luna
711 700 921 738 cardinalis
942 697 1191 743 Clementini,

249 755 313 803 qui
331 756 433 793 omni
449 755 561 793 modo
577 754 856 792 Universitatis
872 756 1032 791 conatus
1052 752 1190 789 distur-

250 810 343 846 bare
364 810 557 854 tentabat,
579 808 803 846 doctoribus
823 806 1027 845 mandavit
1044 836 1053 852 ,
1078 807 1122 843 ut
1141 804 1190 842 ad

248 862 484 900 Clementem
503 863 578 901 VII
598 862 811 900 scriberent
825 864 1014 909 quatenus
1029 872 1050 897 e
1065 859 1190 897 tribus

250 916 460 965 praedictis
483 916 636 954 unionis
657 916 730 953 viis
761 926 877 952 unam
905 914 1078 963 eligeret.
1099 911 1189 950 Cle-

248 981 355 1008 mens
371 981 463 1007 vero
479 969 656 1019 graviter
670 969 852 1014 offensus,
866 968 1019 1005 nullum
1036 978 1191 1015 respon-

248 1035 335 1060 sum
356 1023 476 1070 dedit,
493 1026 532 1061 et
552 1023 661 1060 brevi
681 1025 786 1073 post,
807 1022 991 1059 nimirum
1012 1018 1098 1058 xvi⁰
1121 1031 1189 1056 ca·-

249 1077 352 1115 lend.
373 1078 520 1116 octobr.
544 1077 645 1116 1394
665 1107 674 1125 ,
694 1076 894 1114 Avenione
915 1087 963 1113 ex
985 1072 1191 1124 apoplexia

249 1130 358 1169 obiit.

301 1183 491 1222 Defuncto
504 1184 719 1230 Clemente,
735 1183 981 1221 Universitas
999 1178 1190 1220 Parisien-

249 1237 302 1276 sis
322 1250 508 1287 regesque
528 1238 678 1276 Galliae
698 1239 737 1275 et
757 1236 969 1286 Hispaniae
990 1236 1038 1273 ad
1059 1232 1190 1272 cardi-

248 1291 356 1330 nales
375 1292 638 1330 Clementinos
657 1291 809 1329 litteras
829 1289 1033 1334 dederunt,
1054 1291 1097 1326 ut
1117 1285 1188 1323 ele·

248 1346 413 1383 ctionem
434 1345 661 1392 differrent,
683 1346 805 1383 donec
827 1345 1007 1382 voluntas
1028 1339 1190 1380 Bonifa-

248 1399 296 1437 cii
317 1401 363 1436 de
384 1399 534 1437 unionis
555 1398 712 1448 negotio
740 1398 944 1447 explorata
964 1399 1004 1434 et
1024 1396 1191 1444 undique

248 1454 479 1491 concordiae
499 1453 562 1491 via
583 1455 735 1490 tentata
753 1452 901 1490 fuisset.
932 1451 1081 1488 Verum
1101 1459 1190 1487 car-

248 1507 395 1545 dinales
410 1507 701 1544 Avenionenses
713 1506 853 1555 spretis
868 1504 1088 1542 huiusmodi
1105 1513 1192 1540 con-

247 1560 356 1608 siliis,
376 1561 437 1598 1v⁰
459 1560 641 1598 calendas
663 1559 830 1597 octobris
850 1559 889 1596 in
910 1558 1131 1607 pontificem
1151 1567 1193 1591 e-

246 1614 428 1664 legerunt
447 1614 682 1652 cardinalem
706 1615 865 1651 Petrum
887 1613 933 1650 de
954 1612 1077 1657 Luna,
1094 1611 1189 1648 His-

248 1680 405 1717 panum,
426 1669 489 1717 qui
510 1680 648 1706 nomen
682 1667 881 1706 Benedicti
914 1665 1011 1703 XIII
1035 1676 1189 1702 assum-

247 1722 344 1771 psit3
360 1734 408 1759 ne
428 1726 560 1759 tamen
581 1720 799 1760 schismatis
815 1719 991 1758 fautores
1012 1719 1188 1756 videren-

247 1780 324 1822 tur,
345 1778 435 1813 ante
457 1776 687 1814 electionem
708 1787 748 1813 se
768 1775 986 1812 iuramento
1015 1772 1187 1810 obstrin-

248 1832 402 1875 xerant,
440 1832 482 1867 ut
512 1830 561 1867 ad
594 1829 700 1867 illius
734 1827 1010 1866 extinctionem
1040 1827 1189 1865 cunctis

247 1883 371 1921 modis
385 1881 622 1930 laborarent,
642 1887 682 1920 et
701 1882 933 1932 quicumque
951 1892 1082 1918 eorum
1100 1880 1189 1918 fuis-

246 1940 305 1974 set
325 1936 484 1984 electus,
505 1949 637 1975 omnes
661 1936 741 1975 vias
762 1937 890 1981 utiles,
911 1934 1027 1973 etiam
1049 1934 1185 1971 cessio-

248 2002 348 2036 nem,
365 1991 413 2028 ad
429 1991 714 2039 procurandam
732 1990 913 2027 unionem
928 1988 1097 2026 fideliter
1113 1999 1188 2025 am-

247 2043 497 2093 plecteretur.
537 2044 685 2082 Verun]
725 2043 914 2092 quomodo
952 2041 1188 2079 Benedictus

247 2097 445 2147 promissis
464 2098 542 2136 suis
563 2098 730 2143 steterit,
751 2110 771 2135 e
792 2096 962 2134 dicendis
982 2096 1141 2145 patebit.

300 2151 336 2189 Is
357 2151 502 2201 optime
523 2153 647 2189 sciens
665 2181 674 2197 ,
709 2150 866 2200 plurimi
887 2162 957 2187 sua
984 2150 1188 2195 interesse,

247 2207 290 2242 ut
304 2216 435 2255 regem
453 2205 603 2243 Galliae
620 2209 658 2243 et
674 2204 979 2242 Universitatcm
993 2202 1185 2240 Parisien—

245 2271 325 2297 sem
347 2260 385 2296 in
405 2259 626 2296 obedientia
660 2271 729 2296 sua
763 2260 1039 2303 conservaret,
1069 2256 1114 2293 iis
1135 2256 1187 2293 si-

247 2312 462 2362 gnificavit,
483 2325 523 2350 se
544 2313 721 2361 quamvis
754 2311 919 2349 invitum
939 2340 948 2356 ,
968 2310 1007 2347 in
1030 2309 1185 2358 pontifi-

246 2378 329 2404 cem
350 2366 466 2404 fuisse
487 2366 655 2404 electum
674 2396 683 2412 ,
704 2366 770 2403 sed
790 2364 1081 2414 paratissimum
1103 2375 1186 2400 esse

246 2421 295 2458 ad
316 2420 583 2469 deponendum
605 2419 890 2469 pontificatum,
911 2418 939 2454 si
960 2418 996 2454 id
1018 2418 1065 2454 ad
1089 2428 1190 2454 com-

246 2475 463 2523 ponendum
486 2473 653 2512 schisma
669 2472 769 2510 foret
785 2470 1057 2509 necessarium.
1079 2471 1186 2512 Qua-

248 2532 406 2577 propter
426 2527 623 2577 praesules
644 2528 682 2564 et
703 2527 898 2570 doctores,
916 2524 1098 2572 postridie
1118 2536 1185 2560 ca-

246 2582 345 2620 lend.
376 2582 560 2619 februarii
587 2581 706 2627 1395,
727 2592 749 2617 a
782 2591 874 2628 rege
900 2577 1070 2615 Parisios
1102 2589 1188 2614 con-

247 2636 388 2682 vocati,
409 2644 495 2685 post
514 2638 709 2672 maturam
744 2632 888 2682 negotii
909 2631 1186 2668 discussionem

246 2692 529 2738 proposuerunt
567 2687 776 2726 cessionem
814 2686 1013 2732 utriusque
1031 2713 1039 2729 ,
1065 2684 1186 2721 Boni-

248 2743 335 2781 facii
352 2744 407 2781 IX
437 2745 476 2780 et
505 2741 705 2780 Benedicti
736 2740 845 2784 XIII,
875 2742 1060 2787 tanquam
1091 2749 1188 2774 com-

246 2797 459 2834 modiorem
482 2800 521 2833 et
536 2795 788 2834 efficaciorem
806 2793 908 2830 viam
926 2791 1186 2829 restituendae

250 2850 415 2896 unionis,
435 2862 550 2899 quam
573 2861 706 2886 omnes
728 2848 779 2896 pii
801 2845 1087 2885 desiderabant.
1110 2844 1183 2881 Ubi

247 2905 342 2941 haec
363 2904 524 2941 consilia
559 2903 768 2940 Benerlicto
792 2902 960 2938 ‚fuerunt
981 2897 1186 2947 proposita,

246 2958 368 3006 primo
389 2957 617 3005 ambagibus
637 2959 676 2993 ct
692 2953 1080 3004 tergiversationibus
1098 2963 1186 2988 usus

242 3011 495 3059 cst,aliasquc
514 3010 596 3047 vias
614 3011 651 3047 in
669 3010 837 3047 medium
856 3005 1032 3056 protulit,
1048 3005 1186 3042 deinde
1234 3048 1259 3050 Π

247 3064 523 3102 Universitatis
548 3069 586 3101 ct
612 3063 826 3112 principum
844 3060 1080 3105 oratoribus,
1102 3070 1186 3095 ccs-

245 3119 391 3155 sionem
418 3118 658 3165 urgentibus,
681 3117 775 3153 nihil
799 3119 952 3164 practer
973 3114 1091 3150 verba
1109 3113 1185 3149 du-

246 3183 288 3209 ra
309 3172 510 3220 minasque
534 3171 715 3217 reddidit,
738 3168 985 3208 Univcrsitas
1009 3178 1099 3204 vcro
1120 3166 1186 3203 ad-

731 99 884 127 EPOCHA
913 98 967 126 IX.
998 98 1050 124 AB
1078 96 1200 125 lNlTIO
1231 97 1458 125 SCHISMATIS
1487 96 1713 124 OCCIDEN‘rls

1235 173 1370 200 versus
1390 162 1592 200 Benedicti
1612 161 1734 201 minas
1753 163 1966 212 appellavit
1983 164 2032 202 ad
2047 165 2177 214 proxi-

1234 227 1339 253 mum
1355 215 1545 262 futurum,
1562 215 1731 263 unicum,
1748 228 1896 264 verum,
1914 217 2175 256 orthodoxum

1234 269 1382 317 Papam
1404 269 1562 318 eiusque
1581 280 1610 306 3.
1631 269 1894 317 Apostolicam
1915 270 2068 310 Sedem.

1286 322 1510 360 Bonifacius
1529 322 1598 371 IX,
1619 322 1683 359 cui
1699 324 1834 361 eadem
1855 324 2008 363 unionis
2024 324 2088 363 via
2102 325 2178 364 fuit

1234 377 1445 424 proposita,
1461 375 1670 425 respondit,
1685 387 1724 414 se
1741 376 1837 414 nihil
1853 378 1976 427 magis
1992 378 2098 416 cordi
2112 380 2176 417 ha-

1234 430 1325 467 bere
1359 441 1476 478 quam
1510 429 1730 469 schismatis
1768 430 2072 479 extinctionem3
2106 432 2175 470 sed

1236 485 1367 532 utpote
1404 483 1576 533 legitime
1609 486 1785 520 creatum
1803 512 1812 529 ,
1849 484 1953 522 viam
1991 485 2177 524 cessionis

1233 536 1441 574 admittere
1461 549 1536 575 non
1555 548 1678 586 posse,
1698 539 1872 574 attamen
1893 539 1979 585 post
1997 538 2107 576 Petri
2127 539 2174 577 de

1233 589 1345 628 Luna
1365 590 1650 628 abdicationem
1670 602 1710 628 se
1729 589 1814 639 regi
1831 590 1984 628 Galliae
2000 591 2175 641 aliisque,

1233 643 1500 682 restituendae
1527 643 1659 681 unioni
1687 643 2019 687 adlaborantibus,
2044 645 2175 683 factu-

1232 707 1319 734 rum
1336 698 1442 735 satis.
1457 697 1584 739 Quum
1599 709 1693 734 vero
1706 697 1942 736 Benedictus
1960 698 2060 736 XIII
2071 698 2176 736 viam

1233 750 1415 789 cessionis
1453 751 1707 801 pertinaciter
1743 751 1946 796 reiiceret,
1985 762 2047 789 an.
2074 752 2176 790 1398

1232 804 1434 853 praesules
1455 804 1570 851 Galli,
1590 805 1780 851 doctores,
1802 804 1963 842 abbates
1981 834 1991 852 ,
2010 804 2174 854 Capitu-

1233 859 1359 895 lorum
1393 861 1662 907 procuratores
1678 887 1688 905 ,
1721 858 1913 907 principes
1933 859 1973 896 et
1992 869 2176 908 proceres

1232 911 1331 960 regii
1352 911 1517 958 concilii,
1539 912 1721 949 mandato
1756 911 1860 960 regis
1895 911 2058 950 Parisiis
2077 923 2171 950 con-

1233 965 1398 1015 gregati,
1420 967 1504 1014 post
1522 966 1679 1015 longam
1700 965 1979 1003 discussionem
1997 966 2172 1004 Benedi-

1233 1022 1293 1056 cto
1310 1018 1569 1057 obedientiam
1582 1018 1985 1057 subtraxerunt.1dem
1996 1018 2176 1058 fecerunt

1232 1084 1342 1122 reges
1364 1073 1556 1111 Castellae
1577 1076 1616 1110 et
1635 1072 1860 1119 Navarrae,
1883 1074 1922 1110 et
1942 1084 1992 1110 ex
2010 1072 2103 1122 ipsis
2122 1073 2175 1111 23

1233 1127 1496 1164 cardinalibus
1512 1125 1858 1172 Avenionensibus,
1871 1126 1918 1163 18
1935 1124 1984 1163 ab
1999 1126 2174 1164 obedien·

1233 1179 1288 1218 tia
1307 1180 1506 1218 Benedicti
1523 1181 1781 1227 secesserunt,
1797 1191 1919 1228 seque
1934 1179 2081 1218 Villam
2097 1179 2174 1218 No-

1234 1246 1322 1271 vam
1339 1235 1378 1271 in
1400 1234 1544 1272 ditione
1556 1234 1660 1284 regis
1675 1234 1917 1272 Francorum
1933 1236 2172 1282 receperunt.

1232 1288 1464 1325 Benedictus
1484 1288 1663 1337 quamvis
1681 1287 1720 1325 in
1740 1287 1885 1337 palatio
1913 1298 1984 1325 suo
2012 1287 2082 1324 sub
2102 1299 2175 1325 cu-

1233 1341 1358 1380 stodia
1377 1346 1565 1389 retentus,
1597 1341 1823 1392 pontificatu
1845 1341 1982 1379 cedere
2004 1340 2128 1378 noluit
2149 1339 2174 1378 ¹.

1284 1396 1319 1433 8.
1329 1395 1641 1434 Lz'tlzzcanorum
1652 1395 1861 1433 conversio
1873 1416 1922 1424 —
1937 1394 2093 1432 Interea
2104 1394 2175 1432 sub

1233 1450 1329 1487 haec
1348 1453 1527 1499 tempora
1546 1450 1729 1487 Lithuani
1752 1448 1966 1487 christiana
1986 1459 2099 1486 sacra
2114 1460 2174 1486 su-

1233 1507 1448 1552 sceperunt.
1484 1504 1630 1541 Eorum
1664 1504 1743 1541 dux
1777 1502 1925 1552 Iagello
1941 1531 1951 1548 ,
1985 1501 2051 1550 qui
2071 1501 2174 1539 inter

1233 1557 1426 1606 principes
1447 1557 1671 1606 Europaeos
1691 1557 1794 1594 solus
1827 1557 1954 1594 adhuc
1981 1554 2080 1593 falsa
2099 1567 2174 1592 nu-

1234 1611 1339 1648 mina
1359 1611 1521 1657 colebat,
1542 1623 1602 1648 an.
1628 1610 1729 1648 1382
1762 1612 1848 1658 post
1876 1609 2024 1647 obitum
2044 1608 2174 1646 Ludo-

1235 1664 1321 1712 vici,
1342 1664 1527 1702 Poloniae
1548 1667 1587 1701 et
1601 1663 1826 1712 Hungariae
1845 1663 1962 1712 regis,
1982 1673 2072 1699 cum
2091 1662 2172 1700 Po-

1231 1718 1329 1756 lonis
1350 1731 1465 1768 agere
1485 1719 1612 1767 coepit
1627 1748 1636 1764 ,
1658 1721 1700 1755 ut
1720 1716 1949 1766 Hedwigem
1967 1745 1976 1762 ,
1998 1715 2171 1753 defuncti

1232 1772 1337 1821 regis
1352 1772 1470 1810 filiam
1488 1775 1527 1810 et
1543 1772 1657 1822 regni
1674 1772 1897 1815 haeredem,
1912 1769 1952 1807 10
1967 1769 2172 1818 coniugem

1232 1826 1436 1875 acciperet.
1458 1825 1654 1864 Primaria
1673 1836 1765 1863 vero
1787 1824 2010 1873 nuptiarum
2032 1823 2170 1860 condi-

1232 1880 1284 1922 tio
1304 1880 1380 1918 fuit
1397 1911 1406 1927 ,
1428 1883 1470 1918 ut
1493 1880 1639 1930 Iagello
1673 1878 1908 1928 baptismum
1929 1879 1969 1915 et
1990 1875 2174 1914 christia-

1233 1946 1322 1972 nam
1355 1934 1474 1972 fidem
1507 1934 1727 1982 susciperet.
1747 1931 1922 1969 Assensit
1941 1931 1995 1977 is,
2016 1932 2056 1968 et
2074 1942 2175 1967 anno

1236 1988 1334 2027 1386
1356 2001 1443 2026 cum
1461 1988 1593 2025 multis
1608 1986 1836 2037 proceribus
1852 1983 2054 2022 Lithuanis
2074 1983 2174 2022 Cra-

1232 2042 1367 2079 coviae
1388 2042 1619 2091 baptizatus,
1639 2043 1678 2078 et
1698 2040 1737 2077 in
1757 2039 1946 2087 baptismo
1967 2036 2173 2075 Ladislaus

1231 2096 1450 2145 appellatus
1470 2099 1539 2133 est.
1561 2094 1763 2132 Ladilsaus
1795 2091 1941 2142 nuptiis
1973 2090 2173 2140 Hedwigis

1232 2150 1375 2198 potitus
1392 2179 1401 2195 ,
1423 2162 1497 2187 non
1532 2151 1685 2186 tantum
1706 2147 1745 2184 in
1765 2147 1944 2195 suscepta
1965 2144 2061 2182 Fide
2082 2155 2173 2192 per-

1230 2204 1442 2249 severavit,
1463 2203 1529 2241 sed
1552 2214 1637 2239 eam
1659 2201 1777 2239 etiam
1800 2211 1868 2249 per
1893 2209 2026 2236 omnes
2045 2200 2173 2236 terras

1230 2269 1319 2295 suas
1340 2257 1629 2306 propagandam
1649 2253 1818 2300 curavit3
1838 2264 1900 2290 an.
1929 2251 2030 2290 1387
2049 2251 2172 2288 comi-

1234 2311 1288 2348 tia
1308 2311 1468 2348 WVilnae
1505 2309 1658 2359 coegit,
1691 2308 1730 2345 10
1763 2307 1902 2357 quibus
1937 2304 2173 2343 christianae

1232 2362 1447 2414 Religionis
1469 2363 1653 2412 professio
1676 2374 1744 2411 pro
1765 2363 1849 2399 tota
1870 2358 2081 2398 Lithuania
2101 2359 2172 2396 de·-

1230 2423 1336 2455 creta
1356 2420 1425 2455 est.
1443 2416 1653 2455 Confestim
1672 2414 1817 2453 nobiles
1834 2416 1874 2452 et
1889 2423 2023 2451 eorum
2042 2423 2172 2451 exem-

1230 2472 1291 2521 plo
1314 2471 1448 2520 plebeii
1471 2473 1580 2509 tanto
1601 2470 1738 2507 ardore
1759 2467 1971 2506 christiana
1986 2478 2097 2504 sacra
2113 2477 2174 2504 su-

1230 2527 1435 2574 sceperunt
1455 2554 1464 2571 ,
1495 2529 1536 2561 ut
1564 2523 1766 2561 turmatim
1792 2524 1921 2560 essent
1941 2519 2171 2570 baptizandi.

1230 2579 1434 2617 Ladislaus
1456 2578 1619 2615 delubra
1653 2578 1813 2615 deorum
1840 2576 1879 2613 et
1899 2574 2009 2612 lucus
2043 2584 2174 2610 sacros

1231 2633 1370 2681 ubique
1388 2632 1548 2678 destrui,
1561 2635 1599 2669 et
1615 2642 1776 2680 angueS,
1789 2629 1852 2678 qui
1864 2631 2050 2677 tanquam
2066 2626 2169 2664 lares

1231 2688 1470 2732 c‹.›lebantur,
1491 2685 1612 2723 occidi
1632 2684 1756 2731 iussit3
1777 2683 1938 2721 Urbano
1959 2681 2013 2719 VI
2042 2691 2174 2717 coram

1230 2741 1406 2790 episcopo
1430 2739 1682 2778 I’osnaniensi
1716 2739 1797 2775 eius
1831 2736 1959 2786 legato
1986 2733 2171 2772 obedien-

1232 2795 1323 2832 tiam
1345 2793 1543 2844 professus
1563 2797 1634 2837 est;
1653 2791 1812 2830 Wilnae
1828 2789 1958 2828 sedem
1980 2787 2174 2837 episcopa-

1231 2849 1305 2886 lem
1327 2857 1366 2885 et
1392 2848 1428 2885 in
1451 2847 1535 2885 aliis
1555 2845 1779 2884 civitatibus
1795 2843 1910 2882 aedes
1925 2852 2057 2880 sacras
2073 2840 2174 2878 exci-

1231 2903 1370 2941 tandas
1391 2900 1568 2946 curavit,
1584 2912 1699 2949 seque
1717 2899 1754 2936 in
1771 2897 1948 2936 omnibus
1964 2895 2018 2933 ita
2036 2893 2173 2944 gessit,

1233 2962 1273 2995 ut
1294 2958 1535 3005 posterorum
1557 2954 1692 2991 laudes
1713 2950 1902 2990 meruerit
1923 2948 1949 2987 ².

1275 3091 1281 3111 ¹
1302 3089 1478 3127 basualdus
1492 3089 1519 3117 ut
1531 3084 1724 3125 Spondanns,
1742 3081 1779 3112 ad
1793 3089 1842 3112 an.
1859 3077 2012 3117 1302-903
2037 3078 2081 3108 Du
2098 3076 2174 3107 Bou-

1232 3134 1294 3170 lav,
1313 3131 1389 3163 llis!¹
1405 3128 1572 3163 Universa.
1594 3125 1697 3158 Paris.
1715 3129 1734 3155 t.
1757 3124 1800 3154 lv.

1266 3167 1283 3197 ⁴·-'
1301 3174 1443 3214 Dugloss.
1460 3170 1536 3203 [list.
1557 3167 1671 3199 Polou.
1690 3167 1706 3198 1.
1725 3166 1767 3204 Χ;
1783 3162 1940 3205 Spondan.
1958 3161 1996 3193 ad
2017 3169 2066 3192 an.
2082 3158 2172 3191 1386.
