2241 3473
671 186 807 215 VSQVE
830 186 884 212 AD
906 184 1192 211 PRAESENTEM
1218 183 1421 210 AETA'l'EM

77 270 166 296 nem
194 263 309 306 atque
330 258 596 295 incredibilem
616 271 712 305 erga
738 259 912 296 subditos
932 259 1024 295 fide-

78 313 246 349 lissimos
273 317 504 359 conceptam
524 341 532 354 ,
560 324 684 360 neque
712 324 919 360 passurum
945 313 1025 348 diu—

78 367 169 409 tius,
185 371 227 402 ut
246 377 383 402 eorum
405 366 528 401 honor
549 371 626 402 tam
646 367 762 402 foeda
779 367 1024 413 discerpatur

76 419 368 456 obtrectatione
391 448 399 461 ,
426 425 465 455 et
495 420 693 455 immerita
722 420 912 456 adversus
940 420 1025 455 illos

75 473 266 521 perduret
300 473 522 509 insectatio.
555 475 741 510 Ceterum
774 473 1022 520 imperialem

74 528 175 563 hanc
202 527 408 574 epistolam
435 527 537 562 ultro
572 527 920 574 praeteriissemus
952 527 1023 561 hoc

77 580 160 616 loco
178 609 187 622 ,
217 580 288 616 nisi
308 610 316 623 ,
351 581 473 616 Nobis
501 580 613 627 plane
651 581 784 616 insciis
804 609 812 622 ,
838 584 879 616 et
914 591 1023 615 more

77 638 184 670 certe
220 634 397 675 insueto,
423 634 584 680 vulgata
619 633 755 669 suisset
786 633 834 668 ab
868 633 1024 668 officiali

78 687 253 723 Berolini
286 687 538 734 ephemeride
567 697 645 722 una
675 698 762 722 cum
799 686 875 722 alia
907 698 1024 722 manu

79 740 228 776 Nostra
255 746 419 777 exarata
440 769 448 783 ,
475 752 548 787 qua
575 740 824 777 Serenissimi
854 741 1025 786 Impera-

82 794 179 829 toris
211 794 400 829 iustitiam
442 806 511 841 pro
547 793 725 829 Ecclesia
760 793 953 829 catholica
987 793 1023 828 in

78 847 268 883 Borussia
295 846 578 894 appellavimus
604 861 636 881 ».

130 900 271 937 Procul
299 901 412 936 dubio
432 913 473 937 se
495 905 603 937 tanto
622 900 761 947 dignos
779 901 953 936 Patrono
973 901 1024 936 iu-

81 954 212 991 stitiae
226 954 484 990 exhibuerunt
500 965 703 990 sacrorum
723 954 943 997 Antistites,
959 955 1026 990 Sa—

81 1008 278 1050 cerdotes‚
299 1009 489 1045 Curiones
507 1014 546 1044 et
573 1008 694 1044 ceteri
714 1008 894 1043 catholici
915 1009 1025 1054 regni

75 1062 309 1104 Borussiae‚
331 1062 385 1097 ita
412 1067 453 1097 nt
478 1062 619 1098 merito
641 1061 678 1096 in
699 1062 931 1097 allocutione
963 1062 1026 1097 ha-

79 1115 158 1151 bita
177 1114 224 1150 ad
243 1115 475 1153 Cardinales
495 1117 531 1150 in
548 1115 790 1152 Consistorio
810 1115 885 1150 diei
903 1115 944 1150 21
965 1115 1026 1151 de-

79 1169 252 1205 cembris
268 1169 357 1205 1874
374 1169 558 1204 Summus
575 1168 755 1204 Pontifex
776 1168 945 1214 potuerit
963 1179 1027 1204 ex-

78 1223 266 1258 clamare:
286 1223 455 1258 «Nonne
475 1222 579 1259 enim
598 1222 752 1258 divinae
772 1222 844 1257 Dei
867 1222 1022 1268 gratiae

77 1277 203 1312 virtus
218 1277 410 1323 fuit,quae
427 1288 544 1323 usque
559 1276 607 1311 ad
625 1276 723 1311 hanc
741 1276 843 1311 diem
864 1276 901 1311 in
916 1280 1022 1312 tanto

79 1331 297 1367 certamine
310 1359 318 1372 ,
341 1335 420 1366 tum
436 1330 693 1366 Venerabiles
709 1330 852 1366 fratres
869 1331 1028 1377 Episco-

78 1396 163 1432 pos,
183 1390 263 1420 tum
284 1383 521 1420 Sacerdotes
541 1389 579 1420 et
597 1384 731 1420 fideles
753 1384 791 1418 in
811 1384 1027 1420 Germania

77 1439 132 1474 ita
150 1439 401 1481 sustentavit,
418 1441 459 1473 ut
476 1438 728 1473 admirabilia
743 1438 926 1484 exempla
940 1449 1026 1473 con-

78 1492 265 1534 stantiae,
293 1492 380 1535 zeli,
410 1491 520 1535 fidei,
548 1492 721 1528 invictae
750 1492 963 1539 patientiae
990 1497 1028 1527 ct

76 1546 234 1582 virtutis
253 1556 398 1592 magna
417 1557 503 1581 cum
534 1546 662 1592 gloria
683 1546 882 1593 religionis
901 1545 1027 1581 edide-

77 1600 179 1636 rint?
197 1613 216 1634 2>

123 1653 199 1690 Sed
215 1654 364 1700 legibus
383 1664 482 1700 qnae
502 1665 578 1688 non
595 1653 647 1688 ita
666 1653 818 1700 pridem
839 1653 1027 1689 adversus

78 1708 282 1744 Ecclesiae
300 1708 386 1743 iura
404 1708 508 1743 latae
526 1708 879 1754 fuerant,quaeque
895 1719 1030 1753 percu-

79 1761 211 1797 lerunt
226 1761 448 1808 complures
463 1772 483 1796 e
500 1761 617 1798 Clero
640 1767 680 1796 et
698 1771 717 1796 e
737 1760 912 1796 fidelibus
933 1764 1026 1796 stre-

77 1826 152 1851 nue
180 1814 306 1850 officio
335 1816 561 1861 perfunctos
582 1843 590 1857 ,
625 1814 726 1850 aliae
754 1813 910 1850 additae
937 1818 1029 1850 sunt

77 1879 177 1915 quae
204 1868 376 1903 divinam
396 1868 599 1904 Ecclesiae
621 1867 941 1903 constitutionem
965 1879 1025 1914 pe-

78 1923 182 1958 nitus
208 1922 454 1965 subvertent,
482 1926 522 1958 et
547 1922 704 1957 omnino
732 1932 846 1957 sacra
872 1922 1029 1968 Episco-

80 1987 219 2023 pornm
247 1976 334 2011 iura
354 1975 620 2022 pessumdant.
640 1977 697 2010 Ac
725 1986 818 2011 sane
846 1975 951 2011 hisce
980 1975 1030 2010 le-

80 2030 192 2077 gibus
211 2030 317 2065 facta
337 2034 513 2077 potestas
533 2029 642 2065 laicis
661 2029 863 2072 iudicibus,
882 2032 924 2064 ut
941 2030 1030 2076 Epi-

78 2094 218 2130 seopos
245 2084 419 2130 aliosque
447 2084 669 2119 animarum
697 2083 892 2119 curationi
919 2093 1031 2129 prae-

81 2138 228 2185 positos
247 2166 256 2181 ,
284 2149 305 2174 e
340 2137 531 2183 dignitate
566 2141 606 2173 et
634 2137 806 2173 muneris
842 2137 1030 2172 exercitio

82 2191 326 2235 deiicerent;
354 2192 476 2227 multa
503 2196 541 2227 et
576 2191 717 2238 gravia
752 2190 1032 2237 impedimenta

81 2245 127 2281 iis
153 2245 329 2289 obiecta,
357 2246 420 2292 qui
448 2257 518 2292 pro
553 2245 776 2292 pastoribus
804 2244 1031 2280 absentibus

80 2298 128 2334 ad
170 2299 386 2345 legitimam
423 2299 732 2335 iurisdictionem
767 2298 1030 2334 exercendam

81 2358 215 2388 essent
232 2353 448 2396 constituti;
465 2353 651 2388 indictum
671 2352 862 2399 Capitulis
892 2351 1029 2388 Cathe-

83 2404 272 2448 dralibus‚
291 2410 334 2441 ut
350 2405 535 2442 Vicarios
548 2406 759 2452 eligerent,
775 2404 947 2440 nondum
968 2416 1033 2440 va-

85 2463 198 2495 cante
213 2487 222 2503 ,
241 2459 351 2495 iuxta
376 2470 561 2503 canones,
589 2459 800 2506 episcopali
823 2458 923 2494 Sede
942 2470 951 2502 3
970 2458 1032 2494 de-

91 2514 206 2560 nique
225 2542 233 2557 ,
260 2518 303 2548 ut
327 2513 406 2548 alia
430 2514 664 2548 omittantur
682 2541 690 2554 ,
717 2512 954 2548 demandata
981 2513 1033 2547 fa-

89 2568 218 2603 cultas
251 2567 543 2614 provinciarum
571 2567 818 2607 Praefectis,
853 2570 895 2601 ut
927 2566 1033 2601 viros

91 2620 211 2655 etiam
239 2620 481 2655 acatholicos
505 2620 759 2665 deputarent,
787 2620 849 2666 qui
877 2619 1035 2666 Episco-

89 2672 149 2719 pis
174 2673 356 2716 suffecti,
385 2684 520 2708 eorum
554 2673 639 2708 vice
656 2701 664 2715 ‚
693 2673 854 2719 parique
886 2672 970 2708 iure
997 2672 1033 2707 in

89 2726 342 2762 Dioecesibus
364 2726 692 2762 administrationi
721 2726 914 2761 bonorum
941 2729 1035 2761 tem-

88 2779 284 2826 poralium
312 2784 556 2826 praeessent,
583 2779 665 2815 sive
693 2779 818 2814 sacris
845 2779 1034 2824 personis,

89 2833 171 2868 sive
198 2833 284 2868 usui
321 2832 597 2868 Ecclesiastico
633 2831 770 2867 eadem
804 2832 884 2867 sint
919 2831 1035 2867 desti-

88 2891 194 2922 nata.
228 2887 357 2923 Probe
393 2886 655 2933 unusquisque
683 2886 894 2932 intelligit,
936 2897 1036 2933 quae

87 2940 232 2976 damna
258 2945 298 2976 et
322 2940 552 2976 vexationes
578 2951 627 2976 cx
653 2939 710 2975 liis
737 2940 916 2975 omnibus
943 2940 1038 2986 legi-

87 2993 172 3036 bus,
193 2998 234 3029 et
251 3004 399 3039 aopera
421 2993 648 3029 earumdem
677 2993 937 3039 exequutione
957 2992 1037 3029 fue-

89 3046 168 3082 rint
186 3046 405 3093 insequuta.
419 3048 664 3093 Argumento
683 3047 731 3081 sit
746 3046 1036 3082 luctuosissima

92 3100 300 3136 calamitas
315 3100 565 3136 Dioecesium
581 3099 820 3135 Gnesnensis
837 3103 876 3134 ct
891 3099 1035 3136 Posna-

87 3154 249 3197 niensis,
268 3165 315 3190 ac
338 3153 542 3190 Dioecesis
569 3153 934 3197 Paderbornensis;
961 3159 1038 3191 tra-

90 3207 180 3244 ditis
199 3208 302 3244 enim
321 3208 361 3243 in
377 3207 592 3244 custodiam
611 3207 815 3254 Episcopis
834 3207 1038 3244 Miecislao

87 3262 308 3299 Gnesnensi
329 3265 369 3299 et
383 3260 657 3304 Posnaniensi,
675 3271 748 3297 nec
764 3271 842 3296 non
857 3261 1037 3299 Conrado

1891 165 1968 205 387

1077 258 1250 294 antistite
1272 253 1600 296 Paderbornensi‚
1621 263 1666 289 ac
1685 251 1726 288 in
1745 262 1812 288 eos
1830 250 2027 287 sententia

1078 313 1172 354 lata,
1201 321 1276 358 qua
1303 310 1350 345 ab
1370 307 1592 356 Episcopali
1611 317 1683 342 sua
1710 305 1810 342 Sede
1830 308 1870 341 et
1895 307 2026 340 aucto-

1078 366 1192 402 ritate
1221 375 1292 412 per
1326 373 1520 399 summam
1555 360 1737 396 iniuriam
1765 358 1938 394 deiectos
1964 357 2027 392 de-

1078 420 1306 460 clararunt,
1333 419 1578 453 memoratae
1612 414 1824 450 Dioeceses
1856 409 2026 447 subsidio

1079 473 1286 508 Pastorum
1306 482 1466 506 suorum
1494 469 1656 504 orbatae
1684 467 1722 502 in
1749 465 1929 513 gravium
1957 463 2027 499 dif-

1079 526 1297 562 ficultatum
1327 529 1367 560 et
1393 532 1675 559 aerumnarum
1712 520 1856 555 molem
1883 517 2027 554 misere

1080 580 1284 616 coniectae
1313 582 1413 614 sunt.
1443 577 1593 613 Verum
1621 574 1711 610 forti
1739 571 1923 620 Episcopi
1951 575 2025 607 ste-

1078 637 1209 669 terunt
1229 631 1442 668 tortoribus
1456 630 1653 672 fortiores,
1669 631 1709 664 et
1724 638 1799 663 non
1818 626 1942 662 solum
1962 624 2028 660 de-

1079 687 1205 723 territi
1231 696 1306 721 non
1336 688 1426 720 sunt
1443 681 1682 730 impendenti
1702 680 1875 729 periculo
1889 707 1897 723 ‚
1917 682 1958 714 et
1976 679 2027 714 le-

1077 751 1167 786 gum
1202 737 1541 775 animadversione
1561 764 1569 779 ,
1596 735 1686 782 quin
1714 745 1784 780 pro
1819 731 2028 769 ministerii

1076 794 1136 829 sui
1155 793 1352 839 gravitate
1372 790 1575 827 Ecclesiae
1600 789 1687 824 iura
1704 791 1744 825 et
1762 786 1949 822 mandata
1964 795 2028 820 cu-

1077 847 1283 890 stodirent,
1298 856 1435 881 verum
1450 844 1571 881 etiarn
1586 842 1718 878 decori
1742 840 1814 877 sibi
1832 839 2030 875 duxerunt

1078 905 1118 937 et
1154 901 1329 947 gloriae,
1365 899 1464 935 sicut
1496 901 1536 934 et
1568 896 1633 932 alii
1665 894 1879 931 Borussiae
1912 893 2025 939 regni

1077 953 1357 1002 spectatissimi
1385 951 1582 998 Episcopi,
1607 948 1706 997 quod
1735 946 2027 983 damnationem

1080 1008 1320 1044 immeritam
1338 1011 1378 1042 et
1396 1005 1618 1041 nocentium
1636 1012 1781 1050 poenas
1800 1003 1961 1048 propter
1975 999 2030 1035 iu-

1079 1062 1224 1097 stitiam
1245 1060 1443 1102 subirent,
1473 1058 1677 1105 egregiam
1706 1055 1937 1092 exhibentes
1953 1053 2031 1088 vir·

1080 1119 1199 1151 tutem
1244 1115 1281 1150 in
1321 1112 1635 1149 aedificationem
1672 1109 1791 1145 totius
1824 1106 2028 1143 Ecclesiae

1083 1168 1384 1204 redundantem.
1400 1168 1658 1212 Contemptus
1672 1173 1768 1199 vero
1785 1159 2029 1208 Episcopalis

1079 1221 1296 1269 dignitatis,
1317 1220 1478 1256 violatio
1508 1217 1701 1254 libertatis
1727 1219 1767 1251 et
1793 1215 1934 1250 iurium
1956 1214 2028 1249 Ec-

1082 1276 1242 1317 clesiae,
1257 1275 1501 1315 vexationes,
1514 1282 1613 1319 quae
1629 1282 1704 1306 non
1720 1268 1835 1304 modo
1852 1277 2028 1314 supram-

1082 1333 1323 1365 memoratas
1350 1327 1450 1370 illas,
1472 1326 1538 1362 sed
1565 1324 1684 1361 etiam
1712 1323 1811 1358 alias
1829 1319 2027 1356 Borussici

1082 1383 1195 1429 regni
1223 1382 1436 1417 Dioeceses
1464 1379 1723 1426 premebant,
1745 1377 1887 1411 fortem
1914 1373 2029 1409 habe-

1081 1437 1174 1472 bant
1208 1436 1246 1471 in
1282 1434 1470 1470 Pontifice
1505 1432 1713 1467 vindicem.
1743 1430 1903 1465 Revera
1936 1426 2030 1463 Pius

1081 1490 1152 1537 Pp.
1176 1490 1243 1532 IX,
1266 1488 1477 1536 Encyclica
1505 1485 1618 1526 Quod
1646 1493 1853 1531 numquam
1879 1483 1902 1517 5
1927 1480 2025 1517 febr.

1082 1544 1172 1580 1875
1191 1543 1238 1579 ad
1258 1541 1589 1588 Archiepiscopos
1614 1543 1654 1575 et
1680 1538 1896 1584 Episcopos
1914 1533 2029 1580 regni

1083 1596 1294 1639 Borussici,
1312 1606 1451 1631 ornnes
1466 1594 1608 1629 citatas
1626 1592 1734 1638 leges
1753 1590 1885 1625 irritas
1901 1588 2030 1624 decla-

1083 1650 1198 1694 ravit,
1219 1653 1354 1696 utpote
1373 1659 1471 1695 quae
1490 1646 1645 1682 divinae
1664 1644 1868 1681 Ecclesiae
1890 1641 2034 1678 consti-

1082 1704 1224 1740 tutioni
1250 1703 1526 1739 adversantur.
1554 1700 1639 1735 Nec
1665 1699 1878 1734 observare
1898 1694 2034 1731 omisit

1082 1759 1227 1794 factum
1256 1756 1457 1803 indignum
1484 1754 1624 1791 illustri
1653 1751 1778 1799 genti,
1800 1751 1848 1786 ab
1874 1749 2033 1786 acatho-

1083 1812 1168 1847 licis
1193 1810 1289 1858 ipsis
1311 1838 1319 1853 ,
1347 1809 1520 1857 partium
1547 1806 1672 1843 studio
1698 1803 1801 1841 haud
1826 1802 2007 1839 obnoxiis
2025 1830 2034 1846 ,

1085 1865 1222 1912 procul
1249 1863 1363 1899 dubio
1391 1864 1642 1910 perspectum
1662 1888 1670 1903 ,
1698 1857 1798 1906 quod
1825 1868 1895 1894 eae
1921 1857 2032 1903 leges

1081 1918 1231 1954 severis
1266 1917 1440 1952 munitae
1473 1913 1768 1955 sanctionibus,
1797 1922 1914 1947 acres
1948 1909 2030 1946 ani-

1082 1971 1378 2008 madversiones
1394 1981 1471 2006 non
1486 1966 1852 2015 obtemperantibus
1871 1963 2031 2000 commi-

1082 2030 1236 2067 nantes,
1263 2029 1304 2061 et
1330 2024 1540 2060 militarem
1569 2032 1728 2057 manum
1756 2022 1938 2066 paratam
1965 2017 2031 2052 ha-

1084 2080 1219 2116 bentes
1239 2078 1287 2114 ad
1307 2077 1595 2119 executionem,
1613 2078 1774 2122 pacatos
1792 2076 1912 2120 atque
1931 2071 2033 2107 iner-

1084 2145 1167 2169 mes
1193 2132 1298 2169 cives
1316 2161 1325 2176 ,
1353 2131 1495 2167 merito
1528 2131 1576 2166 ab
1604 2129 1649 2164 iis
1681 2137 1846 2164 aversos
1873 2128 2033 2173 propter

1085 2186 1353 2223 conscientiae
1380 2185 1590 2228 dictamen,
1610 2183 1647 2218 in
1675 2192 1723 2218 ea
1748 2182 1874 2217 ferme
1902 2177 2033 2214 condi-

1084 2241 1189 2277 tione
1210 2251 1329 2287 saepe
1350 2239 1604 2281 constituant,
1620 2237 1659 2272 in
1679 2246 1754 2283 qua
1773 2237 1862 2270 sunt
1881 2231 2031 2274 miseri,

1085 2294 1296 2341 afflictique
1312 2293 1507 2335 homines,
1519 2302 1615 2338 quos
1630 2289 1771 2338 premit
1785 2290 1902 2334 atque
1916 2288 2035 2331 urget

1086 2348 1144 2384 vis
1170 2348 1313 2390 maior,
1333 2357 1449 2394 quam
1466 2347 1664 2392 nequeant
1680 2344 1878 2379 avertere.
1900 2338 2034 2379 Quare

1085 2413 1158 2438 eae
1185 2402 1293 2448 leges
1318 2411 1395 2435 non
1430 2399 1565 2435 liberis
1599 2397 1748 2433 civibus
1781 2393 1951 2429 indictae
1978 2391 2031 2426 vi-

1085 2455 1228 2492 dentur
1260 2455 1308 2490 ad
1342 2452 1575 2489 rationabile
1611 2448 1837 2496 obsequium
1872 2444 2033 2492 exigen-

1086 2509 1193 2552 dum,
1208 2508 1276 2545 sed
1296 2508 1404 2555 quasi
1419 2506 1546 2543 servis
1564 2504 1837 2551 impositae,ut
1854 2503 2031 2535 coactam

1085 2562 1343 2599 obedientiam
1369 2561 1409 2596 vi
1436 2558 1601 2596 terroris
1627 2556 1902 2602 extorqueant.
1921 2552 2032 2587 Haec

1086 2616 1217 2652 omnia
1231 2625 1458 2651 memorans
1473 2614 1656 2649 Summus
1672 2608 1855 2644 Pontifex
1870 2606 1926 2642 sic
1943 2616 2034 2641 con-

1087 2669 1225 2706 cludit:
1246 2669 1392 2715 «Haec
1419 2674 1552 2703 tamen
1581 2675 1655 2699 non
1683 2663 1737 2698 ita
1765 2660 1943 2696 volumus
1970 2669 2034 2694 ac-

1086 2724 1175 2770 cipi,
1202 2723 1312 2770 quasi
1339 2722 1442 2756 iusta
1468 2717 1721 2755 excusatione
1749 2717 1939 2762 purgatos
1965 2722 2034 2748 eos

1087 2788 1339 2818 censeamus,
1359 2775 1419 2821 qui
1449 2776 1610 2820 propter
1636 2773 1785 2805 metum
1812 2766 2034 2802 hominibus

1086 2830 1243 2867 obedire
1278 2829 1528 2870 maluerunt,
1563 2835 1677 2872 quam
1704 2823 1811 2865 De0;
1837 2820 2034 2866 multoque

1087 2886 1213 2921 minus
1239 2884 1349 2930 quasi
1376 2882 1532 2927 impune
1551 2876 1720 2914 habituri
1748 2876 1827 2911 sint
1853 2885 1877 2910 a
1894 2872 2034 2908 Divino

1087 2938 1214 2974 Iudice
1253 2934 1419 2982 improbi
1453 2932 1658 2975 homines,
1700 2928 1797 2976 siqui
1841 2927 1944 2969 sint,
1972 2925 2036 2972 qui

1086 2992 1199 3028 unius
1226 2989 1352 3025 civilis
1380 2985 1630 3023 auctoritatis
1658 2981 1855 3032 praesidio
1874 2979 2033 3023 suffulti,

1088 3043 1332 3094 paroeciales
1359 3040 1559 3076 Ecclesias
1585 3042 1738 3075 temere
1766 3036 2033 3091 occuparunt³

1087 3104 1127 3135 et
1146 3107 1302 3133 sacrum
1321 3093 1585 3130 ministerium
1604 3091 1642 3126 in
1662 3091 1709 3126 iis
1724 3098 1934 3136 capessere
1949 3097 2036 3122 aust

1088 3157 1190 3188 sunt.
1212 3151 1291 3185 Imo
1318 3147 1491 3195 perditos
1520 3146 1630 3189 istos,
1651 3149 1691 3181 et
1710 3144 1896 3191 quotquot
1912 3141 1951 3176 in
1970 3151 2037 3187 po-

1088 3212 1238 3243 sterum
1267 3213 1354 3239 sese
1373 3201 1410 3236 in
1430 3200 1701 3237 Ecclesiarum
1720 3197 1900 3244 regimen
1918 3193 2034 3231 simili

1092 3257 1258 3296 crimine
1272 3255 1523 3298 intruserint‚
1539 3254 1578 3290 in
1604 3253 1795 3290 maiorem
1810 3259 2035 3289 excommu⁴
