2241 3473
643 221 769 252 VSQVE
797 220 850 247 AD
878 219 1204 248 IANSENISTARVM
1231 222 1412 250 EXORDIA

63 288 200 324 contra
226 285 514 323 Ferdinandum
539 287 753 324 sumebant.
774 286 993 324 Ferdinan-

62 339 146 385 dus,
167 339 317 377 medius
337 339 438 377 inter
458 339 585 377 hostes
604 342 643 377 et
662 340 832 377 humano
847 339 994 378 auxilio

62 392 282 439 destitutus,
302 393 367 430 sed
390 393 452 442 pia
470 393 508 430 in
530 394 653 430 Deum
671 393 812 430 fiducia
827 394 993 442 impavi-

63 445 133 483 dus
152 446 301 492 stabat3
321 458 407 483 cum
428 447 554 484 subito
574 446 650 484 500
671 447 833 496 equites,
853 459 876 484 a
894 458 994 484 sum-

60 509 123 536 mo
142 499 341 548 copiarum
362 501 460 538 duce
481 500 597 545 missi,
617 499 810 537 Viennam
830 500 993 548 ingressi

60 551 267 591 insolentes
296 553 484 591 Ordinum
513 555 717 602 deputatos
735 556 884 592 terrore
904 565 996 602 per-

63 605 253 654 culerunt,
281 610 400 656 atque
429 607 626 656 fugarunt.
656 607 802 644 Eodem
822 608 996 654 tempore

62 657 162 696 idem
183 660 381 709 copiarum
401 661 480 698 dux
501 659 663 698 rebelles
683 660 722 696 in
743 659 926 697 Bohemia
944 660 995 696 in-

61 712 167 761 genti
187 713 295 752 clade
315 713 461 761 affecit,
481 725 558 763 qua
581 713 714 751 audita
732 713 890 750 Bohemi
903 743 912 757 ,
932 713 994 761 qui

59 765 99 802 in
119 767 318 805 Austriam
339 769 550 813 irruerant,
569 769 767 805 maturato
787 766 926 804 itinere
947 766 993 803 ad

61 818 231 869 Pragam
268 820 547 859 defendendam
577 820 726 858 reversi
753 823 856 858 sunt.
887 819 997 856 Tunc

60 871 331 912 Ferdinandus
351 875 400 912 ad
420 874 590 922 comitia,
610 873 913 913 Francofordiae
928 885 996 922 pro

61 926 152 964 novi
171 927 415 977 imperatoris
435 928 621 966 electione
641 929 895 977 congregata,
916 939 998 976 pro-

60 977 183 1018 fectus
210 985 294 1028 est,
322 984 362 1019 et
388 993 569 1020 coronam
599 992 823 1020 caesaream
848 980 995 1018 retulit.

60 1032 367 1083 Maximilianus‚
388 1036 469 1073 dux
489 1036 680 1073 Bavariac
701 1036 741 1072 et
757 1034 922 1072 foederis
939 1047 998 1072 ca-

59 1086 192 1125 tholici
212 1091 361 1135 auctor,
381 1090 597 1127 exercitum
612 1090 650 1126 in
663 1088 862 1126 Austriam
875 1088 997 1134 duxit,

62 1142 105 1178 ut
140 1143 436 1191 protestanticos
472 1143 633 1181 Ordines
661 1143 709 1180 ad
739 1142 995 1179 obedientiam

61 1193 304 1233 Ferdinando
320 1196 356 1233 II
372 1197 642 1246 praestandam
659 1195 918 1244 compelleret.
932 1195 996 1232 Or-

61 1247 171 1286 dines
190 1248 291 1287 infra
310 1251 499 1296 Anasum,
521 1253 681 1299 accepta
702 1249 997 1299 privilegiorum

61 1312 218 1339 suorum
239 1303 508 1353 religiosorum
527 1307 566 1341 et
585 1303 832 1353 politicorum
852 1302 997 1340 confir-

29 1394 32 1396 ,
60 1354 256 1403 matione,
289 1356 384 1405 illud
416 1357 494 1395 iam
523 1357 809 1406 praestiterant.
838 1356 998 1394 Ordines

59 1419 175 1458 supra
202 1411 376 1448 Anasum
400 1411 448 1448 ad
469 1412 507 1448 id
528 1410 748 1449 faciendum
767 1422 791 1448 a
810 1410 997 1448 Maximi-

59 1460 163 1499 liano
181 1463 370 1512 compulsi
390 1467 490 1503 sunt.

111 1515 412 1566 Tranquillitate
432 1519 470 1555 in
487 1519 645 1557 Austria
661 1518 856 1563 restituta,
872 1517 998 1555 Maxi-

56 1568 251 1618 milianus‚
267 1571 411 1610 iunctis
426 1572 496 1610 sibi
513 1574 631 1623 copiis
653 1571 861 1618 caesareis,
877 1584 996 1620 pene-

53 1623 178 1660 travit
205 1625 243 1661 in
266 1624 503 1664 Bohemiam.
526 1627 705 1673 Bohemi,
725 1626 870 1663 reiecto
894 1625 997 1662 Fer—

54 1675 234 1723 dinando,
262 1678 504 1717 Fridericum
534 1680 583 1727 V,
615 1681 820 1717 electorem
843 1679 997 1716 Palati-

55 1740 160 1775 num,
180 1731 253 1769 sibi
273 1743 404 1781 regem
425 1736 618 1771 crearant.
640 1733 791 1771 Verum
811 1731 994 1769 Maximi-

55 1782 182 1822 lianus
222 1797 282 1823 an.
315 1786 415 1824 16‘20
445 1799 562 1836 prope
592 1788 764 1836 Pragam
793 1785 995 1823 rebellium

57 1838 271 1876 exercitum
300 1839 355 1877 ita
383 1839 495 1887 fudit,
520 1843 562 1878 ut
581 1841 803 1878 Fridericus
823 1851 843 1876 e
863 1839 993 1876 Bohe-

58 1891 137 1929 mia
166 1889 334 1943 fugerit2‚
362 1895 401 1931 et
428 1894 538 1931 brevi
557 1898 733 1944 tempore
751 1893 939 1930 Bohemia
957 1895 996 1930 et

60 1946 109 1983 ad
141 1958 228 1984 eam
261 1946 407 1985 relatae
441 1948 663 1996 provinciae
692 1946 939 1985 Ferdinando
959 1947 994 1983 II

59 2000 212 2048 penitus
240 2001 436 2039 subiectae
464 2001 551 2039 sint.
580 2001 872 2046 Ferdinandus,
900 2011 995 2050 pro-

60 2053 202 2103 scripto
230 2053 448 2101 Friderico‚
468 2055 723 2093 electoratum
743 2055 826 2092 eius
846 2057 996 2092 terras-

59 2118 136 2156 que
155 2107 406 2146 cisrhenanas
425 2109 593 2146 eontulit
604 2108 886 2154 Maximssiano,
907 2108 993 2146 duci

60 2160 262 2200 Bavariae.
297 2161 457 2211 Aliquot
488 2162 699 2200 belliduces
732 2165 772 2200 et
804 2162 994 2212 principes

60 2214 283 2253 Germanici
310 2215 457 2253 bellum
486 2217 784 2262 continuarunt,
812 2216 877 2254 sed
898 2227 993 2253 con-

61 2267 347 2307 foederatorum
362 2269 644 2308 catholicorum
655 2270 773 2307 armis
784 2270 994 2308 succubue-

61 2323 164 2359 runt.
189 2325 300 2360 Anno
323 2323 423 2362 1625
442 2324 659 2373 complures
679 2324 841 2361 Ordines
862 2322 995 2361 circuli

61 2373 243 2413 Saxonici
263 2375 456 2415 inferioris
476 2377 573 2414 duce
599 2377 816 2415 Christiano
837 2378 911 2424 IV,
930 2389 994 2414 re-

64 2439 112 2476 ge
141 2428 306 2475 Daniae,
334 2431 399 2479 qui
426 2431 465 2468 in
494 2432 630 2469 eodem
651 2431 794 2469 circulo
814 2432 996 2469 ducatum

64 2479 270 2526 Holsatiae,
291 2484 526 2532 possidebat,
554 2485 636 2523 sive
661 2485 764 2534 quod
783 2485 899 2522 rebus
918 2483 998 2522 suis

63 2533 258 2582 timerent,
279 2536 361 2574 sive
380 2538 482 2586 quod
502 2538 748 2587 imperatoris
768 2541 808 2577 et
829 2538 999 2576 catholi-

63 2599 197 2626 corum
215 2590 428 2638 potentiam
443 2590 655 2640 infringere
671 2595 873 2640 cuperent,
889 2603 998 2628 arma

65 2644 260 2690 ceperunt.
290 2643 438 2681 Verum
465 2646 646 2683 continuo
675 2645 834 2691 devicti,
864 2647 949 2694 post
976 2645 1000 2682 2

64 2706 185 2734 annos
205 2707 338 2745 pacem
358 2697 552 2746 petierunt
572 2701 612 2735 et
630 2699 902 2748 impetrarunt.

117 2749 272 2798 Interea
286 2750 553 2788 Ferdinandus
573 2751 621 2796 II,
642 2755 839 2801 permotus
859 2751 1001 2801 partim

64 2801 262 2852 religionis
290 2804 503 2841 catholicae
531 2805 670 2851 studIo,
701 2807 841 2854 partim
876 2806 1000 2843 mole-

65 2855 162 2902 stiis,
178 2857 249 2894 sibi
266 2860 306 2895 et
323 2858 583 2896 decessoribus
599 2858 679 2896 suis
695 2871 718 2896 a
733 2859 896 2897 subditis
913 2871 1001 2908 pro-

64 2910 300 2957 testanticis,
333 2911 395 2948 ubi
425 2911 748 2960 praevaluerant,
778 2912 1001 2960 suscitatiS,

63 2972 195 3000 eorum
215 2975 327 3002 sacra
346 2964 385 3001 in
400 2964 516 3001 terris
532 2965 613 3002 suis
629 2965 900 3003 haereditariis
916 2978 1000 3015 sup—

64 3017 216 3064 pressit.
243 3017 327 3055 Iam
347 3030 408 3055 an.
434 3017 530 3054 1621
554 3018 838 3066 praedicatores
858 3020 1000 3057 haere-

64 3067 172 3116 ticos,
200 3073 240 3108 et
263 3083 324 3109 an.
348 3071 448 3108 1627
468 3082 611 3116 omnes,
633 3071 697 3120 qui
719 3072 911 3110 catholica
933 3085 1000 3110 sa-

65 3132 130 3160 cra
158 3124 338 3173 amplecti
368 3127 603 3170 recusarent,
634 3125 822 3163 Bohemia
851 3128 890 3164 et
909 3127 998 3164 Mo-

65 3176 177 3214 ravia
204 3178 396 3227 emigrare
416 3177 540 3215 iussit.
561 3179 673 3215 Anno
694 3180 874 3227 sequenti
895 3180 999 3217 idem

65 3226 239 3268 decrevit
257 3243 324 3280 pro
344 3230 514 3269 Austria.
533 3232 801 3270 Protestantes
815 3244 932 3282 supra
947 3234 1002 3271 A-

66 3291 200 3320 nasum
217 3284 413 3333 religionis
428 3296 520 3323 suae
535 3284 755 3323 libertatem
771 3286 925 3334 quidem
939 3297 1010 3324 ar«

1849 211 1927 249 213

1034 289 1141 324 mata
1169 299 1287 325 manu
1316 287 1416 325 tueri
1444 286 1573 325 conati
1593 287 1708 333 sunt,
1727 286 1793 325 sed
1813 299 1836 324 a
1855 287 1974 336 copiis

1034 342 1224 379 caesareis
1252 341 1290 378 in
1312 341 1485 390 pluribus
1506 340 1661 390 praeliis
1682 340 1776 378 victi
1790 370 1799 386 ‚
1816 341 1864 378 ad
1883 342 1978 378 sub-

1034 393 1237 432 iectionem
1266 395 1393 432 adacti
1420 398 1519 432 sunt.
1549 395 1624 432 Pro
1654 393 1796 432 Silesia
1824 396 1863 432 et
1892 394 1976 431 Lu-

1035 448 1135 485 satia
1163 448 1308 485 elector
1336 447 1540 494 Saxoniae,
1569 448 1634 496 qui
1665 448 1734 485 has
1762 450 1890 485 terras
1909 459 1977 496 pro

1036 501 1177 538 auxilio
1198 501 1445 539 Ferdinando
1465 502 1651 550 praestito
1672 503 1889 550 acceperat,
1908 513 1972 538 re-

1037 554 1190 603 ligionis
1210 554 1429 592 libertatem
1449 555 1686 603 impetravit.
1707 554 1834 592 Aliam
1856 565 1973 604 prae-

1037 610 1143 645 terea
1172 607 1297 657 legem
1327 607 1432 644 dedit
1459 607 1748 654 Ferdinandus,
1778 611 1820 645 ut
1845 608 1974 645 omnia

1037 661 1137 697 bona
1154 660 1430 707 ecclesiastica,
1442 661 1789 699 aProtestantibus
1805 663 1891 710 post
1907 674 1974 710 pa-

1036 713 1293 751 cificationem
1322 714 1588 762 Augustanam
1614 713 1752 764 (1555)
1773 718 1974 764 occupata,

1037 767 1350 805 restituerentur.
1381 767 1488 809 Quae
1516 767 1714 805 restitutio
1743 769 1782 804 in
1804 768 1974 806 Germa—

1037 820 1099 858 nia
1135 820 1319 858 exteriori
1350 821 1645 870 protestantium
1673 821 1822 858 animos
1852 822 1976 859 vehe-

1037 877 1191 912 menter
1210 875 1368 923 quidem
1388 875 1577 924 perculit:
1598 877 1770 912 attamen
1791 875 1977 912 debilita-

1037 927 1079 974 ti,
1109 928 1145 966 ei
1173 930 1365 965 armatam
1395 939 1555 965 manum
1584 939 1775 977 opponere
1795 928 1879 966 ausi
1900 940 1976 965 non

1037 984 1149 1027 sunt,
1176 982 1400 1031 priusquam
1427 982 1517 1019 belli
1545 981 1747 1019 classicum
1776 981 1979 1020 cecinisset

1037 1047 1110 1073 rex
1129 1035 1306 1073 Sueciae.

1092 1089 1289 1126 Gustavus
1318 1089 1519 1138 Adolphus
1549 1099 1618 1125 rex
1645 1087 1806 1125 Sueciae
1824 1118 1832 1133 ,
1853 1091 1980 1126 motus

1040 1143 1179 1190 partim
1217 1143 1344 1180 studio
1373 1142 1621 1180 succurrendi
1651 1141 1889 1190 periclitanti
1920 1143 1977 1179 rei

1039 1197 1352 1244 protestanticae‚
1381 1196 1523 1245 partim
1551 1195 1731 1244 cupidine
1751 1195 1980 1242 acquirendi

1039 1249 1201 1297 gloriam
1222 1252 1438 1299 terrasque,
1459 1261 1520 1287 an.
1541 1249 1641 1287 1630
1661 1248 1914 1285 fortissimum
1935 1261 1978 1285 e-

1039 1303 1243 1348 xercitum,
1273 1304 1360 1341 belli
1388 1303 1572 1341 molestiis
1593 1304 1632 1339 et
1650 1302 1824 1339 victoriis
1844 1313 1980 1339 assue-

1039 1359 1143 1403 tum,
1163 1357 1203 1394 in
1224 1357 1473 1395 Germaniam
1494 1355 1619 1394 duxit.
1641 1356 1687 1393 Ei
1707 1355 1867 1392 Ordines
1888 1367 1981 1404 pro-

1041 1410 1259 1457 testantici,
1287 1411 1352 1448 alii
1373 1412 1458 1460 post
1486 1411 1582 1447 alios
1600 1439 1609 1454 ,
1638 1421 1678 1447 se
1707 1409 1983 1447 adiunxerunt.

1039 1464 1111 1512 Ipsi
1135 1464 1238 1501 Galli
1266 1465 1336 1502 sub
1356 1463 1555 1502 Ludovico
1575 1463 1685 1509 XIII,
1709 1464 1877 1500 Domum
1898 1464 1982 1499 Au-

1039 1517 1225 1555 striacam
1254 1518 1483 1555 diminutam
1504 1517 1716 1565 cupientes,
1737 1515 1815 1553 illis
1836 1516 1984 1553 auxilia

1039 1571 1346 1620 suppeditabant.
1364 1571 1510 1613 Quibus
1527 1570 1686 1608 adiutus
1704 1571 1904 1607 Gustavus
1920 1569 1983 1606 vi-

1038 1626 1181 1662 ctorias
1199 1625 1329 1674 plures
1358 1625 1403 1662 de
1431 1623 1622 1662 caesareis
1642 1623 1777 1661 retulit
1795 1623 1984 1671 brevique

1038 1680 1212 1727 tempore
1233 1690 1414 1727 magnam
1434 1677 1665 1715 Germaniae
1686 1678 1838 1726 partem
1859 1688 1983 1714 occu-

1038 1733 1157 1780 pavit.
1186 1732 1265 1769 Vix
1293 1732 1368 1769 dici
1389 1733 1525 1781 potest,
1545 1733 1692 1780 quanta
1711 1729 1815 1767 mala
1836 1730 1890 1767 rei
1910 1741 1984 1767 ca-

1036 1785 1218 1831 tholicae,
1246 1785 1416 1823 ecclesiis
1446 1788 1485 1822 et
1512 1784 1758 1822 monasteriis
1787 1783 1835 1820 ab
1856 1783 1985 1821 hosti-

1038 1840 1107 1876 bus
1135 1839 1244 1876 illata
1266 1838 1343 1876 sint
1362 1839 1400 1875 in
1417 1838 1595 1875 omnibus
1616 1837 1722 1883 locis,
1742 1848 1843 1885 quae
1864 1846 1983 1874 occu*-

1036 1894 1190 1941 parunt.
1213 1894 1287 1930 An.
1311 1892 1413 1930 1632
1433 1892 1633 1929 Gustavus
1654 1891 1692 1927 in
1717 1890 1861 1939 praelio
1881 1891 1983 1939 apud

1037 1946 1183 1983 Lutzen
1199 1945 1239 1983 in
1255 1945 1429 1983 Saxonia
1445 1945 1594 1983 occisus
1608 1947 1691 1991 est3
1708 1946 1982 1981 verumtamen

1035 2000 1180 2037 bellum
1219 1999 1489 2037 continuatum
1529 1998 1605 2036 fuit
1644 1997 1755 2036 varia
1785 1997 1982 2047 utrimque

1035 2053 1202 2091 fortuna.
1232 2053 1502 2090 Ferdinandus
1531 2053 1568 2090 II
1587 2063 1672 2090 rem
1691 2063 1834 2100 magno
1851 2051 1982 2088 animo

1036 2119 1166 2156 agens,
1186 2117 1256 2144 an.
1289 2106 1390 2144 1634
1410 2117 1591 2155 magnam
1612 2105 1820 2142 victoriam
1841 2105 1886 2141 de
1907 2105 1981 2141 ho-

1035 2162 1158 2198 stibus
1190 2160 1328 2198 retulit
1357 2159 1458 2209 apud
1487 2159 1748 2208 Nortlingam.
1779 2159 1889 2195 Anno
1919 2170 1983 2195 se-

1036 2214 1169 2263 quenti
1207 2214 1360 2263 Pragae
1401 2225 1537 2263 pacem
1580 2211 1796 2261 composuit
1833 2223 1920 2248 cum
1951 2212 1981 2249 I.

1037 2267 1216 2317 Georgio,
1245 2267 1411 2304 electore
1431 2265 1640 2312 Saxoniae,
1660 2266 1722 2315 qui
1746 2265 1884 2302 exinde
1904 2265 1983 2302 im-

1037 2321 1207 2371 peratori
1227 2321 1415 2358 auxilium
1435 2320 1527 2358 tulit
1547 2322 1683 2357 contra
1703 2319 1844 2356 hostes.

1090 2374 1336 2412 Ferdinando
1356 2374 1405 2420 II,
1421 2373 1595 2411 an.l637
1616 2372 1815 2418 defuncto,
1838 2383 1985 2409 succes-

1039 2428 1088 2466 sit
1107 2427 1374 2465 Ferdinandus
1395 2427 1463 2473 III,
1480 2427 1582 2464 filius
1596 2427 1689 2472 eius,
1709 2426 1787 2463 iam
1804 2437 1865 2462 an.
1886 2424 1986 2462 1625

1042 2482 1280 2531 Hungariae,
1301 2493 1362 2519 an.
1387 2480 1487 2518 1627
1503 2480 1730 2525 Bohemiae,
1749 2482 1788 2516 et
1804 2490 1867 2516 an.
1887 2478 1986 2515 1636

1041 2536 1308 2573 Romanorum
1328 2546 1399 2572 rex
1421 2536 1588 2572 creatus.
1610 2534 1688 2570 Sub
1709 2544 1754 2569 eo
1775 2531 1916 2568 bellum
1938 2543 1986 2568 a-

1041 2590 1162 2626 criter
1190 2589 1458 2626 continuatum
1478 2590 1547 2625 est.
1567 2585 1832 2624 Ferdinandus
1854 2585 1985 2622 victo-

1042 2643 1119 2680 rias
1147 2642 1350 2680 nonnullas
1379 2642 1426 2678 de
1455 2640 1591 2678 Suecis
1610 2639 1755 2676 retulit.
1777 2638 1853 2675 Sed
1874 2639 1984 2676 brevi

1043 2699 1126 2745 post
1146 2696 1197 2742 hi⁷
1218 2695 1404 2733 Bernardi
1429 2695 1539 2732 ducis
1559 2693 1785 2731 Weimarae
1805 2693 1846 2728 et
1861 2692 1981 2729 Ludo-

1043 2749 1117 2786 vici
1147 2750 1250 2799 regis
1270 2749 1421 2787 Galliae
1442 2748 1560 2785 armis
1582 2745 1718 2792 adiuti,
1738 2744 1818 2782 fere
1839 2745 1982 2793 ubique

1043 2803 1260 2852 superiores
1280 2802 1506 2840 extiterunt.
1528 2800 1743 2847 Imperator
1763 2798 1912 2835 medius
1927 2798 1982 2835 in-

1043 2860 1104 2894 ter
1123 2857 1264 2902 hostes,
1286 2855 1408 2893 Gallis
1424 2866 1473 2891 ex
1492 2865 1578 2899 una,
1597 2852 1734 2890 Suecis
1752 2849 1917 2899 aliisque
1933 2864 1982 2889 ex

1043 2911 1168 2947 altera
1188 2913 1299 2959 parte
1320 2919 1406 2946 eum
1429 2906 1718 2955 impetentibuS,
1741 2916 1877 2954 pacem
1893 2917 1981 2942 cum

1043 2964 1278 3001 adversariis
1306 2964 1474 2999 tractare
1504 2959 1640 3007 coepit.
1671 2959 1726 2995 De
1758 2959 1832 2996 hac
1858 2970 1954 3007 pace
1974 2988 1984 3004 ‚

1043 3028 1140 3065 quae
1168 3029 1228 3054 an.
1252 3015 1352 3052 1648
1374 3014 1412 3050 in
1437 3012 1684 3061 W'estphalia
1706 3012 1890 3049 conclusa
1911 3013 1983 3058 est,

1044 3082 1111 3108 suo
1131 3070 1214 3107 loco
1235 3069 1396 3106 dicimus
1412 3066 1436 3104 ¹.

1095 3124 1157 3161 97.
1178 3123 1284 3159 Lites
1314 3123 1423 3159 inter
1444 3119 1690 3169 Huyonotos
1705 3140 1756 3169 .-
1771 3118 1984 3167 Conspexi-

1086 3214 1095 3235 1
1113 3215 1144 3244 G.
1163 3214 1195 3243 ΙΙ.
1213 3213 1381 3252 Bougcant‚
1396 3209 1534 3242 Histoire
1550 3209 1752 3252 desquerres
1770 3212 1800 3242 et
1814 3210 1867 3242 des
1886 3210 1983 3252 πέρο-

1045 3254 1278 3327 ἓὶιξεὲῧιιίςηῖἑιὲ
1296 3251 1502 3294 precederent
1529 3252 1557 3284 le
1585 3253 1680 3285 trailc'
1709 3252 1746 3284 de
1777 3251 1982 3293 Westplcalie,
