2241 3473
657 150 786 182 vsoviz
813 149 867 177 AD
895 146 1222 176 uusnmsunvu
1249 148 1431 177 uxor-ma
1870 135 1946 173 183

78 214 326 254 Ferdinanclo
343 215 554 260 successit,
575 214 777 264 nullasque
806 214 854 252 ad
883 212 1012 262 repri-
1053 224 1140 250 rum
1161 213 1350 259 doctrina,
1369 225 1390 251 e
1411 211 1652 250 Catecliismo
1672 209 1840 258 aliisque
1857 209 1901 248 F.
1919 209 1995 247 So-

81 267 238 306 mendos
253 267 468 305 haereticos
485 268 772 313 rationesiuiit,
788 279 921 305 eorum
939 278 1012 304 nu-
1054 267 1130 304 cini
1170 267 1322 316 scriptis
1352 266 1592 314 intelligitur.
1622 264 1808 306 Quamvis
1839 274 1994 301 sacram

81 332 210 358 merus
242 321 365 368 magis
393 327 531 359 auctus
562 324 632 359 est.
663 321 771 359 Nihil
791 332 941 369 quoque
968 319 1014 356 iis

1053 319 1297 369 Scripturam
1326 319 1524 368 religionis
1550 329 1644 356 suae
1665 317 1810 355 fontem
1832 315 1993 365 praedi-

81 374 252 411 adversis
272 373 445 411 decrevit
461 375 700 423 Rudolphus,
722 387 782 412 an.
808 375 906 411 1576
924 372 1012 410 Ma·
1055 376 1202 418 carent,
1232 373 1424 421 propriam
1454 376 1586 409 tamen
1615 370 1897 408 credendorum
1928 380 1993 406 re-

83 425 271 464 ximiliani
293 439 499 465 successor.
521 428 738 465 Turcarum
769 428 869 464 onim
901 427 1014 462 inva-

81 479 207 518 siones
236 491 348 529 reges
375 482 589 529 cogebant,
617 485 659 518 ut
689 480 1015 529 tranquillitatem

82 532 276 571 internam
305 538 344 571 et
372 546 507 583 pacem
533 534 786 572 domesticam
807 543 1016 570 conscrva-

82 590 182 623 rent.

135 639 179 676 In
197 640 486 689 Transylvania
503 642 708 677 novatores
718 639 795 676 iam
806 649 905 676 anno
920 636 1019 675 1556

84 691 279 741 religionis
295 693 530 738 libertatem,
545 692 699 741 publica
714 692 801 740 lege
817 691 1019 735 sancitam,

86 746 191 783 nacti
211 749 315 791 sunt,
335 758 470 784 ansam
491 747 609 783 dante
630 745 788 794 politica
805 744 1020 782 mutatione

84 810 155 847 per
174 799 322 837 Turcas
351 800 529 837 adducta.
551 799 620 836 His
649 799 752 836 enim
772 797 1023 840 minantibus,

85 852 342 901 Transylvani
356 881 365 898 ,
385 853 589 901 repudiato
609 851 866 896 Ferdinando,
887 849 1022 898 princi-

86 916 170 954 pem
186 905 390 952 elegerunt
404 906 585 942 Ioannem
601 905 904 954 Sigismundum,
919 904 1025 940 Ioan—

86 957 145 995 nis
173 958 220 995 de
247 958 416 1008 Zapolya
444 959 580 1003 filium,
609 963 650 996 et
677 959 715 994 in
745 957 922 1001 comitiis,
952 957 1024 993 hac

82 1011 125 1048 in
154 1023 271 1049 causa
299 1012 401 1049 dicto
430 1024 530 1049 anno
552 1012 706 1057 habitis,
727 1011 962 1055 statuerunt,
983 1011 1025 1045 ut

86 1065 260 1102 omnium
288 1065 574 1103 confessionum
603 1064 775 1103 asseclae
806 1064 941 1101 eadem
972 1062 1023 1098 li-

86 1118 239 1156 bertate
258 1117 473 1167 iisdemque
489 1119 640 1156 iuribus
659 1117 889 1166 gauderent.
908 1117 1026 1154 Prae-

86 1172 197 1209 terea
216 1171 348 1208 omnia
367 1171 602 1209 monasteria
621 1171 776 1209 sublata
790 1172 829 1208 et
847 1171 947 1208 bona
963 1181 1023 1206 ec·

87 1224 304 1262 elesiastica
322 1224 416 1262 fisco
435 1225 656 1262 adiudicata
676 1226 765 1261 sunt
788 1222 812 1262 ¹.

140 1277 201 1316 Ita
221 1282 305 1326 post
323 1278 466 1316 saeculi
486 1278 598 1315 huius
619 1277 821 1314 dimidium
842 1276 882 1313 in
906 1275 1025 1313 Polo-

89 1330 165 1378 nia,
185 1331 386 1379 Hungaria
406 1334 446 1368 et
465 1331 754 1379 Transylvania
776 1331 1029 1367 Lutherano-

88 1384 494 1429 rum,Calvinistarum
509 1388 548 1422 et
560 1384 825 1421 Unitariorum
839 1395 904 1420 seu
922 1382 1031 1420 Anti-

88 1437 373 1475 trinitariorum
392 1441 520 1475 sectae
539 1438 748 1486 plurimum
766 1439 905 1474 auctae
927 1440 1028 1473 sunt.

89 1491 274 1529 Caeteras
301 1503 461 1528 numero
489 1493 749 1540 superaverat
776 1492 883 1528 secta
898 1489 1030 1527 Calvi-

90 1544 296 1582 nistarum.

141 1597 185 1635 In
204 1597 343 1635 Suecia
370 1597 584 1635 catholicae
612 1597 812 1646 religionis
841 1595 1029 1634 exercitia

87 1651 159 1689 sub
175 1662 265 1700 rege
274 1651 449 1688 Gustavo
460 1651 586 1688 Wasa
598 1651 825 1699 proscripta,
837 1650 910 1687 sub
923 1650 1030 1687 loan-

91 1715 138 1742 ne
167 1703 245 1749 III,
273 1704 356 1742 eius
384 1703 476 1750 filio,
495 1704 561 1752 qui
588 1705 636 1741 ab
657 1716 756 1741 anno
778 1703 879 1741 1568
911 1714 1030 1751 usque

91 1757 140 1794 ad
155 1757 254 1795 1592
269 1757 462 1806 regnavit,
483 1754 710 1805 aliquandiu
730 1756 914 1794 restituta
929 1758 1030 1793 sunt.

91 1811 166 1848 Hic
193 1810 334 1860 quippe
353 1810 523 1848 consiliis
544 1810 676 1848 uxoris
693 1822 800 1857 suae,
821 1809 929 1858 regio
950 1810 1030 1846 Po-

93 1863 272 1901 lonorum
290 1863 479 1912 sanguine
499 1864 702 1909 oriundae,
722 1863 887 1901 Iesuitas
905 1862 945 1899 in
964 1873 1031 1899 re-

95 1929 216 1966 gnum
243 1917 412 1962 admisit,
432 1928 563 1954 coram
583 1918 629 1956 A.
650 1916 865 1962 Possevini,
884 1915 1033 1953 Iesuita

94 1974 134 2008 et
146 1970 323 2019 Gregorii
339 1971 408 2019 Pp.
424 1970 521 2008 XIII
535 1970 675 2018 legato,
685 1970 929 2007 lutheranam
946 1969 1034 2007 hae-

96 2023 213 2062 resim
243 2023 452 2068 abiuravit,
472 2028 511 2060 et
539 2023 752 2061 catholicae
780 2022 953 2071 religioni
981 2023 1035 2059 in·

96 2080 157 2115 ter
175 2077 317 2114 Suecos
338 2077 610 2125 propagandae
631 2088 742 2125 opem
763 2076 866 2113 tulit.
882 2077 935 2113 At
950 2080 1035 2124 post

98 2141 245 2168 annum
276 2130 377 2167 1583
406 2130 598 2167 secundae
619 2130 752 2167 uxoris
771 2134 810 2166 et
830 2140 1033 2178 procerum

97 2183 266 2221 consiliis
285 2183 331 2220 ad
347 2183 688 2221 Lutheranismum
703 2183 833 2229 rediit,
848 2183 1035 2221 subditos-

97 2248 172 2285 que
191 2237 229 2274 in
249 2237 384 2274 eodem
405 2236 628 2275 obfirmavit
647 2235 674 2273 2.

150 2289 212 2328 56.
243 2289 528 2327 Socz'nz'am'-
548 2289 926 2327 Antitrinitariorum
966 2302 1033 2327 seu

101 2342 369 2380 Unitariorum
385 2343 536 2381 haeresi
549 2341 562 2363 ³
579 2344 650 2380 sub
665 2343 762 2380 haec
777 2345 953 2391 tempora
968 2355 1035 2380 no-

101 2407 191 2432 vam
219 2394 383 2433 formam
409 2396 548 2434 indidit
575 2396 745 2434 Faustus
770 2396 951 2442 Somnus,
973 2409 1034 2434 an.

105 2448 206 2487 1539
226 2448 337 2486 Senis
357 2452 483 2496 natus,
499 2449 562 2486 cui
579 2449 704 2487 adhuc
724 2450 857 2487 iuveni
872 2454 1036 2499 patruus

102 2501 258 2539 Laelius
290 2501 453 2540 Socinus
480 2503 692 2540 sententias
719 2503 1036 2541 antichristianas

102 2554 373 2592 instillaverat.
404 2555 483 2592 Has
511 2555 679 2594 Faustus
698 2567 719 2593 e
739 2556 860 2593 Laelii
882 2557 1036 2605 scriptis

103 2608 229 2656 magis
258 2607 450 2652 excoluit,
475 2608 686 2657 relictaque
722 2610 849 2657 patria
878 2608 1036 2660 (1574),

103 2660 278 2698 Basileae
299 2661 416 2699 verbo
437 2663 477 2698 et
495 2662 636 2710 scripto
665 2661 752 2699 aliis
773 2663 1037 2700 communica-

104 2714 170 2752 vit.
199 2715 235 2752 A
263 2714 488 2752 Calvinistis
515 2717 555 2752 et
583 2715 821 2753 Lutheranis
849 2716 1039 2763 reiectus,

106 2778 170 2805 an.
193 2767 292 2806 1579
312 2767 468 2804 transiit
486 2767 525 2804 in
547 2767 762 2813 Poloniam,
779 2768 842 2806 ubi
859 2768 1039 2817 eloquen-

105 2820 161 2858 tia
195 2832 268 2858 sua
296 2822 336 2858 et
363 2820 601 2858 dexteritate
629 2821 770 2859 sensim
799 2833 930 2859 omnes
959 2822 1040 2860 fere

106 2872 308 2911 Unitarios
337 2873 384 2911 ad
414 2885 505 2911 suas
534 2874 746 2911 sententias
768 2874 971 2922 pertraxit,
986 2876 1042 2912 ita

106 2929 149 2964 ut
177 2927 224 2964 ab
253 2938 321 2971 eo,
349 2938 409 2964 an.
442 2926 542 2964 1604
562 2929 728 2971 mortuo,
749 2927 1038 2965 Socinianorum

107 2991 246 3017 nomen
279 2980 514 3028 acceperint.
545 2979 653 3020 Quae
691 2982 792 3017 esset
819 2979 1044 3019 Sociniano-

148 3084 160 3106 ¹
176 3085 249 3116 lbid.
263 3095 270 3124 ;
287 3086 368 3124 item,
383 3085 526 3118 Historia
541 3086 690 3118 eccles-iae
705 3086 898 3126 reformatae
917 3087 948 3119 in
961 3087 1051 3120 Hun-

109 3127 204 3166 μανία
219 3129 250 3158 el
269 3127 512 3166 Transylvunia.

153 3168 165 3190 ²
181 3170 344 3205 Possm-ini,
370 3168 554 3209 Consumtis)
577 3169 815 3209 ministror11m;
833 3170 992 3211 Spondan.
1009 3171 1047 3202 ad

112 3216 160 3240 an.
178 3208 253 3241 1581
271 3214 302 3241 et
321 3209 404 3241 1587.
418 3210 484 3234 -3
500 3211 567 3243 vid.
580 3220 608 3251 p.
627 3210 696 3242 168.
926 3221 942 3236 ·

1057 426 1185 474 gulam
1215 427 1439 463 statuebant
1467 425 1656 462 rationem
1689 424 1913 468 humanam,
1944 421 1993 459 ad

1058 491 1171 527 quani
1193 479 1295 516 illius
1314 477 1432 515 effata
1452 478 1505 515 ita
1525 477 1848 525 contorquebant,
1869 477 1912 512 ut
1932 475 1995 512 ni-

1060 533 1110 569 hil
1141 532 1214 569 nisi
1243 532 1410 568 humano
1439 530 1655 568 intellectui
1681 529 1855 578 pervium
1877 529 1996 566 doce-

1061 587 1148 622 rent
1166 585 1413 621 credendum.
1435 583 1533 621 Hinc
1548 595 1596 621 ss.
1608 583 1814 620 Trinitatis
1831 582 1994 630 aliisque

1061 637 1257 686 mysteriis
1269 637 1630 681 reiectis,clocebant
1642 647 1759 673 unum
1771 635 1996 681 esseDeum,

1061 690 1230 727 omnium
1273 692 1489 727 creatorem
1507 703 1515 727 ε
1565 689 1763 727 Christum
1797 700 1879 726 esse
1920 699 1997 725 me-

1063 755 1147 780 rum
1167 743 1464 791 hominem,qui,
1480 745 1636 791 propter
1655 741 1999 790 supernaturalem

1063 797 1364 846 conceptionem,
1381 796 1603 845 unigenitus
1619 795 1691 832 Dei
1709 794 1826 840 filius,
1841 797 1892 840 et,
1908 805 2000 843 pro-

1066 852 1152 898 pter
1172 850 1330 887 altiores
1352 850 1472 895 dotes,
1493 849 1541 886 ad
1562 848 1737 885 homines
1758 847 2008 885 redimendos

1065 903 1099 940 ei
1130 904 1311 948 collatas,
1331 913 1598 950 nonnusquam
1621 902 1726 938 Deus
1754 901 1791 938 in
1824 900 2002 949 Scriptu-

1067 957 1118 993 ris
1164 957 1387 994 dicebatur:
1421 956 1536 992 Illum
1569 956 1736 992 mortem
1771 954 1977 1002 pertulisse
1994 982 2003 999 ,

1066 1022 1140 1047 non
1157 1012 1200 1047 ut
1210 1021 1278 1059 pro
1296 1009 1463 1057 peccatis
1479 1009 1620 1045 nostris
1632 1006 1890 1052 satisfaceret,
1907 1018 2004 1055 quae

1066 1063 1189 1112 gratis
1219 1075 1242 1101 a
1269 1063 1348 1100 Deo
1376 1062 1688 1106 remitterentur,
1713 1060 1778 1097 sed
1809 1062 1853 1097 ut
1881 1064 2007 1097 morte

1066 1129 1137 1154 sua
1158 1117 1215 1154 uti
1235 1119 1275 1153 et
1294 1117 1402 1153 vitae
1422 1115 1630 1153 sanctitate
1650 1126 1695 1151 ac
1715 1113 1916 1150 miraculis
1943 1113 2005 1150 di·-

1069 1171 1199 1207 vinam
1228 1181 1322 1207 suae
1350 1169 1548 1206 doctrinae
1577 1168 1763 1217 originem
1794 1166 2004 1204 confirma-

1068 1227 1143 1269 ret,
1163 1223 1380 1260 hominibus
1400 1222 1620 1270 exemplum
1639 1219 1852 1269 patientiae
1871 1221 1910 1256 in
1931 1220 2004 1257 ad-

1071 1277 1207 1322 versis,
1227 1278 1267 1315 et
1285 1275 1571 1314 resurrectione
1588 1287 1660 1312 sua
1675 1273 1947 1311 certitudinem
1962 1273 2008 1310 de

1071 1330 1206 1367 futura
1234 1341 1368 1367 eorum
1397 1328 1682 1366 resurrectione
1711 1328 1751 1364 et
1768 1326 2008 1364 beatitudine

1073 1384 1298 1433 praeberet:
1328 1382 1514 1431 Spiritum
1547 1381 1586 1419 S.
1615 1382 1654 1418 in
1682 1380 1895 1429 Scripturis
1915 1391 2008 1428 pro-

1072 1438 1154 1486 prie
1173 1436 1395 1486 significare
1411 1435 1667 1484 Evangelium
1691 1433 1853 1479 Christi,
1874 1435 2010 1470 sancta

1073 1490 1191 1528 animi
1212 1501 1325 1527 sensa
1339 1489 1377 1526 in
1394 1489 1614 1527 hominibus
1633 1487 1822 1533 excitans,
1835 1498 1899 1524 eos
1914 1498 2010 1523 sua-

1072 1544 1175 1581 viter
1202 1543 1372 1580 afficiens
1400 1545 1439 1579 et
1467 1542 1696 1591 quandoque
1726 1542 1873 1578 certam
1906 1540 2010 1577 vitae

1073 1601 1253 1635 aeternae
1281 1607 1388 1645 spem
1416 1595 1603 1633 divinitus
1630 1595 1836 1643 ingerens:
1868 1593 2010 1631 Homi—

1076 1662 1164 1688 nem
1184 1662 1208 1688 a
1228 1651 1308 1687 Deo
1324 1649 1529 1687 mortalem
1545 1660 1629 1686 esse
1644 1650 1834 1693 creatum,
1850 1646 2014 1684 nullam-

1073 1716 1146 1752 que
1174 1706 1336 1741 naturae
1365 1714 1459 1740 suae
1488 1702 1808 1751 depravationem
1831 1711 1900 1749 per
1918 1711 2011 1749 pec-

1074 1759 1205 1795 catum
1239 1768 1322 1794 esse
1354 1768 1526 1805 passum:
1559 1754 1719 1793 Nullam
1748 1753 1832 1795 dari
1854 1753 2011 1802 praede-

1072 1811 1343 1848 stinationem:
1363 1809 1522 1847 Sacram
1544 1808 1725 1854 coenam',
1744 1819 1844 1856 quae
1864 1819 1939 1844 non
1961 1807 2016 1844 ni-

1073 1863 1102 1902 si
1135 1864 1237 1901 ritus
1265 1865 1370 1901 esset
1397 1875 1421 1900 a
1440 1862 1593 1902 Christo
1627 1861 1899 1910 praescriptus,
1927 1871 2012 1898 esse

1075 1929 1221 1955 meram
1242 1915 1651 1964 commemorationem
1671 1914 1807 1952 mortis
1827 1913 1983 1952 Christi.
2016 1919 2020 1922 ’

1127 1970 1325 2008 Sociniani
1345 1982 1428 2008 sese
1448 1981 1516 2019 per
1534 1980 1717 2018 magnam
1734 1967 1934 2014 Poloniae,
1949 1966 2010 2005 Li-

1073 2024 1258 2061 thuaniae
1286 2026 1325 2061 et
1352 2023 1665 2072 Transylvaniae
1694 2024 1846 2070 partem
1866 2033 2010 2070 propa-

1075 2077 1384 2127 garunt.Postea
1403 2089 1423 2114 e
1439 2077 1602 2114 Polonia
1617 2075 1742 2122 eiecti,
1759 2074 2018 2124 confugerunt

1076 2133 1115 2168 in
1134 2131 1389 2179 Hungariam,
1411 2130 1647 2174 Moraviam‚
1661 2128 1852 2173 Silesiam,
1869 2129 2020 2166 Borus-

1075 2185 1185 2229 siam,
1216 2183 1462 2222 Hollandiam
1486 2187 1525 2221 et
1543 2182 1739 2234 Angliam,
1759 2182 1824 2220 ubi
1843 2182 1945 2219 inter
1965 2194 2011 2219 a-

1076 2238 1146 2275 lios
1166 2238 1382 2275 haereticos
1402 2237 1643 2275 delituerunt
1662 2234 1688 2273 ¹.

1129 2291 1191 2329 57.
1212 2292 1443 2339 Relz'yz’om's
1455 2295 1588 2328 status
1609 2291 1652 2327 z'n
1672 2289 1910 2326 Gallia—In
1923 2287 2016 2324 Gal-

1077 2344 1129 2381 lia
1151 2345 1256 2393 pacis
1272 2346 1466 2382 tractatus
1485 2356 1547 2382 an.
1572 2343 1673 2382 1570
1692 2354 1779 2380 cum
1801 2340 2018 2391 Hugonotis

1077 2397 1288 2444 confectus,
1312 2398 1522 2436 Catholicis
1543 2396 1718 2447 graviter
1737 2394 1945 2444 displicuit,
1966 2393 2017 2431 il-

1076 2452 1199 2489 lorum
1215 2462 1307 2488 vero
1329 2451 1531 2489 audaciam
1554 2450 1663 2488 auxit
1682 2448 1709 2486 ².
1731 2448 1802 2486 An.
1829 2448 1929 2485 1572
1950 2447 2021 2484 Ca-

1076 2505 1182 2542 rolus
1202 2516 1272 2542 rex
1288 2505 1345 2541 IX
1360 2505 1605 2542 concordiam
1621 2503 1726 2540 inter
1746 2503 1875 2550 partes
1895 2500 2018 2538 conci-

1076 2558 1173 2596 liare
1192 2558 1319 2595 voluit
1338 2558 1483 2606 nuptiis
1500 2556 1740 2606 Margaritae
1760 2555 1902 2592 sororis
1922 2565 2016 2592 suae

1077 2624 1164 2650 cum
1190 2611 1327 2648 iuniori
1347 2623 1441 2660 rege
1459 2610 1662 2648 Navarrae
1682 2608 1849 2646 Henrico
1866 2607 2019 2645 Borbo-

1079 2666 1175 2703 nico.
1196 2665 1346 2702 Verum
1376 2676 1462 2702 cum
1483 2665 1620 2701 harum
1651 2662 1872 2710 nuptiarum
1903 2673 2020 2698 causa

1081 2729 1245 2768 magnus
1257 2718 1565 2766 Hugonotorum,
1577 2715 1803 2764 praesertim
1821 2714 2019 2761 nobilium,

1082 2783 1264 2809 numerus
1284 2771 1455 2809 Parisios
1474 2768 1730 2814 convenisset,
1750 2768 1831 2816 regi
1851 2767 2019 2806 relatum

1085 2828 1157 2870 est,
1176 2824 1261 2861 illos
1277 2824 1314 2861 in
1346 2825 1466 2877 vitam
1497 2823 1577 2860 eius
1607 2823 1838 2859 coniurasse.
1861 2821 2023 2859 Carolus

1084 2880 1156 2916 hac
1177 2878 1376 2923 relatione,
1403 2888 1497 2914 vera
1510 2879 1586 2913 aut
1614 2875 1724 2920 falsa,
1753 2876 2025 2920 exacerbatus,

1085 2932 1254 2969 immane
1274 2930 1424 2967 facinus
1443 2928 1662 2978 imperavit3
1684 2928 1868 2965 nimirum
1889 2927 1951 2965 die
1975 2928 2025 2964 24

1088 2984 1257 3034 augusti,
1268 2984 1312 3020 D.
1333 2982 1628 3020 Bartholomaeo
1640 2993 1764 3028 sacra,
1779 2993 1929 3018 summo
1946 2992 2028 3018 ma-

1130 3087 1141 3109 ¹
1158 3087 1255 3119 Nsital.
1273 3087 1354 3117 Alex.
1369 3085 1447 3117 His-t.
1465 3084 1540 3116 eccl.
1555 3094 1638 3117 saec.
1655 3086 1728 3123 XVI,
1745 3096 1771 3117 c.
1790 3085 1835 3123 11,
1852 3095 1879 3117 a.
1894 3084 2027 3123 *¹3391u-

1090 3133 1170 3170 quet‚
1187 3127 1345 3159 Diclionn.
1365 3127 1418 3157 des
1435 3126 1534 3158 he're's.
1551 3127 1749 3166 a1·t.Socin.;
1765 3129 1795 3159 C.
1815 3127 1958 3163 sandius,
1973 3125 2024 3157 Bi-

1091 3169 1250 3201 bliotheca
1267 3168 1593 3201 Antia-micariorum.

1131 3212 1145 3234 2
1162 3211 1226 3242 Vid.
1242 3221 1271 3251 p.
1287 3210 1354 3241 170.
