2241 3473
673 162 812 192 VSQVE
834 162 888 190 AD
908 159 1197 190 PRAESENTEM
1221 159 1427 188 AETATEM

77 241 163 267 rum
189 230 469 279 expletionem.
499 230 677 268 Maximo
704 230 838 268 dolore
856 230 1023 267 affectus

76 283 148 320 suit
171 288 332 331 propter
350 285 644 332 persecutiones
655 284 1024 330 etmolestias,quas

76 337 257 374 Ecclesia
275 337 312 373 in
332 338 964 386 Lusitania,Hispania,Borussia,
984 338 1024 372 et

76 390 220 426 Russia
244 391 408 428 subibat.
423 392 478 428 De
497 392 831 439 persecutionibus
849 392 886 426 in
907 392 1024 438 impe·

77 443 134 479 rio
162 445 414 481 Moschorum
441 457 464 482 a
483 445 686 482 catholicis
707 445 911 487 sustentis,
930 445 1024 481 Gre-

78 498 216 545 gorius
249 505 421 535 moestas
452 499 544 536 fecit
577 510 727 546 quoque
762 498 1026 546 querimonias

76 562 163 587 cum
191 551 390 589 Nicolaol
417 554 632 588 Russorum
661 556 880 595 autom-ate,
908 563 1025 599 quum

74 605 285 652 Neapolim
306 615 458 654 petens,
477 606 661 648 Romam,
681 605 873 641 invisendi
892 605 1028 641 Ponti-

75 659 160 694 ficis
179 660 323 706 gratia,
349 660 574 696 diversatus
600 663 673 696 est.
696 659 856 695 Interim
877 658 966 694 nihil
987 669 1027 693 0-

77 712 184 748 misit
217 724 356 749 eorum
375 742 384 756 ,
410 724 510 761 quae
537 712 711 749 muneris
737 713 795 748 sui
822 720 950 754 erant,
979 711 1026 747 ad

75 765 362 803 defendendam
383 768 586 804 Ecclesiae
605 777 764 802 causam
784 771 823 803 et
842 765 1027 802 levandas

75 819 365 857 Catholicorum
393 821 643 867 indigentias,
661 821 717 855 uti
737 823 889 856 constat
907 831 956 856 ex
975 819 1025 855 al-

77 873 338 910 locutionibus
359 902 368 917 ,
407 873 739 910 declarationibus
782 874 998 921 litterisque
1018 901 1026 915 ,

76 937 174 975 quas
200 927 248 963 iis
272 927 319 963 de
358 928 476 964 rebus
502 928 637 964 habuit
661 931 702 964 et
727 927 856 963 edidit.
887 927 1028 963 Plures

76 981 327 1028 episcopatus
354 985 393 1018 et
417 982 632 1018 vicariatus
647 981 884 1028 apostolicos
910 981 948 1016 in
975 980 1028 1017 di-

76 1036 205 1071 versis
231 1035 337 1070 orbis
369 1036 546 1082 partibus
571 1035 736 1071 creavit.
765 1035 1025 1078 Litterarum,

76 1087 332 1124 scientiarum
360 1089 579 1136 artiumque
608 1088 737 1123 studia
763 1094 803 1124 et
829 1088 1024 1123 culturam

77 1152 330 1190 summopere
349 1142 460 1178 fovit.
488 1141 548 1176 Ad
575 1141 773 1177 addendos
799 1141 936 1177 virtuti
962 1141 1025 1177 sti-

80 1195 207 1231 mulos
218 1196 553 1232 novumOrdinem
564 1200 790 1242 equestrem
807 1195 1026 1242 s-Gregorii

80 1248 260 1285 instituit.
280 1250 369 1285 Alia
394 1249 508 1296 plura
533 1249 741 1296 praeclare
769 1249 906 1296 gessit,
927 1259 1026 1295 quae

77 1301 357 1340 Pontificatum
392 1303 478 1339 eius
516 1303 818 1339 celeberrimum
850 1301 1026 1339 reddide-

77 1360 182 1400 runt;
200 1367 364 1404 quorum
382 1356 430 1393 de
458 1357 652 1392 nonnullis
679 1367 772 1393 mox
797 1355 939 1392 dicturi
966 1368 1026 1392 su-

77 1420 177 1446 mus.

123 1464 179 1501 46.
207 1463 430 1512 Religionis
447 1465 576 1500 status
594 1463 636 1499 in
656 1463 797 1500 Gallia
810 1464 1027 1501 —Interea

77 1517 319 1554 Ludovicum
345 1518 474 1553 XVIII
501 1528 639 1564 regem
665 1518 831 1561 Galliae,
850 1518 1026 1555 an-1824

76 1571 303 1608 defunctum
330 1571 488 1619 excepit
513 1571 678 1608 Carolus
695 1572 748 1615 X,
768 1573 910 1615 frater,
926 1572 1023 1614 eius,

78 1625 263 1672 princeps
289 1625 426 1668 bonus,
452 1624 521 1661 sed
546 1624 769 1660 futurorum
792 1627 920 1661 minus
939 1636 1027 1672 pro-

77 1678 203 1721 vidus,
229 1678 299 1715 sub
321 1689 395 1726 quo
413 1677 735 1714 adversariorum
756 1679 960 1726 regiminis
978 1690 1025 1714 ac

78 1731 300 1779 Religionis
326 1731 492 1768 audacia
517 1731 646 1778 magis
678 1732 882 1780 magisque
909 1738 1026 1768 aucta

77 1789 149 1821 est.
172 1785 222 1822 Hi
249 1785 404 1833 quidem
429 1789 568 1821 contra
586 1785 690 1821 solos
708 1785 872 1822 Iesuitas
898 1785 1025 1822 decla-

79 1850 191 1876 mare
217 1839 474 1882 videbantur,
500 1839 569 1875 sed
596 1850 644 1875 eo
672 1839 826 1875 nomine
854 1844 894 1876 et
920 1839 1025 1875 Reli-

76 1892 234 1939 gionem
261 1896 302 1929 et
327 1892 532 1939 regiminis
551 1893 720 1928 formam
750 1897 865 1940 atque
893 1898 1024 1929 aucto-

76 1945 235 1982 ritatem
255 1946 510 1993 impetebant,
530 1946 681 1993 scripta
697 1946 896 1993 Religioni
913 1951 952 1982 et
966 1958 1024 1983 re-

77 1999 212 2046 gimini
239 1999 395 2035 funesta
419 1999 592 2035 maximo
611 2010 777 2035 numero
796 2000 1024 2047 vulgabant,

75 2065 287 2090 numerum
304 2053 597 2100 deputatorum,
616 2054 681 2101 qui
699 2054 737 2088 in
757 2053 938 2090 Cameris
958 2066 1024 2100 gu-

77 2107 200 2143 bernii
231 2106 435 2143 conatibus
461 2107 783 2153 refragarentur,
811 2107 1022 2154 augebant.

76 2161 318 2197 Gubernium
346 2171 441 2196 vero
467 2171 539 2196 sua
566 2160 788 2203 timiditate,
817 2161 961 2197 inertia
987 2166 1026 2197 et

76 2213 287 2250 immodica
300 2225 399 2260 erga
413 2214 663 2250 adversarios
678 2214 922 2261 indulgentia
939 2226 1024 2262 pro-

80 2268 207 2314 priam
219 2272 259 2304 et
267 2267 483 2315 Religionis
501 2278 663 2303 causam
671 2267 934 2315 deprimebat.
946 2269 1024 2303 An.

77 2320 458 2364 1828,xvl⁰calendas
467 2321 786 2368 quintilis,edicta
797 2321 1023 2368 publicavit,

77 2374 215 2421 quibus
231 2374 464 2410 lesuitarum
479 2374 648 2420 collegia
663 2375 1024 2421 supprimebantur,

76 2438 266 2464 numerus
283 2427 592 2471 adolescentum,
612 2429 660 2464 ab
679 2429 874 2476 episcopis
899 2429 939 2464 in
958 2430 1026 2464 mi-

76 2491 176 2517 nora
191 2481 408 2518 seminaria
416 2481 1023 2526 admittendorum‚limitabatur‚

77 2535 232 2583 aliaque
259 2536 448 2571 nonnulla
471 2535 522 2571 ad
547 2535 726 2572 eamdem
744 2547 829 2572 rem
848 2541 1024 2583 spectan-

77 2590 132 2625 tia
145 2589 444 2632 sanciebantur,
463 2600 563 2637 quae
579 2590 775 2637 episcopis
794 2590 906 2636 regni
924 2590 1022 2625 bono

77 2644 210 2679 animo
238 2643 440 2690 suscipere
458 2643 543 2679 iure
561 2655 638 2679 non
657 2648 877 2690 potuerant:
901 2655 1022 2690 quare

76 2696 412 2744 expostulationes
445 2697 642 2743 supplices
676 2697 762 2743 regi
796 2696 1024 2743 obtulerunt

76 2750 268 2786 adversus
284 2749 464 2795 praefata
482 2749 705 2794 edicta;rex
721 2754 853 2785 autem
869 2760 917 2786 ea
932 2761 1025 2785 non-

76 2804 168 2839 nihil
195 2803 447 2839 modificavit.
468 2803 618 2839 Verum
641 2803 707 2839 ubi
729 2804 819 2838 Vl11⁰
838 2802 1024 2840 calendas

75 2856 227 2893 sextilis
255 2857 346 2894 1830
386 2855 617 2903 prodierunt
641 2855 803 2892 decreta
828 2855 875 2892 de
903 2858 1026 2903 repri—

77 2910 218 2946 menda
236 2909 525 2958 typographIca
544 2909 704 2945 licentia
722 2913 762 2944 et
780 2909 1025 2947 immutanda

78 2964 312 3001 electionum
350 2963 479 2999 forma
500 2991 509 3006 ‚
540 2966 668 2998 motus
701 2963 835 2998 civiles
863 2962 1025 3001 Parisiis

77 3017 239 3055 excitati
264 3021 384 3061 sunt,
412 3022 452 3053 et
477 3020 565 3064 post
591 3020 796 3052 cruentam
824 3016 845 3052 3
871 3016 1023 3054 dierum

77 3082 249 3119 pugnam
290 3071 458 3107 rebelles
492 3069 818 3117 praevaluerunt.
855 3069 1023 3107 Paris10—

78 3135 165 3160 rum
194 3124 449 3161 rebellionem
468 3127 630 3160 secutae
655 3127 746 3158 sunt
773 3123 947 3170 reliquae
965 3137 1023 3162 re-

77 3178 144 3223 gni
170 3178 365 3214 civitates.
386 3177 552 3214 Carolus
578 3177 616 3211 X
643 3180 925 3213 exauctoratus
943 3182 984 3214 et
1001 3190 1023 3215 e

79 3241 206 3278 regno
233 3231 435 3278 relegatus
462 3235 535 3274 est;
554 3230 638 3267 eius
663 3230 792 3266 locum
816 3232 1024 3278 occupavit

1885 143 1959 183 351

1075 228 1296 264 Ludovicus
1328 226 1529 274 Philippus
1549 254 1558 270 ,
1584 224 1662 261 dux
1687 221 1986 259 Aurelianensis
2009 250 2019 266 ,

1075 283 1136 330 qui
1165 282 1432 330 proclamatus
1450 279 1526 316 fuit
1545 291 1614 316 rex
1633 279 1893 315 Francorum.
1915 275 2018 333 Inter

1076 335 1144 372 hos
1182 335 1369 372 tumultus
1401 345 1464 370 res
1502 331 1800 369 ecclesiacticae
1838 332 2017 376 graviter

1076 399 1290 425 concussae
1309 392 1412 430 sunt;
1433 387 1470 422 in
1498 385 1693 421 nonnullis
1712 383 1806 420 locis
1832 381 2021 429 episcopi,

1076 443 1149 478 viri
1168 440 1425 479 ecclesiastici
1445 444 1485 476 et
1510 438 1683 485 religiosi
1702 448 1726 473 a
1743 435 1938 473 seditiosis
1954 445 2022 470 ve-

1076 497 1155 533 xati
1175 500 1279 532 sunt.
1298 495 1581 530 Verumtamen
1605 490 1870 540 tranquillitas
1888 493 1928 525 et
1946 487 2022 536 pri-

1076 562 1165 586 scus
1191 560 1325 586 rerum
1353 551 1478 584 status
1505 547 1576 582 sub
1594 545 1774 592 Philippo
1794 555 1889 590 rege
1917 543 1930 578 1
1957 553 2021 590 pe-

1077 604 1266 640 detentim
1279 601 1494 638 redierunt.
1511 599 1740 635 Postulante
1757 597 1895 633 eodem
1907 607 2019 643 rege,

1077 657 1295 704 Gregorius
1321 654 1391 701 Pp.
1419 653 1512 689 XVI
1543 652 1592 688 ad
1619 651 1822 698 religionis
1861 649 2021 686 catholi-

1078 722 1148 747 cae
1175 710 1360 746 decorem
1387 711 1428 744 et
1454 705 1777 755 propagationem
1799 703 1836 738 in
1856 702 2020 749 Algerio

1078 764 1249 811 (antiqua
1273 761 1460 797 Numidia
1487 765 1524 796 et
1543 757 1810 799 Mauritania),
1832 756 1910 792 iam
1929 754 2018 791 inde

1078 819 1126 855 ab
1149 829 1211 854 an.
1235 816 1326 853 1830
1346 815 1467 851 armis
1486 813 1689 850 Gallorum
1707 810 1874 853 subdito,
1892 809 2021 852 Bulla,

1077 872 1170 908 data
1196 871 1254 907 1v⁰
1282 869 1367 906 idus
1401 867 1557 915 augusti
1586 866 1691 908 1838,
1720 863 1872 900 creavit
1889 862 2023 899 sedem

1078 925 1343 973 episcopalem
1385 922 1746 959 Iuliae-Caesareae
1773 922 1782 960 (
1801 915 1970 964 Alget-ia
1987 920 1996 958 )
2015 943 2024 959 ‚

1079 991 1178 1028 quae
1197 983 1257 1016 est
1274 978 1447 1025 regionis
1464 976 1567 1012 illius
1578 975 1715 1010 cIvitas
1732 970 2024 1018 metropolis,—

1081 1038 1218 1081 postea
1244 1044 1267 1068 a
1292 1032 1364 1068 Pio
1392 1031 1461 1075 IX,
1480 1029 1629 1065 duabus
1646 1024 1909 1073 suffraganeis
1927 1023 2026 1060 Con-

1079 1087 1314 1123 stantinian.
1343 1090 1383 1122 et
1410 1085 1609 1126 Omnem,
1636 1092 1776 1119 recens
1802 1078 1961 1122 erectis,
1988 1076 2027 1114 in

1079 1141 1429 1188 metropolitanam
1454 1142 1648 1174 evectam.

1124 1195 1183 1230 47.
1198 1194 1249 1229 In
1265 1192 1497 1241 Belgio-In
1516 1190 1655 1237 Belgio
1673 1187 1904 1225 Guilielmus
1921 1198 1993 1223 rex
2011 1187 2025 1222 1

1079 1260 1157 1284 non
1184 1248 1299 1284 modo
1325 1246 1510 1283 violentis
1528 1243 1700 1281 decretis
1725 1242 1968 1278 subditorum
1988 1251 2027 1276 a·

1078 1302 1205 1339 nimos
1220 1301 1456 1339 offendebat.
1476 1299 1544 1336 sed
1571 1299 1696 1346 ipsam
1716 1296 1946 1344 religionem
1963 1305 2027 1330 ca-

1078 1356 1281 1400 tholicam,
1302 1356 1363 1392 cui
1378 1355 1527 1401 Belgae
1547 1351 1802 1389 addictissimi
1817 1354 1921 1393 sunt,
1937 1360 2026 1385 con-

1077 1410 1184 1446 tinuo
1211 1410 1440 1457 impetebat.
1469 1409 1583 1444 Anno
1610 1406 1702 1444 1825
1719 1433 1728 1449 ‚
1754 1404 1840 1440 vias
1867 1402 2023 1449 Iosephi

1077 1464 1330 1511 imperatoris
1355 1464 1386 1499 11
1413 1466 1593 1505 secutus,
1622 1458 1785 1496 Lovanii
1814 1458 1853 1493 in
1881 1455 2022 1493 eadem

1077 1518 1206 1562 domo,
1226 1518 1265 1553 in
1282 1529 1359 1565 qua
1384 1517 1449 1553 ille
1467 1516 1724 1552 seminarium
1743 1512 1948 1559 generale,
1967 1510 2024 1545 in-

1078 1572 1204 1608 stituit
1223 1572 1432 1619 collegium
1460 1568 1783 1617 philosophicum‚
1814 1563 2026 1612 prohibuit-

1078 1638 1165 1673 que,
1186 1638 1235 1662 ne
1262 1625 1325 1674 qui
1343 1626 1383 1661 in
1400 1623 1616 1661 seminaria
1633 1622 1869 1658 dioecesana
1887 1618 2027 1654 admit-

1078 1684 1277 1721 terentur,
1307 1679 1381 1715 nisi
1407 1679 1513 1726 prius
1547 1677 1661 1713 huius
1687 1674 1844 1721 collegii
1869 1672 2025 1709 scholas

1078 1735 1408 1781 frequentassent.
1429 1733 1539 1768 Haec
1559 1742 1624 1767 res
1650 1729 1865 1776 Belgarum
1893 1726 2027 1763 catho-

1077 1787 1243 1823 licorum
1261 1787 1443 1835 querelas
1470 1785 1591 1822 auxit.
1611 1783 1803 1830 Princeps
1822 1781 1869 1817 de
1890 1781 2026 1825 Mean,

1077 1841 1395 1887 archiepiscopus
1429 1837 1727 1876 Mechliniensis
1747 1865 1756 1881 ‚
1783 1840 1823 1872 et
1851 1838 2026 1871 caetera-

1079 1906 1163 1930 rum
1194 1894 1432 1930 dioeceseon
1462 1891 1663 1929 Ordinarii
1689 1888 2028 1938 expostulationes

1077 1960 1168 1985 suas
1187 1948 1272 1994 regi
1290 1948 1529 1984 obtulerunt.
1549 1945 1737 1982 Nonnulli
1763 1944 1883 1980 etiam
1909 1941 2027 1991 depu-

1076 2002 1147 2037 tati
1174 2003 1212 2037 in
1239 2002 1408 2038 statibus
1424 2001 1679 2048 generalibus
1698 1997 1917 2044 Religionis
1936 2007 2028 2032 cau-

1077 2066 1161 2092 sam
1179 2056 1304 2092 libera
1328 2066 1425 2092 voce
1450 2054 1726 2091 defenderunt.
1755 2051 1998 2088 Gubernium
2018 2079 2027 2094 ‚

1080 2115 1120 2145 ut
1147 2109 1486 2157 expostulantibus
1511 2109 1644 2145 fucum
1662 2109 1830 2150 faceret,
1849 2116 1914 2141 an.
1935 2105 2028 2142 1827

1077 2174 1167 2199 cum
1193 2165 1325 2200 Leone
1344 2163 1417 2211 Pp.
1435 2163 1508 2199 XII
1527 2161 1811 2198 concordatum
1830 2159 1928 2203 iniit,
1950 2170 2024 2206 quo

1078 2218 1285 2254 conventio
1313 2228 1376 2253 an.
1397 2217 1486 2255 1801
1514 2216 1619 2253 inter
1645 2215 1759 2252 Pium
1785 2214 1857 2250 VII
1884 2217 1924 2249 et
1949 2212 2026 2260 pri-

1078 2282 1183 2306 mum
1201 2271 1404 2307 Gallorum
1423 2271 1627 2307 consulem
1646 2270 1925 2314 confecta‚pro
1943 2277 2023 2301 om-

1078 2324 1189 2360 nibus
1205 2326 1317 2371 regni
1331 2324 1482 2371 Belgici
1500 2323 1714 2371 provinciis
1733 2320 2023 2363 assumebatur,

1078 2381 1226 2413 mutato
1254 2383 1386 2414 tamen
1419 2377 1586 2413 articulo
1611 2376 1722 2412 XVII
1749 2375 1797 2411 de
1822 2374 2026 2421 episcopo-

1078 2441 1164 2466 rum
1190 2431 1472 2474 nominatione;
1499 2432 1522 2466 5
1547 2429 1660 2466 sedes
1687 2427 1950 2475 episcopales,
1971 2426 2028 2461 ni-

1079 2484 1220 2519 mirum
1248 2483 1545 2520 Mechliniensis
1573 2481 1901 2529 metropolitana,
1928 2480 2026 2515 Leo-

1076 2536 1233 2579 diensis‚
1260 2536 1561 2580 Namurcensis,
1582 2534 1847 2571 Tornacensis
1865 2538 1904 2569 et
1921 2534 2026 2569 Gan-

1076 2590 1272 2635 davensis,
1299 2591 1654 2632 conservabantur,
1669 2594 1709 2625 et
1733 2589 1754 2625 3
1781 2598 1908 2624 novae
1926 2587 2024 2623 Bru-

1077 2645 1221 2691 gensis‚
1240 2644 1555 2680 Buscoducensis
1572 2647 1610 2678 et
1638 2641 2022 2678 Amstelodamensis

1076 2698 1326 2734 creabantur.
1344 2698 1493 2733 Verum
1514 2697 1730 2743 Belgarum
1746 2695 1898 2732 laetitia
1916 2707 1937 2732 e
1956 2706 2021 2741 pu-

1075 2751 1216 2787 blicato
1227 2751 1466 2787 concordato
1487 2755 1679 2797 concepta
1696 2750 1829 2786 brevis
1844 2749 1917 2785 fuit
1934 2760 2026 2796 pro-

1076 2810 1163 2852 pter
1182 2805 1327 2840 malam
1353 2804 1485 2847 fidem,
1513 2814 1588 2850 qua
1613 2803 1849 2850 gubernium
1874 2803 1913 2838 in
1933 2813 2024 2839 exe-

1076 2858 1237 2905 quendis
1263 2858 1509 2905 pactionibus
1534 2857 1730 2893 utebatur.
1751 2856 2021 2898 Quamobrem

1075 2913 1238 2959 Belgae,
1250 2910 1526 2958 gravaminum
1543 2915 1626 2947 tum
1641 2910 1918 2957 temporalium
1938 2915 2020 2945 tum

1075 2965 1350 3011 religiosorum
1379 2964 1563 3010 pertaesi,
1583 2975 1647 3000 an.
1676 2964 1769 3001 1830
1794 2963 1929 3010 iugum
1947 2963 2022 2997 Ba-

1075 3019 1246 3055 tavicum
1281 3022 1570 3061 excusserunt,
1598 3029 1739 3054 novam
1778 3016 2020 3053 constitutio-

1075 3083 1164 3108 nem
1191 3070 1262 3106 sibi
1295 3071 1580 3114 confecerunt,
1607 3075 1648 3107 et
1673 3071 1712 3107 in
1739 3072 1906 3118 primum
1934 3069 2021 3105 Bel-

1075 3136 1216 3172 garum
1246 3135 1381 3170 regem
1409 3124 1615 3171 elegerunt
1640 3124 1895 3172 Leopoldum‚
1914 3122 2019 3169 prin-

1075 3180 1201 3226 cipem
1220 3177 1650 3225 Saxo-'Coburgensem
1671 3179 1736 3214 Sic
1753 3177 1984 3213 Guilielmus
2004 3177 2017 3212 1

1075 3231 1298 3280 provincias
1336 3230 1617 3268 meridionales
1650 3231 1793 3268 amisit.
1832 3229 2016 3272 Quinimo
