2241 3473
200 114 282 157 286

147 201 187 235 et
211 198 308 235 artis
333 195 510 233 medicae
538 192 669 242 periti,
698 192 937 228 familiarem
964 190 1014 227 ad
1032 201 1098 227 au-

147 252 227 288 lam
243 261 443 288 accessum
460 246 981 284 nactisunt.Verumtamen
995 256 1098 281 anno

148 305 238 343 1748
269 316 340 341 rex
371 303 533 350 eiusque
568 299 738 336 ministri
765 310 932 347 pravam
959 302 1100 336 contra

145 359 375 396 fidelitatem
403 354 718 395 Christianorum
751 353 1016 401 suspicionem
1035 354 1100 389 ad-

146 412 352 455 miserunt,
379 413 419 446 et
446 407 763 455 persecutionem
790 412 930 443 contra
949 418 1018 444 eos
1035 418 1099 443 ex-

146 466 331 508 citarunt,
360 463 399 499 in
426 473 503 510 qua
529 461 768 498 missionarii
795 461 964 509 relegati
983 465 1023 498 et
1040 472 1100 497 ec-

146 518 290 556 clesiae
317 517 542 554 destructae
569 518 674 551 sunt.
703 515 943 553 Perduravit
971 526 1101 562 perse-

147 573 250 610 cutio
265 582 386 619 usque
401 570 449 607 ad
464 581 556 607 ann.
576 570 681 614 1774,
697 581 771 618 quo
784 569 1102 614 rex,mitioribus

148 637 246 674 erga
271 625 520 663 Christianos
551 623 724 660 consiliis
743 623 959 672 conceptis,
980 622 1103 660 servi-

147 680 218 717 tuti
245 683 313 716 aut
339 678 561 727 captivitati
583 677 830 725 mancipatos
849 677 1024 714 libertati
1042 688 1102 713 re-

145 734 284 778 stituit,
301 733 435 780 eisque
451 732 616 768 liberum
632 731 856 779 Religionis
867 731 1102 769 exercitium

147 787 357 832 concessit3
386 797 460 834 quo
487 785 608 831 facto,
635 786 680 823 30
705 786 873 823 Iesuitae
894 787 932 822 in
949 785 1024 822 hoc
1044 796 1104 822 re-

147 853 268 889 gnum
306 843 504 877 venerunt
535 844 576 877 et
613 839 876 888 Evangelium
911 849 1103 888 prospero

146 907 234 932 cum
261 905 450 932 successu
477 898 765 942 propagarunt.

194 950 237 986 ln
263 960 389 996 regno
417 947 617 985 Siamensi
644 948 1039 993 extranei,Lusitani
1065 951 1106 984 et

146 1003 506 1043 Cochinchinenses
525 1002 763 1050 religionem
784 1003 1042 1040 christianam
1062 1002 1105 1038 li-

147 1058 243 1096 bere
259 1056 736 1106 profitebantur.1bidem‚
753 1061 796 1094 ut
814 1068 934 1105 supra
960 1056 1106 1093 dictum

145 1116 220 1157 est,
247 1112 401 1149 Vicarii
425 1111 633 1160 apostolici
650 1111 908 1148 seminarium
930 1114 970 1148 et
991 1110 1108 1148 colle-

147 1166 255 1215 gium
273 1170 492 1204 erexerunt
509 1166 558 1203 ad
576 1165 828 1203 formandum
845 1167 995 1203 clerum
1012 1164 1105 1201 indi-

148 1232 292 1269 genam
313 1233 383 1270 pro
402 1220 551 1265 Siamo‚
573 1220 782 1269 Tongkino
810 1224 850 1258 et
875 1218 1106 1259 Cochinchi-

147 1278 239 1312 nal.
267 1275 308 1312 In
337 1275 616 1312 convertendis
634 1286 729 1312 vero
749 1274 943 1323 indigenis
961 1284 1110 1320 magna

147 1329 409 1366 missionariis
435 1340 531 1377 opus
558 1333 647 1367 erat
674 1329 900 1377 prudentia,
928 1340 1045 1376 quum
1070 1327 1105 1363 id

146 1394 226 1420 non
251 1384 374 1421 semel
394 1382 533 1420 edictis
551 1383 673 1432 regiis
693 1383 833 1420 fuisset
852 1382 1104 1431 prohibitum.

147 1436 243 1474 Post
260 1448 405 1474 annum
426 1441 559 1474 autem
579 1437 874 1487 sexagesimum
891 1436 1006 1472 huius
1021 1446 1105 1472 sae-

147 1491 224 1528 culi
257 1492 415 1539 Religio
447 1491 589 1529 ibidem
622 1491 724 1528 haud
757 1491 944 1539 exiguum
971 1489 1107 1527 decre—

148 1549 323 1582 mentum
350 1546 468 1583 subiit
495 1558 566 1594 per
592 1546 832 1582 Birmannos
859 1545 1106 1592 Peguenses,

147 1599 211 1648 qui
244 1599 422 1637 Siamum
455 1600 615 1648 saepius
641 1600 901 1643 invaserunt,
929 1599 1014 1636 dire
1041 1609 1109 1634 va-

148 1657 306 1690 starunt
332 1665 596 1702 magnamque
623 1655 708 1691 eius
735 1658 892 1703 partem
919 1653 993 1689 sibi
1018 1652 1110 1689 sub-

147 1707 346 1745 iecerunt.
389 1709 698 1756 Tranquillitate
730 1708 912 1744 restituta
931 1736 940 1752 ‚
967 1706 1109 1754 religio

151 1760 370 1799 christiana
396 1763 587 1810 paulatim
615 1762 808 1806 refloruit;
835 1773 920 1806 rex,
939 1761 1003 1809 qui
1023 1764 1111 1809 post

149 1816 454 1861 revolutionem,
481 1827 544 1853 an.
576 1816 668 1854 1780
695 1816 894 1860 effectam,
923 1816 1107 1851 thronum

150 1870 395 1915 conscendit,
416 1872 453 1908 ei
474 1871 586 1915 favit,
608 1871 837 1918 episcopum
857 1871 895 1906 in
915 1873 1110 1916 metropo-

152 1922 220 1959 lim
234 1925 407 1968 vocavit,
425 1929 464 1962 et
480 1924 741 1962 missionariis
753 1924 984 1961 facultatem
996 1934 1108 1972 prae-

151 1976 306 2014 dicandi
332 1979 474 2027 ubique
503 1979 767 2027 Evangelium
795 1978 916 2016 dedit.

201 2032 242 2068 In
270 2033 432 2081 Iaponia
457 2045 611 2070 summa
635 2045 724 2070 cum
743 2033 958 2070 severitate
979 2032 1108 2069 exclu-

151 2084 349 2124 debantur
375 2091 414 2124 et
440 2089 730 2125 amovebantur
756 2087 904 2131 omnia,
930 2097 1028 2135 quae
1048 2087 1111 2123 vel

155 2139 360 2177 minimum
395 2141 600 2188 religionis
632 2141 870 2178 christianae
898 2140 1110 2188 vestigium

154 2193 386 2242 prodebant.
416 2196 458 2231 In
486 2195 622 2232 insulis
641 2195 887 2243 Pliilippinis,
907 2205 1003 2243 quas
1021 2194 1110 2232 inde

158 2248 206 2284 ab
233 2259 335 2285 anno
364 2249 454 2287 1564
479 2253 726 2297 occuparunt
753 2249 942 2297 Hispani,
970 2249 1110 2297 religio

160 2302 356 2340 catholica
373 2303 667 2348 dominabatur;
685 2304 880 2340 ccclesiae
899 2303 1042 2340 ibidem
1063 2315 1112 2347 ex

157 2356 458 2405 archiepiscopo
476 2386 485 2402 ,
515 2358 579 2405 qui
613 2357 777 2395 sedebat
804 2357 978 2394 Manilae
996 2387 1005 2402 ,
1033 2357 1112 2405 epi-

159 2410 288 2459 scopis
313 2414 355 2449 et
381 2412 531 2459 reliquo
558 2411 681 2456 clero,
709 2411 871 2458 perinde
900 2422 946 2447 ac
975 2412 1013 2447 in
1038 2412 1114 2447 Eu-

154 2475 265 2513 ropa.
294 2465 488 2503 formatae
516 2469 644 2511 erant;
666 2465 930 2510 Dominicani,
950 2465 1112 2501 Franci-

156 2519 264 2556 scani
283 2549 291 2564 ‚
318 2520 622 2568 Augustiniani‚
650 2520 915 2563 Carmelitae,
943 2519 1112 2555 Iesuitae

157 2572 233 2609 illic
267 2573 466 2611 domicilia
497 2586 568 2612 seu
601 2573 846 2610 monasteria
873 2573 1112 2611 excitarant.

159 2625 199 2662 In
228 2626 366 2665 insulis
386 2628 580 2665 Marianis
607 2629 656 2665 ab
682 2639 786 2664 anno
816 2627 907 2664 1665
924 2656 932 2671 ,
959 2639 1032 2674 quo
1061 2627 1116 2664 Ic·

156 2680 282 2717 suitae
315 2681 353 2717 in
389 2692 458 2719 eas
490 2683 538 2719 ab
567 2681 756 2730 Hispanis
782 2680 968 2718 destinati
996 2685 1113 2726 sunt,

157 2733 419 2782 Evangelium
455 2737 532 2774 late
559 2740 821 2784 propagatum
852 2739 911 2771 est
938 2739 979 2771 et
1005 2734 1117 2772 Chri-

157 2788 376 2826 stianorum
405 2803 594 2828 numerus
620 2791 807 2828 continuo
826 2793 977 2826 auctus.
1001 2789 1041 2824 In
1062 2789 1115 2824 in-

158 2843 283 2879 sulam
319 2844 549 2882 Formosam
570 2845 838 2888 Dominicani,
857 2843 1116 2880 Franciscani

160 2895 301 2944 aliique
329 2899 590 2936 ecclesiastici
618 2899 693 2935 viri
720 2898 857 2935 Fidem
885 2897 1116 2942 intuleram

159 2950 227 2986 sed
259 2950 398 2989 deinde
429 2953 675 2990 Batavorum
706 2953 745 2988 in
772 2949 1002 2991 'Catholicos
1028 2951 1116 2987 odio

162 3001 301 3040 horum
329 3017 396 3042 res
423 3006 656 3044 imminutae
678 3017 724 3043 ac
745 3018 843 3054 penc
864 3006 1018 3042 deletae
1039 3005 1116 3042 sue-

164 3062 269 3093 runt.
292 3058 331 3094 In
349 3059 484 3097 insulis
498 3072 594 3097 vero
612 3061 718 3103 lava,
737 3060 910 3104 Malaca,
927 3060 1116 3109 Ceylano,

168 3110 365 3158 Maldibis,
384 3114 577 3152 Moluccis
596 3115 775 3163 aliisque,
797 3115 832 3151 in
853 3115 992 3163 quibus
1012 3114 1118 3162 prius

216 3226 312 3261 1vm.
333 3238 364 3271 p.
385 3228 464 3262 230.

664 147 670 152 .
707 123 875 152 EPOCHA
895 124 973 152 X11.
996 124 1023 150 A
1045 124 1212 153 LlTles
1234 122 1543 153 IANSENISTICIS

1150 191 1315 238 Hispani
1345 194 1385 227 et
1411 191 1605 235 Lusitani,
1631 190 1771 229 deinde
1797 189 1940 228 Batavi
1964 192 2006 227 et
2028 189 2108 226 An-

1150 244 1204 291 gli
1229 244 1421 281 dominati
1451 248 1558 288 sunt,
1576 245 1736 282 saeculo
1758 246 1851 282 XVI
1871 242 2109 281 missionarii

1151 298 1349 343 catholici,
1370 299 1667 347 protegentibus
1685 310 1754 336 eos
1778 299 1968 348 Hispanis
1981 301 2022 336 et
2035 298 2110 334 Lu·

1151 352 1314 397 sitanis,
1349 353 1467 400 longe
1495 353 1650 401 lateque
1679 354 1939 400 Evangelium
1965 361 2105 400 propa-

1153 410 1310 453 garant;
1337 406 1407 444 sed
1433 418 1482 444 ex
1509 418 1583 455 quo
1612 411 1792 454 tempore
1819 407 1859 443 in
1883 407 1957 444 illis
1974 405 2111 442 insulis

1152 459 1369 497 dominium
1396 461 1506 497 nacti
1532 465 1624 498 sunt
1649 461 1790 498 Batavi
1815 464 1857 498 et
1881 461 2014 509 Angli,
2044 470 2112 496 res

1155 514 1375 552 catholicae
1401 514 1547 551 ibidem
1573 515 1838 559 declinarunt,
1861 518 1901 551 et
1918 515 1960 550 in
1976 513 2112 551 multis

1154 567 1404 606 interierunt.
1425 569 1537 605 Tunc
1553 570 1658 606 enim
1675 581 1753 605 non
1767 569 1893 605 solum
1908 567 2113 605 obstacula

1155 622 1372 660 multifaria
1406 624 1610 661 catholicis
1643 622 1894 660 missionibus
1919 621 2112 659 suscitata

1154 680 1261 721 sunt,
1274 677 1342 714 sed
1361 678 1571 714 acatholici
1590 678 1714 715 etiam
1733 676 1902 713 ministri
1916 675 2114 712 insulares

1155 729 1203 766 ad
1219 742 1291 767 sua
1305 742 1420 768 sacra
1435 732 1671 779 pertrahere
1682 731 1931 775 studuerunt,
1942 739 2114 776 eumque

1157 784 1197 820 in
1222 785 1342 822 finem
1372 786 1500 823 Biblia
1525 798 1598 823 sua
1615 815 1624 831 ,
1653 785 1915 823 catechismos
1941 783 2115 831 aliosque

1159 838 1281 875 libros
1308 840 1539 888 religiosos,
1567 841 1606 877 in
1634 841 1790 888 linguas
1815 839 2002 876 asiaticas
2026 848 2116 875 ver-

1157 905 1234 939 sos,
1262 895 1368 932 inter
1394 896 1481 933 illos
1506 895 1775 944 divulgarunt,
1800 893 1956 932 scholas
1981 892 2031 929 ad
2056 891 2116 928 in-

1157 949 1368 986 struendos
1402 950 1590 998 parvulos
1609 979 1617 995 ,
1650 953 1690 987 et
1722 947 1937 986 seminaria
1961 947 2011 984 ad
2037 945 2114 982 for-

1159 1003 1324 1041 mandos
1346 1005 1648 1041 concionatores
1667 999 2115 1041 instituerunt.Eosdem

1160 1059 1434 1096 conversionis
1459 1059 1597 1096 modos
1615 1058 1785 1096 ministri
1807 1055 2016 1096 acatholici
2035 1058 2117 1092 ten-

1161 1115 1295 1150 tarunt
1319 1113 1356 1150 in
1377 1114 1494 1151 terris
1513 1114 1647 1151 Indiae
1667 1113 1895 1158 anterioris,
1912 1112 2115 1149 Danorum

1161 1170 1202 1203 et
1228 1168 1449 1215 Anglorum
1477 1168 1651 1206 dominio
1677 1167 1866 1206 subiectis
1884 1170 1911 1202 1.

1205 1222 1264 1259 58.
1300 1222 1522 1270 Religionis
1554 1225 1681 1260 status
1719 1223 1760 1259 in
1800 1221 2049 1260 America-
2072 1220 2116 1257 In

1161 1275 1350 1313 America
1364 1288 1530 1325 prosper
1546 1277 1806 1314 ecclesiarum
1823 1287 1871 1313 ac
1883 1275 2114 1313 missionum

1161 1332 1287 1365 status
1307 1329 1550 1377 perdurabat
1566 1333 1595 1364 2.
1613 1331 1655 1366 In
1673 1330 1863 1367 America
1879 1328 2116 1378 septentrio-

1160 1382 1239 1418 nali
1268 1384 1407 1431 religio
1434 1385 1630 1422 catholica
1656 1384 1932 1421 dominabatur
1956 1385 1996 1420 in
2015 1382 2118 1419 colo·

1161 1437 1247 1481 niis,
1276 1449 1373 1485 quas
1400 1438 1479 1475 illic
1498 1439 1663 1487 Hispani
1681 1443 1723 1476 et
1740 1439 1843 1476 Galli
1861 1439 2116 1476 creaverant.

1161 1489 1303 1528 Plures
1331 1495 1544 1539 praeterea
1569 1493 1674 1530 inter
1699 1493 1806 1540 ipsos
1830 1492 2036 1540 indigenas
2061 1490 2118 1526 in·

1161 1544 1324 1582 stitutae
1343 1546 1504 1583 fuerunt
1521 1558 1545 1583 a
1563 1546 1760 1594 religiosis
1777 1547 1875 1584 viris
1893 1546 2117 1588 missiones,

1162 1597 1267 1636 inter
1281 1611 1378 1647 quas
1393 1601 1563 1638 celebris
1577 1605 1667 1638 erat
1681 1600 1993 1639 Californiensis-
2003 1599 2119 1635 Hanc

1161 1663 1264 1689 anno
1297 1653 1388 1691 1697
1413 1654 1653 1703 inceperunt
1677 1655 1860 1700 Iesuitae‚
1888 1655 1952 1702 qui
1979 1652 2028 1690 ad
2054 1663 2119 1700 pe-

1164 1707 1343 1744 ninsulae
1370 1708 1483 1746 huius
1510 1710 1675 1758 populos
1701 1709 1776 1745 huc
1806 1708 1899 1745 illuc
1916 1707 2121 1756 dispersos

1163 1765 1204 1797 et
1237 1761 1322 1799 sine
1347 1762 1434 1800 fixis
1460 1763 1618 1800 sedibus
1643 1766 1863 1811 vagantes,
1887 1760 2093 1810 progressi
2109 1787 2118 1804 ‚

1162 1814 1331 1863 impigro
1357 1818 1491 1854 labore
1519 1821 1560 1855 et
1585 1829 1662 1854 non
1690 1818 1838 1865 absque
1865 1815 1999 1852 multis
2018 1813 2121 1863 peri-

1163 1870 1260 1906 culis
1286 1882 1355 1908 eos
1383 1871 1432 1908 ad
1460 1872 1718 1909 christianam
1736 1870 1972 1919 religionem
1990 1867 2121 1906 simul-

1162 1935 1235 1971 que
1262 1925 1311 1962 ad
1338 1927 1461 1963 vitam
1488 1926 1655 1963 civicam
1681 1926 1932 1963 adduxerunt
1957 1934 2004 1961 eo
2028 1933 2119 1961 cum

1161 1989 1360 2025 successu,
1387 1986 1432 2018 ut
1457 1992 1561 2018 anno
1592 1981 1683 2018 1745
1706 1980 1917 2028 indigenae
1936 1976 2120 2015 conversi

1161 2033 1207 2070 53
1234 2034 1486 2073 reductiones
1512 2047 1582 2073 seu
1609 2046 1735 2084 pagos
1762 2034 1980 2072 efficerent-

1211 2087 1381 2126 Praeter
1408 2090 1608 2138 Hispanos
1633 2094 1673 2127 et
1690 2088 1838 2132 Gallos,
1858 2087 1980 2124 etiam
1998 2083 2119 2132 Angli

1164 2142 1250 2180 inde
1277 2154 1301 2180 a
1327 2145 1488 2180 saeculo
1516 2142 1771 2192 praecedenti
1791 2141 1967 2178 colonias
1985 2140 2121 2189 plures

1166 2197 1203 2233 in
1236 2199 1427 2235 America
1452 2196 1757 2246 septentrionali
1784 2194 2070 2238 condiderunt,
2097 2204 2122 2230 a

1165 2252 1302 2299 quibus
1329 2252 1542 2289 hodiernae
1561 2251 1788 2300 provinciae
1810 2248 2121 2287 confoederatae

1162 2317 1233 2342 seu
1247 2306 1520 2343 Status-Unici
1535 2306 1731 2354 originem
1743 2303 2032 2341 ducunt.Tales
2040 2302 2121 2340 fue-

1163 2364 1256 2396 runt
1281 2360 1465 2407 Virginia
1481 2388 1489 2404 ‚
1518 2360 1799 2407 Nova-Anglia
1816 2387 1825 2402 ,
1854 2356 2119 2402 Mai-ilandia,

1163 2413 1563 2450 Novum—Eboracum
1577 2443 1585 2458 ,
1613 2412 1868 2450 Pensilvania
1884 2439 1893 2456 ‚
1918 2409 2121 2455 Carolina,

1165 2467 1280 2504 aliae.
1309 2468 1395 2504 Hae
1423 2469 1603 2506 coloniae
1630 2468 1865 2505 coaluerunt
1890 2477 1939 2503 ex
1965 2464 2120 2512 Anglis,

1165 2522 1329 2558 Batavis
1346 2526 1386 2559 et
1407 2523 1632 2568 Germanis,
1646 2522 1820 2559 maxima
1835 2524 1948 2569 parte
1963 2519 2124 2557 acatho-

1167 2576 1262 2612 licis.
1281 2576 1472 2621 Ministri,
1488 2577 1553 2625 qui
1568 2577 1696 2614 sacris
1711 2577 1751 2613 in
1766 2576 1826 2612 his
1837 2573 2000 2611 coloniis
2011 2584 2124 2622 prae-

1166 2635 1294 2676 erant,
1322 2632 1559 2679 praesertim
1582 2629 1894 2669 herrenhuthani
1911 2633 1953 2666 et
1969 2627 2121 2666 metho-

1166 2684 1304 2729 distae‚
1323 2685 1444 2722 etiam
1462 2685 1667 2734 indigenas
1683 2685 1730 2722 ad
1744 2688 1998 2733 praetensam
2009 2692 2122 2720 suam

1168 2739 1495 2776 reformationem
1539 2744 1774 2778 convertere
1817 2737 2041 2777 studebant.
2081 2735 2123 2772 ln

1215 2866 1223 2887 ¹
1254 2864 1383 2897 Letlres
1417 2864 1597 2909 e'difianles
1616 2869 1648 2900 et
1665 2866 1852 2906 curienses;
1873 2865 2050 2901 Nouvelles
2065 2866 2123 2902 des

1170 2911 1329 2943 missions
1355 2913 1554 2952 orientalem
1582 2913 1735 2955 Ausziiqe
1754 2923 1817 2945 aus
1837 2911 2124 2959 Oriyinalbriesen

1169 2966 1232 2989 von
1259 2957 1324 2989 (len
1353 2959 1597 3001 apostolischen
1625 2959 1779 2993 Vicarien
1798 2960 1869 2993 und
1885 2960 2123 2994 Missionaroen

1169 3003 1203 3034 in
1234 3002 1358 3043 China,
1389 3005 1527 3044 Tonkin,
1558 3004 1785 3039 Cochinchina
1811 3011 1874 3040 ele.
1902 3005 2122 3047 Wien18113

1171 3048 1349 3082 [telamone
1368 3049 1420 3083 del
1434 3051 1603 3094 principio
1621 3061 1637 3084 e
1656 3054 1744 3085 stato
1758 3055 1914 3093 presente
1932 3051 2020 3084 della
2040 3052 2126 3085 mis-

1170 3093 1262 3127 sione
1291 3095 1344 3128 del
1362 3099 1456 3129 vaslo
1475 3107 1578 3139 rayno
1604 3097 1657 3131 del
1681 3098 1784 3136 Tibet,
1805 3097 1904 3131 Roma
1923 3097 2024 3137 1749&
2040 3098 2124 3131 Pau-

1171 3140 1257 3218 litnns
1293 3150 1310 3173 a
1343 3152 1371 3175 s.
1400 3143 1671 3187 Barlliolomaco,
1703 3142 1798 3176 India
1832 3143 2008 3178 orientalis
2034 3144 2123 3178 chri-

1169 3197 1182 3215 s
1203 3196 1295 3221 lana.

1212 3234 1225 3253 ι’
1249 3233 1470 3276 vi‹1.p.208.
