2241 3473
443 134 581 164 vSQVE
602 135 657 162 AD
679 135 892 163 PVBLchM
915 135 1063 163 RERVM
1086 137 1128 164 ΙΝ
1149 134 1317 163 GALLHS
1338 133 1661 162 SVBVERSIONEM

75 204 473 247 communicavit;sed
488 215 603 251 quum
624 203 796 251 plerique
816 203 952 239 horum
973 213 1021 239 ca

75 262 204 296 minus
220 263 422 301 curarent,
442 258 597 294 illorum
618 257 888 293 conventicula
908 258 945 292 in
963 268 1019 293 re—

75 313 192 361 liquis
220 311 456 348 Germaniae
484 311 601 348 terris
628 322 704 346 non
731 311 854 346 solum
882 310 1019 359 perdu-

74 370 227 407 rarunt.
254 365 322 402 sed
348 365 488 402 exinde
518 377 618 401 nova
645 365 891 401 incrementa
909 376 1021 412 cepe-

73 423 180 463 runt,
206 419 375 455 maxime
404 420 577 455 Berolini
604 424 644 455 et
670 419 708 454 in
727 418 942 454 Germania
959 429 1020 453 oc-

73 472 267 509 cidentali.
297 475 410 508 Anno
440 473 530 510 1786
550 472 758 508 illuminati
779 472 932 518 legatos
952 472 1019 506 mi-

72 529 212 563 serunt
237 525 412 562 Parisios
429 555 437 569 ‚
463 535 504 562 ut
529 526 739 562 societates
764 525 935 560 Gallicas
961 525 1019 560 Li-

74 578 257 615 berorum
285 580 535 616 Muratorum
563 579 611 615 ad
641 589 712 615 sua
746 579 909 614 consilia
936 590 1020 625 per-

75 632 290 670 traherent.
329 633 368 668 ld
404 644 450 670 eo
485 633 596 669 citius
622 632 805 668 eflectum
832 636 917 673 est,
947 642 1020 678 quo

74 686 164 723 illae
192 687 268 722 iam
298 692 378 722 tum
398 698 468 734 per
485 686 711 723 incredulos
732 685 940 732 sophistas,
958 685 1021 732 qni

75 739 116 775 in
142 751 211 776 eas
237 740 396 777 admissi
424 746 552 783 erant,
580 746 660 776 tum
683 750 752 786 per
771 743 1021 775 caeterorum

75 794 224 841 scripta
250 795 288 830 in
315 795 452 831 eadem
479 794 640 830 consilia
663 793 953 829 descenderint.
981 793 1022 828 In

74 847 204 884 Gallia
230 849 443 884 societates
468 849 644 884 occultae
664 847 717 883 ita
735 852 875 883 auctae
894 852 1023 889 erant,

74 907 117 938 ut
134 912 238 938 anno
254 902 345 939 1787
360 902 524 938 Parisiis
543 902 645 938 ultra
664 901 730 938 100
750 906 789 936 et
810 901 848 935 in
868 901 1024 948 provin-

76 955 146 991 ciis
171 955 240 991 247
267 956 540 992 conventicula
561 955 668 1002 (gall.
690 954 806 1001 loyes)
826 959 1024 1002 computa-

76 1013 230 1052 rentur,
261 1020 426 1056 quorum
454 1010 632 1056 regimen
657 1007 758 1055 apud
786 1019 904 1044 unum
933 1009 1024 1044 resi-

75 1061 193 1098 debat
215 1091 224 1107 ,
251 1073 274 1099 a
302 1073 376 1110 quo
403 1063 526 1098 ceteri
553 1062 826 1108 impulsionem
857 1061 1023 1109 accipie-

77 1115 170 1152 bant
195 1115 244 1152 ad
271 1115 592 1163 praeparandam
619 1126 753 1151 rerum
783 1115 1024 1161 publicarum

75 1169 390 1206 subversionem.

123 1222 166 1258 In
192 1227 250 1259 tot
275 1222 439 1259 diversis
465 1222 666 1269 religionis
688 1221 926 1258 christianae
961 1233 1024 1269 pe-

76 1276 209 1313 riculis
226 1275 439 1313 Pontifices
457 1281 497 1312 et
515 1276 687 1323 episcopi
707 1276 936 1311 commissos
952 1276 1024 1311 sibi

76 1331 240 1378 populos
269 1342 434 1367 monere
460 1341 538 1366 non
564 1330 809 1373 omiserunt,
837 1336 880 1365 ut
905 1330 975 1365 sibi
1002 1340 1025 1365 a

75 1383 253 1431 legendis
279 1384 570 1420 incredulorum
588 1383 714 1427 libris,
734 1395 758 1419 a
774 1383 1024 1430 frequentan-

75 1436 133 1473 dis
159 1449 298 1474 eorum
322 1438 530 1474 consortiis
553 1444 592 1473 et
610 1437 866 1484 suscipiendis
884 1437 1025 1473 doctri-

76 1491 136 1527 nis
166 1496 378 1535 caverent;
410 1492 448 1527 in
474 1491 698 1538 profitenda
730 1490 805 1527 fide
833 1491 1026 1527 catholica

75 1550 116 1581 et
135 1545 416 1582 conservandis
438 1545 640 1591 religionis
661 1544 900 1581 christianae
916 1555 1026 1591 prae-

77 1600 202 1646 ceptis
219 1604 449 1635 constanter
468 1603 788 1646 perseverarent.
808 1599 914 1634 lnter
929 1599 1027 1634 alios

77 1653 275 1690 antistites
295 1653 596 1697 de-Beaumont,
617 1652 936 1699 archiepiscopus
955 1652 1027 1688 Pa-

78 1706 254 1743 risiensis
272 1735 280 1751 ,
307 1712 348 1743 et
371 1707 577 1743 de-Fumel
592 1735 600 1750 ,
627 1706 834 1753 episcopus
858 1707 1024 1742 Luteva-

80 1771 189 1797 nens.
220 1761 500 1798 instructiones
527 1761 748 1808 pastorales
781 1759 1029 1796 doctissimas

78 1825 150 1862 pro
176 1814 404 1852 defensione
431 1815 649 1862 Religionis
676 1819 816 1850 contra
835 1815 1026 1861 sophista-

77 1879 164 1904 rum
180 1875 220 1906 et
235 1869 525 1905 incredulorum
541 1869 670 1905 studia
683 1868 1024 1904 edideruntMulti

79 1922 201 1959 etiam
229 1924 489 1970 apologistae,
515 1923 670 1969 scriptis
689 1922 924 1958 doctissimis
944 1922 1031 1958 reli-

81 1976 240 2023 gionem
268 1976 522 2013 christianam
551 1977 708 2023 eiusque
738 1975 952 2021 dogmata,
978 1975 1030 2010 di-

80 2029 302 2077 sciplinam,
314 2030 533 2074 historiam,
545 2030 746 2066 ministros
764 2029 1028 2072 vindicarunt,

80 2082 329 2120 adversarios
347 2083 584 2127 incredulos,
612 2094 825 2130 eorumque
853 2083 1030 2125 consilia,

80 2137 318 2181 sententias,
343 2137 585 2185 sophismata
602 2165 610 2181 ,
643 2137 823 2173 convicia
855 2137 1031 2183 exagita-

81 2195 171 2226 runt
197 2195 237 2227 et
263 2191 528 2228 confutarunt.

126 2244 186 2281 66-
213 2244 391 2281 Clemens
416 2244 539 2288 XIV,
567 2244 760 2291 Pontifex
782 2244 1028 2287 (cen-1769)-

84 2295 179 2333 Post
193 2302 361 2334 mortem
376 2298 589 2338 Clementis
605 2298 673 2344 Pp.
691 2298 780 2333 XIII
797 2297 1031 2335 cardinales

82 2349 130 2387 ad
164 2350 388 2397 eligendum
414 2362 559 2387 novum
585 2351 819 2387 Pontificem
848 2351 912 2386 vix
941 2361 1027 2385 con-

82 2403 191 2439 clave
222 2403 390 2450 ingressi
421 2404 457 2439 in
492 2405 588 2440 duas
614 2409 748 2452 partes
774 2405 885 2440 scissi
912 2409 1029 2440 sunt:

83 2455 169 2492 aliis
194 2457 414 2493 volentibus
440 2457 695 2501 Pontificem,
722 2459 784 2505 qui
813 2459 1031 2495 Clementis

84 2511 250 2557 vestigia
273 2515 432 2547 secutus
458 2515 498 2547 et
523 2511 577 2546 nil
605 2513 754 2547 veritus
781 2511 1028 2558 iniquitatem

83 2564 322 2611 potentium,
354 2564 557 2600 Ecclesiae
585 2565 853 2612 gubernacula
880 2576 949 2611 per
976 2565 1028 2599 in-

84 2618 320 2665 compositos
347 2622 618 2665 tumentesque
637 2619 779 2655 fluctus
798 2629 917 2654 manu
936 2617 1030 2652 forti

84 2670 288 2718 dirigeret:
316 2671 401 2707 aliis
427 2678 562 2707 contra
589 2672 809 2719 eligendum
837 2672 1032 2708 censenti*

85 2724 174 2767 bus,
201 2725 278 2772 qui,
307 2724 525 2761 cunctando
553 2730 592 2761 et
617 2730 803 2772 quantum
830 2725 917 2761 fieri
946 2736 1030 2772 pos-

84 2783 146 2814 set
179 2778 351 2814 cedendo
369 2807 378 2822 ‚
410 2778 632 2815 simultates
657 2784 915 2826 componeret
943 2789 1028 2813 con-

84 2831 335 2878 cordiamque
368 2831 612 2868 restitueret.
639 2832 766 2867 Etiam
796 2831 908 2867 aulae
934 2831 1029 2865 Bor-

83 2883 249 2921 bonicae
275 2885 407 2920 omnia
433 2884 536 2931 apud
561 2885 794 2921 Cardinales
813 2889 1028 2927 tentarunt,

82 2942 126 2974 ut
151 2937 384 2974 Pontificem
403 2938 481 2974 suis
500 2938 717 2982 conatibus,
738 2938 971 2986 praesertim
991 2939 1029 2973 in

83 2989 322 3028 destruenda
347 2991 544 3027 Societate
571 2991 672 3032 Iesu,
693 2992 893 3027 faventem
914 2991 1030 3037 elige-

84 3050 185 3081 rent.
212 3045 389 3081 Tandem
417 3045 502 3080 X1v⁰
535 3044 720 3080 calendas
743 3045 834 3080 iunii
855 3055 916 3080 an.
942 3045 1031 3082 1769

85 3097 235 3134 electus
261 3098 333 3134 fuit
359 3097 474 3136 Card.
508 3099 746 3134 Laurentius
778 3099 1027 3145 Ganganelli,

86 3151 467 3195 Ariminensis,Ord.
479 3152 679 3187 Minorum
689 3152 1030 3197 Conventualium,

88 3203 151 3251 qui
176 3216 319 3243 nomen
346 3205 561 3243 Clementis
587 3205 679 3241 XIV
707 3206 929 3253 assumpsit.

302 3267 568 3318 wovrflas,
599 3267 652 3307 11.

1885 120 1965 160 297

1122 204 1192 239 Hic
1220 202 1400 239 Pontifex
1426 204 1464 238 in
1494 202 1630 250 primis
1648 201 1896 238 adlaboravit
1913 212 2017 237 com-

1074 258 1261 305 ponendis
1280 257 1498 299 discordiis,
1515 257 1616 293 inter
1631 257 1849 292 Romanam
1865 255 2018 292 curiam

1071 316 1111 348 et
1139 312 1379 348 Borbonicas
1407 311 1519 346 aulas
1546 310 1706 347 exortis.
1734 309 1932 346 Nuncium
1950 309 2022 344 mi-

1071 366 1121 402 sit
1148 367 1185 402 in
1213 365 1472 407 Lusitaniam,
1501 369 1540 400 et
1566 365 1613 400 ad
1640 363 1876 412 captandam
1904 362 2023 399 bene-

1072 420 1284 456 volentiam
1301 418 1440 454 famosi
1457 418 1694 454 marchionis
1703 411 2023 460 de-'Pombal‚mi-

1072 474 1184 509 nistri
1220 472 1319 519 regii
1355 483 1475 518 penes
1508 483 1622 518 quem
1651 471 1728 506 illic
1754 481 1910 506 summa
1936 473 2024 506 erat

1074 538 1220 570 rerum,
1236 527 1401 562 fratrem
1418 525 1500 561 eius
1520 525 1670 560 creavit
1687 522 2024 568 cardinalem3sed

1072 580 1148 623 hic,
1178 580 1403 627 priusquam
1437 577 1537 614 hanc
1555 577 1785 625 dignitatem
1803 577 2024 624 acciperet,

1071 634 1154 669 vita
1188 634 1344 669 functus
1377 636 1475 668 erat.
1514 631 1572 666 Ab
1603 642 1733 667 annua
1760 631 2024 679 publicatione

1073 687 1208 723 Bullae
1235 686 1285 721 In
1312 685 1446 722 Coena
1471 685 1631 721 Domini
1650 685 1798 732 primus
1821 683 2022 720 abstinuit.

1072 740 1220 781 Quibus
1231 739 1394 787 aliisque
1406 739 1723 775 concessionibus
1739 738 2021 786 imperantium

1073 794 1245 829 civilium
1273 792 1607 840 expostulationes
1634 792 1827 839 placavit,
1854 795 1894 828 et
1921 791 2024 827 Ave-

1074 848 1229 884 nionem
1251 875 1259 890 ‚
1292 847 1566 883 Beneventum
1593 850 1632 882 et
1658 846 1824 881 Pontem
1852 845 2024 882 Corvum

1074 902 1344 949 recuperavit.
1374 902 1522 947 Magno
1541 899 1684 945 gaudio
1705 900 1870 936 affectus
1888 902 1949 935 est
1966 898 2025 934 lit-

1075 956 1170 992 teris
1198 957 1328 992 Marci
1347 954 1530 997 Simonis,
1550 953 1803 1000 patriarchae
1820 952 2025 988 Nestoria-

1076 1021 1215 1045 norum
1227 1022 1297 1046 seu
1306 1008 1592 1047 Chaldaeorum
1603 1007 1832 1051 Armeniae,
1845 1007 1910 1053 qui
1923 1005 2029 1041 abie-

1077 1064 1151 1100 ctis
1179 1065 1395 1106 erroribus,
1425 1062 1473 1098 ad
1499 1061 1683 1098 unionem
1711 1072 1797 1096 cum
1825 1061 1874 1095 R.
1894 1060 2030 1095 Eccle-

1075 1117 1133 1153 sia
1161 1121 1201 1153 et
1225 1117 1452 1165 obsequium
1480 1115 1732 1162 Apostolicae
1759 1113 1873 1150 Sedis
1898 1112 2028 1156 rediit;

1077 1170 1176 1217 quod
1196 1171 1342 1207 laetum
1361 1169 1544 1205 nuncium
1565 1180 1652 1204 cum
1667 1166 1937 1205 Cardinalium
1952 1165 2030 1202 col-

1078 1223 1180 1270 legio
1207 1224 1519 1267 communicans,
1547 1221 1798 1269 significavit,
1824 1220 2029 1267 episcopos

1077 1278 1098 1312 7
1126 1288 1214 1313 cum
1241 1278 1391 1325 ingenti
1418 1288 1576 1313 suorum
1601 1275 1844 1311 subditorum
1862 1283 2030 1309 numero

1078 1330 1181 1367 inter
1219 1331 1405 1380 Assyrios
1423 1359 1431 1374 ,
1466 1330 1636 1374 Persas,
1670 1327 1965 1376 Transylvanos
1991 1330 2031 1363 et

1078 1386 1311 1433 Ancyranos
1327 1386 1375 1421 ad
1392 1383 1620 1420 imitandum
1634 1381 1885 1430 patriarchae
1898 1391 2030 1417 exem-

1079 1438 1183 1484 plum
1201 1451 1286 1475 esse
1314 1438 1534 1485 dispositos.
1563 1436 1642 1472 Pro
1669 1436 1864 1483 Episcopo
1894 1438 1934 1471 et
1959 1434 2031 1470 Ca-

1079 1492 1230 1528 nonicis
1249 1493 1409 1528 Geneva
1429 1503 1452 1527 a
1470 1491 1697 1527 Calvinistis
1722 1488 1870 1524 iamdiu
1896 1488 2031 1534 expul-

1079 1546 1146 1588 sis,
1162 1545 1305 1581 Sedem
1323 1550 1363 1581 et
1381 1545 1601 1581 Ecclesiam
1624 1542 1790 1579 Annecii
1811 1540 2028 1578 constituit.

1081 1598 1220 1636 Plures
1239 1600 1358 1635 libros
1377 1599 1670 1635 incredulorum
1689 1597 1926 1644 scriptorum
1938 1606 2029 1631 con-

1080 1652 1291 1690 demnavit.
1318 1654 1576 1689 Franciscum
1602 1651 1848 1694 Caracciolo,
1873 1648 2027 1684 Funda-

1083 1711 1208 1742 torem
1229 1708 1475 1744 Clericorum
1495 1705 1737 1753 regularium
1758 1704 1973 1746 Minorum,
1990 1706 2031 1738 et

1081 1759 1246 1796 Paulum
1274 1761 1424 1804 Burali,
1441 1772 1490 1797 ex
1509 1760 1691 1807 episcopo
1712 1756 1942 1794 Placentino
1969 1767 2030 1792 ar-

1081 1813 1370 1861 chiepiscopum
1397 1813 1721 1860 Neapolitanum,
1752 1811 1854 1847 inter
1880 1810 2028 1847 Beatos
2068 1814 2070 1816 ’

1082 1868 1232 1903 retulit.
1270 1868 1423 1905 Cultum
1460 1878 1610 1915 quoque
1646 1866 1694 1901 ab
1729 1863 2032 1900 immemorabili

1083 1924 1262 1968 tempore
1279 1922 1338 1957 Ss.
1353 1921 1598 1969 Martyribus
1612 1919 1870 1967 Hydruntinis
1888 1917 2032 1954 exhibi-

1083 1979 1164 2010 tum
1184 1980 1313 2011 ratum
1333 1974 1504 2011 fecit-Ad
1525 1974 1701 2021 publicae
1718 1973 1773 2008 rei
1793 1971 2033 2020 prosperita-

1084 2032 1162 2063 tem
1180 2033 1219 2064 et
1232 2029 1455 2065 litterarum
1471 2029 1617 2064 cultum
1629 2027 1666 2062 in
1678 2026 1842 2073 collegio
1853 2025 2032 2060 Romano

1084 2081 1278 2128 publicum
1292 2082 1556 2130 gymnasium,
1568 2080 1726 2117 adscitis
1743 2078 2033 2126 praestantissi-

1085 2135 1158 2171 mis
1173 2136 1344 2172 omnium
1359 2135 1655 2183 disciplinarum
1667 2131 2027 2182 professoribus,in-

1084 2189 1268 2233 stituit,et
1286 2200 1416 2226 annuo
1437 2201 1555 2225 censu
1575 2187 1820 2224 instruxitln
1841 2185 1936 2222 aede
1955 2185 2035 2219 Va-

1086 2242 1218 2279 ticana
1245 2254 1465 2286 musaeum,
1489 2242 1588 2290 quod
1609 2242 1657 2277 ab
1676 2252 1722 2277 eo
1741 2239 2032 2278 Clementinum

1083 2295 1239 2339 dicitur,
1269 2297 1412 2340 erexit,
1440 2301 1480 2332 et
1498 2296 1740 2332 eruditorum
1766 2291 1972 2329 commodo
1991 2301 2029 2326 e-

1087 2350 1234 2396 gregiis
1265 2350 1530 2386 monumentis
1555 2349 1706 2385 ditavit.
1734 2349 1768 2382 A
1800 2345 1960 2392 regibus
1991 2350 2030 2381 et

1086 2404 1322 2451 principibus
1342 2404 1560 2447 lacessitus,
1580 2414 1643 2438 an.
1665 2401 1755 2438 1773
1788 2399 2031 2436 Societatem

1085 2456 1171 2492 Iesu
1200 2459 1430 2505 suppressit.

1129 2510 1191 2546 67.
1219 2510 1435 2547 Societatis
1461 2510 1553 2546 Iesu
1579 2507 1800 2557 suppressio
1818 2506 2032 2542 fflNotissi·

1083 2575 1189 2599 mum
1217 2570 1291 2608 est,
1319 2569 1454 2612 patres
1480 2564 1658 2606 Iesuitas‚
1687 2562 1734 2597 ab
1756 2561 1840 2608 ipsa
1859 2560 2032 2597 Societa-

1083 2617 1130 2652 tis
1156 2618 1310 2665 origine
1339 2623 1379 2655 et
1397 2618 1581 2664 deinceps
1600 2616 1646 2651 de
1670 2615 1883 2661 Religionis
1901 2613 2034 2650 defen—

1081 2671 1192 2708 sione
1226 2672 1415 2719 Fideique
1443 2672 1482 2706 in
1509 2668 1784 2706 remotissimis
1810 2672 1850 2704 et
1874 2667 2032 2704 incultis

1081 2724 1187 2761 orbis
1214 2726 1333 2761 terris
1361 2723 1662 2773 propagatione,
1682 2721 1729 2757 de
1755 2721 1965 2758 haeresum
1992 2724 2033 2758 et

1082 2777 1324 2825 irreligionis
1343 2777 1648 2826 expugnatione,
1667 2775 1714 2811 de
1733 2776 1954 2811 animarum
1972 2786 2032 2811 sa-

1081 2831 1159 2868 lute
1179 2861 1187 2876 ‚
1215 2833 1262 2869 de
1298 2832 1495 2868 studiosae
1522 2829 1736 2866 inventutis
1759 2829 2004 2866 institutione
2020 2857 2029 2873 ,

1080 2884 1203 2933 deque
1233 2886 1455 2922 litterarum
1483 2889 1523 2920 et
1540 2883 1794 2920 scientiarum
1814 2883 2032 2919 incremen-

1082 2938 1129 2975 tis
1172 2938 1492 2986 praeclarissime
1532 2938 1739 2973 meruisse.
1784 2937 2033 2984 Quapropter

1081 2993 1224 3028 mirum
1257 3003 1335 3027 non
1361 2997 1446 3035 est,
1473 2991 1561 3027 illos
1586 2991 1674 3026 odio
1707 2990 1826 3027 fuisse
1852 2990 2031 3026 omnibus

1080 3045 1347 3082 novatoribus.
1399 3044 1715 3081 Protestantibus
1732 3073 1741 3088 ‚
1775 3042 2004 3080 Iansenistis
2020 3071 2030 3087 ‚

1081 3100 1252 3135 maxime
1283 3109 1374 3134 vero
1403 3098 1588 3146 sophistis
1614 3109 1683 3135 seu
1710 3096 1933 3133 incredulis.
1952 3096 2031 3132 No-

1079 3157 1223 3189 verant
1264 3152 1551 3189 incredulitatis
1579 3151 1815 3200 coryphaei,
1842 3149 1891 3186 ad
1916 3149 2032 3198 perfi-

1081 3206 1261 3243 ciendum
1288 3206 1450 3253 impium
1476 3218 1588 3243 suum
1615 3210 1755 3243 contra
1780 3205 2031 3253 Religionem

1764 3267 1816 3306 23
