2241 3473
697 95 823 126 vSQVE
851 95 905 122 AD
932 94 1098 122 SCHISMA
1126 95 1356 123 OCCIDENTIS

67 160 203 199 talium
222 157 249 206 ¹,
275 161 315 196 et
342 158 381 196 in
409 159 676 199 clementinas
695 159 722 199 ².
754 159 998 209 Nicephorus

68 213 264 258 Callistus,
284 212 460 250 Graecus
476 215 516 250 ct
539 214 826 260 schismaticus,
844 212 1000 261 scripsit

65 265 251 304 historiae
278 264 565 304 ecclesiasticae
592 267 712 305 libros
737 267 789 304 23
814 279 837 304 a
856 265 998 304 Christi

66 318 271 357 nativitate
292 330 412 366 usque
432 320 480 356 ad
499 331 560 357 an.
581 320 674 365 911,
691 321 758 357 sed
775 321 926 357 tantum
952 319 998 356 18

64 372 152 410 libri
182 371 330 420 priores
359 378 568 420 supersunt
587 371 613 410 ⁸.
645 373 893 410 Ptolomaeus
915 373 996 409 Lu-

64 423 189 462 censis
208 436 275 462 seu
295 424 616 463 Bartholomaeus
635 426 682 463 de
703 426 820 467 Luca.
841 425 997 463 Ordinis

63 477 384 516 Praedicatorum
403 482 442 515 et
461 479 660 527 episcopus
679 478 938 515 Torcellensis
957 478 995 514 in

63 529 206 568 ditione
239 530 511 576 Venetiarum,
535 531 695 579 reliquit
715 531 915 569 historiam
936 542 998 568 ec-

62 583 322 622 clesiasticam
351 596 373 621 a
401 585 558 622 Christo
589 587 678 621 nato
708 595 827 632 usque
856 584 904 621 ad
933 595 994 620 an.

62 635 177 682 1312,
207 639 248 674 et
266 637 437 675 Annales
465 638 513 674 ab
541 649 641 675 anno
672 637 772 674 1060
801 648 919 684 usque
948 636 995 673 ad

61 701 123 727 an.
147 689 246 728 1303
262 690 289 728 ⁴.
306 690 526 728 Bernardus
542 690 680 736 Guido,
694 689 997 735 Lemovieensis,

61 742 234 781 eiusdem
264 743 418 781 Ordinis
445 747 484 780 et
512 743 712 792 episcopus
750 742 995 788 Lodovensis‚

59 795 182 834 edidit
199 796 413 834 Chronicon
444 797 528 834 RR.
560 795 807 840 Pontificum,
827 796 994 844 impera-

60 850 188 886 torum
207 853 247 887 et
277 860 410 898 regum
440 849 679 886 Francorum
709 861 828 898 usque
857 849 905 886 ad
934 860 995 886 an.

64 901 164 939 1330
178 901 204 940 ⁵.
221 903 384 940 Ioannes
401 902 828 948 Villani,Florentinus,
840 901 996 951 reliquit

58 955 178 993 libros
209 956 257 993 12
284 954 469 993 historiae
497 956 546 993 ab
574 955 841 993 aedificatione
877 955 996 992 turris

59 1007 182 1045 Babel
214 1020 333 1057 usque
366 1008 413 1045 ad
442 1020 583 1046 annum
617 1020 734 1046 aerae
763 1008 994 1046 christianae

61 1060 174 1105 1348,
195 1073 220 1099 a
238 1061 436 1100 Matthaeo
456 1061 614 1108 Villani,
630 1062 714 1099 eius
729 1061 862 1106 fratre,
881 1061 992 1099 1211-

57 1114 137 1152 bris
155 1114 399 1152 continuatos
415 1126 535 1162 usque
554 1115 602 1152 ad
623 1127 765 1152 annum
791 1115 890 1153 1364
909 1113 936 1153 ⁶.

108 1167 171 1205 73.
191 1169 339 1206 Annus
356 1167 537 1205 Iubz'laei
552 1168 637 1216 (an.
656 1167 995 1218 1350)—Interea

56 1219 234 1259 Clemens
263 1222 334 1270 Pp.
363 1221 418 1258 VI
446 1221 705 1268 considerans,
743 1222 994 1271 quamplures

54 1277 213 1322 propter
231 1274 426 1311 humanae
445 1274 550 1312 vitae
569 1275 804 1312 brevitatem
824 1275 901 1313 frui
917 1288 990 1313 non

54 1337 165 1374 posse
192 1324 361 1365 Iubilaei
387 1328 528 1376 gratia,
549 1339 666 1376 quam
693 1328 828 1366 fideles
857 1341 877 1366 e
898 1330 992 1367 Con-

51 1379 254 1418 stitutione
273 1380 462 1418 Bonifacii
490 1380 584 1418 VIII
607 1382 817 1419 centesimo
838 1394 991 1431 quoque

53 1444 153 1471 anno
172 1433 317 1471 lucrari
338 1436 529 1482 poterant,
549 1435 782 1484 cupiensque
803 1436 902 1473 hanc
923 1437 990 1474 In-

53 1485 297 1535 dulgentiam
316 1487 479 1524 reddere
499 1486 715 1526 faciliorem
727 1518 737 1534 ,
757 1491 800 1526 ut
819 1489 990 1527 fidelium

52 1539 206 1577 devotio
225 1543 450 1590 augeretur,
469 1540 564 1578 fides
583 1542 887 1590 splendesceret,
905 1555 991 1591 spes

51 1592 204 1641 vigeret
221 1596 262 1630 et
276 1593 446 1631 charitas
460 1593 725 1640 incalesceret,
742 1596 811 1633 sub
829 1596 990 1633 Pontifi-

51 1653 161 1684 catus
179 1647 237 1684 sui
257 1646 370 1684 initia
389 1647 600 1684 Iubilaeum
619 1649 667 1685 ad
687 1660 832 1686 annum
852 1661 986 1698 quem-

51 1710 127 1747 que
145 1700 511 1748 quinquagesimum
533 1701 710 1738 extendit
728 1700 756 1747 ⁷,
778 1706 818 1739 ut
839 1705 989 1751 pateret

51 1753 228 1790 omnibus
247 1753 491 1790 Thesaurum
511 1753 695 1792 militanti
715 1755 911 1793 Ecclesiae
931 1768 989 1793 ac—

49 1805 233 1853 quisitum
255 1818 278 1843 a
296 1806 448 1844 Christo
476 1807 641 1844 Domino
660 1806 686 1854 ⁸,
707 1810 745 1846 et
765 1819 864 1845 anno
887 1809 987 1847 1349

50 1859 256 1907 encyclicis
274 1859 415 1896 litteris
443 1860 491 1897 ad
511 1871 643 1898 omnes
665 1861 866 1899 christiani
885 1863 986 1900 orbis

48 1911 245 1960 episcopos
272 1911 557 1962 Indulgentiam
582 1913 763 1961 Iubilaei,
792 1927 892 1952 anno
919 1927 984 1953 se-

48 1966 180 2012 quenti
209 1966 357 2003 Romae
375 1965 628 2013 lucrandam,
656 1967 818 2015 indixit,
854 1968 984 2017 plena—

47 2017 145 2055 riam
176 2019 439 2057 remissionem
467 2020 681 2057 concedens
709 2021 776 2068 iis,
804 2024 871 2069 qui
891 2033 983 2060 vere

47 2071 288 2120 poenitentes
317 2074 356 2109 et
384 2071 561 2119 confessi,
584 2071 760 2111 basilicas
782 2074 826 2112 D.
858 2075 982 2123 Petri,

46 2124 92 2161 D.
113 2124 238 2170 Pauli,
259 2127 300 2162 et
318 2125 362 2163 D.
394 2126 547 2164 Ioannis
574 2126 614 2163 in
635 2127 738 2164 Urbe
758 2127 983 2174 visitarent,

46 2177 212 2215 Romani
231 2178 284 2216 30
301 2178 445 2226 diebus,
465 2179 556 2216 Itali
578 2179 639 2226 15,
655 2180 719 2217 alii
739 2180 787 2218 10
802 2181 866 2218 vel
880 2181 905 2219 5
920 2182 983 2219 vel

47 2230 164 2268 etiam
193 2231 438 2280 paucioribus
472 2232 606 2270 diebus
634 2245 701 2282 pro
730 2233 902 2272 locorum
932 2236 982 2273 di-

46 2284 201 2321 stantia.
221 2284 420 2333 Principes
441 2286 570 2332 etiam,
589 2286 704 2324 duces
724 2290 764 2324 et
782 2288 983 2337 magistra·

46 2337 111 2373 tus
130 2337 308 2376 hortatus
323 2341 394 2384 est,
411 2342 453 2376 ut
468 2339 594 2377 missis
610 2339 786 2388 dissidiis,
801 2340 981 2380 fidelibus

86 2438 98 2459 ¹
114 2439 225 2471 Venet.
241 2440 330 2474 1581.
349 2441 450 2472 in-fol.

85 2480 100 2502 2
115 2481 252 2520 Lugdun.
271 2482 359 2519 1585,
376 2481 477 2513 in—fol.
517 2504 524 2511 .

85 2521 100 2544 ³
114 2523 208 2553 Paris.
226 2522 314 2561 1630,
329 2523 348 2554 2
364 2525 420 2556 vol.
437 2524 537 2555 in-fol.

84 2563 98 2585 ⁴
115 2563 202 2601 Apud
219 2565 374 2600 Μαι-κίονί,
390 2563 546 2603 scriptor.
562 2576 624 2599 rer.
642 2567 714 2599 Ital.
731 2572 750 2598 t.
773 2569 804 2599 11.

83 2605 98 2627 ⁵
118 2603 230 2637 Catulo
255 2630 262 2636 .
276 2605 392 2645 Pontis.
405 2607 482 2637 ΒΕ.
495 2608 652 2648 Guidonis,
668 2609 764 2640 edidit
776 2611 860 2645 mrd.
875 2613 932 2644 Mai
946 2613 976 2645 in

42 2644 196 2686 spicileq.
240 2655 344 2678 oman.
361 2650 382 2678 t.
397 2648 442 2679 Vl.

83 2688 98 2710 ὂ
114 2688 216 2718 Venet.
234 2688 378 2726 1559-81,
394 2687 412 2719 3
428 2693 496 2721 tom.
514 2689 606 2726 in-40.
622 2695 651 2722 et
673 2691 834 2724 Mediolan.
852 2693 941 2733 1738,
958 2695 976 2727 2

43 2728 101 2758 vol.
118 2728 222 2762 in-sol.
238 2730 332 2760 Ambo
348 2731 377 2760 in
394 2729 449 2768 iis,
470 2740 548 2771 quae
571 2736 712 2771 spectant
727 2734 906 2776 Pontifices,
924 2739 975 2778 qui

42 2770 196 2801 Avenione
212 2772 321 2801 morati
339 2775 419 2808 sunt,
435 2777 523 2803 caute
539 2773 660 2812 legendi
678 2779 760 2805 sunt.

80 2811 95 2834 ⁷
111 2810 318 2852 Extravay.2,
332 2812 375 2843 De
387 2813 506 2852 poenit.
520 2816 550 2845 et
563 2815 683 2846 remiss.
699 2817 775 2846 inter
786 2816 974 2851 Communes.

81 2851 97 2875 ⁸
112 2853 228 2893 Pouget
245 2857 276 2886 ss.
294 2854 312 2884 Ξ
329 2853 404 2885 Just.
425 2852 547 2886 Cathol.
570 2860 642 2886 sect.
667 2856 698 2894 1,
715 2867 740 2888 c.
758 2858 786 2896 5,
801 2861 819 2891 ἓ
836 2858 886 2894 19)
901 2863 975 2892 scri-

43 2892 108 2930 bit,
124 2894 309 2926 Clementem
328 2896 361 2925 VI
375 2897 507 2926 omnium
531 2897 661 2935 primum
685 2907 852 2937 usurpasse
870 2909 973 2933 vocem

47 2933 204 2966 Thesauri
219 2935 377 2967 Ecclesiae
403 2937 441 2966 ad
468 2937 705 2977 significandum
734 2939 846 2970 sontem
872 2941 973 2974 {ndul-

41 2976 223 3014 gemini-um.
239 2978 397 3008 Phoebeus
415 2977 476 3014 (De
498 2987 582 3009 anno
598 2978 662 3010 lut.
680 2990 708 3019 p.
724 2981 744 3016 Ι,
757 2980 822 3018 c.4)
839 2981 974 3015 lubilaei

42 3025 115 3048 voce
128 3018 256 3056 primum
270 3020 314 3049 usi
329 3019 449 3049 fuerunt
464 3020 557 3051 Card.
567 3021 596 3051 S.
610 3021 731 3061 Georgii
744 3023 973 3064 Stephanesius,

41 3060 71 3087 et
99 3058 281 3090 Franciscus
305 3061 458 3095 Petrai-ca,
477 3060 633 3092 Carmina
651 3062 689 3092 ad
715 3063 895 3095 Clementem
927 3067 972 3105 vi,

41 3102 132 3138 atque
153 3109 189 3130 ex
206 3100 336 3132 Summis
354 3102 551 3132 Pontificibus
569 3103 647 3133 idem
660 3104 798 3135 Clemens
824 3106 853 3136 in
870 3107 970 3147 Diplo-

45 3144 127 3171 mate
148 3141 323 3174 indictionis
349 3143 512 3183 incipiente
532 3142 725 3184 Uniqem'cus.

1883 87 1934 125 99

1041 158 1205 198 liberum
1218 161 1265 198 ad
1278 160 1424 198 Urbem
1440 160 1616 198 sanctam
1631 159 1841 198 transitum
1851 173 1987 199 conce-

1041 212 1186 252 derent.
1217 214 1345 252 Tanta
1373 215 1503 251 autem
1541 213 1738 250 hominum
1766 213 1986 262 frequentia

1041 277 1164 303 annus
1195 267 1390 304 Iubilaeus
1420 267 1568 304 Romae
1596 266 1815 304 celebratus
1835 267 1921 313 fuit,
1941 270 1986 305 ut

1041 319 1250 368 scriptores
1279 319 1461 368 aequales
1486 320 1643 357 minime
1662 319 1823 357 definire
1842 323 1983 369 potue-

1040 372 1116 410 rint
1136 384 1341 411 numerum
1365 373 1672 422 peregrinorum,
1692 373 1756 422 qui
1777 385 1798 410 e
1817 373 1984 412 diversis

1040 425 1158 462 etiam
1175 426 1444 464 remotissimis
1459 426 1563 464 orbis
1578 426 1799 475 regionibus
1814 426 1980 464 Romam

1040 483 1306 516 convenerunt
1325 479 1373 516 ad
1393 479 1628 516 lucrandum
1648 479 1980 528 indulgentiarum

1040 531 1281 569 beneficium.
1302 531 1446 569 Fertur
1473 543 1496 569 a
1524 531 1621 570 festo
1650 532 1880 570 Nativitatis
1901 533 1980 570 Do-

1040 583 1134 620 mini
1153 595 1215 621 an.
1240 585 1339 622 1349
1360 596 1480 632 usque
1510 585 1556 622 ad
1578 585 1728 623 Pascha
1756 585 1978 635 proximum

1039 636 1220 674 continuo
1243 639 1281 674 in
1304 638 1408 675 Urbe
1429 637 1545 675 fuisse
1570 638 1786 687 1,100‚000,
1805 641 1844 677 et
1859 639 1980 688 ipsius

1039 691 1169 727 aestus
1205 692 1380 739 tempore
1422 691 1558 729 saltem
1595 691 1766 738 200,000
1802 692 1979 742 peregri-

1040 752 1176 779 norum
1199 740 1224 781 ¹.

1090 795 1151 832 74.
1168 795 1441 834 Innocentius
1465 796 1524 833 VI
1535 797 1734 846 Pontz'feoe
1756 798 1978 850 (an‚1352)

1037 849 1203 886 —Anno
1225 849 1339 895 1352,
1361 855 1433 886 xv⁰
1450 849 1630 889 calendas
1653 850 1830 901 ianuarii,
1854 851 1977 903 legiti-

1036 900 1108 939 mis
1118 901 1379 939 Cardinalium
1396 901 1592 952 suffragiis
1607 903 1751 942 electus
1767 905 1842 944 fuit
1858 907 1977 944 Inno-

1037 955 1186 992 centius
1205 955 1273 1001 VI,
1293 955 1592 1002 Lemovicensis‚
1614 958 1729 994 antea
1756 960 1978 1010 Stephanus

1037 1006 1223 1054 d’Albert,
1232 1008 1440 1046 cardinalis
1457 1009 1658 1058 episcopus
1665 1010 1861 1050 Ostiensis.
1878 1014 1914 1050 Is
1929 1014 1978 1051 ab

1035 1059 1146 1098 initio
1164 1062 1431 1100 restituendae
1451 1062 1673 1111 disciplinae
1693 1066 1733 1101 et
1756 1066 1975 1104 reforman—

1037 1113 1108 1150 dae
1128 1114 1258 1152 curiae
1283 1115 1454 1153 animum
1475 1115 1683 1164 applicuit3
1702 1117 1975 1158 beneficiorum

1036 1168 1281 1206 commendas
1299 1168 1480 1215 sustulit,
1499 1170 1600 1218 quod
1621 1181 1757 1208 earum
1777 1173 1976 1211 occasione

1036 1219 1157 1257 divini
1186 1221 1315 1261 cultus
1343 1222 1546 1267 maiestas,
1577 1223 1795 1262 animarum
1824 1237 1917 1263 cura
1938 1229 1978 1264 et

1035 1273 1291 1312 ecclesiarum
1318 1275 1406 1313 iura
1436 1276 1757 1325 negligebantur3
1792 1279 1976 1326 praelatis

1035 1326 1199 1376 aliisque
1211 1328 1481 1376 beneficiariis,
1494 1330 1533 1366 in
1550 1329 1656 1367 curia
1673 1332 1888 1380 agentibus,
1905 1333 1977 1370 sub

1036 1392 1158 1429 poena
1186 1382 1594 1420 excommunicationis
1617 1384 1788 1422 reditum
1816 1386 1865 1423 ad
1885 1397 1976 1424 suas

1033 1433 1216 1472 ecclesias
1237 1437 1277 1472 et
1296 1436 1547 1474 residentiam
1573 1438 1784 1475 secundum
1806 1450 1975 1478 canones

1033 1487 1255 1535 imperavit,
1278 1488 1423 1535 volens,
1439 1491 1482 1526 ut
1500 1501 1591 1527 oves
1612 1502 1635 1527 a
1649 1492 1880 1540 pastoribus,
1899 1505 1975 1530 non

1034 1551 1126 1577 vero
1138 1552 1161 1578 a
1171 1542 1424 1580 mercenariis
1439 1545 1692 1592 pascerentur
1704 1557 1713 1590 3
1725 1546 1917 1594 impensas
1934 1551 1975 1584 et

1032 1592 1220 1632 familiam
1250 1594 1405 1642 minuit,
1424 1595 1604 1645 idemque
1615 1596 1887 1637 Cardinalibus
1908 1599 1971 1637 fa-

1033 1646 1207 1684 ciendum
1224 1648 1361 1694 suasit,
1383 1651 1426 1686 ut
1441 1650 1615 1687 omnibus
1642 1651 1880 1699 severitatis,
1897 1665 1974 1690 mo-

1030 1699 1176 1737 destiae
1196 1702 1235 1738 et
1264 1701 1552 1741 misericordiae
1581 1704 1803 1752 exemplum
1823 1708 1968 1754 essent3

1030 1753 1129 1790 sacri
1145 1753 1289 1792 Palatii
1304 1767 1371 1792 seu
1388 1756 1515 1793 Rotae
1532 1755 1786 1804 auditoribus,
1802 1758 1866 1808 qui
1882 1760 1970 1797 hac-

1028 1810 1142 1844 tenus
1165 1807 1279 1845 officii
1317 1808 1375 1846 sui
1413 1808 1606 1847 fructibus
1634 1813 1968 1860 sustentabantur,

1030 1860 1201 1908 praemia
1229 1873 1297 1898 seu
1326 1861 1520 1910 stipendia
1540 1863 1755 1910 constituit,
1772 1876 1820 1902 ne
1839 1865 1879 1902 in
1895 1866 1965 1904 de-

1030 1913 1226 1951 cernendis
1260 1916 1299 1951 et
1327 1915 1599 1963 componendis
1627 1917 1754 1954 causis
1792 1919 1967 1956 muneri-

1028 1966 1096 2003 bus
1143 1972 1511 2016 corrumperentur;
1540 1969 1747 2019 AEgidium
1767 1970 1966 2021 Alborno-

1026 2018 1125 2056 tium
1153 2020 1393 2058 cardinalem
1418 2022 1456 2059 in
1482 2022 1638 2060 Italiam
1662 2024 1710 2060 ad
1731 2026 1965 2064 coercendas
1982 2042 1997 2057 ο

1024 2073 1159 2118 turbas
1183 2075 1222 2110 et
1251 2076 1555 2123 componendam
1580 2077 1825 2115 concordiam
1845 2078 1962 2127 lega-

1025 2125 1094 2172 vit,
1115 2126 1180 2175 qui
1199 2139 1270 2165 sua
1290 2128 1499 2176 prudentia
1523 2131 1563 2167 et
1577 2130 1797 2168 constantia
1818 2130 1965 2170 factio-

1025 2190 1086 2215 sos
1124 2180 1164 2217 in
1196 2181 1292 2218 urbe
1313 2181 1439 2218 Roma
1463 2184 1502 2219 et
1533 2182 1729 2220 territorio
1751 2184 1799 2222 R.
1826 2185 1965 2222 Eccle-

1024 2232 1104 2269 siae
1123 2234 1321 2282 repressit,
1337 2238 1375 2272 et
1391 2235 1667 2273 auctoritatem
1688 2236 1889 2275 Pontificis
1910 2250 1964 2276 re-

1024 2285 1160 2333 stituit3
1191 2286 1368 2325 Civitatis
1401 2289 1659 2327 Bononiensis
1697 2290 1823 2327 studio
1859 2291 1965 2329 obse-

1023 2342 1133 2376 cutus
1152 2340 1210 2377 ius
1241 2341 1477 2388 profitendae
1506 2341 1546 2379 in
1562 2342 1777 2391 Gymnasio
1798 2343 1960 2382 Theolo-

1021 2391 1120 2440 giae,
1153 2397 1270 2442 atque
1303 2394 1460 2432 honoris
1489 2395 1572 2433 eius
1608 2395 1855 2444 impertiendi
1898 2397 1960 2434 in-

1020 2445 1139 2482 dulsit
1158 2442 1193 2493 ²3
1214 2446 1398 2485 Ioannem
1425 2449 1699 2497 presbyterum
1734 2451 1775 2485 et
1799 2449 1956 2487 Franci-

1018 2509 1128 2535 scum
1148 2510 1378 2538 conversum
1394 2501 1551 2539 Ordinis
1571 2501 1646 2539 FF.
1663 2501 1873 2547 Minorum,
1890 2504 1956 2551 qui

1019 2554 1153 2589 contra
1183 2552 1445 2591 definitionem
1474 2555 1628 2592 Ioannis
1656 2554 1773 2591 XXII
1791 2554 1837 2591 de
1858 2567 1954 2604 pau-

1021 2608 1170 2653 pertate
1186 2605 1328 2644 Christi
1350 2609 1390 2645 et
1403 2608 1676 2657 Apostolorum
1701 2607 1958 2656 pertinaciter

1018 2658 1326 2707 disputabant,et
1337 2661 1521 2698 Ioannem
1531 2660 1599 2709 Pp.
1611 2661 1723 2708 eique
1741 2662 1956 2700 assentien-

1017 2714 1075 2748 tes
1095 2712 1296 2750 haereseos
1315 2712 1784 2759 accusabant,damnavit,
1800 2715 1839 2751 et
1857 2726 1953 2752 con-

1017 2767 1194 2802 tumaces
1209 2766 1340 2803 curiae
1357 2766 1548 2803 saeculari
1558 2765 1731 2812 tradidit,
1744 2766 1856 2803 cuius
1870 2780 1953 2805 sen-

1016 2817 1137 2855 tentia
1156 2819 1344 2856 combusti
1363 2821 1464 2856 suut.
1488 2819 1729 2857 Avenionem
1749 2820 1950 2859 moenibus

1016 2869 1193 2919 fossaque
1212 2871 1475 2908 circumdedit.
1500 2871 1587 2909 Alia
1606 2871 1720 2910 huius
1752 2872 1956 2912 Pontificis

1014 2926 1125 2972 gesta
1144 2924 1224 2961 suis
1247 2925 1338 2962 locis
1362 2923 1573 2962 referemus
1599 2922 1624 2962 ³.
1649 2924 1752 2962 Obiit
1777 2927 1954 2964 Avenio-

1016 2988 1063 3013 ne
1095 2976 1217 3025 pridie
1244 2977 1328 3014 idus
1355 2978 1562 3025 septembr.
1595 2977 1706 3025 1362,
1727 2991 1824 3017 nono
1845 2991 1957 3019 anno

1054 3068 1063 3089 ¹
1082 3069 1116 3098 Μ.
1135 3068 1254 3104 villani,
1271 3068 1289 3098 l.
1302 3067 1326 3105 l,
1343 3077 1368 3099 c.
1386 3069 1439 3104 5ss;
1455 3069 1600 3109 Raynald.
1618 3070 1657 3101 ad
1674 3079 1722 3102 an.
1746 3070 1835 3103 1350.

1052 3108 1066 3129 ἒ
1084 3109 1155 3139 Vide
1169 3108 1313 3139 Bullarii
1329 3113 1349 3140 t.
1367 3111 1387 3144 Ι,
1408 3108 1576 3142 Constitut-
1592 3111 1621 3150 2,
1637 3111 1653 3151 Ξ
1669 3111 1696 3142 3.

1051 3150 1064 3171 ³
1080 3150 1227 3189 Ray-naid.
1245 3150 1284 3181 ad
1300 3160 1349 3181 zui.
1371 3151 1521 3183 1352-62.
