2241 3473
769 124 894 155 VSQVE
923 124 975 150 AD
1004 123 1170 150 SCfflSMA
1199 124 1425 151 ovrliissNTlS

112 186 336 240 perspiciet,
355 186 421 235 qui
439 186 594 224 illarum
615 186 806 236 originem
832 189 871 224 et
891 186 1051 224 effectus

111 252 234 291 aequa
253 244 293 278 et
306 239 408 277 iusta
426 243 554 278 mente
570 240 829 290 perpenderit.
842 241 928 278 Non
947 239 1050 276 enim

112 306 173 333 res
203 293 313 331 unice
344 293 569 331 vertebatur
597 294 636 330 in
667 293 907 330 vindicandis
934 292 1050 330 Chri-

109 347 323 386 stianorum
342 346 381 383 in
400 346 563 384 Terram
584 350 759 384 sanctam
777 345 1054 395 peregrinatio-

110 401 223 439 nibus
239 429 250 445 ,
269 400 308 436 in
339 399 580 437 restituenda
607 412 636 437 s.
658 399 835 447 Sepulcri
856 399 1051 444 libertate,

108 453 176 493 sed
197 455 285 490 utra
304 453 455 502 religio,
476 452 689 491 christiana
710 464 757 488 ne
777 464 826 488 an
848 452 1049 488 malionie-

107 510 222 552 tana,
242 506 344 544 orbis
365 506 570 555 imperium
593 506 768 550 haberet3
793 508 923 541 utrum
941 505 1049 541 cliri-

107 559 235 598 stiana
246 558 404 597 libertas
418 571 466 597 an
482 571 572 596 vero
585 558 856 596 mahometana
873 557 1051 606 tyrannis

107 612 256 650 Orienti
284 616 323 650 et
352 612 548 650 Occidenti
578 611 832 660 imperitaret.
855 610 1049 658 Europaei

108 666 438 715 progressionibus
457 666 741 703 Saracenorum
771 667 810 701 et
830 664 1050 701 miseranda

109 721 166 757 tot
184 719 494 758 Christianorum
509 718 580 756 sub
596 718 693 755 dura
714 718 967 755 barbarorum
991 723 1050 765 ty-

107 773 268 810 rannide
288 772 524 822 gementium
545 774 649 809 sorte
669 771 845 815 excitati,
862 782 971 807 arma
991 782 1050 806 ca-

109 826 364 874 pessivemnt,
381 829 462 862 tum
486 829 527 862 ut
546 824 688 862 fratres
707 836 797 862 suos
818 835 841 860 a
856 823 1047 860 servitute

107 880 146 916 in
175 879 394 916 libertatem
424 877 668 915 vindicarent
684 908 693 921 ,
714 881 796 914 tum
820 879 860 914 ut
880 876 1048 925 impedi-

107 936 215 978 rent,
236 944 282 970 ne
313 931 516 970 universus
536 931 639 968 orbis
659 931 875 969 'Parcarum
905 931 1050 979 praeda

106 985 231 1023 fieret.

157 1038 214 1076 De
229 1037 414 1087 gravibus
434 1037 623 1086 iustisque
640 1041 840 1075 sacrorum
858 1036 1048 1074 bellorum

104 1091 230 1129 causis
258 1103 376 1140 supra
408 1091 577 1128 diximus
602 1090 626 1128 ¹.
647 1090 848 1132 Quantum
879 1090 927 1127 ad
956 1089 1046 1127 illo-

104 1156 190 1182 rum
210 1144 370 1182 effectus
390 1144 577 1193 pertinet,
596 1156 642 1181 ea
672 1143 772 1181 bella
796 1155 870 1180 non
891 1145 1047 1181 tanturn

104 1197 168 1235 illo
180 1227 190 1244 ,
210 1209 284 1247 quo
305 1201 484 1245 suscepta
505 1200 614 1243 sunt,
630 1209 729 1234 aevo
746 1200 786 1234 et
802 1196 976 1245 proxime
991 1208 1046 1250 se·

103 1252 257 1298 quente‚
268 1251 335 1289 sed
351 1251 514 1300 posteris
529 1251 649 1288 etiam
665 1250 830 1288 saeculis
846 1250 926 1287 vim
943 1252 980 1287 et
998 1249 1048 1287 ef-

104 1304 278 1341 ficaciam
306 1303 345 1341 in
367 1304 621 1353 multiplicem
647 1303 877 1353 populorum
905 1314 1048 1352 regno-

102 1368 265 1405 rumque
303 1357 512 1394 utilitatem
549 1365 813 1395 exercuerunt
852 1360 891 1394 et
924 1356 1048 1394 multa

103 1411 392 1459 regenerandae
420 1411 599 1459 Europae
629 1411 801 1448 salubria
832 1421 1045 1458 praepara-

102 1466 255 1501 verunt.
285 1464 562 1502 Cruciatarum
596 1463 894 1513 expeditionum
929 1475 1045 1500 occa-

101 1516 210 1554 sione
250 1519 454 1554 cessarunt
487 1517 526 1554 in
561 1515 773 1556 Occidente
810 1516 1046 1554 creberrima

102 1569 171 1606 illa
190 1569 292 1607 bella
311 1570 413 1607 inter
433 1571 619 1620 privatos,
639 1571 741 1607 inter
760 1582 871 1619 reges
892 1572 931 1607 et
951 1581 1045 1607 vas-

102 1622 242 1667 sallos3
262 1635 399 1672 regum
421 1627 592 1672 potestas
612 1627 728 1661 aucta
749 1627 807 1660 est
828 1624 890 1660 vel
912 1635 1048 1660 vacan-

102 1676 198 1712 tium
220 1675 426 1714 feudorum
453 1677 501 1714 ad
523 1689 589 1714 eos
609 1677 736 1714 reditu
766 1676 829 1713 vel
851 1676 1046 1725 frequenti

103 1729 291 1766 bonorum
329 1729 570 1768 allodialium
609 1729 825 1779 emptione;
856 1729 1046 1778 principes

102 1781 261 1819 arctiori
290 1782 444 1820 vinculo
472 1783 577 1820 inter
604 1795 645 1820 se
665 1783 854 1832 copulati,
874 1783 978 1820 vires
1006 1782 1045 1819 in

102 1846 344 1872 communem
376 1836 494 1873 finem
527 1836 764 1886 coniungere
799 1840 838 1873 et
871 1836 1046 1884 politicas

101 1889 408 1927 consociationes
423 1890 522 1926 inire
539 1892 769 1938 coeperunt3
786 1889 952 1926 conditio
969 1898 1045 1926 ser·
1066 1916 1068 1921 .

102 1940 190 1979 vilis
210 1942 353 1991 partim
383 1942 622 1980 tolerabilior
650 1943 803 1979 reddita
825 1944 904 1988 est3
925 1941 1043 1979 Ordi-

101 2006 167 2032 nes
199 1999 426 2044 equestres,
455 1996 638 2033 civitates
671 1996 826 2044 aliaque
859 1996 1045 2033 Instituta

101 2046 369 2095 effloruerunt3
389 2048 613 2087 litterarum
633 2079 642 2093 ,
669 2049 925 2086 scientiarum
944 2078 953 2094 ‚
975 2061 1043 2086 ar-

100 2100 197 2138 tium
235 2103 276 2139 et
312 2103 536 2140 commercii
573 2103 704 2140 studia
741 2110 856 2150 atque
889 2102 1045 2139 cultura

101 2154 422 2203 praeclarissimis
442 2155 702 2193 monumentis
718 2160 758 2193 ct
774 2155 1045 2193 instrumentis

101 2211 218 2245 aucta
237 2212 331 2245 sunt
346 2207 373 2246 ².

152 2259 215 2298 53.
229 2260 269 2298 S.
291 2261 543 2300 Caelestinus
565 2262 806 2311 VPontisecc
820 2262 907 2313 (cm.
928 2261 1044 2311 1294)

103 2313 198 2350 Post
226 2316 389 2351 mortem
421 2315 572 2352 Nicolai
607 2316 677 2364 Pp.
706 2317 785 2362 IV,
818 2315 1045 2364 Apostolica

102 2365 220 2402 Sedes
250 2368 407 2405 vacavit
430 2367 455 2405 2
475 2368 584 2406 annis
604 2372 644 2406 et
662 2370 686 2406 3
709 2370 926 2413 mensibus3
955 2373 1045 2405 tan-

102 2418 187 2455 dem
200 2419 423 2458 Cardinales
435 2433 494 2458 an.
511 2421 696 2467 1294,1110
709 2435 830 2460 nonas
841 2422 935 2467 iulii,
950 2422 1044 2459 Cae-

104 2473 248 2508 lestino
278 2472 464 2511 Vmunus
492 2474 687 2512 Ecclesiae
716 2475 1045 2513 administrandae

100 2535 286 2562 consensu
315 2525 542 2575 iniungunt.
564 2528 699 2566 Patria
727 2529 789 2566 hic
821 2528 1046 2575 Molisiuus,

100 2576 338 2626 professione
370 2581 602 2627 monachus,
621 2581 764 2620 Petrus
797 2582 842 2620 de
862 2582 1046 2620 Murrone

101 2631 399 2680 cognominatus
436 2645 460 2670 a
497 2638 626 2671 monte
665 2635 837 2677 eiusdem
883 2635 1046 2672 nominis

100 2683 250 2722 duobus
268 2685 316 2722 ab
337 2685 522 2723 Sulmone
542 2687 730 2732 millibus,
751 2690 789 2725 in
819 2700 895 2737 quo
923 2700 1046 2737 genus
1066 2696 1068 2705 ¹

101 2737 208 2775 vitae
223 2738 480 2786 asperrimum
495 2739 660 2778 ducebat
670 2738 830 2790 ³,primo
843 2741 1046 2779 Pontifica-

101 2791 182 2827 tum
202 2792 413 2838 recusavit,
430 2791 567 2830 deinde
588 2794 761 2842 precibus
791 2794 914 2832 fessus
942 2794 1046 2832 invi-

101 2846 164 2881 tus
175 2844 529 2895 suscepit.Aquilae
545 2847 765 2884 consecrari
781 2847 918 2894 voluit,
930 2859 1046 2896 quam

140 2935 150 2956 ¹
170 2935 233 2966 Vid.
254 2945 282 2975 p.
304 2936 336 2967 17
354 2946 426 2976 sqq.

141 2975 157 2997 ²
171 2977 309 3017 Bergier‚
327 2978 488 3009 Diclionn.
507 2977 600 3009 theol.
618 2980 674 3008 art.
695 2977 871 3018 Croisades;
888 2980 908 3011 Ι.
928 2981 959 3010 Β.
975 2981 1047 3012 Pal-

101 3026 161 3055 ma,
179 3018 336 3051 Praelect.
352 3019 432 3051 Ilisc.
450 3020 522 3051 eccl.
542 3025 561 3050 t.
579 3020 625 3055 ΙΙΙ,
644 3025 723 3058 part.
741 3020 761 3057 1,
779 3030 803 3051 c.
819 3021 846 3052 7.

141 3059 156 3081 3
173 3061 225 3090 Est
241 3060 392 3092 Molisium
410 3070 519 3092 nomen
537 3061 649 3098 castri,
674 3061 753 3091 undo
771 3062 928 3092 Molisinus
951 3064 1044 3094 comi-

101 3103 192 3139 tatus,
208 3102 236 3132 in
253 3111 314 3142 quo
331 3107 375 3133 est
393 3104 550 3139 Aesernia,
567 3102 707 3141 aliaeque
723 3103 871 3140 civitates3
892 3104 978 3134 locus
997 3105 1045 3135 ille

103 3151 174 3173 vero
200 3145 286 3182 quasi
314 3153 429 3184 anceps
455 3145 562 3175 haeret
588 3144 667 3174 inter
691 3145 850 3184 Aprutium
867 3147 896 3175 et
919 3146 1045 3177 Terram

101 3183 238 3215 Laboris.

310 3226 549 3267 WOU'I'ERS
564 3259 573 3276 ‚
600 3226 645 3267 11.

1069 185 1074 269 1

1938 115 1985 152 81

1097 187 1230 224 urbem
1247 186 1333 224 iniit
1348 187 1467 225 asello
1484 190 1632 233 vectus,
1646 187 1819 237 Regibus
1830 187 1986 226 Siciliae
2002 191 2041 226 et

1094 239 1318 288 Hungariac
1354 242 1629 289 praeeuntibus
1658 242 1704 278 ad
1738 240 1846 279 frena
1869 239 1892 278 ¹.
1923 241 1959 279 Is
1991 242 2039 279 ad

1093 294 1386 331 accelerandam
1409 294 1644 332 Pontificum
1669 294 1901 332 electionem
1921 295 2038 332 resti-

1094 346 1172 383 tuit
1192 349 1231 384 et
1247 350 1371 384 ratam
1388 360 1471 385 esse
1489 347 1603 386 iussit
1618 347 1932 386 constitutionem
1948 348 2040 385 Gre-

1093 399 1191 447 gorii
1213 399 1250 436 X
1279 400 1325 437 de
1354 401 1570 438 reclusione
1591 401 1854 439 Cardinalium
1884 401 1921 438 in
1943 412 2038 438 con-

1093 452 1214 499 clavi3
1236 453 1608 502 Congregationem,
1629 466 1744 502 quam
1763 455 1832 492 sub
1853 454 1990 503 regula
2009 465 2038 492 s.

1094 506 1300 554 Augustini
1317 508 1551 554 instituerat,
1564 519 1740 556 quaeque
1758 507 1935 556 deinceps
1947 508 2039 546 Cae-

1093 557 1316 596 lestinorum
1339 559 1442 597 dicta
1471 564 1551 606 est,
1571 561 1817 598 confirmavit
1844 563 1885 598 et
1905 560 2038 598 multis

1093 611 1304 660 privilegiis
1324 613 1459 659 auxit3
1480 613 1642 662 Neapoli
1670 626 1784 662 quam
1804 614 1953 651 Romae
1973 625 2037 651 se·-

1091 664 1181 701 derc
1198 665 1336 702 maluit
1348 665 1373 703 2.
1392 666 1486 703 Post
1502 667 1525 704 5
1543 678 1693 704 menses
1710 667 1906 716 regiminis
1921 667 2039 704 consi-

1092 717 1185 754 lium
1207 718 1293 754 iniit
1312 731 1352 756 se
1373 719 1578 756 abdicandi
1595 720 1835 768 pontificatu,
1853 732 1967 769 quem
1984 720 2039 756 in-

1095 770 1196 808 vitus
1215 774 1459 820 susceperat,
1483 776 1565 809 tum
1586 774 1686 821 quod
1708 773 1810 812 illius
1834 773 1936 811 curis
1956 773 2038 811 dis-

1092 826 1255 871 tractus,
1276 827 1469 863 consuetis
1489 825 1560 874 piis
1581 826 1779 864 exercitiis
1802 838 1941 864 vacare
1962 838 2036 864 non

1092 884 1232 925 posset,
1249 880 1331 915 tum
1352 879 1452 926 quod
1469 880 1641 927 gerendo
1659 881 1764 917 oneri
1787 892 1828 917 se
1845 880 2037 928 imparem

1090 930 1348 979 intelligeret3
1377 931 1498 980 igitur
1534 933 1667 970 audito
1703 932 1968 971 Cardinalium
1997 935 2038 970 et

1092 983 1264 1021 virorum
1286 985 1488 1022 doctorum
1519 985 1699 1031 consilio,
1719 987 2037 1024 constitutionem

1091 1037 1569 1085 edidit,qua‚auctoritate
1584 1039 1820 1088 Apostolica,
1841 1039 1980 1077 statuit
1999 1041 2040 1076 et

1091 1091 1278 1136 decrevit,
1291 1091 1524 1129 Pontificem
1544 1104 1586 1129 se
1606 1092 1836 1142 pontificatu
1858 1093 2037 1130 abdicare

1092 1155 1200 1192 posse
1216 1142 1243 1190 ³,
1273 1147 1312 1182 et
1339 1146 1553 1183 secundum
1575 1146 1675 1183 hanc
1695 1146 1820 1195 ipsam
1841 1145 2034 1183 constitu-

1090 1197 1232 1234 tionem
1252 1197 1292 1234 in
1311 1199 1540 1236 consistorio
1561 1199 1800 1236 Pontificatu
1821 1199 1950 1238 cessit.

1144 1250 1274 1292 Quare
1311 1252 1439 1290 idibus
1478 1252 1692 1290 decembris
1717 1253 1838 1299 1294,
1857 1256 2036 1305 exemplo

1092 1304 1333 1342 memorabili
1363 1305 1538 1350 virtutis,
1560 1306 1736 1355 deposuit
1756 1306 2038 1347 Pontificatum

1090 1369 1222 1395 mense
1243 1358 1376 1406 quinto
1394 1361 1433 1396 et
1450 1359 1510 1396 die
1527 1362 1680 1406 octavo,
1695 1371 1814 1408 quam
1832 1360 1867 1397 ei
1884 1361 2038 1400 deman-

1089 1411 1204 1448 datus
1226 1411 1364 1450 fuerat.
1388 1412 1530 1451 Postea
1545 1413 1672 1450 latuit.
1686 1413 1929 1450 Latitantem
1950 1427 2038 1464 per-

1090 1464 1187 1512 quiri
1209 1464 1324 1502 iussit
1348 1477 1548 1504 successor
1578 1467 1659 1503 eius
1679 1466 1904 1504 Bonifacius
1925 1467 2038 1514 VIII,

1088 1517 1370 1567 inventumque
1386 1519 1425 1555 in
1445 1531 1575 1557 arcem
1594 1519 1780 1556 Fumonis
1800 1519 1969 1568 includi,
1990 1524 2038 1560 ad

1090 1571 1304 1619 periculum
1320 1573 1539 1610 schismatis
1562 1573 1790 1610 evitandum
1801 1571 1828 1610 ⁴.
1841 1573 1901 1610 Ex
1913 1586 1960 1612 ea
1974 1587 2039 1613 cu-

1088 1624 1213 1661 stodia
1242 1636 1302 1662 an.
1328 1626 1426 1663 1296
1447 1627 1535 1663 XIv⁰
1557 1626 1630 1664 cal.
1660 1625 1758 1663 iunii
1787 1627 1958 1666 evolavit
1990 1630 2038 1666 ad

1088 1689 1265 1726 superos;
1286 1679 1536 1728 sepultusque
1566 1683 1626 1717 est
1654 1678 1855 1717 Ferentini
1884 1680 1922 1717 in
1943 1681 2038 1719 Coe-

1090 1731 1201 1768 nobio
1221 1731 1283 1769 sui
1301 1732 1474 1770 Ordinis.

1140 1784 1196 1821 De
1229 1785 1301 1822 hac
1334 1787 1415 1823 tam
1449 1785 1638 1835 singulari
1680 1785 1918 1834 depositione
1962 1800 2036 1826 va-

1089 1837 1145 1875 rie
1165 1838 1284 1875 locuti
1314 1843 1406 1876 sunt
1431 1839 1661 1888 scriptores:
1684 1839 1750 1876 alii
1771 1839 2034 1880 Caelestinum

1088 1890 1125 1927 in
1160 1891 1232 1928 hac
1266 1903 1306 1928 re
1341 1897 1561 1941 arguerunt
1589 1892 1791 1942 degeneris
1825 1894 1864 1929 et
1892 1894 2035 1933 abiecti

1088 1943 1207 1986 animi
1227 1943 1262 1990 5;
1292 1945 1358 1981 alii
1387 1957 1477 1982 eum
1499 1947 1820 1984 commendarunt
1846 1946 1892 1983 de
1920 1950 2034 1986 tran-

1132 2029 1141 2050 1
1161 2028 1266 2057 Petrus
1284 2027 1321 2058 de
1338 2027 1466 2065 Alliaco,
1482 2028 1500 2058 Ι.
1524 2028 1558 2063 ΙΙ,
1575 2037 1600 2059 c.
1620 2028 1669 2066 11,
1685 2028 1768 2068 apud
1785 2029 1978 2069 Raynaldum
1995 2029 2034 2060 ad

1087 2076 1133 2097 an.
1156 2066 1242 2105 1991,
1259 2067 1274 2107 Ξ
1295 2068 1339 2106 ΙΙ,
1357 2070 1469 2109 inquit:
1486 2068 1553 2100 Hoc
1573 2069 1610 2100 ab
1627 2079 1661 2100 eo
1678 2070 1801 2110 factum
1817 2073 1943 2101 estnon
1959 2071 2034 2111 qui-

1086 2109 1158 2139 dem
1175 2109 1313 2149 superba
1329 2111 1566 2150 sinqzclaritate,
1583 2112 1677 2151 qnasi
1695 2112 1786 2149 alios,
1803 2112 1860 2152 qui
1875 2112 1971 2143 aliter
1986 2112 2032 2152 fe-

1087 2154 1206 2187 cerant,
1226 2151 1399 2191 reprobare
1417 2153 1565 2189 voluerit,
1582 2152 1636 2184 sed
1651 2153 1818 2193 sinqulari
1835 2153 2032 2190 humilitate,

1086 2201 1147 2231 qua
1162 2202 1181 2223 a
1198 2194 1309 2224 sancta
1327 2194 1515 2225 rusticitatis
1526 2196 1723 2226 monasticae
1734 2194 1964 2226 consuetudine
1977 2204 2033 2226 nec

1066 2258 1067 2263 ,
1085 2232 1192 2273 facile,
1210 2243 1266 2265 nec
1282 2235 1343 2265 cito
1360 2235 1454 2266 avelli
1474 2236 1590 2276 poluit.
1616 2235 1681 2267 Hos
1702 2236 1820 2277 quine
1842 2236 2034 2276 maqnificos

1087 2277 1264 2315 apparatus
1278 2275 1344 2307 sive
1361 2276 1394 2306 ιἰι
1410 2280 1498 2316 equis
1512 2279 1577 2308 sive
1594 2277 1626 2308 in
1643 2277 1790 2313 vestibus,
1807 2287 1844 2309 ac
1856 2278 1926 2309 aliis
1942 2280 2034 2309 eaete-

1087 2316 1229 2348 rioribus
1246 2319 1448 2348 ornamentis
1465 2345 1472 2355 ,
1490 2327 1567 2358 quos
1587 2320 1734 2359 plerique
1753 2328 1891 2360 pompas
1908 2321 2031 2357 vocant,

1087 2369 1108 2389 a
1133 2361 1274 2398 tempore
1296 2359 1330 2390 B.
1360 2358 1505 2391 Silvestri
1535 2360 1589 2400 Pp.
1620 2360 1665 2392 Ss.
1697 2361 1812 2392 Patres
1839 2369 1902 2391 non
1924 2360 2031 2391 solum

1066 2413 1069 2422 ·
1087 2399 1214 2431 Summi
1237 2400 1423 2440 Pontifices.
1439 2401 1493 2432 sect
1508 2404 1538 2431 ot
1553 2401 1613 2433 alii
1629 2402 1769 2432 minores
1791 2401 1943 2441 Episcopi
1966 2411 2030 2432 non

1088 2440 1127 2473 ad
1149 2450 1253 2477 snam,
1275 2441 1330 2473 sest
1353 2442 1392 2473 att
1411 2442 1530 2474 Christi
1553 2446 1582 2474 et
1609 2443 1772 2474 Ecclesiae
1796 2444 1864 2473 eius
1887 2443 2030 2483 pluriam

1087 2482 1306 2513 extollendam
1329 2483 1548 2515 intractumtsse
1571 2483 1720 2516 credendi
1735 2487 1819 2515 sunt.

1129 2523 1143 2544 ‘2
1160 2525 1224 2555 Vid.
1240 2525 1376 2561 Sandini,
1399 2524 1486 2557 Vitae
1504 2526 1560 2556 ΡΡ.
1578 2525 1636 2557 ΒΗ.
1651 2526 1708 2556 sub
1729 2524 1895 2557 Caelestia.
1917 2523 1946 2555 V.

1126 2566 1140 2586 3
1158 2566 1244 2596 Extat
1271 2568 1348 2596 inter
1373 2566 1625 2598 constitutiones
1644 2576 1722 2606 quas
1740 2566 1778 2597 de
1793 2566 1938 2605 fratrum
1953 2575 2030 2597 suo-

1088 2616 1161 2637 rum
1176 2607 1310 2639 consilio
1330 2607 1503 2639 Bonifacius
1519 2609 1580 2639 VllI
1597 2607 1788 2648 rediqendas
1805 2607 1908 2643 dumi,
1927 2613 1960 2639 ut
1975 2617 2031 2646 pa-

1086 2652 1131 2679 tet
1154 2657 1190 2679 ex
1214 2658 1281 2688 cap.
1312 2648 1472 2689 Quoniam
1502 2650 1525 2686 1,
1553 2649 1596 2680 De
1622 2648 1865 2680 renuntiatione
1879 2649 1908 2678 in
1927 2647 1957 2681 6.
1973 2651 2028 2686 Qui

1088 2694 1199 2727 tenent,
1210 2691 1414 2732 Caelestinum
1433 2692 1452 2720 V
1467 2691 1563 2721 fuisse
1578 2692 1707 2729 primum
1720 2692 1853 2729 papatus
1868 2691 2029 2721 renuntia—

1087 2735 1193 2769 torem,
1207 2731 1372 2762 consulant
1387 2733 1415 2762 S.
1432 2734 1550 2763 Petrum
1571 2732 1705 2762 Damiani
1723 2733 1752 2762 in
1770 2730 1866 2771 Epist.
1886 2730 1904 2761 9
1918 2732 1957 2761 ad
1977 2733 2028 2763 Ni-

1089 2773 1209 2803 colaum
1221 2773 1248 2804 11
1263 2772 1357 2813 (quod
1375 2777 1420 2804 est
1433 2782 1536 2812 opusc.
1550 2774 1614 2804 XIX
1628 2773 1666 2804 de
1682 2771 1871 2803 abdication.
1882 2771 2028 2813 Episcop.

1089 2824 1114 2845 c.
1128 2813 1158 2854 3)
1174 2823 1203 2853 p.
1222 2814 1281 2844 213
1296 2819 1314 2845 t.
1327 2815 1376 2851 ΙΙΙ,
1388 2815 1438 2845 ubi
1453 2814 1563 2844 scribit
1577 2816 1667 2845 etiam
1678 2815 1821 2845 loannem
1837 2814 1902 2845 xlx
1919 2818 2029 2854 sponte

1090 2856 1301 2886 Pontificatum
1318 2865 1406 2886 suum
1424 2856 1626 2886 renuntiasse.

1129 2897 1143 2919 4
1160 2897 1354 2927 Ptolomaeus
1372 2897 1527 2934 Lucensis,
1543 2896 1620 2927 His-l.
1638 2895 1718 2927 Eccl.
1736 2896 1754 2926 Ι.
1772 2895 1813 2927 24
1826 2921 1834 2935 ,
1850 2905 1875 2927 c.
1894 2895 1943 2927 34.
1965 2909 1976 2925 «
1995 2897 2029 2928 Iu

1087 2937 1227 2969 custodia
1251 2939 1372 2976 ponitur
1389 2941 1417 2967 et
1433 2942 1553 2968 tenetur
1578 2947 1632 2976 pro
1649 2937 1786 2968 cavendo
1803 2937 1951 2969 scandalo
1968 2939 2030 2969 Ro-

1088 2988 1197 3010 manae
1213 2978 1385 3016 Ecclesiae,
1403 2979 1473 3018 quia
1498 2979 1579 3017 apud
1604 2979 1724 3018 aliquos
1748 2979 1965 3018 dubitabatur,
1991 2989 2030 3010 an

1089 3021 1198 3051 cedere
1215 3021 1374 3057 potuisset,
1391 3024 1419 3049 et
1435 3021 1478 3050 sic
1496 3024 1615 3059 poterat
1631 3019 1766 3051 schisma
1785 3022 1814 3051 in
1827 3020 1964 3051 Ecclesia
1980 3029 2031 3061 ge-

1088 3062 1202 3092 nerari.
1220 3062 1332 3091 'sentus
1356 3061 1449 3101 igitur
1471 3060 1502 3091 in
1527 3062 1666 3092 custodia
1689 3071 1749 3092 non
1774 3062 1895 3102 quidem
1919 3062 2028 3101 libera,

1088 3104 1215 3133 honesta
1232 3107 1344 3139 lamen,
1361 3103 1390 3131 in
1408 3103 1513 3133 Castro
1530 3103 1672 3133 Fumonis
1690 3103 1719 3133 in
1737 3104 1902 3142 Campania
1920 3114 1948 3135 n.

1128 3145 1142 3166 ὖ
1159 3144 1205 3174 Uti
1222 3144 1347 3182 Dantes,
1363 3143 1393 3174 in
1410 3142 1530 3182 Ins'ern.
1547 3144 1594 3178 ΙΙΙ.
1610 3145 1659 3176 59.
1676 3145 1716 3175 De
1743 3145 1895 3175 sententia
1925 3145 2030 3176 Dantis

1089 3185 1119 3216 in
1153 3186 1212 3215 hoc
1234 3185 1279 3216 sui
1303 3186 1455 3224 poematis
1478 3185 1546 3217 loco
1571 3186 1733 3217 consulere
1754 3187 1839 3217 iuvat
1854 3186 1965 3218 Benev.
1988 3186 2029 3218 de

1798 3228 1823 3267 6
