2241 3473
269 151 343 190 118

212 228 362 266 strabat
380 238 409 264 s.
429 226 682 275 Augustinus.
703 226 740 263 Is
768 237 829 263 an.
851 225 927 263 354
956 225 1149 273 Tagastae

213 280 254 318 in
269 279 451 319 Numidia
471 281 596 323 natus,
611 290 751 326 magno
770 278 923 326 ingenio
939 278 1148 326 praeditus,

213 333 354 371 litteris
373 331 630 379 doctrinisque
653 331 772 368 variis
791 331 980 378 imbutus,
1001 332 1067 369 sed
1086 331 1149 368 iu-

211 386 330 424 venili
350 385 486 422 ardore
505 385 544 420 in
564 383 659 420 vitia
679 384 876 432 abreptus,
896 384 1149 422 Manichaeo—

212 451 296 477 rum
315 448 464 475 errores
493 436 670 485 suscepit.
693 437 798 475 Artis
822 437 1014 475 oratoriae
1044 438 1148 486 peri—

209 492 389 535 tissimus,
405 489 653 537 Carthagine,
669 490 831 536 Romae,
843 491 979 528 deinde
996 491 1148 528 Medio-

209 545 299 590 lani,
319 543 550 580 rhetoricam
573 542 713 581 docuit.
730 543 813 581 Hoc
835 555 993 581 munere
1009 544 1151 581 Medio-

209 597 287 634 lani
309 596 483 644 fungens,
500 607 528 632 s.
550 596 742 633 Ambrosii
759 597 998 634 sermonibus
1018 598 1151 634 incita-

208 653 285 696 tus,
305 648 550 686 manichaeos
570 660 719 687 errores
740 650 947 696 abiuravit,
967 652 1006 687 et
1026 651 1148 699 bapti-

208 706 315 740 zatus
336 702 373 738 in
396 702 562 750 patriam
584 703 710 748 rediit,
728 703 790 740 ubi
811 704 835 740 3
855 704 1010 741 circiter
1029 715 1150 741 anno-

208 767 295 793 rum
315 756 438 803 spatio
468 755 687 792 litterarum
707 756 847 794 studiis
876 760 916 794 et
935 757 1090 806 pietatis
1109 769 1150 794 e-

208 808 382 846 xercitiis
398 809 565 845 vacavit.
577 809 649 847 An.
661 809 736 847 391
750 810 927 858 quamvis
943 811 1149 857 reluctanS,

207 862 413 910 presbyter
432 861 634 900 ordinatus
663 865 722 900 est
742 875 765 900 a
785 863 944 901 Valerio
973 863 1149 913 episcopo

207 914 466 963 Hipponensi:
483 916 546 963 qui
569 915 681 963 paulo
699 919 784 964 post
803 919 994 963 metuens,
1015 929 1062 954 ne
1079 919 1152 954 Au-

205 968 383 1016 gustinus
403 968 470 1006 alii
491 968 682 1006 ecclesiae
704 971 896 1018 regendae
918 971 1151 1019 praeficere-

207 1024 383 1068 tur-,eum
399 1021 472 1058 sibi
487 1021 527 1058 in
548 1021 771 1071 episcopatu
788 1023 1025 1072 Hipponensi
1043 1024 1152 1061 coad-

203 1073 367 1111 iutorem
388 1077 428 1112 et
447 1078 533 1123 post
553 1077 718 1112 mortem
749 1088 1012 1114 successorem
1042 1077 1152 1126 petiit

204 1139 249 1165 ac
268 1127 507 1176 impetravit.
529 1129 774 1177 Augustinus
794 1142 894 1167 anno
914 1130 990 1168 395
1011 1131 1153 1178 episco-

205 1192 277 1230 pus
297 1183 567 1227 consecratuS,
588 1182 831 1220 commissam
851 1184 921 1221 sibi
949 1185 1151 1222 ecclesiam

203 1234 315 1272 annis
343 1234 393 1272 36
422 1235 666 1283 gubernavit,
686 1237 791 1273 vitae
820 1236 1039 1283 sanctitate,
1059 1249 1150 1274 eru-

203 1287 348 1325 ditione
369 1287 578 1336 relatisque
608 1289 654 1326 de
684 1290 836 1327 haeresi
866 1289 1039 1328 victoriis
1068 1293 1150 1328 toto

204 1341 298 1379 orbe
318 1341 594 1379 celeberrimus
611 1341 635 1380 ¹.

255 1394 317 1432 66.
339 1394 482 1432 Sz‘rz'cz'z'
499 1396 574 1443 Pp.
594 1395 726 1433 obitus
746 1395 832 1446 (cm.
853 1395 949 1446 398)
969 1419 1021 1424 —
1043 1398 1151 1435 Post-

205 1460 321 1497 quam
342 1447 506 1485 Siricius
527 1449 598 1497 Pp.
620 1449 732 1487 annis
756 1450 804 1488 13
824 1450 1035 1488 Ecclesiam
1057 1463 1150 1488 san-

202 1505 264 1539 cte
285 1501 550 1551 gubernasset,
568 1514 629 1540 an.
650 1503 727 1540 398
748 1503 914 1541 decessit
928 1501 953 1541 ².
974 1504 1069 1542 Eius
1090 1517 1150 1542 no-

202 1567 291 1592 men
329 1555 507 1592 Romano
547 1555 829 1606 Martyrologio
862 1557 1150 1595 inscribendum

201 1609 359 1647 censuit
377 1608 615 1646 Benedictus
636 1609 732 1647 XIV
747 1609 773 1647 3.
786 1610 1014 1647 —Baronio
1035 1623 1151 1659 quae-

205 1663 291 1699 dam
307 1661 435 1699 Siricii
451 1662 701 1700 sanctitatem
721 1663 932 1701 obscurare
947 1664 1032 1701 visa
1046 1666 1149 1711 sunt,

205 1716 308 1764 quod
336 1715 577 1764 periclitanti
611 1718 770 1765 propter
796 1716 1038 1766 Origenistas
1070 1718 1149 1755 Ec-

201 1768 341 1806 clesiae
375 1780 451 1806 non
486 1769 620 1807 statim
654 1770 868 1807 occurrerit
882 1800 891 1817 ,
920 1771 986 1808 sed
1020 1771 1148 1820 potius

201 1822 566 1860 communicatorias
593 1822 742 1861 litteras
761 1824 903 1861 Rufino
919 1854 928 1870 ,
958 1824 1147 1862 acerrimo

200 1875 380 1924 Origenis
400 1875 606 1921 defensori,
627 1877 874 1924 concesserit,
895 1878 998 1925 quod
1021 1889 1146 1915 exem-

203 1928 267 1977 plo
288 1929 500 1967 decessoris
529 1929 590 1967 sui
615 1930 771 1968 Damasi
792 1931 831 1968 in
861 1930 1146 1969 conscribendis

204 1981 376 2030 epistolis
405 1994 522 2031 opera
551 1995 580 2020 s.
603 1983 833 2033 Hieronymi
856 1996 955 2023 ausus
977 1996 1051 2021 non
1081 1984 1145 2031 sit,

203 2047 325 2084 neque
345 2035 400 2080 ei,
421 2037 463 2072 ut
491 2047 561 2084 par
581 2039 677 2083 erat,
706 2037 859 2076 faverit.
881 2038 1028 2075 Verum
1049 2038 1145 2075 haec

203 2088 360 2126 minime
374 2088 500 2126 Siricii
520 2090 716 2128 sanctitati
732 2092 865 2130 obesse
882 2092 1038 2140 debent3
1055 2103 1144 2129 nam

242 2229 253 2251 ¹
271 2229 399 2267 possid„
416 2229 497 2259 Vita
508 2239 534 2259 s.
547 2227 750 2266 Auyustz‘ni;
764 2228 934 2268 Tillemont,
947 2228 1143 2269 Mc'moires,

199 2275 219 2303 t.
236 2271 313 2309 xltt;
331 2270 467 2302 Bolland.
485 2273 568 2301 Acta
586 2270 644 2300 SS.
662 2273 679 2300 t.
698 2272 729 2300 vl
747 2272 879 2307 augusti.

239 2312 253 2333 Ἰ
270 2313 512 2352 Papebrocbius,
529 2313 557 2342 in
575 2311 711 2342 Conatu
728 2312 896 2343 Chronico
911 2312 1090 2343 Historico
1105 2313 1143 2343 ad

199 2355 352 2392 Siricium,
369 2363 398 2385 n.
413 2354 441 2391 9,
459 2354 568 2394 inquit:
587 2352 768 2383 Hactenus
786 2354 938 2384 Romani
954 2354 1144 2395 Pontifices

198 2396 370 2436 Episcopos
393 2405 467 2426 sese
488 2394 701 2434 simpliciter
722 2395 944 2434 scripserant
966 2396 1005 2425 in
1019 2397 1144 2435 penui·

199 2438 268 2476 nis,
291 2447 379 2478 quae
400 2437 540 2477 quidem
563 2435 802 2467 inveniuntur
817 2437 987 2475 epistolis;
1001 2438 1144 2477 primus

201 2481 305 2519 (quod
319 2478 460 2518 quidem
474 2478 628 2514 sciatur)
646 2477 768 2516 Papae
791 2488 915 2508 nomen
931 2479 998 2509 sibi
1017 2479 1144 2510 tribuit

198 2522 322 2552 Siricius
340 2521 450 2561 Papa,
466 2519 678 2551 Orthodoxis
689 2528 755 2558 per
765 2519 925 2550 diversas
935 2521 1142 2560 prouincias

198 2562 404 2593 scribens.—
418 2562 502 2600 Quod
526 2562 649 2602 quidem
667 2561 725 2591 iam
742 2564 832 2590 antea
850 2561 1070 2593 observaverat
1088 2564 1141 2592 Pe-

198 2607 262 2635 trus
286 2604 439 2635 camelius
463 2605 491 2634 in
515 2613 571 2634 sua
588 2602 895 2642 Metropolicarum
917 2603 1058 2634 Urbium
1078 2604 1142 2634 Hi-

197 2646 320 2685 storia,
333 2650 351 2676 t.
364 2646 394 2683 1,
411 2647 488 2685 part.
505 2644 534 2683 2,
551 2645 672 2675 dissert.
690 2645 717 2681 1,
735 2653 760 2674 c.
777 2643 804 2673 2.
822 2645 875 2674 Hic
893 2644 970 2674 idem
988 2649 1094 2675 auctor
1111 2647 1139 2676 in

198 2688 290 2718 citata
314 2688 443 2718 Dissert.
468 2691 545 2726 part.
562 2686 586 2723 1,
603 2695 627 2716 c.
646 2685 679 2722 1,
697 2685 815 2725 scribit,
832 2686 957 2715 saeculo
975 2691 1060 2716 sexto
1080 2688 1139 2716 Eu-

199 2729 320 2759 nodium
337 2729 541 2767 Ticinensem,
553 2727 781 2764 cassiodorum,
795 2729 823 2756 et
842 2727 1012 2756 Liberatum
1027 2736 1138 2758 vocare

198 2771 396 2801 consuevisse
419 2771 585 2801 Romanum
610 2769 795 2808 Episcopum
820 2767 968 2807 Papam.
984 2769 1139 2799 Antistites

197 2820 270 2842 vero
297 2812 426 2842 aliarum
457 2810 661 2842 Ecclesiarum
687 2811 871 2849 Episcop0s;
895 2813 1001 2848 postea
1025 2811 1137 2840 sensim

197 2853 375 2890 obtinuisse,
393 2857 423 2883 ut
439 2862 519 2883 nono
536 2853 660 2883 saeculo
677 2855 815 2888 exeunte,
833 2852 878 2881 vel
895 2850 1014 2880 decimo
1032 2851 1138 2881 incun-

198 2898 237 2932 te,
258 2894 378 2933 Papae
394 2902 502 2924 nomen
519 2895 567 2924 uni
587 2895 722 2924 Romano
740 2892 876 2923 Pontifici
894 2893 1084 2922 tribueretur.
1101 2909 1137 2914 —

197 2937 239 2966 De
255 2936 373 2975 origine
390 2938 418 2965 et
435 2937 556 2966 notione
572 2935 702 2965 nominis
718 2935 812 2974 Papa
825 2934 890 2964 t'usc
903 2934 1058 2972 disputant
1075 2935 1137 2964 Bol-

197 2977 331 3007 landiani
349 2978 376 3007 in
394 2975 556 3007 Historia
575 2977 821 3016 Chronoloqic‘a
837 2975 1137 3006 Patriarclzarum

195 3017 521 3056 Alexandrinorum
547 3019 715 3056 praemissa
735 3023 751 3048 t.
772 3018 791 3047 V
809 3018 890 3055 iunii,
908 3021 936 3047 et
953 3017 1136 3048 Benedictus

197 3061 270 3097 XlV,
287 3060 335 3090 De
352 3060 490 3100 Synodo
506 3060 727 3096 Dioccesana,
743 3060 761 3091 l.
779 3059 800 3096 Ι,
818 3070 842 3090 c.
861 3058 888 3095 3,
904 3058 918 3099 ’ᾗ
934 3057 962 3090 t.

235 3102 248 3122 ³
266 3101 328 3131 Vid.
346 3101 497 3131 Benedici.
516 3103 586 3139 xiv,
601 3102 649 3131 De
665 3102 852 3132 Servorum
867 3100 931 3132 Dei
942 3101 1137 3142 Beatificat.

195 3148 229 3173 et
245 3143 379 3174 Beaeor.
398 3143 562 3173 Canania.
581 3144 596 3172 1.
617 3144 661 3178 lv,
679 3146 755 3181 part.
775 3144 806 3180 ll,
825 3154 849 3174 c,
867 3145 901 3181 5,
920 3152 947 3174 n.
964 3142 992 3179 t,
1009 3144 1080 3174 etin
1099 3144 1136 3172 1⁴2-

195 3185 263 3224 pist.
281 3184 451 3224 praemissa
468 3184 722 3224 Martyroloyio
736 3186 904 3223 Romano,
917 3184 933 3225 ’ξ
945 3184 979 3216 51
996 3188 1025 3215 et
1037 3193 1135 3224 seqq..

194 3226 244 3256 ubi
263 3227 411 3257 rationem
428 3226 538 3263 reddit,
554 3236 608 3257 cur
624 3227 664 3256 ita
681 3228 842 3258 censuerit.

687 160 842 188 EPOCHA
870 161 926 187 111.
955 160 983 186 Α
1011 159 1287 188 CONVERSIONE
1315 161 1578 191 CONSTANTINI
1603 165 1646 192 M.

1194 231 1346 276 quando
1378 229 1562 268 Pontifex
1593 231 1955 270 communicatorias
1988 231 2141 271 litteras

1194 282 1300 321 dedit
1318 283 1546 328 Rufino‚hic
1561 284 1660 321 bene
1677 285 1873 332 audiebat,
1895 286 2140 334 Origenistae

1194 347 1286 374 vero
1305 336 1534 374 tumultuati
1565 339 1657 374 sunt
1685 341 1769 386 post
1787 338 1914 376 Siricii
1947 342 2141 386 mortem3

1194 389 1284 437 quia
1303 393 1388 440 post
1404 389 1559 427 Damasi
1576 390 1721 427 obitum
1737 403 1765 428 s.
1784 390 2046 440 Hieronymus
2064 392 2146 429 Ro-

1193 454 1279 480 mae
1301 443 1525 489 multorum,
1537 443 1653 480 etiam
1668 455 1688 480 e
1704 444 1819 490 clero,
1831 445 1962 482 odium
1981 449 2020 483 et
2036 445 2142 482 invi-

1194 495 1298 533 diam
1318 496 1454 543 subiit,
1475 496 1564 533 hinc
1595 496 1755 533 Siricius
1785 498 1832 534 ad
1853 498 2041 536 sedandos
2070 501 2137 536 tu-

1196 549 1337 587 multus
1357 549 1464 586 illum
1485 550 1633 586 Romae
1656 561 1729 586 non
1750 550 1924 596 retinuit,
1950 552 2018 589 sed
2039 552 2140 590 San—

1194 605 1344 639 ctorum
1356 603 1530 639 locorum
1546 605 1585 639 et
1600 602 1818 640 studiorum
1834 604 1973 641 ardore
1994 604 2141 643 infiam-

1192 660 1342 692 matum
1362 656 1651 705 Hierosolymas
1670 656 1824 705 regredi
1845 657 2021 704 permisit
2036 657 2062 695 ¹.

1245 709 1492 747 Anastasius
1522 709 1932 758 Ponte'seoe—Siricio
1960 710 1999 747 in
2028 722 2138 748 sum-

1195 774 1256 799 mo
1276 762 1503 811 pontificatu
1524 763 1709 800 successit
1727 763 1970 808 Anastasius,
1989 764 2139 801 Roma-

1194 827 1280 862 nus,
1297 815 1360 864 qui
1380 816 1490 853 annis
1510 816 1533 853 4
1555 816 1766 853 Ecclesiam
1787 817 2141 866 gubernavit—Is,

1196 871 1237 906 ut
1255 872 1314 906 est
1345 869 1383 905 in
1419 869 1535 907 Libro
1569 869 1789 907 Pontificali
1806 900 1815 916 ,
1842 871 2058 908 constituit
2094 875 2142 907 ut

1193 925 1524 971 quotiescumque
1555 928 1698 960 sancta
1723 923 1956 971 Evanqezia
1985 924 2139 961 recita-

1194 981 1356 1022 rentur,
1376 977 1603 1014 sacerdotes
1623 987 1706 1013 non
1725 976 1921 1022 sederent,
1937 976 2006 1014 sed
2023 977 2144 1014 curvi

1194 1034 1353 1066 starent
1366 1027 1393 1076 ²,
1413 1035 1461 1066 ut
1478 1030 1663 1067 videlicet
1683 1030 1974 1076 humilitatem,
1994 1041 2100 1078 quae
2114 1041 2140 1067 a

1195 1082 1372 1120 Domino
1400 1083 1567 1120 docetur
1583 1113 1593 1130 ,
1626 1084 1749 1120 etiam
1782 1094 1950 1131 corpore
1981 1082 2141 1122 demon-

1194 1141 1389 1174 strarent.

1247 1189 1309 1226 67.
1335 1190 1660 1238 Θνῑῃθηίεΐανιιπι
1695 1190 1897 1226 tumultus
1911 1210 1964 1216 -
1978 1189 2140 1227 Pontifi-

1195 1245 1328 1280 catum
1347 1246 1506 1291 gerente
1532 1242 1737 1280 Anastasio
1750 1273 1760 1289 ,
1779 1254 1920 1291 graves
1939 1243 1979 1280 in
1999 1243 2139 1280 Eccle-

1195 1295 1252 1332 sia
1270 1296 1464 1334 tumultus
1484 1297 1706 1334 excitarunt
1726 1296 1984 1345 Origenistae.
2006 1296 2062 1333 De
2082 1296 2138 1334 O-

1198 1349 1338 1398 rigenis
1372 1351 1548 1387 doctrina
1581 1352 1619 1387 et
1653 1350 1884 1387 orthodoxia
1915 1352 2001 1387 tum
2034 1351 2138 1397 ante,

1192 1406 1274 1440 tum
1298 1406 1382 1452 post
1397 1403 1479 1440 eius
1495 1409 1675 1449 mortem,
1694 1404 1953 1452 disceptatum
1969 1402 2054 1441 fuit.
2065 1403 2140 1441 Ve-

1193 1456 1410 1494 hementius
1432 1458 1477 1494 de
1497 1457 1633 1494 iisdem
1652 1459 1782 1495 actum
1802 1460 1878 1503 est,
1900 1469 2021 1505 quum
2040 1456 2140 1494 aria-

1195 1509 1231 1546 ni
1257 1510 1304 1547 ad
1332 1510 1534 1547 haereseos
1554 1523 1648 1548 suae
1668 1510 1935 1548 defensionem
1967 1510 2089 1548 multa
2116 1521 2137 1547 e

1193 1562 1344 1612 scriptis
1370 1564 1451 1600 eins
1477 1567 1766 1601 mutuarentur.
1788 1564 1911 1601 Erant
1930 1565 2060 1600 autem
2080 1562 2136 1600 O-

1192 1615 1466 1664 rigenistarum
1499 1617 1571 1666 (sic
1597 1617 1698 1664 enim
1728 1616 1819 1654 dicti
1847 1618 1940 1654 sunt
1959 1615 2137 1665 Origenis

1192 1669 1432 1720 defensores)
1462 1670 1560 1707 duae
1589 1670 1742 1708 classes.
1764 1669 1840 1706 Alii
1871 1669 2029 1718 quidem
2048 1669 2138 1717 Ori-7

1191 1734 1352 1770 genem,
1385 1723 1547 1772 eiusque
1574 1723 1852 1761 auctoritatem
1880 1722 2024 1761 acriter
2055 1726 2140 1761 tue-

1192 1777 1345 1823 bantur,
1362 1776 1444 1814 eius
1465 1777 1501 1813 in
1523 1789 1605 1814 rem
1626 1776 1880 1814 christianam
1898 1776 2040 1814 merita
2056 1776 2138 1814 lau-

1190 1830 1347 1875 dabant,
1367 1830 1497 1878 inepte
1513 1831 1561 1867 ab
1582 1843 1626 1868 eo
1642 1830 1786 1879 scripta
1807 1842 1882 1867 non
1901 1831 2137 1879 probabant,

1187 1884 1251 1920 sed
1268 1883 1430 1932 benigne
1447 1884 1819 1933 interpretabantur,
1835 1883 1994 1931 eiusque
2015 1883 2134 1922 libros

1188 1937 1236 1974 ab
1257 1937 1459 1975 haereticis
1488 1941 1690 1986 corruptos
1711 1937 1900 1974 dicebant.
1918 1936 1995 1974 Alii
2023 1938 2136 1974 tanta

1189 1991 1438 2027 veneratione
1457 1991 1566 2027 illum
1583 1991 1928 2040 prosequebantur,
1945 1992 1987 2027 ut
2002 1989 2135 2037 etiam,

1187 2043 1252 2091 qui
1272 2044 1311 2080 in
1332 2043 1484 2092 scriptis
1505 2044 1589 2081 eius
1618 2043 1896 2090 occurrebant,
1915 2054 2070 2082 errores
2090 2055 2134 2081 a-

1187 2097 1351 2134 cerrime
1371 2097 1632 2135 defenderent.

1239 2150 1493 2199 Origenianas
1522 2154 1652 2199 partes
1672 2150 1801 2189 acrius
1835 2150 2135 2200 propugnabant

1189 2204 1365 2241 monachi
1382 2203 1600 2242 Nitrienses
1616 2204 1653 2241 in
1669 2205 1867 2253 [Egypt03
1883 2203 1950 2252 qui
1961 2204 2133 2241 fateban-

1186 2260 1252 2295 tur
1265 2287 1274 2304 ,
1295 2257 1407 2295 libris
1428 2257 1607 2305 Origenis
1629 2269 1782 2296 errores
1801 2257 1941 2304 inesse,
1961 2257 2029 2295 sed
2047 2256 2133 2294 Ori-

1185 2323 1324 2361 genem
1345 2311 1392 2348 ab
1413 2310 1488 2348 illis
1508 2311 1718 2349 immunem
1737 2341 1747 2359 ,
1768 2322 1910 2360 eosque
1931 2311 1978 2349 ab
1997 2311 2130 2348 haere-

1223 2439 1235 2460 ¹
1253 2440 1289 2470 Cf
1300 2440 1462 2471 Florentia.
1481 2438 1633 2469 Emer-cit.
1645 2439 1707 2470 xvt
1725 2438 1762 2469 in
1782 2437 1968 2480 Martyrol.
1982 2437 2129 2469 Hieron.

1183 2482 1222 2512 ad
1240 2483 1274 2512 vt
1291 2482 1409 2512 calend.
1427 2481 1598 2517 decembm
1615 2481 1714 2519 Neris,
1729 2480 1819 2511 Diss.
1834 2480 1875 2510 de
1891 2479 2032 2511 sanctit.
2047 2478 2131 2511 Siri-

1183 2523 1241 2561 cii,
1268 2523 1365 2563 Opcr.
1390 2528 1407 2553 t.
1434 2523 1485 2560 lV,
1503 2532 1530 2562 p.
1549 2522 1623 2559 7⁹21;
1641 2522 1792 2553 Benedict,
1812 2522 1884 2560 xlv,
1901 2522 1951 2552 De
1967 2521 2081 2561 beatis.
2097 2527 2131 2552 et

1182 2565 1354 2603 canonia„
1372 2566 1388 2595 l.
1409 2565 1454 2601 lV,
1472 2574 1501 2603 p.
1517 2563 1556 2601 11,
1574 2574 1598 2595 c.
1616 2565 1648 2601 5;
1666 2564 1751 2603 Pagi,
1772 2563 1853 2596 Crit.
1871 2563 1910 2594 ad
1927 2572 1976 2593 an.
1993 2561 2062 2594 398.

1221 2606 1236 2627 2
1254 2608 1336 2637 Ritus
1354 2610 1400 2637 est
1417 2606 1647 2645 antiquissimus
1663 2606 1693 2636 in
1711 2605 1856 2643 Ecclesia,
1872 2608 1941 2635 dum
1959 2604 2073 2646 legitur
2087 2604 2130 2635 E-

1182 2649 1356 2687 vangelium
1374 2657 1478 2678 omnes
1496 2656 1673 2687 assurgere,
1687 2650 1718 2677 ut
1734 2651 1878 2687 tanquam
1891 2646 1970 2677 servi
1987 2649 2058 2676 ante
2073 2645 2128 2676 Do-

1182 2690 1295 2719 minum
1320 2699 1351 2719 sc
1370 2693 1506 2728 promtus
1523 2692 1551 2719 et
1568 2693 1693 2727 paratos
1711 2688 1875 2719 ostendant
1892 2688 1930 2718 ad
1947 2687 2126 2727 exequenda

1182 2731 1326 2761 mandata
1342 2732 1404 2767 bei,
1422 2740 1501 2770 quae
1518 2731 1546 2760 in
1564 2730 1728 2770 Evangelio
1747 2730 1992 2769 promulgantur.
2009 2727 2126 2758 videsis

1182 2772 1332 2802 Cardinal.
1358 2773 1453 2809 Bona,
1479 2773 1562 2802 Rer.
1585 2771 1800 2811 Liturqicar.
1818 2772 1836 2802 l.
1851 2771 1889 2809 11,
1905 2779 1929 2800 c.
1948 2769 1975 2805 7,
1991 2768 2007 2810 Ξ
2023 2768 2050 2800 3.
2069 2769 2128 2800 Cur

1182 2816 1281 2842 autem
1300 2814 1356 2843 boc
1371 2814 1527 2843 decretum
1543 2814 1722 2844 Anastasius
1736 2813 2026 2849 conderet,causam
2041 2819 2128 2850 prae-

1182 2855 1245 2884 buit
1261 2856 1413 2884 eontentio
1431 2856 1543 2885 Romae
1561 2855 1759 2894 presbyteros
1776 2854 1855 2884 inter
1867 2856 1896 2884 et
1908 2852 2054 2882 diaconos
2068 2852 2127 2883 ob-

1181 2899 1257 2926 orta.
1274 2896 1396 2926 Diaconi
1415 2897 1505 2931 enim,
1520 2900 1547 2927 ut
1567 2897 1657 2927 refert
1674 2896 1823 2926 Baronins
1837 2894 1875 2924 ad
1889 2903 1938 2924 an.
1949 2892 2019 2931 402,
2034 2902 2062 2924 n.
2075 2892 2126 2933 44,

1181 2946 1229 2967 res
1254 2937 1407 2967 Ecclesiae
1425 2937 1676 2968 administrantes
1693 2936 1858 2975 supercilio
1874 2935 1945 2966 elati
1961 2935 2126 2974 presbyte-

1182 2988 1230 3008 ros
1254 2979 1449 3017 spernebant.
1474 2979 1505 3008 lli
1525 2983 1624 3010 autem
1642 2980 1671 3009 in
1689 2978 1835 3008 diaconos
1853 2978 2058 3014 insurrexere,
2075 2980 2125 3007 at-

1181 3029 1238 3058 que
1256 3021 1481 3051 contendebant
1499 3024 1527 3051 ut
1546 3030 1580 3050 ex
1598 3019 1826 3050 consuetudinis
1844 3019 1997 3049 Romanae
2015 3018 2127 3049 Eccle-

1180 3062 1242 3091 siae
1259 3063 1459 3101 praeseripto‚
1473 3062 1549 3100 ipsis
1563 3062 1750 3097 sedentibus,
1761 3060 1801 3090 illi
1815 3060 1907 3090 erecti
1922 3061 2049 3090 starent.
2064 3059 2123 3090 Sed

1179 3112 1214 3132 eo
1239 3112 1336 3142 usque
1353 3112 1522 3142 progressa
1539 3107 1585 3134 cst
1601 3103 1762 3138 contentio,
1782 3105 1813 3132 ut
1829 3111 1896 3132 cum
1914 3104 2032 3132 stantes
2048 3101 2123 3131 Dia-

1179 3145 1245 3174 coni
1264 3145 1459 3182 Evangelium
1478 3145 1505 3174 iu
1524 3144 1660 3175 Ecclesia
1677 3144 1825 3182 legerent,
1842 3142 2014 3182 Presbyteri
2031 3142 2122 3173 mini-

1179 3195 1225 3215 me
1243 3196 1258 3215 :t
1275 3188 1414 3216 sessione
1431 3188 1665 3223 consurgerent,
1680 3184 1760 3224 quod
1779 3184 1959 3216 Anastasius
1974 3185 2058 3224 Papa
2071 3192 2124 3225 ap·

1179 3229 1278 3266 posito
1295 3228 1419 3259 decreto
1435 3227 1658 3259 emendandum
1676 3226 1801 3265 putavit.
