2241 3473
461 120 601 150 VSQVE
623 121 678 148 AD
699 120 917 148 PVBLchM
937 119 1086 147 RERVM
1108 119 1153 146 IN
1173 118 1342 146 GALLHS
1360 116 1691 146 SVBVERSIONEM

103 197 192 231 orta
207 195 270 230 est
285 191 452 228 celebris
477 196 590 228 secta
609 191 1053 235 Herrenhutlianorum‚

103 257 221 296 quam
247 245 452 292 vigesimis
476 245 588 281 huius
615 245 762 282 saeculi
789 245 905 281 annis
931 249 1050 288 (ann.

104 300 270 338 circiter
298 298 399 341 1721)
428 298 596 335 instituit
621 299 809 334 Nicolaus
831 298 1055 334 Ludovicus

107 363 241 389 comes
273 351 321 388 de
355 351 606 388 Zinzendort'.
647 353 681 388 ls
709 352 1054 387 Halae-Saxonum

104 406 296 444 doctrinis
323 405 530 453 pietisticis
555 405 778 449 institutus,
806 405 953 451 aliquot
980 406 1056 440 fra-

107 463 191 496 tres
217 459 407 495 Moravos
430 488 439 502 ‚
470 471 491 495 e
522 459 641 496 terris
673 460 754 494 suis
781 459 1028 504 emigrantes
1048 487 1056 501 ‚

107 513 270 560 collegit
304 513 343 549 in
380 518 514 550 monte
543 524 663 560 prope
690 511 994 548 Bertlioldsdort'
1019 513 1056 547 in

107 567 287 609 Lusatia,
307 567 420 603 cuius
445 577 590 603 nomen
618 566 802 612 Hutberg
828 575 966 600 ansam
994 565 1058 600 de-

106 619 178 664 dit,
203 624 247 657 ut
273 620 328 657 illi
353 632 396 657 se
415 621 486 657 sub
506 621 628 657 tutela
646 619 801 655 Domini
821 620 1058 655 constitutos

107 673 302 720 dicerent,
329 681 370 711 et
395 675 533 710 locum.
553 673 670 710 istum
689 673 939 720 appellarent
959 673 1056 708 Her-

107 727 290 764 renhuth.
326 729 476 764 Montis
510 728 624 764 huius
658 727 809 762 incolas
843 738 976 762 comes
1010 725 1057 762 de

103 781 340 818 Zinzendorf
353 782 401 818 ad
421 782 612 829 pietatem
628 781 884 824 informabat,
900 791 1056 817 eorum-

105 845 180 882 que
208 839 360 878 coetus,
387 837 501 871 novis
518 846 539 872 e
559 835 744 870 Moravia
761 838 801 870 et
820 833 979 870 aliunde
1003 834 1058 868 in-

105 888 202 926 colis
219 888 539 931 advenientibus,
559 899 649 924 mox
666 892 807 924 auctus
826 892 900 924 est.
927 887 1057 928 Quum

108 953 204 978 vero
230 942 298 978 alii
315 953 365 979 ex
385 942 430 978 iis
451 942 694 985 lutlieranas,
715 941 781 976 alii
800 941 1060 983 calvinianas,

106 996 173 1032 alii
200 996 298 1033 alias
319 996 523 1032 doctrinas
542 996 842 1043 profiterentur,
861 1005 995 1030 coines
1011 993 1057 1030 de

108 1049 347 1086 Zinzendorf
370 1050 535 1086 unitatis
563 1050 772 1096 religiosae
800 1052 951 1084 statuta
973 1059 1062 1083 con—

105 1103 287 1151 scripsit,
313 1114 414 1151 quae
441 1114 506 1139 an.
535 1103 640 1146 1727,
669 1109 755 1148 post
781 1106 983 1148 sumptam
1002 1112 1063 1136 sa-

107 1167 218 1192 cram
247 1168 426 1200 coenam,
447 1157 495 1192 ab
514 1156 692 1192 omnibus
712 1155 984 1191 Herrenhutlii
1004 1154 1058 1189 in-

109 1209 209 1246 colis
235 1210 468 1247 solemniter
495 1214 679 1256 suscepta
705 1215 824 1256 atque
849 1209 1060 1244 adfirmata

108 1268 214 1300 sunt·

157 1317 219 1353 Ab
236 1316 310 1353 hoc
328 1322 509 1364 tempore
536 1317 900 1354 Herrenhuthanae
926 1319 1059 1352 sectae

109 1381 330 1418 praecones
348 1372 388 1406 in
405 1371 540 1407 varias
557 1371 799 1407 Germaniae
821 1369 1059 1418 provincias,

106 1424 249 1462 deinde
277 1426 314 1461 in
342 1425 525 1469 Daniam,
553 1425 752 1468 Sueciam,
775 1425 978 1465 Russiam,
998 1424 1059 1459 Li-

110 1478 284 1523 voniam,
310 1478 555 1522 Helvetiam,
574 1478 842 1520 Hollandiam‚
858 1477 1059 1524 Angliam,

108 1533 285 1581 aliasque
306 1538 438 1570 terras
455 1533 685 1576 Americae‚
701 1533 821 1568 Asiae
840 1536 881 1568 et
898 1531 1059 1567 Africae

92 1592 324 1631 ,extraneas
341 1615 350 1630 ,
378 1587 546 1633 profecti
573 1593 665 1622 sunt
691 1592 731 1622 et-
757 1590 894 1622 coetus
920 1584 960 1620 in
986 1585 1061 1620 illis

110 1639 347 1676 formarunt.

155 1693 480 1730 Herrenhuthani
513 1698 676 1741 praeter
703 1694 749 1729 S.
770 1692 1032 1740 'Scripturam
1051 1721 1058 1735 ,

110 1757 227 1795 quam
245 1754 289 1783 ut
306 1747 607 1784 fundamentum
635 1754 675 1784 et
702 1747 938 1794 principium
968 1746 1060 1781 divi-

110 1812 188 1838 nae
208 1801 468 1838 revelationis
485 1802 651 1845 habent,
672 1801 886 1837 admittunt
912 1800 1062 1835 divinas

108 1853 403 1902 inspirationes,
430 1855 568 1902 quibus
595 1855 883 1891 revelationem
911 1854 950 1889 in
981 1854 1063 1889 suis

109 1908 286 1945 coetibus
300 1909 483 1945 continuo
502 1909 691 1946 renovari
707 1916 747 1944 et
762 1908 893 1944 evolvi
911 1908 1060 1943 dicunt.

111 1961 192 1998 Piis
211 1962 335 1998 animi
354 1963 481 1999 sensis
509 1963 652 2009 magis,
680 1973 797 2009 quam
818 1961 1060 1997 theoreticae

109 2015 417 2052 christianarum
442 2017 659 2052 veritatum
685 2015 780 2051 fidei
803 2015 978 2051 student.
999 2015 1060 2050 Di-

109 2080 248 2106 versas
285 2069 601 2107 Christianorum
642 2069 909 2117 professiones
949 2069 1062 2116 parvi

110 2123 344 2172 pendentes,
369 2124 594 2160 Ecclesiam
613 2135 634 2160 e
653 2124 728 2171 piis
751 2123 1062 2170 quibuscumque

110 2181 296 2214 constare
329 2183 527 2214 asserunt.
561 2178 792 2214 Doctrinam
819 2177 866 2213 de
895 2182 1063 2212 cruenta

111 2230 258 2269 Christi
291 2235 420 2267 morte
452 2231 675 2278 expiatoria
705 2230 869 2266 maximi
895 2230 1059 2266 faciunt.

111 2283 170 2320 De
196 2284 402 2328 doctrinis,
430 2285 469 2320 in
496 2285 634 2332 quibus
665 2285 905 2322 christianae
925 2290 1060 2320 sectae

112 2347 137 2373 a
163 2348 206 2373 se
233 2337 404 2374 invicem
430 2338 681 2383 dissentiunt,
710 2339 849 2386 cuique
869 2349 938 2385 pro
959 2338 1062 2373 arbi—

115 2391 190 2426 trio
216 2402 288 2427 suo
315 2392 463 2428 sentire
490 2393 637 2429 licitum
665 2393 823 2436 dicunt3
849 2391 953 2428 unde
979 2395 1061 2427 tres

112 2445 218 2481 inter
243 2456 312 2481 eos
337 2445 536 2482 formatae
561 2453 653 2483 sunt
679 2448 841 2488 classes,
869 2458 965 2493 quas
985 2452 1062 2481 tro-

114 2509 185 2543 pos
215 2499 442 2546 appellant,
470 2511 613 2548 nempe
640 2506 777 2548 tropus
805 2500 1061 2544 Moravicus,

112 2552 367 2590 Lutheranus
392 2558 433 2589 et
458 2553 726 2591 Reformatus.

161 2606 297 2647 Quivis
332 2618 471 2643 eorum
504 2614 642 2644 coetus
676 2608 824 2644 divisus
853 2612 913 2644 est
941 2608 979 2643 in
1003 2608 1061 2644 sic

113 2660 240 2697 dictos
265 2660 408 2697 choros
435 2672 667 2708 puerorum,
692 2662 896 2704 iuvenum,
918 2662 1060 2709 puella-

113 2725 217 2758 rum,
229 2714 440 2761 coniugum
450 2742 458 2757 ,
473 2714 680 2750 viduorum
695 2715 967 2758 etviduarum,
981 2715 1059 2762 qui-

114 2768 186 2804 bus
211 2767 430 2815 praepositi
461 2773 552 2803 sunt
582 2768 826 2815 inspectores
861 2773 901 2804 et
934 2768 1061 2816 inspe-

114 2821 272 2858 ctrices.
301 2820 460 2856 Habent
489 2822 718 2869 episcopos,
749 2822 1060 2868 praedicatores,

114 2875 302 2911 diacOnos
329 2880 368 2910 et
393 2873 650 2910 diaconissas.
679 2877 919 2922 Supremum
940 2875 1061 2912 socie—

115 2929 208 2966 tatis
242 2929 420 2975 regimen
458 2934 519 2964 est
544 2939 665 2975 penes
693 2928 979 2964 conferentiam
1006 2941 1064 2966 se—

113 2984 285 3020 niorum.
320 2982 400 3019 Per
434 2982 592 3029 singula
622 2982 888 3029 quinquennia
923 2993 1061 3019 convo·

116 3041 208 3074 cant
238 3036 429 3085 synodum
463 3036 710 3082 generalem,
740 3046 839 3082 quae
865 3035 912 3071 de
947 3036 1064 3073 rebus

116 3090 365 3137 gravioribus
404 3088 594 3125 decernit.
636 3089 772 3126 Cultus
811 3088 965 3125 divinus
1003 3101 1067 3136 po-

120 3144 311 3181 tissimum
339 3142 532 3185 consistit,
560 3143 598 3177 in
626 3143 824 3189 precibus,
849 3143 1066 3188 cantu,ho-

118 3197 262 3244 miliis,
296 3204 338 3235 et
369 3209 486 3233 sacra
519 3197 652 3234 Coena
685 3208 774 3232 cuni
807 3207 952 3244 agapa.
993 3197 1066 3234 Eo-

333 3266 581 3310 WOVTERS
591 3298 600 3315 ,
632 3266 684 3307 ΙΙ.

1923 103 2005 143 273

1103 200 1189 224 rum
1218 198 1350 224 mores
1377 186 1443 222 alii
1470 184 1649 229 laudant,
1674 184 1740 221 alii
1759 186 1968 232 suspectos
1984 186 2052 222 ha-

1107 243 1198 278 bent
1218 244 1245 273 ¹·

1151 296 1208 332 52.
1244 294 1350 330 Lites
1387 294 1490 329 inter·
1523 292 1770 330 Calcinistas
1797 314 1835 320 -
1857 292 2058 334 Quemad-

1108 350 1264 385 modum
1293 349 1397 384 intcr
1424 347 1694 390 Lutlieranos,
1721 346 1778 382 ita
1804 346 1924 383 etiam
1951 347 2057 383 inter

1105 402 1346 440 Calvinistas
1360 401 1627 437 dissensiones
1642 411 1789 446 graves
1807 405 1849 437 et
1864 400 2059 438 factiones

1107 457 1243 493 variae
1272 455 1467 492 excitatae
1489 459 1592 490 sunt.
1614 454 1677 489 Sic
1696 454 1869 490 Helvetii
1884 454 1962 490 iam
1981 454 2061 502 pri-

1107 510 1180 546 mis
1206 509 1320 546 liuius
1338 508 1486 544 saeculi
1505 507 1618 543 annis
1638 508 1863 551 formulam,
1884 519 1984 555 quae
2005 507 2062 544 di—

1108 564 1272 599 cebatur
1289 562 1524 604 consensus,
1540 561 1668 607 magis
1682 561 1884 608 magisque
1904 573 2063 609 spreve-

1108 622 1213 654 runt.
1241 619 1355 652 Anno
1387 615 1478 651 1716
1500 619 1662 650 senatus
1680 615 1910 658 Bernensis,
1930 619 2059 663 postu-

1109 673 1215 708 lante
1242 669 1451 707 academia
1477 668 1742 712 Lausanensi,
1773 669 1989 713 concessit,
2017 674 2061 706 ut

1109 725 1281 761 formula
1315 724 1393 760 ista
1423 733 1501 757 non
1527 726 1571 758 ut
1595 721 1713 765 fidei,
1741 723 1811 758 sed
1839 726 1990 759 tantum
2016 727 2061 760 ut

1108 778 1312 814 doctrinae
1339 787 1482 811 norma
1511 774 1850 812 consideraretur.
1869 777 1945 811 An.
1967 776 2064 813 1722

1109 834 1296 869 effectum
1323 834 1399 873 est,
1418 834 1462 865 ut
1480 828 1674 864 formulae
1694 829 1804 865 istius
1823 830 2060 878 subscriptio

1109 887 1156 922 ab
1183 885 1317 921 invitis
1343 895 1419 919 non
1447 883 1691 929 exigeretur,
1710 886 1750 918 et
1769 883 1961 930 temporis
1976 894 2062 930 pro-

1110 952 1252 986 gressu
1279 949 1328 975 ea
1354 939 1441 974 fere
1461 936 1568 972 omni
1588 936 1824 972 auctoritate
1845 937 2004 972 excidit.
2018 937 2062 973 In

1109 994 1239 1029 Gallia
1267 998 1307 1028 et
1333 992 1449 1034 alibi,
1479 1002 1557 1025 non
1583 990 1761 1025 obstante
1789 990 1937 1037 synodo
1964 990 2062 1026 Dor-

1109 1047 1307 1090 dracensi,
1334 1045 1447 1081 multi
1471 1044 1831 1080 Universalismum
1856 1056 1927 1080 seu
1946 1055 2065 1090 gene-

1114 1101 1239 1137 ralem
1266 1099 1471 1135 hominum
1499 1097 1548 1133 ad
1566 1097 1739 1133 salutem
1757 1097 2062 1134 destinationem

1112 1155 1149 1189 in
1178 1153 1337 1190 saeculo
1365 1151 1619 1200 praecedenti
1646 1155 1914 1198 propagatum
1931 1151 2062 1187 defen·

1111 1208 1268 1251 derunt,
1297 1217 1463 1254 quorum
1486 1217 1676 1241 numerus
1694 1205 1854 1240 saeculo
1872 1205 2002 1240 XVIII
2021 1205 2061 1240 in

1113 1262 1338 1304 Hollandia,
1360 1260 1587 1296 Palatinatu
1607 1264 1647 1295 et
1665 1258 1755 1294 alibi
1782 1259 1967 1295 continuo
1996 1269 2062 1295 au-

1113 1320 1199 1352 ctus
1218 1320 1292 1359 est;
1312 1314 1399 1350 aliis
1419 1313 1791 1350 Particularismum
1808 1313 1964 1349 Calvini
1982 1313 2064 1347 vin-

1112 1369 1344 1411 dicantibus,
1375 1379 1491 1415 quem
1518 1367 1639 1403 etiam
1659 1377 1762 1401 anno
1779 1366 1872 1402 1746
1894 1365 2066 1413 synodus

1113 1423 1151 1458 in
1178 1421 1470 1469 Transylvania
1488 1421 1692 1456 celebrata
1711 1419 1979 1463 confirmavit;
1998 1419 2067 1456 sed

1114 1488 1330 1524 progressu
1373 1474 1562 1522 temporis
1604 1473 1845 1511 Calvinistae
1885 1473 2065 1520 plerique

1113 1542 1204 1566 eum
1235 1530 1511 1566 deseruerunt.
1541 1528 1585 1562 In
1616 1526 1828 1562 Hollandia
1868 1526 2066 1573 prioribus

1113 1584 1228 1621 huius
1247 1583 1396 1620 saeculi
1414 1582 1527 1618 annis
1545 1580 1655 1616 Frid.
1674 1581 1721 1616 de
1739 1580 1944 1624 Leenhoff,
1965 1579 2067 1616 Pon—

1115 1638 1244 1673 tianus
1270 1638 1317 1673 de
1341 1638 1519 1677 Hattem,
1542 1634 1689 1670 Paulus
1709 1635 1823 1682 Maty
1842 1634 1956 1670 varia
1973 1634 2066 1681 dog-

1114 1698 1222 1727 mata
1243 1720 1251 1735 ,
1279 1691 1459 1726 omnihus
1488 1689 1740 1724 diversarum
1771 1687 2065 1724 confessionum

1113 1745 1350 1782 Christianis
1377 1744 1558 1790 probata,
1587 1741 1747 1788 scriptis
1765 1741 2062 1788 impugnarunt.

1114 1798 1409 1835 Posterioribus
1434 1797 1550 1833 huius
1575 1795 1726 1832 saeculi
1743 1796 1858 1831 annis
1877 1795 2066 1842 permulti

1114 1865 1135 1889 e
1149 1853 1390 1895 Calvinistis,
1402 1851 1504 1887 sicut
1515 1849 1797 1893 eLutheranis,
1808 1849 1857 1885 ad
1872 1849 2064 1885 deismum

1113 1907 1196 1943 sive
1221 1918 1293 1954 per
1310 1905 1630 1947 naturalismum,
1658 1904 1741 1940 sive
1767 1915 1838 1951 per
1864 1902 2067 1939 rationali-

1113 1972 1243 1997 smum
1270 1960 1519 1996 deflexerunt
1535 1959 1564 1990 2.

1161 2014 1383 2050 Praeterea
1413 2013 1516 2049 inter
1549 2011 1790 2049 Calvinistas
1824 2022 1903 2046 non
1934 2010 2066 2047 minus

1113 2068 1216 2104 inter
1242 2067 1492 2104 Lutheranos
1518 2065 1686 2101 diversis
1712 2065 1752 2100 in
1780 2065 1878 2100 locis
1896 2065 2068 2111 Separa-

1114 2123 1244 2165 tistae‚
1274 2121 1436 2168 Mystici
1460 2126 1499 2156 et
1525 2119 1830 2155 phantasiastae
1858 2119 1935 2155 orti
1957 2123 2062 2154 sunt.

1115 2178 1229 2211 Anno
1257 2176 1349 2212 1730
1377 2175 1416 2210 in
1443 2173 1579 2210 Scotia
1605 2173 1829 2219 complures
1853 2173 1891 2207 in
1909 2176 2063 2208 sectam

1116 2230 1360 2272 coaluerunt,
1380 2229 1444 2276 qui
1459 2228 1506 2263 ab
1521 2231 1684 2263 auctore
1699 2238 1769 2262 suo
1785 2227 1931 2261 Ioanne
1947 2225 2064 2261 Glass

1113 2283 1204 2318 dicti
1231 2288 1323 2319 sunt
1351 2283 1480 2329 primo
1507 2281 1724 2325 Glassitae,
1752 2279 1891 2316 deinde
1917 2277 2064 2314 Sande·

1114 2337 1317 2373 manniani
1348 2348 1372 2373 a
1403 2336 1683 2372 Sandemanno
1701 2364 1709 2378 ,
1744 2335 1808 2382 qui
1834 2338 1923 2381 post
1948 2333 2063 2369 huius

1113 2392 1261 2427 saeculi
1287 2390 1488 2426 dimidium
1509 2400 1696 2436 magnam
1717 2389 1821 2424 inter
1839 2399 1909 2423 eos
1931 2390 2065 2422 aucto-

1114 2446 1276 2481 ritatem
1303 2450 1538 2481 consecutus
1565 2449 1637 2479 est.
1668 2443 1905 2489 Supremum
1929 2444 2064 2476 autem

1114 2500 1365 2547 principium,
1393 2509 1466 2546 quo
1494 2510 1517 2534 a
1543 2496 1715 2533 caeteris
1741 2494 1970 2534 Calvinistis
1995 2494 2066 2529 dif-

1114 2554 1306 2596 ferebant,
1334 2558 1436 2589 erat:
1463 2552 1554 2587 Non
1574 2556 1729 2587 tantum
1749 2549 1883 2584 omnia
1901 2559 2065 2595 praece-

1116 2613 1180 2655 pta
1198 2607 1379 2649 moralia,
1399 2617 1499 2653 quae
1518 2605 1557 2640 in
1576 2605 1627 2639 N.
1649 2604 1904 2639 Testamento
1925 2612 2061 2638 occur-

1115 2668 1232 2706 runt,
1263 2661 1512 2697 strictissime
1539 2659 1587 2695 ad
1615 2658 1789 2694 litteram
1816 2667 1903 2693 esse
1930 2656 2062 2692 obser-

1113 2716 1261 2761 vanda,
1290 2711 1360 2751 sed
1384 2716 1506 2751 etiam
1534 2723 1635 2760 quae
1662 2711 1857 2759 Christus,
1883 2711 2062 2758 Apostoli

1113 2776 1153 2807 et
1180 2769 1375 2818 primaevi
1403 2766 1607 2804 christiani
1633 2765 1762 2812 egisse
1788 2764 1826 2800 in
1855 2775 1901 2800 eo
1928 2764 2063 2810 legun-

1115 2830 1192 2868 tur,
1225 2828 1415 2870 quantum
1434 2821 1521 2857 fieri
1540 2820 1675 2867 possit,
1698 2818 1903 2854 imitanda·
1922 2819 1983 2854 Ex
2000 2829 2062 2854 ec-

1115 2877 1236 2914 clesia
1262 2877 1484 2923 Anglieana
1502 2903 1510 2918 ,
1539 2885 1638 2920 quae
1664 2873 1787 2909 etiam
1816 2871 2064 2919 Episcopalis

1162 2981 1171 3001 1
1199 2977 1315 3014 Cranz,
1343 2973 1418 3006 Alte
1443 2973 1513 3005 und
1541 2982 1626 3005 neue
1654 2969 2062 3012 Bv·2·zcle·1·historie;Span-

1116 3023 1268 3064 genberu,
1287 3021 1390 3053 Leben
1406 3019 1462 3051 cles
1480 3017 1606 3058 Grasen
1630 3028 1694 3051 von
1711 3017 1934 3060 Zinzendors}
1954 3016 2064 3048 Frese-

1120 3070 1208 3105 nius,
1225 3067 1399 3099 Bewe't'hrte
1421 3064 1648 3097 Nacltriclecen
1668 3074 1731 3096 von
1757 3062 2062 3096 herrnhuthisclzen

1119 3115 1263 3151 Saclmtu
1291 3112 1449 3148 moehler,
1469 3111 1513 3143 La
1540 3110 1765 3151 Symbolique,
1784 3118 1886 3148 vers„
1907 3109 1929 3141 l.
1948 3108 1993 3140 ll.

1163 3161 1174 3180 ²¹
1192 3159 1320 3196 walch,
1335 3158 1391 3189 lib.
1405 3158 1476 3199 cit„
1491 3167 1523 3201 p.
1539 3156 1824 3199 2453Jah1011sky,
1843 3156 1928 3190 Jnst.
1940 3153 2057 3190 histor.

1118 3206 1233 3239 christ.
1253 3203 1463 3237 recentioris.

1793 3261 1848 3302 20
