2241 3473
0 90 9 107 '¹
0 1 21 79 ’ἾὟ

769 131 895 162 VSQVE
915 132 968 158 AD
989 129 1129 158 ORTVM
1148 129 1354 157 lsLAmle

92 198 361 239 Ecclesiarum
389 197 655 242 concordiam3
676 196 742 234 sed
769 194 917 232 obstitit
936 194 1045 231 Ana-

90 252 198 291 stasii
227 251 475 299 imperatoris
504 249 679 298 perfidia.
701 247 882 286 Laetiora
897 246 1046 294 accepit

91 305 141 343 ab
159 303 351 353 episcopis
373 303 493 351 Epiri,
506 301 727 338 Dardaniae
743 302 783 337 ct
798 298 957 347 Illyrici,
977 299 1044 346 qui

91 358 194 395 omni
213 368 303 393 cum
320 355 527 392 haereticis
543 359 581 391 et
602 351 859 391 schismaticis
875 363 1044 388 commu·

91 410 206 447 nione
223 409 388 451 abiecta,
409 408 456 444 ad
480 406 709 443 Pontificem
729 404 981 452 scripserunt,
1003 407 1044 439 ut

91 473 190 511 quae
205 461 368 497 vitanda
384 470 559 508 quaeque
575 457 770 495 servanda
785 455 1044 497 essent,doce-

89 518 240 552 rentur.
257 513 485 550 Hormisdas
500 522 635 548 eorum
654 509 878 557 religionem
894 511 933 544 et
948 519 1042 555 erga

91 565 356 615 Apostoli‹·am
375 565 513 601 Sedem
544 561 832 599 observantiam
853 560 1042 604 laudavit,

89 619 278 666 Fideique
301 617 489 660 libellum,
509 615 573 652 cui
593 614 895 658 subscriberent,
913 613 959 649 ad
977 624 1042 649 eos

90 671 207 708 misit.
226 671 371 708 Extant
388 669 599 706 etiamnum
617 668 885 715 episcoporum
900 665 1043 702 veteris

88 723 195 771 Epiri
216 723 372 760 litterae
402 722 450 758 ad
480 719 731 757 Hormisdam
755 719 824 766 Pp.
848 718 1040 765 huiusque

87 776 136 812 ad
158 775 244 813 illos
265 771 572 823 responsioncs¹.
595 771 705 808 Alias
725 771 877 807 litteras
893 771 1041 818 accepit

88 827 317 865 Hormisdas
338 838 360 863 a
380 825 458 862 200
477 832 517 862 et
532 824 701 872 amplius
724 822 1040 860 archimandritis

87 891 133 917 ac
154 880 352 916 monachis
373 878 513 926 Syriae
534 876 784 924 subscriptas.
807 874 1039 911 Scribebant

86 932 126 977 ii,
137 944 177 969 se
194 932 318 969 multa
334 943 403 979 pro
416 930 491 966 fide
503 929 695 966 catholica
712 940 844 976 passos
860 928 907 964 ab
921 927 1039 975 Euty-

85 984 255 1029 chianis;
276 994 475 1032 quumque
496 983 544 1018 ab
561 982 798 1029 imperatore
816 992 892 1016 non
909 984 1039 1017 essent

86 1037 224 1082 auditi,
246 1038 292 1074 R.
316 1034 546 1073 Pontificem
566 1036 754 1081 tanquam
770 1041 923 1081 patrem
940 1044 1040 1069 com-

85 1101 242 1127 munem
275 1087 540 1136 interpellare.
573 1086 814 1124 Litterarum
838 1085 1036 1133 inscriptio

85 1142 181 1180 haec
209 1145 316 1179 erat:
340 1154 362 1178 «
381 1139 636 1177 Sanctissimo
657 1142 694 1175 et
715 1137 940 1175 beatissimo
960 1137 1038 1174 uni-

88 1206 223 1232 versae
245 1194 347 1231 orbis
368 1196 498 1229 terrae
519 1191 766 1240 patriarchae
791 1190 1034 1235 Hormisdac,

85 1248 298 1285 continenti
319 1246 457 1283 Sedem
474 1244 659 1294 principis
675 1243 951 1292 Apostolorum
969 1243 1036 1278 Pe-

83 1300 149 1345 tri,
166 1300 387 1348 deprecatio
404 1302 442 1334 et
459 1297 690 1346 supplicatio
709 1296 959 1332 minimorum
975 1306 1033 1331 ar-

84 1351 437 1389 chimandritarum
449 1354 487 1387 ct
499 1357 743 1386 caeterorum
756 1349 1033 1385 monachorum

83 1406 278 1442 secundae
307 1403 445 1452 Syriae
475 1402 696 1451 provinciae
717 1413 752 1438 ›>.
781 1401 1034 1449 Respondeas

84 1456 272 1494 Pontifex
301 1467 365 1493 eos
385 1456 535 1493 solatus
555 1458 613 1492 est
634 1455 910 1502 hortatusque,
933 1456 976 1490 ut
996 1453 1035 1490 in

80 1509 157 1548 fide
176 1509 371 1547 catholica
392 1510 692 1557 perseverarent
707 1505 732 1543 ².

134 1563 240 1599 Idem
262 1560 446 1598 Pontifex
461 1561 509 1598 ad
527 1559 873 1607 redintegrandam
892 1561 931 1595 et
948 1570 1034 1595 con-

81 1615 317 1658 servandam
334 1614 576 1662 disciplinam
595 1612 904 1649 ecclesiasticam
921 1612 959 1648 in
972 1611 1035 1647 Hi—

80 1667 410 1716 spania‚Salustio
427 1667 604 1714 episcopo
622 1665 841 1713 Hispalensi
858 1676 925 1713 pro
942 1665 1035 1701 Boe-

80 1720 160 1756 tica
174 1725 213 1757 et
229 1719 443 1762 Lusitania,
457 1727 494 1756 et
511 1717 648 1755 Ioanni
661 1717 946 1754 Tarraconensi
963 1728 1033 1765 pro

80 1772 240 1821 reliquis
256 1772 480 1820 provinciis,
495 1771 600 1808 vices
615 1782 705 1808 suas
721 1770 915 1818 gerendas
932 1781 1035 1805 com-

79 1825 205 1870 misit,
234 1825 402 1862 servatis
431 1823 769 1871 metropolitarum
803 1822 1032 1871 privilegiis.

81 1877 124 1915 In
145 1878 309 1926 epistola
325 1878 371 1914 ad
391 1877 589 1913 universos
605 1875 817 1923 Hispaniae
834 1875 1032 1923 episcopos

81 1930 186 1975 data,
207 1930 378 1974 mandat,
396 1934 439 1966 ut
459 1929 680 1966 sacerdotes
698 1940 773 1964 non
789 1939 809 1964 e
825 1927 946 1972 laicis,
968 1927 1031 1964 sed

82 1995 102 2020 e
131 1983 285 2019 clericis
311 1982 500 2019 diuturna
525 1981 824 2018 conversatione
847 1980 1031 2028 probatis,

81 2039 349 2081 assumantur;
364 2039 405 2072 ut
416 2034 690 2071 Ordinationes
707 2044 842 2070 sacrae
854 2045 928 2069 non
943 2044 1030 2069 ven-

80 2087 223 2125 dantur
252 2090 320 2124 aut
347 2091 548 2132 emantur,
579 2091 700 2134 utque
729 2086 788 2123 bis
812 2085 871 2121 vel
893 2085 1031 2122 saltem

79 2140 246 2178 semelin
259 2152 359 2177 anno
371 2139 510 2188 synodi
523 2139 784 2187 provinciales
800 2136 1028 2186 cogantur3.

134 2193 194 2230 14.
215 2193 422 2230 Ecclesiae
437 2192 653 2229 orientalis
668 2196 803 2228 status
819 2191 895 2227 sub
911 2191 1031 2227 Iusti-

80 2245 371 2282 no—Demum
391 2246 431 2281 in
452 2245 612 2282 Oriente
627 2244 891 2293 eutychianae
906 2243 945 2279 in
963 2244 1030 2280 Ca-

78 2297 243 2334 tholicos
271 2298 535 2346 persecutioni
564 2296 677 2333 finem
705 2296 907 2333 constituit
927 2308 1030 2333 mors

78 2350 276 2387 Anastasii
295 2350 556 2400 imperatQis,
574 2361 634 2386 an.
653 2349 730 2386 518
747 2361 767 2385 e
785 2349 887 2386 vivis
907 2349 1030 2386 subla-

79 2401 120 2440 ti.
141 2403 187 2440 Ei
208 2403 397 2440 successit
417 2403 604 2448 lustinus,
617 2402 772 2439 natione
793 2401 940 2447 Thrax,
955 2413 1029 2450 quo

77 2454 306 2504 imperante,
323 2455 514 2492 catholica
528 2455 626 2492 fides
642 2455 687 2491 de
703 2454 879 2492 hostibus
894 2455 1030 2491 trium-

78 2506 225 2555 phavit.
254 2507 409 2544 Etenim
440 2508 606 2545 Ioannes
634 2507 837 2555 episcopus
862 2507 942 2555 Cp.‚
963 2507 1027 2554 qui

76 2570 176 2596 anuo
192 2560 439 2608 praecedenti
451 2559 648 2597 haeretico
661 2560 1028 2607 Timotheo-succes-

78 2614 196 2656 serat,
213 2611 416 2649 confestim
429 2620 514 2661 post
525 2612 721 2650 Anastasii
739 2612 1028 2660 interitum,po-

77 2664 248 2701 stulante
264 2664 416 2712 populo,
433 2665 635 2701 concilium
653 2665 961 2702 Chalcedonense
977 2677 1026 2702 ex

77 2717 240 2754 ambone
256 2717 512 2765 praedicavit,
524 2717 668 2754 Severo
681 2717 936 2763 Antiocheno,
948 2717 1026 2754 Mo-

77 2769 372 2818 nophysitarum
406 2770 624 2818 coryphaeo
640 2799 648 2815 ,
678 2770 886 2807 anathema
915 2770 1025 2816 dixit,

75 2821 298 2870 praefatum
314 2821 534 2867 concilium,
547 2824 587 2858 et
602 2833 630 2859 s.
642 2823 783 2859 Leonis
804 2823 873 2870 Pp.
885 2835 1023 2859 nomen

77 2875 198 2911 sacris
218 2874 412 2922 diptychis
433 2874 616 2910 restituit.
634 2874 780 2912 Deinde
800 2875 1025 2912 Constanti-

79 2927 203 2976 nopoli
230 2926 281 2963 40
302 2927 570 2975 episcoporum
597 2928 788 2975 synodum
811 2930 965 2976 coegit,
986 2929 1026 2965 in

118 3070 130 3092 ¹
147 3072 261 3110 labbe,
277 3073 399 3104 Concil.
416 3076 433 3104 t.
451 3072 500 3111 IV,
517 3082 546 3112 p.
565 3072 713 3104 1438-44.

118 3110 133 3133 2
148 3112 222 3144 ibid.
239 3123 267 3153 p.
287 3113 376 3144 1461.

119 3152 133 3175 ³
148 3153 223 3185 ibid.
242 3163 271 3194 p.
287 3154 428 3186 146568.

290 3205 542 3253 WOU‘I'ERS,
572 3205 598 3244 I.

1913 124 1989 163 145

1089 204 1167 241 qua
1197 193 1344 242 pariter
1371 205 1400 231 s.
1422 193 1564 232 Leonis
1593 206 1732 233 nomen
1761 207 1807 234 ac
1833 197 1857 234 4
1877 197 2041 236 concilia

1089 246 1351 291 oecumenica,
1367 246 1601 293 Nicaenuin,
1617 248 1782 297 Cpnum,
1798 249 2039 297 Ephesinum

1087 300 1126 334 et
1151 298 1490 345 Chalcedonense,
1519 300 1639 338 sacris
1669 301 1864 350 diptychis
1892 301 2042 340 inserta

1087 354 1190 395 sunt,
1211 351 1356 388 Severo
1377 352 1620 390 Antiocheno
1641 354 1850 392 anathema
1869 354 2017 393 dictum
2030 384 2040 401 ,

1087 405 1128 439 et
1155 403 1319 450 depositi
1350 404 1398 441 ab
1429 405 1635 442 haereticis
1665 405 1854 454 episcopi,
1884 407 2040 445 sedibus

1087 454 1166 491 suis
1185 455 1368 493 restituti.
1387 456 1536 494 Eadem
1554 457 1626 494 hoc
1643 458 1726 507 ipso
1742 470 1843 495 anno
1859 458 1937 496 518
1953 471 2039 496 con-

1087 506 1244 544 firmata
1263 508 1404 544 suntin
1422 510 1569 556 synodo
1587 510 1946 559 Hierosolymitana
1961 513 2035 549 sub

1088 559 1232 595 loanne
1255 559 1617 607 Hierosolymorum
1639 564 1829 610 antistite,
1850 564 1944 601 etin
1962 565 2040 613 Ty-

1085 610 1204 647 riensi
1232 612 1304 648 sub
1330 612 1543 660 Epiphanio
1571 614 1686 652 huius
1714 616 1820 654 urbis
1841 616 2032 665 episcopo.

1088 663 1225 700 Plures
1242 663 1308 700 alii
1325 664 1495 712 episcopi
1507 665 1648 704 litteris
1660 669 1866 706 contestati
1878 672 2035 715 sunt,se

1084 716 1395 753 Chalcedonense
1411 717 1621 754 concilium
1637 721 1844 769 suscipere.
1859 721 2033 760 Iustinus

1084 768 1298 816 imperator
1324 781 1399 805 non
1429 769 1553 806 solum
1574 772 1709 809 exules
1739 785 1808 821 pro
1829 774 1922 810 Fide
1943 775 2030 823 epi-

1084 832 1218 869 scopos
1233 821 1282 858 ad
1299 820 1483 859 ecclesias
1499 834 1590 860 suas
1607 825 1898 871 revocavit,sed
1912 826 2033 864 etiam

1084 873 1397 911 Chalcedonense
1426 875 1632 912 concilium
1655 877 1797 924 ubique
1817 878 1938 916 sacris
1967 879 2030 916 di-

1084 925 1237 974 ptychis
1263 925 1420 975 inscribi
1443 928 1653 965 mandavit.
1677 929 1787 965 Tunc
1808 931 2032 968 haereticus
2054 951 2060 957 ·

1082 978 1249 1015 Severus
1266 978 1441 1026 confugit
1457 980 1494 1016 in
1511 980 1734 1029 AEgyptum
1751 986 1790 1018 et
1804 983 1852 1019 ad
1868 983 2032 1030 patriar·

1082 1031 1241 1068 chatum
1274 1032 1558 1068 Antiochenam
1587 1036 1749 1070 evectus
1779 1034 1855 1071 fuit
1881 1036 2032 1074 Paulus

1082 1083 1315 1129 catholicus,
1353 1096 1465 1132 quem
1504 1097 1608 1122 anno
1638 1086 1723 1123 521
1761 1087 1916 1136 excepit
1946 1089 2028 1125 Eu-

1081 1137 1274 1184 phrasius.

1132 1188 1196 1225 Sic
1223 1188 1367 1236 ubique
1393 1188 1431 1225 in
1461 1188 1623 1237 imperio
1651 1190 1840 1229 Catholici
1863 1204 2031 1240 praeva-

1080 1241 1242 1278 luerunt
1271 1242 1578 1289 Monopliysitis,
1608 1242 1640 1280 si
1665 1243 1889 1293 AEgyptum
1916 1245 2025 1282 exci-

1079 1294 1174 1341 pias,
1199 1294 1261 1330 ubi
1280 1294 1319 1330 hi
1341 1297 1448 1331 tanto
1469 1298 1582 1332 erant
1603 1307 1777 1341 numero,
1799 1300 1841 1334 ut
1860 1297 2028 1346 impera-

1078 1349 1141 1383 tor
1166 1347 1323 1383 eosdem
1348 1346 1569 1384 tolerandos
1599 1349 1820 1395 censuerit3
1843 1351 1946 1387 unde
1967 1350 2030 1387 fa-

1078 1403 1182 1436 ctum
1203 1402 1279 1444 est,
1303 1403 1344 1435 ut
1366 1402 1531 1447 utraque
1553 1412 1642 1448 pars
1662 1401 1928 1449 patriarcham
1950 1402 2035 1439 Ale-

1079 1452 1266 1489 xandriae
1296 1452 1472 1489 haberet.
1505 1452 1806 1502 Monophysitae
1834 1467 1935 1492 anno
1957 1455 2035 1492 519

1078 1505 1116 1541 in
1134 1504 1262 1541 locum
1281 1505 1456 1541 Dioscuri
1477 1506 1641 1543 lunioris
1660 1506 1888 1544 ordinarunt
1900 1508 2037 1545 Timo-

1077 1558 1236 1603 theum3
1260 1557 1547 1595 Catholicorum
1571 1562 1703 1596 autem
1728 1560 1955 1607 patriarcha
1972 1573 2038 1598 an-

1080 1622 1126 1646 no
1144 1610 1218 1647 521
1237 1614 1393 1647 creatus
1410 1610 1485 1647 fuit
1502 1611 1694 1657 Asterius,
1712 1623 1827 1659 quem
1843 1625 1943 1650 anno
1959 1613 2036 1650 538

1077 1663 1233 1711 excepit
1253 1663 1414 1700 Paulus.
1433 1663 1548 1700 Multi
1565 1666 1699 1701 tamen
1724 1665 2037 1713 patriarchatum

1076 1716 1221 1752 Asterii
1259 1716 1528 1764 apocryphum
1567 1716 1764 1762 iudicant,
1800 1717 2034 1766 dicuntque,

1078 1768 1375 1816 monophysitas
1396 1769 1497 1805 solos
1518 1769 1830 1817 patriarchatum
1860 1770 2036 1808 Alexan-

1077 1821 1231 1857 drinum
1254 1833 1465 1869 occupasse
1488 1833 1611 1870 usque
1632 1823 1680 1859 ad
1702 1835 1850 1860 annum
1871 1823 1948 1860 538
1961 1822 1987 1861 ¹-.

1128 1873 1238 1910 Tunc
1254 1874 1373 1910 etiam
1393 1874 1631 1911 Acacianum
1650 1875 1945 1924 schisma,quod
1960 1876 2032 1913 sub

1076 1926 1230 1962 Zenone
1245 1927 1482 1973 imperatore
1500 1932 1631 1964 ortum
1650 1927 1818 1965 vidimus
1835 1927 1864 1974 ²,
1884 1928 2034 1965 exstin-

1075 1982 1180 2015 ctum
1202 1981 1271 2016 est.
1294 1978 1524 2016 Hormisdas
1545 1979 1584 2016 in
1605 1980 1709 2018 hunc
1729 1981 1846 2018 finem
1864 1981 2032 2018 Germa-

1075 2043 1165 2068 num
1196 2035 1236 2068 et
1260 2032 1443 2069 Ioannem
1470 2032 1693 2080 episcopos,
1723 2033 1919 2071 Blandum
1939 2045 2032 2082 pre-

1074 2085 1293 2132 sbyterum‚
1323 2084 1496 2121 Felicem
1523 2088 1564 2121 et
1583 2085 1816 2124 Dioscorum
1839 2086 2032 2132 diaconos,

1074 2137 1447 2186 Constantinopolim
1477 2138 1646 2186 legavit,
1675 2139 1809 2187 eisque
1838 2139 1950 2177 Fidei
1977 2139 2031 2176 li-

1072 2190 1231 2236 bellum,
1252 2190 1313 2226 cui
1334 2190 1502 2239 episcopi
1522 2191 1822 2238 subscriberent,
1843 2192 1961 2230 dedit.
1982 2192 2027 2229 In

1074 2255 1119 2279 eo
1140 2243 1324 2280 haereses
1352 2246 1391 2280 et
1410 2243 1599 2280 haeretici
1622 2256 1834 2293 eorumque
1856 2246 2030 2282 sectato-

1072 2307 1134 2332 res
1161 2296 1539 2342 condemnabantur,
1564 2297 1708 2334 Acacio
1729 2298 1941 2335 anathema
1961 2296 2023 2333 di-

1071 2348 1246 2394 cebatur,
1266 2348 1348 2385 eius
1369 2360 1414 2385 ac
1433 2349 1598 2386 Zenonis
1619 2352 1659 2386 et
1678 2350 1876 2388 Anastasii
1894 2350 2021 2397 impe-

1072 2403 1259 2446 ratorum,
1280 2403 1397 2449 atque
1416 2401 1590 2450 ipsorum
1611 2402 1819 2451 Euphemii
1835 2404 1873 2440 et
1888 2402 2024 2439 Mace-

1071 2454 1176 2490 donii
1197 2453 1464 2502 episcoporum
1480 2455 1560 2503 Cp.,
1573 2455 1663 2503 quia
1678 2467 1817 2492 nomen
1829 2454 1964 2492 Aeacii
1982 2454 2023 2490 in

1071 2507 1266 2555 diptychis
1279 2510 1629 2553 conservaverant,
1641 2508 1798 2545 nomina
1813 2519 1862 2544 ex
1873 2506 1932 2544 his
1944 2506 2028 2544 radi

1070 2559 1393 2608 praecipiebatur.
1407 2559 1571 2597 loannes
1584 2561 1713 2608 Cpnus
1726 2562 1765 2596 et
1779 2561 1968 2608 quotquot
1986 2558 2027 2596 in

1072 2613 1166 2649 urbe
1184 2612 1294 2660 regia
1314 2615 1429 2648 erant
1445 2612 1625 2660 episcopi,
1641 2612 1753 2650 Fidei
1771 2612 1905 2649 libello
1927 2612 2024 2649 sub-

1069 2665 1322 2713 scripserunt,
1343 2665 1569 2714 magnisque
1589 2665 1743 2714 gaudiis
1763 2676 1824 2702 an.
1841 2664 1920 2703 519
1940 2676 2027 2702 con-

1069 2717 1200 2755 cordia
1219 2718 1415 2755 celebrata
1436 2717 1509 2755 fuit
1525 2716 1550 2754 ³.

1123 2770 1183 2807 15.
1204 2770 1279 2807 Lz's
1298 2770 1346 2807 de
1365 2781 1451 2807 uno
1471 2782 1491 2808 e
1515 2770 1720 2807 Trinitate
1733 2781 1912 2818 passo—
1921 2768 2026 2808 Con-

1109 2909 1120 2930 1
1137 2910 1248 2947 Labbc,
1264 2909 1389 2940 Goncil.
1407 2912 1424 2939 t.
1435 2908 1517 2947 1V,p,
1534 2906 1722 2946 1586-1588,
1733 2910 1763 2939 et
1776 2910 1795 2938 t.
1814 2907 1847 2946 V,
1862 2916 1892 2946 p.
1904 2906 2027 2945 158-94;

1070 2952 1220 2983 Baronius
1238 2955 1267 2981 et
1283 2951 1373 2990 Pagi,
1391 2950 1430 2980 ad
1447 2958 1496 2980 an.
1513 2948 1650 2987 518·⁶.²1;
1669 2948 1841 2987 Assemaffi,
1862 2948 2028 2980 Bibliotlz.

1069 2992 1233 3023 oriental.
1256 2994 1276 3023 t.
1300 2992 1326 3029 Ι,
1344 3002 1372 3031 p.
1390 2990 1462 3028 382;
1486 2990 1628 3021 Bolland.
1643 2991 1731 3023 Acta
1747 2990 1806 3022 SS.
1822 2993 1842 3021 t.
1862 2991 1885 3020 V
1902 2989 1976 3028 iun„
1993 2999 2026 3029 p.

1071 3033 1216 3104 ⁵⁶{5iiide
1233 3082 1261 3112 ρ.
1279 3071 1350 3102 140.

1071 3114 1127 3186 'og
1139 3114 1262 3185 Igitbbe,
1285 3116 1302 3144 t.
1325 3113 1382 3151 lv,
1407 3121 1435 3153 p.
1460 3111 1658 3152 1496-1572;
1688 3113 1841 3144 Baronius
1868 3115 1898 3143 et
1923 3110 2025 3152 Pagi,

1764 3206 1811 3243 11
