2241 3473
249 119 328 158 264

190 192 350 239 Bruno,
377 195 417 230 et
442 191 660 229 Bernoldus
707 191 885 227 monachi
920 191 958 227 in
985 190 1157 237 Suevia3

195 244 324 282 Nicon
343 245 556 282 monachus
572 245 783 287 Armenus,
804 243 871 290 qui
893 243 932 280 in
956 243 1157 290 Armenia,

192 297 374 334 ininsula
390 298 519 340 Creta,
535 296 572 332 in
590 296 834 343 Pelopone'so
853 295 1021 344 aliisque
1035 296 1156 333 Grae-

193 350 276 386 ciae
298 349 488 397 partibus,
506 347 774 396 evangelistae
795 360 958 385 munere
979 348 1152 393 functus,

192 402 417 438 innumeros
429 402 476 437 ab
492 412 623 437 errore
640 401 688 437 ad
701 401 933 438 catholicam
945 401 1154 438 veritatem

195 453 406 499 convertit3
433 453 589 489 demum
610 452 747 498 Edita,
768 453 915 502 Edgari
940 454 1047 502 regis
1068 456 1154 491 An-

195 506 298 555 gliae
318 505 413 551 filia,
430 504 670 542 etW'ulfilda
689 506 910 543 abbatissae
925 506 1116 554 inAnglia
1129 505 1153 543 ¹.

247 559 355 595 Inter
370 558 581 606 scriptores
596 557 714 595 huius
731 559 874 597 aetatis
895 561 1155 596 numerantur

194 611 411 647 Gerbertus
429 640 437 654 ,
464 611 593 658 patria
623 613 830 649 Arvernus
847 641 856 657 ,
880 612 1095 650 monachus
1115 614 1154 649 et

194 663 382 711 magister
403 663 560 700 scholae
576 663 804 712 episcopalis
820 665 1070 709 Rhemensis,
1087 676 1155 702 ar—
1174 679 1176 687 ·

193 716 460 764 chiepiseopus
481 716 605 764 primo
621 717 854 754 Rhemensis
871 748 880 763 ,
911 718 1050 755 deinde
1070 718 1153 754 Ra-

195 769 462 814 vennatensis,
477 771 674 817 postremo
694 782 795 818 papa
815 771 886 808 sub
905 771 1061 808 nomine
1081 770 1156 807 Sil-

193 821 318 858 vestri
345 821 394 867 11,
416 825 459 858 ut
479 822 561 859 suis
580 822 675 860 locis
697 823 929 869 videbimus3
951 824 1017 872 qui
1036 823 1152 871 inge-

192 874 256 910 nio
278 874 508 921 acerrimus,
530 876 684 913 artibus
703 876 942 922 liberalibus,
962 877 999 913 in
1017 876 1152 924 primis

194 926 338 964 litteris
365 927 655 966 mathematicis
676 929 841 977 aliisque
870 929 985 966 valde
1019 929 1151 966 erudi-

194 982 282 1027 tus,
309 982 470 1028 praeter
496 980 575 1018 alia
601 981 759 1030 scripsit
785 982 970 1030 epistolas
992 982 1124 1019 varias
1141 1012 1150 1028 ,

188 1034 385 1070 tractatus
406 1034 453 1070 de
474 1034 705 1082 geometria,
726 1035 772 1071 de
793 1036 991 1072 rhetorica
1008 1038 1047 1072 et
1065 1047 1149 1072 ma—

190 1085 307 1132 thesi,
327 1086 422 1123 item
444 1088 660 1124 tractatum
678 1088 724 1124 de
745 1099 906 1136 corpore
928 1091 966 1125 et
985 1088 1148 1137 sangui-
1171 1112 1173 1117 ,

189 1150 237 1175 ne
258 1138 426 1176 Domini.
439 1139 648 1186 AElfricus,
669 1143 928 1190 cognomento
943 1142 1150 1179 Gramma-

190 1192 304 1237 ticus,
319 1203 368 1229 ex
384 1192 523 1229 abbate
534 1192 876 1231 Malmesburiensi
894 1195 1150 1243 archiepisco-

191 1256 264 1292 pus
293 1245 610 1292 Cantuariensis,
647 1246 808 1295 reliquit
847 1248 1149 1296 grammaticam

188 1298 439 1343 saxonicam,
460 1298 614 1336 lexicon
641 1300 1013 1348 anglo-saxonicum
1027 1330 1036 1347 ,
1061 1312 1148 1338 ver-

189 1350 340 1388 sionem
383 1351 612 1389 saxonicam
647 1352 694 1390 V.
725 1356 766 1390 et
793 1353 842 1391 N.
881 1354 1149 1400 Testamenti,

189 1402 394 1441 homiliam
428 1404 475 1440 de
505 1416 667 1453 corpore
696 1408 736 1443 et
764 1407 955 1455 sanguine
979 1407 1146 1444 Domini.

190 1455 474 1502 OEcumenius,
503 1458 670 1506 scriptor
698 1470 885 1507 graecus,
914 1459 980 1507 qui
1014 1472 1035 1497 e
1070 1460 1149 1497 Pa-

189 1509 328 1555 tribus,
358 1510 568 1559 praecipue
596 1523 617 1548 e
637 1522 666 1549 s.
689 1511 834 1549 Ioanne
855 1512 1148 1561 Chrysostomo,

189 1561 349 1611 collegit
374 1563 571 1601 Catenam
590 1576 658 1602 seu
679 1565 962 1613 expositionem
982 1565 1021 1602 in
1042 1567 1148 1603 Acta

189 1615 492 1663 Apostolorum,
522 1616 561 1653 in
590 1617 803 1666 Epz'stolczs
832 1618 877 1654 D.
901 1618 1016 1655 Pauli
1047 1619 1144 1656 etin

189 1667 411 1706 Catholicas
427 1666 453 1707 ².
484 1669 768 1719 Luitprandus,
797 1683 818 1707 e
848 1671 1012 1708 diacono
1042 1671 1148 1708 Tici-

190 1721 301 1758 nensi
332 1722 534 1771 episcopus
565 1723 864 1771 Cremonensis,
894 1724 960 1772 qui
989 1726 1150 1773 praeter

188 1773 428 1822 legationem
448 1787 560 1812 suam
581 1777 628 1813 ad
650 1776 915 1825 Nicephorum
946 1777 1119 1814 Phocam
1137 1807 1147 1824 ,

191 1826 471 1876 imperatorem
492 1829 747 1875 Graecorum,
768 1830 923 1879 scripsit
942 1830 1148 1868 historiam

189 1891 322 1917 rerum
343 1883 544 1929 gestarum
567 1894 590 1919 a
609 1883 854 1932 temporibus
870 1883 1065 1932 Arnulphi
1081 1895 1148 1920 re-

190 1932 249 1981 gis
269 1936 308 1970 et
324 1933 504 1982 deinceps
520 1933 556 1984 3³3
576 1935 623 1972 de
639 1936 721 1974 eius
737 1936 972 1973 auctoritate
989 1936 1069 1973 iam
1086 1937 1148 1974 di-

190 1986 322 2022 ximus
343 1984 368 2022 4.
400 1987 628 2034 Ratherius,
648 2001 669 2026 e
692 1990 880 2026 monacho
901 1989 1080 2026 Lobiensi
1102 2001 1145 2027 e—

189 2038 367 2087 piscopus
396 2039 648 2088 Veronensis,
681 2041 740 2078 vir
769 2042 920 2091 peritus
950 2043 1017 2079 sed
1047 2055 1147 2079 non-

190 2103 389 2139 nunquam
410 2092 625 2131 ferventior
641 2107 759 2143 quam
775 2095 1016 2144 prudentior,
1034 2107 1145 2144 prae·

189 2145 251 2181 ter
271 2144 349 2182 alia
372 2145 493 2183 edidit
514 2147 720 2195 epistolam
742 2148 968 2196 synodicam
991 2148 1038 2185 ad
1056 2159 1147 2196 pre—

188 2197 372 2246 sbyteros
386 2210 477 2236 suos
493 2201 533 2236 et
548 2200 731 2238 volumen
749 2201 1147 2249 Pemiemlz'culorum

187 2262 254 2288 seu
281 2251 328 2287 de
358 2254 584 2300 contemptu
621 2265 812 2291 canonum
830 2254 855 2291 ⁵.
877 2255 972 2291 Atto
993 2254 1145 2302 episco-

191 2315 263 2352 pus
297 2303 584 2352 Vercellensis,
613 2307 807 2343 bonarum
838 2306 982 2343 artium
1012 2306 1144 2344 fautor

188 2356 366 2404 insignis,
387 2357 453 2406 qui
475 2357 637 2407 reliquit
663 2360 916 2408 Capitulare,
942 2360 1148 2398 Commen-

192 2412 341 2455 tarios,
360 2409 569 2459 Epz'stolas
598 2415 638 2449 ct
660 2412 878 2450 Sermones
893 2410 918 2449 ⁶.
940 2412 1050 2449 Abbo
1072 2413 1145 2450 ab·

189 2462 258 2499 bas
286 2462 574 2511 Floriacensis,
603 2465 667 2513 qui
703 2467 860 2513 praeter
898 2465 1079 2513 epistolas
1109 2468 1147 2502 et

192 2514 381 2563 opuscula
411 2516 575 2565 aliquot,
595 2517 715 2555 edidit
736 2517 1006 2555 collectionem
1029 2530 1147 2555 cano-

190 2579 296 2614 num,
316 2568 514 2616 epitomen
535 2570 581 2607 de
602 2570 703 2609 Vitis
725 2571 810 2608 RR.
822 2571 1059 2607 Pontificum
1077 2601 1087 2617 ,
1108 2573 1147 2608 et

191 2621 312 2657 vitam
338 2632 367 2658 S.
401 2622 598 2660 Edmundi
631 2623 730 2673 regis
760 2623 927 2672 Angliae
949 2621 974 2660 ⁷.
1006 2624 1146 2660 Aimon

191 2673 404 2712 monachus
433 2675 692 2715 Floriacensis
710 2707 719 2724 ,
749 2676 816 2725 qui
842 2676 999 2726 scripsit
1019 2677 1145 2714 histo-

232 2803 239 2823 ¹
260 2803 485 2834 BollandAcca
499 2803 567 2841 584
585 2804 699 2839 Butler,
711 2803 778 2834 l'ies
793 2803 953 2834 cles-SS.—
970 2803 1039 2835 Vita
1055 2804 1147 2834 Sti-

190 2845 276 2899 coniff
294 2848 376 2875 extat
389 2845 470 2884 apud
489 2846 637 2884 Martem»,
658 2844 786 2877 Cnllect.
804 2845 902 2885 αηψί.
920 2845 1041 2884 Scripl.
1056 2849 1074 2875 ί.
1091 2846 1123 2875 w
1138 2869 1145 2881 ,

190 2885 445 2956 β’ῗὶῆἷηϋειῚιιιῑ
461 2935 575 2964 &raet-e
593 2932 618 2957 ei
638 2928 731 2958 latine
749 2925 940 2964 Paris.1631‚
956 2927 974 2958 2
991 2926 1146 2973 vomu-sol.

228 2968 242 2988 3
258 2969 402 3003 Antvern.
422 2967 508 3005 tutu,
525 2970 553 2998 in
573 2968 635 3002 fot:
650 2970 760 3008 Μίςξηο,
777 2969 867 3000 Patr.
890 2968 943 3000 lat.
959 2971 977 2998 t.
995 2968 1147 2999 CXRXU.

228 3008 240 3030 ⁴
262 3009 333 3047 l'ag.
352 3007 411 3038 ⁰217
429 3009 541 3039 01:³19.

229 3049 243 3071 5
260 3050 368 3080 Veron.
394 3049 481 3086 1705,
499 3051 526 3080 iu
545 3051 608 3087 sol.;
625 3051 740 3089 Migne,
753 3051 810 3081 loc.
827 3051 875 3081 cit.

226 3090 241 3110 ὓ
259 3091 385 3120 voi-cvii.
408 3091 496 3126 17138,
511 3091 530 3122 ⁹2
543 3092 605 3122 vol.
617 3092 727 3126 in-sol;
747 3093 858 3129 Migne,
876 3090 977 3122 ilium.
993 3090 1145 3122 cxxxiv.

213 3131 413 3202 (Nummum,
437 3132 518 3163 Arta
544 3132 618 3163 (ml.
642 3132 672 3163 S.
694 3133 727 3164 li.
754 3137 772 3164 t.
799 3134 876 3171 x'111;
899 3134 1010 3173 Mignc,
1035 3131 1107 3163 ibid.
1127 3135 1146 3161 ι.

899 128 1056 154 ΕΡΟΟΗΑ
1084 127 1137 154 VI.
1167 128 1195 154 A
1223 128 1381 155 CAROLO
1412 128 1452 154 M.

1201 191 1302 228 riam
1317 192 1575 237 Francorum,
1589 203 1747 229 carmen
1760 193 1807 230 de
1818 193 2051 231 fundatione
2067 206 2158 232 coe-

1201 244 1575 282 nobiiFloriacensis
1592 246 1632 282 et
1650 245 1773 282 vitam
1789 246 2000 284 s.Abbonis
2018 246 2043 284 ¹.
2070 248 2158 286 Wi-

1199 297 1382 334 tikindus
1405 297 1618 334 monachus
1640 297 1884 336 Corbeiensis
1905 299 1944 335 in
1970 299 2157 347 Saxonia,

1201 349 1265 396 qui
1293 352 1452 398 praeter
1471 349 1552 386 alia
1572 349 1678 387 dedit
1707 351 1870 389 annales
1890 352 2050 389 Henrici
2070 353 2158 389 Au-

1176 423 1178 431 .
1199 402 1308 450 cupis
1339 406 1378 439 et
1399 402 1552 440 Ottonis
1572 402 1625 440 M.
1642 402 1668 440 ².
1689 403 1942 442 Burchardus
1955 434 1965 450 ,
1983 417 2004 441 e
2024 416 2157 442 mona-

1200 455 1272 491 cho
1304 455 1486 492 Lobiensi
1507 455 1709 504 episcopus
1734 455 2042 495 VVormatiensis
2059 487 2068 504 ,
2089 457 2159 505 qui

1201 507 1359 556 reliquit
1385 507 1566 545 volumen
1589 519 1775 556 magnum
1797 520 2005 556 canonum,
2025 510 2064 547 in
2081 522 2158 558 quo

1197 562 1284 598 tum
1305 560 1566 598 Conciliorum
1585 562 1747 598 decreta
1762 563 1801 598 et
1817 561 1984 604 Patrum
2001 565 2159 600 senten-

1198 613 1378 658 tias,tum
1395 614 1483 650 RR.
1495 614 1733 651 Pontificum
1751 614 1978 652 Decretales
1995 618 2035 653 et
2051 615 2158 664 prin-

1198 665 1329 714 cipum
1350 666 1669 704 Constitutiones·
1680 666 1840 715 collegit
1856 665 1883 704 3.

1253 718 1341 756 105.
1363 719 1542 758 Ioannes
1562 720 1670 757 XIV
1680 720 1878 768 Pontifex
1900 719 1988 769 (an.
2001 720 2158 770 984)—

1198 771 1293 809 Post
1326 772 1476 810 obitum
1509 773 1712 810 Benedicti
1746 772 1818 820 Pp.
1850 772 1926 810 VII
1957 785 2058 811 anno
2079 773 2158 811 984

1195 824 1235 860 in
1265 824 1377 861 Petri
1406 826 1634 863 cathedram
1664 825 1886 863 translatus
1915 825 1993 863 fuit
2012 826 2158 864 Petrus

1197 877 1401 926 episcopus
1430 879 1653 916 Ticinensis
1670 908 1680 925 ,
1711 879 1779 927 qui
1799 890 1848 915 ex
1871 878 2095 916 reverentia
2114 879 2154 916 in

1197 930 1413 979 principem
1424 932 1883 980 Apostolorum,mutato
1901 943 1970 969 suo
1987 932 2158 978 nomine,

1195 983 1408 1030 assumpsit
1426 996 1567 1021 nomen
1580 985 1736 1022 Ioannis
1745 984 1841 1022 XIV
1851 983 2034 1022 *Verum
2051 985 2157 1022 anti-

1194 1048 1298 1085 papa
1319 1037 1545 1074 Bonifacius
1566 1038 1658 1084 VII,
1675 1049 1744 1074 seu
1761 1037 1914 1074 Franco
1933 1037 2158 1084 cardinalis,

1196 1089 1539 1139 Constantinopoli
1560 1091 1731 1128 Romam
1752 1090 1878 1127 redux
1896 1120 1905 1136 ,
1925 1090 2156 1128 seditionem

1197 1143 1391 1180 excitavit
1420 1146 1459 1181 et
1488 1144 1676 1181 Ioannem
1706 1143 1804 1180 XIV
1831 1144 1915 1180 arci
1935 1143 2158 1193 Hadrianae

1195 1207 1262 1232 seu
1294 1199 1424 1233 castro
1445 1208 1477 1234 s.
1500 1196 1642 1245 Angeli
1662 1195 1838 1242 inclusit,
1859 1195 1898 1233 in
1920 1208 1995 1244 quo
2013 1196 2156 1234 Ponti-

1194 1248 1260 1286 fex
1282 1253 1369 1297 post
1389 1261 1544 1287 menses
1560 1249 1718 1287 circiter
1734 1251 1822 1286 octo
1841 1261 1864 1286 a
1879 1261 1951 1287 sua
1967 1249 2157 1287 electione

1193 1304 1265 1339 aut
1293 1301 1397 1339 fame
1426 1305 1495 1340 aut
1515 1315 1667 1340 veneno
1688 1303 1886 1340 extinctus
1907 1303 1979 1340 est.
2000 1302 2155 1340 Franco

1193 1366 1302 1401 vero,
1324 1356 1402 1392 iam
1423 1356 1593 1393 duorum
1613 1355 1852 1392 Pontificum
1873 1367 1968 1393 nece
1983 1354 2154 1402 infamis,

1192 1407 1334 1445 iterum
1354 1408 1621 1457 Apostolicam
1639 1409 1784 1446 Sedem
1799 1408 1963 1454 invasit,
1979 1409 2048 1446 sed
2065 1420 2155 1457 pau-

1191 1460 1229 1498 lo
1249 1464 1335 1509 post
1352 1462 1556 1510 repentina
1577 1464 1704 1498 morte
1729 1461 1908 1499 sublatus
1928 1461 2004 1498 fuit
2021 1459 2047 1499 ⁵.

1249 1514 1335 1551 106.
1356 1514 1537 1552 Ioannes
1556 1516 1596 1552 X
1608 1514 1641 1551 V
1659 1515 1858 1562 Pontifex
1880 1514 1965 1563 (an.
1987 1513 2085 1565 985)
2104 1535 2156 1542 ——-

1194 1567 1289 1604 Post
1319 1570 1486 1604 mortem
1516 1568 1674 1605 Ioannis
1703 1567 1799 1604 XIV
1830 1567 1944 1618 (935)
1978 1568 2155 1616 regimen

1192 1619 1396 1657 Ecclesiae
1410 1621 1689 1658 demandatum
1703 1620 1790 1666 fuit,
1800 1631 1932 1658 mense
1943 1620 2155 1667 decembri,

1193 1672 1329 1709 Ioanni
1351 1673 1443 1719 XV,
1460 1674 1648 1711 Romano.
1670 1673 1778 1710 Inter
1798 1674 2011 1721 utrumque
2029 1672 2154 1710 collo-

1193 1728 1285 1763 cant
1305 1726 1480 1763 nonnulli
1503 1726 1624 1764 alium
1646 1726 1846 1772 Ioannem,
1862 1725 1990 1763 filium
2005 1726 2154 1764 Rober-

1192 1779 1244 1824 ti,
1266 1782 1351 1827 post
1371 1791 1522 1817 menses
1539 1781 1563 1816 4
1581 1782 1779 1817 mortuum
1792 1808 1801 1825 ,
1822 1778 1890 1827 qui
1907 1808 1916 1825 ‚
1937 1779 2030 1828 quia
2049 1791 2153 1816 non-

1193 1832 1283 1868 dum
1312 1835 1563 1870 consecratus
1584 1832 1764 1878 obiisset,
1788 1835 1830 1869 ut
1859 1835 1992 1870 censet
2017 1832 2152 1881 Pape-

1192 1885 1375 1922 brochius
1393 1883 1422 1931 ⁶,
1453 1886 1520 1924 vel
1541 1885 1634 1934 quia
1667 1897 1741 1922 non
1773 1884 1848 1922 fuit
1867 1885 2046 1934 legitime
2067 1885 2150 1922 ele-

1193 1940 1298 1984 ctus,
1329 1940 1372 1975 ut
1401 1941 1516 1987 putat
1545 1938 1643 1987 Pagi
1664 1936 1691 1985 ⁷,
1722 1938 1760 1975 iu
1793 1938 1881 1975 RR.
1913 1937 2151 1976 Pontificum

1191 1991 1290 2028 serie
1313 1991 1660 2040 praetermittitur.

1246 2045 1432 2081 Ioannem
1470 2044 1548 2081 XV
1584 2044 1651 2081 vix
1688 2043 1971 2092 inauguratum
2001 2056 2151 2082 vexare

1191 2097 1320 2145 coepit
1341 2097 1591 2135 Crescentius
1612 2097 1909 2143 Nomentanus,
1940 2097 2007 2145 qui
2035 2097 2151 2136 titulo

1190 2150 1427 2188 Consulatus
1456 2153 1630 2188 castrum
1649 2162 1678 2187 s.
1701 2149 1845 2198 Angeli
1887 2152 2151 2199 occupaverat

1190 2207 1308 2251 atque
1329 2203 1367 2239 in
1391 2203 1486 2240 urbe
1507 2203 1760 2251 tyrannidem
1782 2202 1977 2251 arriperat
1990 2201 2018 2240 ⁸.
2041 2203 2150 2241 Pon-

1190 2256 1289 2293 tifex
1315 2256 1494 2304 confugit
1522 2256 1560 2292 in
1592 2255 1847 2300 Hetruriam,
1877 2256 2081 2304 missisque
2110 2256 2151 2293 in

1190 2309 1444 2346 Germaniam
1463 2308 1604 2358 legatis
1621 2308 1814 2346 auxilium
1829 2309 1984 2346 Ottonis
2007 2309 2063 2346 111
2083 2309 2153 2346 im-

1191 2362 1370 2410 ploravit.
1393 2361 1502 2403 Quod
1526 2362 1588 2398 ubi
1606 2362 1847 2399 audiverunt
1862 2362 2057 2409 Romani,
2076 2374 2149 2412 po-

1190 2415 1356 2452 tentiam
1377 2414 1530 2452 Ottonis
1547 2415 1677 2461 veriti,
1694 2414 1927 2452 Pontificem
1947 2415 1988 2452 in
2011 2415 2149 2453 urbem

1233 2553 1240 2574 ¹
1260 2554 1431 2590 Duc-besue,
1445 2551 1525 2583 llis-t.
1541 2551 1655 2584 Fram'.
1670 2557 1687 2584 t.
1708 2552 1758 2584 lli.

1231 2594 1244 2615 ²
1261 2596 1413 2628 Meuium..
1430 2594 1586 2632 scriptor.
1605 2604 1665 2625 rer.
1683 2594 1833 2627 German.
1852 2598 1871 2625 t.
1889 2595 1909 2626 1.

1232 2636 1246 2658 3
1262 2637 1366 2667 nolon.
1387 2636 1472 2672 1518,
1490 2637 1586 2668 raris.
1604 2635 1695 2673 15i9;
1713 2636 1831 2676 Migue,
1849 2636 1906 2667 loc.
1923 2636 1976 2667 cit.
1994 2639 2013 2667 t.
2030 2635 2115 2667 cxl..

1232 2677 1244 2699 ⁴
1263 2679 1446 2708 Reverentia
1465 2687 1541 2716 erga
1559 2680 1667 2716 Aposl.
1681 2678 1854 2716 Principem
1878 2686 1975 2708 causa
2002 2676 2060 2709 suit
2077 2686 2148 2708 mu—

1192 2719 1275 2748 tandi
1294 2720 1425 2749 nominis
1444 2720 1528 2749 Rom.
1545 2721 1644 2756 l¹0nt.‚
1664 2719 1787 2749 mininie
1808 2728 1880 2749 vcro
1903 2728 1940 2750 ea
1957 2728 2036 2759 quae
2054 2718 2147 2750 Octa-

1191 2760 1280 2789 viano
1298 2764 1327 2789 et
1344 2760 1494 2790 Fruuconi
1516 2764 1557 2800 (p.
1572 2759 1630 2790 0257
1649 2763 1677 2789 et
1694 2759 1767 2794 262)
1784 2760 1877 2798 paulo
1894 2763 1964 2790 ante
1979 2768 2146 2801 praegres-

1190 2801 1241 2830 sis.
1263 2801 1299 2831 (if
1325 2801 1577 2839 l’apvhrochiuni
1602 2802 1631 2831 iu
1659 2799 1784 2832 Conatu
1805 2800 2147 2833 Clironieo-Ilistorico

1192 2842 1229 2871 ad
1257 2842 1342 2873 ludu.
1361 2841 1442 2879 xli]
1462 2852 1489 2881 p⁴
1513 2843 1551 2873 27
1563 2843 1587 2880 i,
1607 2851 1635 2873 n.
1651 2841 1678 2872 3.

1232 2884 1246 2905 5
1265 2884 1416 2913 llarouius
1435 2888 1464 2914 cl
1481 2884 1566 2921 Pagi,
1589 2883 1626 2912 ad
1644 2892 1693 2913 an.
1710 2881 1868 2914 984-985.

1232 2925 1246 2945 ⁰⁶»
1266 2923 1380 2955 (Jonas.
1404 2923 1555 2955 Clu-onol.
1576 2923 1652 2955 llis-t.
1671 2941 1709 2946 —-
1726 2924 1740 2945 ⁷
1761 2922 1881 2954 Critica
1897 2922 1936 2954 ad
1953 2931 2003 2954 an.
2019 2924 2090 2955 986.

1231 2966 1245 2987 8
1265 2977 1276 2992 «ι
1303 2966 1404 2995 Novus
1423 2969 1584 3004 tyrannus,
1600 2966 1697 3004 inquit
1713 2965 1864 2995 Baronius
1880 2964 1920 2994 ad
1936 2973 1984 2994 an.
2001 2964 2072 3003 985,
2089 2964 2147 3007 gi,

1191 3006 1314 3045 exurgit
1338 3007 1366 3036 iu
1394 3007 1493 3044 Urbe,
1519 3016 1599 3046 quac
1624 3007 1775 3036 hactenus
1800 3004 1907 3036 suerat
1932 3005 2146 3038 Albericorurn

1191 3047 1336 3078 violentia
1351 3049 1535 3079 conculcata
1553 3052 1645 3087 alque
1663 3047 1823 3085 depressa.
1841 3046 1907 3077 Fuit
1923 3047 1976 3077 hic
1992 3048 2146 3079 Crescen-

1192 3089 1252 3118 tius
1269 3090 1487 3125 Nomentanus,
1507 3089 1557 3128 qui
1576 3089 1664 3119 titulo
1682 3087 1867 3117 Consulatus
1892 3087 2093 3119 munitionem
2119 3098 2144 3119 s.

1194 3130 1301 3167 Angeli
1326 3130 1487 3169 possidere
1512 3138 1686 3169 aggressus
1711 3133 1771 3159 est:
1796 3136 1888 3167 quam
1905 3128 2056 3167 adeptus,
2073 3129 2145 3161 inde

1194 3171 1339 3201 ini'vstnrv
1357 3171 1494 3201 nonnihil
1512 3171 1610 3211 coepit
1630 3171 1728 3210 ipsum
1741 3169 1885 3201 Ioannem
1901 3169 2082 3202 Pontificem
2094 3181 2124 3202 n.
