2241 3473
297 121 371 160 114

720 133 893 160 ἘΡΟΟΗΑ
923 134 975 161 ΙΧ.
1007 134 1058 161 ΑΒ
1088 135 1210 163 1N1'r10
1242 137 1472 167 SCHISMATIS
1502 141 1731 172 OCGIDENTIS

243 196 427 234 Tandem
470 197 681 244 convenit,
711 199 754 233 ut
787 197 901 234 ambo
929 192 1203 247 competitores
1243 201 1428 241 dientiam
1444 205 1616 253 professa
1633 209 1816 256 esset34²²‚
1828 222 1904 259 qua
1923 213 2076 252 ratione
2095 215 2169 253 dno

249 261 341 286 cum
371 249 454 286 suis
482 248 653 297 collegiis
673 248 842 286 Saonam
863 250 903 286 in
924 250 1084 300 Liguria
1104 263 1201 290 con-
1242 254 1418 305 collegia,
1438 270 1599 306 quorum
1615 271 1734 298 unum
1753 261 1983 312 legitimum,
2001 266 2170 306 alterum

249 302 451 348 venirent3
470 303 511 338 at
532 303 697 349 utroque
718 312 856 340 causas
871 315 976 350 suas,
992 317 1040 341 ne
1056 304 1094 341 in
1113 317 1200 342 eon-

249 366 428 403 gressum
462 354 658 400 venirent,
675 359 949 403 praetexente‚
970 358 1095 396 omnis
1114 371 1199 407 spes

249 407 479 444 concordiae
500 407 663 444 evanuit
680 405 703 445 ¹.
966 424 971 428 ·

300 460 360 497 13.
396 459 627 497 Concilium
647 461 854 499 stanum
875 461 972 513 (cm.
996 462 1124 513 1409)
1143 486 1194 492 -

243 513 356 550 Tunc
376 512 581 561 utriusque
601 513 726 561 partis
746 515 940 564 principes
961 519 1001 553 et
1016 517 1196 555 cardina—

241 565 298 603 les
318 566 364 603 de
393 566 674 604 subtrahendis
695 567 940 616 obedientiis,
961 571 1001 607 et
1020 571 1193 620 cogendo

240 618 418 667 generali
440 618 714 665 conciliatum
733 633 802 670 pro
822 622 1044 661 schismatis
1064 623 1191 661 extin-

238 671 368 709 ctione
390 673 474 708 tum
495 683 564 720 pro
586 673 784 712 Ecclesiae
811 675 1090 713 reformatione
1106 689 1193 714 con-

237 727 466 762 senserunt.
497 725 744 775 Quapropter
774 729 980 778 utriusque
1007 729 1190 767 obedien—

236 778 319 815 tiae
354 778 572 816 cardinales
593 779 632 816 in
651 781 878 819 Hetruriam
900 783 1189 831 convenientes,

245 843 306 868 an.
340 831 442 868 1408
471 833 682 881 encyclicis
714 833 856 873 litteris
884 836 932 874 ad
955 836 1187 886 Gregorium

244 884 322 921 XII
342 888 382 921 et
401 884 779 933 BenedictumXIII,
792 889 839 926 ad
860 889 1058 938 episcopos
1079 889 1190 927 alios-

242 950 316 986 que
337 938 546 986 praelatos,
567 940 615 976 ad
637 940 813 979 doctores
843 945 882 979 et
910 942 1104 992 principes
1120 944 1188 981 de-

240 991 411 1036 stinatis,
441 992 651 1030 concilium
681 995 865 1042 generale
895 1000 1185 1045 convocarunt,

238 1056 341 1082 anno
379 1048 568 1094 sequente
606 1047 707 1084 Pisis
737 1048 1030 1088 celebrandum.
1063 1051 1186 1089 Ambo

236 1099 532 1145 contendentes,
549 1099 764 1149 Gregorius
776 1105 816 1139 et
831 1102 1079 1150 Benedictus,
1095 1116 1185 1141 con—

238 1152 302 1188 tra
331 1152 448 1189 istam
474 1153 627 1190 concilii
648 1156 967 1194 convocationem
987 1157 1184 1195 reclama-

236 1206 341 1252 runt,
370 1205 475 1243 illius
505 1207 807 1246 celebrationem
843 1210 1033 1259 impedire
1055 1212 1181 1249 conati

236 1262 340 1305 sunt,
374 1263 414 1296 et
446 1259 553 1308 prior
586 1261 770 1299 Austriae
797 1274 916 1312 prope
937 1264 970 1301 A
999 1263 1156 1302 uileiam
1174 1295 1183 1311 ,

236 1312 430 1361 posterior
449 1313 681 1361 Perpiniani
703 1316 910 1353 concilium
931 1275 1086 1356 indixit.

292 1365 581 1403 Verumtamen
609 1368 815 1406 concilium
838 1370 939 1408 Pisis
959 1370 1183 1409 inchoatum

235 1421 295 1456 est
317 1417 411 1456 vm⁰
431 1419 614 1457 calendas
628 1421 762 1469 aprilis
781 1423 896 1461 1409.
917 1424 1185 1463 Interfuerunt

235 1472 287 1509 22
317 1471 549 1519 cardinales,
578 1475 602 1510 4
630 1475 880 1523 patriarchae
895 1506 904 1523 ,
924 1477 1071 1516 seilicet
1089 1478 1183 1516 Ale-

235 1526 468 1572 xandrinus,
487 1526 767 1575 Antiochenus‚
784 1530 1186 1580 Hierosolymitanus,

234 1582 274 1616 et
303 1579 517 1617 Gradensis
531 1609 541 1625 ,
559 1580 638 1618 200
657 1582 937 1633 archiepiscopi
957 1587 997 1621 et
1014 1584 1183 1634 episcopi

235 1632 316 1670 sive
344 1644 412 1682 per
431 1645 472 1670 se
492 1634 576 1671 sive
597 1646 665 1683 per
684 1635 847 1685 legatos,
869 1637 1118 1676 abbatiarum
1137 1650 1184 1676 ac

232 1686 502 1736 religiosorum
530 1687 720 1727 Ordinum
736 1693 1008 1738 procuratores
1024 1693 1064 1730 et
1078 1692 1183 1730 theo-

232 1740 310 1788 logi
342 1751 483 1789 magno
505 1753 691 1788 numer0,
720 1745 896 1782 oratores
923 1756 1058 1794 regum
1088 1745 1182 1782 Gal-

236 1794 310 1830 liae
329 1823 338 1840 ,
358 1794 526 1843 Angliae
547 1824 556 1840 ,
576 1795 803 1834 Lusitaniae
820 1827 829 1844 ,
850 1798 1006 1835 Siciliae
1028 1801 1066 1836 et
1085 1798 1180 1836 alio-

234 1858 319 1883 rum
343 1848 574 1897 principum.
592 1849 799 1888 Praesedit
814 1851 1024 1890 cardinalis
1043 1853 1182 1890 Picta-

237 1900 402 1947 viensis,
422 1902 635 1940 cardinalis
658 1904 860 1953 utriusque
892 1906 1014 1954 partis
1043 1906 1180 1944 senior.

236 1954 405 1990 Habitae
439 1958 532 1991 sunt
569 1956 757 1995 sessiones
787 1959 1001 1997 secundum
1034 1959 1182 2009 aliquos

232 2007 280 2044 21
305 2011 374 2045 aut
393 2008 465 2054 22,
487 2010 698 2047 Secundum
728 2011 825 2049 alios
853 2012 915 2050 23.
937 2012 1118 2050 Sessione
1139 2013 1181 2060 I,

234 2060 389 2108 utrique
428 2061 474 2097 dc
505 2062 741 2102 Pontificatu
781 2066 1050 2113 contendenti,
1079 2067 1180 2104 Gre-

232 2114 342 2162 gorio
376 2116 416 2151 et
449 2115 686 2164 Benedicto,
708 2118 792 2156 dies
824 2119 928 2157 dicta
959 2119 1043 2158 fuit.
1073 2120 1179 2158 Idem

233 2169 380 2204 tactum
411 2171 472 2205 cst
502 2181 594 2207 sess.
625 2170 661 2207 ΙΙ
682 2173 721 2208 et
742 2172 823 2218 1113
845 2185 1011 2222 cumque
1033 2173 1090 2210 illi
1111 2185 1181 2211 nec

232 2233 300 2270 per
320 2233 360 2258 se
381 2233 451 2258 nec
472 2234 540 2271 per
563 2223 715 2272 legatos
735 2229 1020 2275 comparerent,
1041 2227 1179 2264 Conci-

230 2274 327 2311 lium
360 2286 424 2312 eos
458 2275 497 2312 in
518 2288 635 2314 causa
657 2278 877 2317 schismatis
898 2283 936 2318 et
956 2280 1065 2317 Fidei
1087 2292 1178 2317 eon-

229 2332 407 2366 tumaces
446 2329 684 2376 declaravit,
715 2332 966 2381 decrevitque
995 2334 1043 2371 ad
1074 2333 1178 2371 ulte-

230 2382 336 2418 riora
365 2385 503 2419 contra
532 2383 687 2420 illorum
718 2386 1004 2423 contumaciam
1037 2399 1177 2436 proce-

229 2435 409 2473 dendum.
432 2436 532 2474 Sess.
555 2437 610 2474 IV
631 2437 749 2487 legati
774 2440 940 2487 Ruperti
962 2440 1176 2489 imperato-

229 2488 280 2526 ris
301 2490 348 2525 ad
372 2490 692 2539 propugnandam
723 2503 881 2529 causam
905 2493 1081 2542 Gregorii
1101 2494 1177 2531 XII

228 2543 352 2579 auditi
382 2548 498 2590 sunt,
523 2545 563 2580 ct
581 2544 630 2581 24
653 2546 900 2593 quaestiones
921 2557 988 2583 seu
1011 2546 1177 2584 difficul-

231 2599 334 2633 tates
365 2599 663 2645 proposuerunt,
687 2610 853 2646 quarum
878 2599 1110 2648 praecipuae
1131 2612 1174 2637 e-

230 2654 342 2686 rant:
376 2647 428 2698 1²²,
453 2652 582 2687 utrum
605 2651 822 2689 cardinales
843 2653 891 2699 ei,
912 2665 1026 2701 quem
1050 2656 1093 2689 ut
1113 2654 1171 2691 lc-

228 2702 407 2749 gitimum
439 2704 662 2752 pontificem
692 2706 968 2754 agnoscebant,
990 2707 1173 2743 obedien-

227 2756 320 2792 tiam
353 2757 588 2795 subtrahere
619 2759 814 2807 potuerint
835 2760 926 2795 ante
946 2771 1086 2797 causac
1107 2772 1176 2797 co-

227 2809 441 2857 gnitionem
470 2813 510 2847 et
535 2812 768 2849 sententiam
799 2812 942 2859 latam;
962 2811 1021 2859 2³,
1043 2816 1172 2850 utrum

228 2862 433 2900 concilium
455 2865 638 2912 generale
658 2878 873 2904 convocare
890 2869 1063 2915 possent,
1084 2878 1172 2904 cum

226 2916 371 2952 nullam
402 2928 520 2964 supra
549 2918 641 2955 illud
673 2919 861 2957 haberent
877 2920 1172 2965 auctoritatem,

225 2969 280 3013 3³,
295 2972 426 3006 utrum
448 2971 661 3019 (ssiregorius
683 2975 882 3010 teneretur
899 2985 1033 3021 parere
1051 2974 1171 3009 conci-

226 3022 276 3057 lio
290 3052 298 3066 ‚
319 3023 427 3061 euius
450 3036 538 3072 pars
558 3026 592 3062 ei
614 3027 821 3064 adversata
838 3030 960 3071 esset,
982 3039 1069 3075 pars
1089 3027 1174 3063 ohe-

226 3075 413 3113 dientiam
446 3078 708 3117 subtraxisset
736 3092 824 3128 pars
865 3083 1042 3118 neutram
1076 3081 1171 3118 obc-

267 3167 274 3187 ¹
295 3168 336 3197 Du
356 3168 481 3206 lioulay,
497 3167 574 3199 Illsl.
597 3168 763 3201 Universa.
782 3169 889 3202 I'uris.
915 3175 932 3201 ῑ.
956 3171 1000 3209 V;
1023 3170 1160 3211 llaynald

226 3211 263 3240 ad
282 3219 331 3239 an.
352 3208 535 3240 1-103-1405.

1242 307 1488 357 illegitimum
1503 341 1512 357 ,
1532 314 1735 360 potuerint
1753 317 1958 356 convenire
1976 318 2016 355 in
2038 331 2170 369 unum,

1244 363 1283 397 et
1299 361 1465 401 alterum
1483 364 1599 402 alteri
1617 366 1679 404 ius
1694 367 1860 416 eligendi
1871 382 2066 409 summum
2076 373 2174 411 Pon—

1243 413 1388 452 tificem
1417 418 1607 456 tribuere.
1629 418 1724 457 Cum
1753 423 1926 470 synodus
1952 427 2173 475 responsio-

1239 478 1327 504 nem
1344 469 1383 505 in
1397 470 1514 508 aliam
1531 471 1634 510 diem
1646 473 1872 522 distulisset,
1891 476 2012 526 legati
2025 478 2174 517 insalu-

1237 521 1333 558 tatis
1354 522 1544 562 Patribus
1573 526 1766 564 abierunt.
1789 527 1894 566 Sess.
1914 530 1950 568 V
1973 531 2078 570 lecta
2096 532 2173 571 fuit

1236 574 1390 622 prolixa
1415 588 1547 615 rerum
1574 591 1598 616 a
1617 579 1838 618 schismatis
1856 583 2015 621 exordio
2033 587 2166 633 gesta-

1234 639 1321 665 rum
1343 631 1803 678 expositio.SeSS.VI,VII
1813 636 1851 673 et
1861 634 1955 673 VIII
1962 638 2168 677 concilium

1235 693 1255 718 e
1275 681 1440 731 singulis
1460 685 1680 723 nationibus
1700 686 1905 735 deputavit
1923 689 2088 738 aliquos,
2102 693 2169 741 qui

1232 736 1351 772 testes
1371 737 1552 776 audirent
1567 741 1608 776 et
1620 739 1885 778 instrumenta
1901 742 1948 780 ad
1966 744 2169 794 utriusque

1232 790 1501 829 contendentis
1518 803 1677 830 causam
1687 794 1906 842 spectantia
1916 795 2168 846 discuterent,

1231 841 1543 893 declaravitque,
1566 846 1784 885 cardinales
1802 847 1890 885 iure
1910 850 2082 898 potuisse
2101 851 2170 889 ini-

1231 907 1272 932 re
1304 896 1486 934 unionem
1513 900 1552 936 et
1572 899 1781 938 concilium
1800 903 2168 953 generale-congre-

1232 960 1325 997 gare
1354 951 1400 987 ad
1423 951 1644 991 schismatis
1665 953 1947 993 extinctionem
1966 958 2006 994 et
2024 957 2167 996 Eccle-

1227 1003 1307 1040 siae
1336 1015 1472 1051 pacem
1499 1007 1796 1053 procurandam.
1817 1007 1917 1046 Sess.
1938 1009 1996 1047 IX
2016 1013 2057 1048 et
2075 1022 2168 1060 pro-

1229 1056 1334 1093 xime
1344 1059 1595 1106 sequentibus
1610 1062 1730 1098 testes
1746 1060 1870 1098 auditi
1881 1062 2167 1102 etinstrumen·

1228 1113 1268 1146 ta
1301 1110 1473 1159 perlecta
1507 1115 1611 1150 sunt.
1645 1113 1746 1151 Sess.
1767 1113 1843 1151 XV
1876 1115 2085 1154 concilium
2126 1117 2167 1155 in

1228 1163 1463 1213 Gregorium
1484 1165 1563 1204 XII
1584 1168 1623 1203 et
1641 1166 1897 1205 Benedictum
1917 1169 2029 1216 XIII,
2044 1169 2168 1209 veluti

1227 1217 1265 1253 in
1288 1218 1458 1256 notorios
1479 1218 1768 1268 schismaticos,
1787 1221 2019 1270 haereticos,
2038 1224 2169 1272 periu-

1227 1282 1301 1316 ros,
1329 1271 1431 1309 omni
1452 1272 1599 1310 honore
1618 1277 1657 1311 et
1677 1274 1870 1324 dignitate
1890 1275 2008 1313 etiam
2028 1276 2166 1326 Papali

1225 1324 1422 1373 indignos,
1452 1326 1688 1364 sententiam
1717 1327 1835 1377 legit,
1851 1341 1916 1366 eos
1937 1329 2165 1378 pontificatu

1225 1377 1384 1425 deiecit,
1406 1383 1445 1416 et
1464 1391 1597 1417 omnes
1617 1380 1858 1419 Christianos
1878 1383 1927 1420 ab
1945 1382 2103 1420 illorum
2131 1380 2188 1422 o·'

1226 1431 1422 1470 bedientia
1461 1432 1641 1472 absolvit.
1678 1434 1782 1473 Sess.
1811 1435 1908 1473 XVI
1947 1435 2166 1475 cardinales

1225 1485 1461 1524 solemnibus
1483 1487 1614 1525 verbis
1641 1488 1947 1537 spoponderunt,
1968 1490 2071 1538 quod
2099 1489 2168 1539 qui

1225 1550 1275 1576 ex
1295 1550 1431 1576 eorum
1451 1539 1615 1589 collegio
1634 1541 1820 1580 Pontifex
1836 1541 2062 1592 eligeretur,
2076 1555 2165 1581 eon·-

1225 1592 1357 1630 cilium
1376 1595 1479 1631 esset
1493 1594 1940 1642 continuaturus‚donee
1958 1595 2091 1635 debita
2111 1598 2166 1635 at·

1225 1657 1300 1695 que
1333 1645 1528 1684 sufficiens
1562 1647 1611 1685 ab
1637 1659 1684 1685 eo
1711 1648 1819 1686 facta
1846 1648 1950 1687 foret
1969 1649 2164 1688 Ecclesiae

1227 1699 1453 1737 reformatio
1485 1699 1524 1737 in
1559 1700 1685 1749 capite
1718 1704 1758 1739 et
1782 1702 1822 1740 in
1843 1702 2038 1742 membris.
2059 1702 2165 1742 Sess.

1226 1753 1327 1791 XIX
1356 1757 1486 1791 actum
1517 1756 1578 1792 est
1606 1754 1653 1792 de
1681 1755 1869 1794 electione
1897 1755 1988 1794 novi
2007 1755 2166 1794 Pontifi-

1226 1808 1279 1844 cis
1301 1812 1341 1844 et
1362 1807 1570 1856 utriusque
1592 1808 1713 1858 partis
1729 1808 2000 1847 Cardinalibus
2015 1808 2076 1847 ius
2091 1809 2165 1848 suf-

1225 1860 1339 1909 fragii
1366 1872 1603 1908 concessum,
1623 1862 1688 1911 qui
1709 1874 1869 1901 numero
1888 1863 1939 1901 24
1962 1863 2166 1912 elegerunt

1225 1915 1390 1952 Petrum
1412 1914 1645 1964 Philargum
1662 1928 1730 1952 sen
1747 1916 1991 1954 Philaretum
2007 1917 2054 1953 de
2071 1916 2164 1955 Can-

1225 1968 1289 2006 dia
1308 1998 1317 2015 ,
1352 1967 1592 2006 cardinalem
1618 1969 1951 2019 archiepiscopum
1972 1969 2163 2008 Mediola-

1224 2034 1408 2068 nensem,
1441 2022 1505 2071 qui
1538 2034 1676 2060 nomen
1705 2023 1919 2061 Alexandri
1948 2022 1985 2061 V
2013 2035 2165 2061 assum-

1224 2075 1298 2124 psit
1311 2074 1336 2113 ¹.
1349 2076 1451 2113 Sess.
1468 2075 1668 2122 XX,lect0
1685 2076 1886 2114 electionis
1897 2077 2068 2123 decreto,
2077 2076 2163 2114 Ale-

1223 2129 1376 2167 xander
1402 2128 1439 2166 V
1468 2129 1685 2167 orationem
1704 2130 1842 2167 habuit
1861 2141 1979 2179 super
1998 2129 2058 2167 his
2078 2141 2162 2168 ver-

1223 2183 1301 2220 bis:
1322 2182 1420 2219 Erit
1448 2193 1580 2220 unum
1608 2184 1710 2221 ovile
1737 2188 1776 2220 et
1794 2195 1906 2221 unus
1917 2188 2077 2233 pastor.
2099 2182 2164 2220 Se-

1221 2236 1429 2285 quentibus
1458 2236 1707 2283 sessionibus,
1729 2237 1909 2286 praeside
1930 2236 2160 2274 Alexandro

1220 2290 1256 2327 V
1273 2320 1282 2336 ,
1303 2289 1351 2326 ad
1379 2289 1655 2327 consulendam
1688 2290 2013 2328 conscientiarum
2042 2290 2162 2339 quieti

1221 2343 1323 2380 lecta
1347 2344 1438 2380 sunt
1457 2343 1617 2380 decreta
1637 2343 1855 2393 synodalia,
1876 2343 2016 2392 quibus
2039 2343 2079 2388 ii,
2100 2343 2162 2392 qui

1220 2396 1444 2434 schismatis
1472 2396 1673 2434 occasione
1703 2397 1793 2434 hinc
1821 2397 1908 2435 inde
1929 2396 2103 2435 censuris
2123 2399 2164 2435 et

1220 2449 1426 2487 sententiis
1462 2450 1619 2487 fuerant
1653 2451 1852 2500 perstricti
1870 2480 1881 2498 ,
1899 2451 1947 2488 ad
1967 2450 2162 2488 cautelam

1221 2502 1541 2548 absolvebantur,
1563 2515 1696 2542 omncs
1720 2505 2027 2554 dispensationes
2046 2515 2164 2554 super

1221 2557 1482 2594 matrimoniis
1507 2557 1670 2607 aliisque
1685 2558 1906 2605 casibus‚ad
1920 2556 2050 2595 forum
2066 2568 2162 2595 con-

1220 2609 1407 2647 scientiae
1444 2612 1713 2658 spectantibus
1730 2641 1739 2657 ,
1774 2612 1821 2649 ab
1856 2613 2165 2660 utraqueparte

1220 2674 1440 2710 concessae,
1461 2664 1552 2702 item
1575 2677 1708 2702 omnes
1724 2664 1964 2711 collationes,
1976 2663 2165 2713 provisio-

1220 2729 1286 2755 nes
1315 2719 1354 2754 et
1388 2718 1662 2756 translationes
1683 2718 1959 2756 beneficiorum
1983 2719 2022 2755 et
2041 2716 2162 2766 digni-

1219 2772 1363 2818 tatum,
1393 2783 1602 2820 ‹nnnesque
1623 2773 1680 2809 cle
1694 2772 1866 2809 ricorum
1887 2770 2162 2818 ordinationes,

1217 2825 1265 2861 ab
1289 2827 1452 2873 utroque
1473 2826 1730 2863 contendente
1759 2825 1898 2872 factae,
1918 2826 2027 2862 ratae
2049 2823 2164 2862 habe-

1218 2878 1377 2924 bantur,
1397 2880 1606 2916 dummodo
1628 2879 1815 2916 canonice
1835 2881 1875 2916 et
1896 2889 1971 2914 non
1992 2876 2029 2914 in
2047 2877 2164 2914 detri-

1218 2935 1389 2968 mentum
1415 2932 1564 2970 unionis
1586 2932 1712 2970 factae
1731 2933 1868 2970 essent.
1885 2930 1995 2973 Quod
2018 2929 2164 2968 attinet

1217 2985 1262 3020 :ul
1300 2985 1587 3023 reformationis
1618 2985 1900 3023 ecclesiastieae
1930 2984 2129 3032 negotium
2151 3012 2161 3031 ‚

1215 3049 1302 3074 cum
1336 3040 1412 3076 iam
1435 3040 1545 3076 multi
1568 3039 1764 3088 praesules
1784 3040 1823 3076 ct
1842 3037 2059 3088 principum
2079 3047 2162 3074 ora-

1258 3129 1267 3150 ¹
1284 3131 1333 3160 W
1349 3130 1497 3162 calendas
1514 3131 1612 3161 iunias
1629 3139 1677 3161 an.
1701 3130 1823 3168 1409,a
1841 3128 2060 3161 cardinalibus
2083 3137 2161 3170 qua·

1215 3176 1283 3201 mor
1311 3176 1339 3201 vt
1369 3173 1476 3210 viginti
1507 3174 1534 3203 in
1554 3173 1696 3203 Cone-lavi
1715 3172 1752 3202 de
1769 3181 1853 3203 inore
1870 3171 1997 3201 inclusis
2022 3170 2156 3203 Pontifex

1218 3213 1312 3243 surius
1333 3219 1380 3244 esi
1400 3214 1574 3245 Alexander
1593 3215 1613 3242 V
1630 3219 1656 3245 et
1675 3214 1762 3246 nonis
1781 3214 1843 3246 iulii
1861 3216 2034 3245 coronatus.
