2241 3473
716 139 855 170 VSQVE
877 140 932 168 AD
955 139 1242 169 PRAESENTEM
1268 139 1475 169 ΑΕΤΑΤΕΜ

106 207 338 245 Pontificem
367 211 667 245 exauctoratum
694 208 977 245 inHetruriam
993 207 1058 244 ab·

104 261 279 299 duceret.
310 261 381 298 Die
419 263 481 298 111⁰
508 262 593 299 idus
628 262 814 299 februarii
848 263 938 300 1798
964 263 1060 299 Ber-

101 315 204 352 thier
218 319 503 352 armatamanu
512 317 678 352 Romam
695 318 918 364 occupavit,
930 320 969 353 ct
985 315 1057 352 xv⁰

100 368 284 406 calendas
304 370 452 411 martii,
473 370 537 417 qui
555 375 643 406 erat
660 370 956 406 anniversarius
973 369 1056 406 dies

99 422 351 459 exaltationis
371 423 429 458 Pii
450 423 517 467 Vl,
529 423 734 460 calvinista
750 423 885 459 Haller
897 423 944 459 ad
957 423 1054 458 Pon-

97 475 244 512 tificem
258 476 400 513 detulit
418 476 636 519 decretum,
654 488 728 524 quo
748 487 870 524 regno
886 488 955 513 seu
975 481 1052 513 sta-

98 527 200 565 tibus
213 530 294 566 suis
302 530 462 567 orbatus
474 534 513 567 et
528 534 808 567 exauctoratus
826 530 1052 566 declaraba-

98 586 175 619 tur.
194 583 290 620 Mox
315 595 438 631 rapax
465 595 606 621 manus
631 584 751 620 missa
777 583 893 620 estin
919 585 1052 620 omnia

99 635 302 674 Pontificis
328 638 501 679 mobilia,
522 637 759 685 Respublica
786 637 1050 684 proclamata,

99 691 357 738 magistratus
377 691 563 739 pontificii
578 691 734 734 deiecti,
745 690 968 727 cardinales
983 695 1049 727 aut

96 743 263 792 dispersi
290 750 358 781 aut
385 745 587 782 custodiae
605 745 836 792 mancipati,
865 745 1049 781 Pontifex

95 797 178 844 ipse
196 798 420 846 opprobriis
439 805 655 843 saturatus,
673 799 719 835 x⁰
740 798 894 835 calend.
916 798 1048 834 martii

95 851 294 888 violenter
321 863 342 888 e
369 852 517 900 palatio
543 863 612 889 suo
633 855 770 900 raptus
788 856 827 888 et
846 852 884 887 in
904 853 1047 889 Hetru-

93 904 195 940 riam
233 905 423 942 abductus
450 906 534 942 fuit.
563 905 690 946 Quum
724 906 964 942 venerabilis
989 917 1049 943 se-

93 969 169 995 nex
183 959 465 1006 aliquantulum
481 960 609 1003 Senis,
621 971 695 1007 quo
714 960 759 995 v⁰
774 959 925 997 calend.
943 971 1048 996 mar-

92 1011 134 1047 tii
162 1013 357 1059 pervenit,
384 1014 636 1056 substitisset,
673 1015 888 1051 translatus
915 1018 977 1051 est
1004 1015 1041 1050 in

90 1065 340 1103 Carthusiam
376 1078 498 1115 prope
535 1067 794 1104 Florentiam.
827 1069 927 1104 Eum
955 1079 1045 1104 mox

91 1118 274 1156 adierunt
300 1120 573 1158 Ferdinandus
598 1132 766 1168 magnus
797 1121 874 1158 dux
900 1122 1047 1158 Hetru-

90 1172 189 1216 riae,
205 1185 276 1210 rex
295 1178 412 1222 atque
432 1174 574 1223 regina
591 1175 815 1219 Sardiniae,
834 1179 875 1212 et
891 1174 1042 1211 archie-

90 1226 274 1275 piscopus
289 1228 518 1273 Toletanus,
534 1230 642 1276 regis
657 1229 873 1276 Hispaniae
893 1232 1041 1274 orator,

90 1280 153 1327 qui
180 1281 367 1329 principis
393 1283 451 1318 sui
485 1282 590 1318 iussu
622 1282 857 1320 Pontificem
884 1286 1043 1319 secutus

89 1333 233 1379 fuerat,
257 1339 302 1372 ut
329 1336 691 1385 quomodocumque
711 1340 860 1385 posset,
887 1347 1043 1373 aerum-

89 1401 160 1427 nas
187 1391 272 1428 eius
298 1391 466 1427 levaret.
489 1391 652 1427 Litteris
670 1391 791 1427 etiam
809 1390 1041 1427 humanissi-

89 1445 163 1482 mis
175 1445 380 1482 Francisci
390 1444 643 1493 imperatoris
656 1445 702 1488 11,
714 1445 901 1481 Ludovici
911 1445 1040 1481 XV111

88 1499 403 1537 christianissimi
422 1500 531 1547 regis
545 1499 730 1544 extorris,
746 1503 786 1536 et
804 1499 918 1536 Pauli
938 1500 952 1535 I
971 1499 1039 1535 im-

87 1554 285 1602 peratoris
317 1554 537 1591 Russorum
570 1558 777 1591 recreatus
811 1553 895 1590 fuit.
924 1552 1039 1590 Multi

85 1606 222 1646 fideles
248 1619 270 1645 e
297 1607 464 1644 diversis
490 1607 585 1644 locis
611 1607 760 1644 amoris
788 1611 826 1645 et
854 1619 1038 1645 reveren-

86 1661 165 1699 tiae
193 1661 377 1699 tributum
398 1661 553 1710 captivo
582 1660 866 1709 pependerunt,
897 1662 1037 1700 oblatis

85 1716 254 1763 copiosis
267 1715 462 1753 subsidiis.
483 1716 769 1764 Episcoporum
790 1718 885 1753 item
904 1716 1035 1754 obser-

86 1769 342 1806 vantissimae
368 1769 560 1816 epistolae
579 1769 747 1817 undique
774 1770 1034 1816 confluebant,

84 1824 221 1872 quibus
236 1823 419 1860 Pontifex
435 1824 650 1871 respondit,
665 1828 836 1861 moestos
853 1826 1037 1862 afflictos-

85 1889 161 1925 que
189 1877 445 1921 consolando,
471 1878 570 1914 alios
588 1888 612 1913 a
629 1878 712 1913 zelo
732 1882 772 1914 et
797 1879 1036 1916 sacerdotali

82 1931 312 1968 fortitudine
331 1931 542 1976 laudando,
561 1932 728 1967 aliorum
747 1932 863 1968 dubia
880 1934 1032 1970 solven-

82 1983 145 2028 do,
165 1995 303 2021 omnes
329 1984 509 2032 denique,
534 1988 578 2021 ut
604 1985 642 2020 in
663 1985 790 2022 officio
809 1990 961 2023 starent
977 1987 1034 2023 vi—

81 2037 222 2081 riliter,
251 2038 372 2075 verbo
399 2043 439 2074 et
463 2038 645 2086 exemplo
672 2039 881 2076 hortando.

128 2092 338 2139 impiorum
376 2092 487 2128 furor
522 2092 561 2128 in
595 2103 791 2129 summum
826 2094 1029 2132 Ecclesiae

83 2148 282 2192 pastorem
309 2145 480 2181 nondum
507 2149 596 2182 erat
622 2145 855 2194 completus;
885 2150 944 2185 vi⁰
969 2160 1029 2186 ca-

80 2199 327 2248 lend-aprilis
348 2200 439 2236 1799
459 2200 731 2237 venerabilem
756 2212 908 2246 senem,
936 2204 1028 2239 viri-

79 2253 150 2289 bus
167 2252 438 2300 doloribusque
461 2253 646 2298 fractum,
663 2258 703 2290 et
721 2256 1025 2302 supplicantem,

79 2310 123 2344 ut
153 2307 226 2343 sibi
252 2307 291 2343 in
317 2307 529 2345 Carthusia
555 2308 687 2355 quiete
713 2310 813 2344 mori
839 2311 1027 2348 concede-

79 2364 205 2405 retur,
219 2360 308 2397 inde
323 2364 554 2408 rapuerunt,
570 2365 610 2398 et
624 2362 846 2399 coniectum
866 2363 905 2399 in
920 2366 1026 2401 vehi-

79 2415 227 2457 culum,
241 2426 312 2462 per
327 2424 463 2450 aerem
481 2414 761 2451 lnclementem
778 2417 940 2465 viasque
956 2419 1027 2454 dif—

77 2469 204 2505 ficiles
236 2472 277 2504 et
308 2472 511 2504 montosas
544 2473 755 2516 raptarunt
785 2469 824 2505 in
854 2472 1021 2508 Galliam

77 2533 199 2569 usque
226 2521 451 2558 Valentiam
477 2521 518 2556 in
543 2521 804 2569 Delpliinatu,
832 2525 1026 2562 ulteriora

78 2577 266 2619 molituri,
295 2576 368 2611 nisi
388 2575 573 2622 providus
592 2576 697 2612 Deus
715 2577 905 2624 optimum
926 2579 1025 2616 Pon·

78 2630 223 2667 tificem
249 2629 298 2666 ad
324 2641 366 2666 se
392 2632 642 2666 evocassetl.

125 2685 158 2722 8.
171 2684 443 2721 Iuramcntam
455 2682 537 2719 odii
546 2705 583 2711 —
597 2684 749 2721 Interea
759 2686 1022 2724 Directorium

77 2739 147 2774 sub
181 2749 308 2786 poena
341 2737 624 2785 deportationis
651 2740 832 2776 omnibus
858 2752 1022 2779 munere

77 2793 232 2839 publico
265 2791 517 2839 fungentibus
550 2795 590 2828 et
614 2792 886 2830 sacerdotibus
912 2806 1022 2842 prae-

76 2846 237 2894 scripsit
263 2846 531 2883 iuramentum
557 2845 633 2882 odii
660 2847 698 2882 in
726 2848 876 2894 regiam
904 2851 1022 2888 maie-

73 2905 218 2937 statem
233 2903 261 2941 2,
277 2905 317 2937 et
343 2900 658 2949 persecutionem
687 2907 824 2938 contra
841 2905 1020 2942 sacerdo-

73 2958 133 2990 tes
151 2955 416 2998 non-iuratos,
435 2958 478 2991 ut
494 2954 708 3000 vocabant,
728 2960 809 2992 turn
827 2959 866 2992 in
884 2959 1019 3008 Belgio

117 3050 127 3071 1
156 3049 348 3087 manebant,
373 3048 489 3083 Prc'cis
505 3051 585 3082 hist.
604 3049 644 3081 de
663 3050 722 3082 Pie
747 3051 803 3089 V1;
825 3052 1019 3095 Baldassari,

73 3092 220 3127 Histoire
255 3095 294 3128 cle
327 3095 349 3128 l'
371 3095 583 3129 enlevement
614 3099 644 3127 el
669 3096 708 3129 de
736 3098 767 3130 la
793 3098 956 3141 captivit&
981 3101 1020 3134 de

75 3138 133 3173 Pie
167 3139 220 3181 VI,
251 3142 437 3180 bruxelles,
463 3141 565 3182 1840,
594 3141 694 3173 in-80.

114 3187 129 3209 ‘2
154 3185 333 3220 Iuramenti
352 3188 491 3220 formula
511 3189 588 3221 haec
605 3192 689 3221 erat:
710 3201 725 3217 α
747 3188 812 3230 Ego
833 3199 1019 3224 sacramen-

72 3232 138 3262 tum
164 3231 228 3264 odii
255 3233 288 3266 in
314 3234 433 3276 regiam
460 3235 660 3268 maiestatem
686 3239 719 3268 et
743 3237 924 3271 anarchiam
943 3246 1019 3281 pro-

1921 128 2002 170 319

1105 211 1144 244 ot
1179 208 1292 244 ltalia
1323 211 1404 244 tum
1434 208 1472 244 in
1506 206 1636 244 Gallia
1661 204 1912 244 instauravit.
1940 206 2053 243 Tunc

1107 262 1341 310 quicumque
1379 261 1610 299 sacerdotes
1647 261 1912 298 iuramentum
1950 259 2054 297 istud

1108 321 1314 363 praestare
1342 315 1598 359 recusabant,
1626 315 1795 363 undique
1822 313 2053 362 conquisiti,

1105 370 1142 405 in
1169 381 1354 406 carceres
1373 369 1556 414 coniecti,
1575 373 1615 406 et
1632 369 1670 405 iu
1689 368 1837 405 insulas
1855 367 2053 416 deportati

1104 428 1211 468 sunt,
1241 424 1277 459 in
1304 423 1443 471 quibus
1467 424 1579 459 multi
1606 422 1850 471 perieruntl.

1154 478 1320 525 Insuper
1346 481 1609 514 memoratum
1636 477 1900 513 iuramentum
1921 475 2052 524 deplo-

1104 532 1269 568 randam
1295 531 1529 568 divisionem
1557 531 1594 566 in
1622 531 1744 574 clero,
1770 533 1810 567 et
1828 529 1993 577 proinde
2012 529 2051 567 in

1103 586 1258 633 populo,
1285 585 1489 621 excitavit.
1516 585 1594 620 Alii
1621 583 1852 621 sacerdotes
1876 583 1970 620 illud
1996 583 2051 620 iu-

1102 642 1324 675 ramentum
1340 642 1526 686 tanquam
1542 638 1718 675 illicitum
1734 637 2051 683 detestabantur3

1100 696 1139 728 et
1156 692 1194 727 hi
1215 692 1388 729 latebras
1405 703 1599 740 quaerere
1618 696 1658 729 et
1677 692 1777 728 clam
1795 691 1921 728 sacris
1940 691 2050 739 fungi

1101 746 1362 792 cogebantur:
1382 747 1462 787 alii.
1482 747 1565 783 sive
1585 748 1691 783 metu
1705 745 1824 789 ducti,
1840 744 1923 781 sive
1938 745 2050 782 salva

1099 799 1343 836 conscientia
1370 800 1467 837 illud
1492 801 1759 836 iuramentum
1785 799 1912 836 emitti
1933 809 2047 846 posse

1099 853 1396 898 contendentes,
1416 853 1510 889 illud
1530 853 1774 897 emittebant;
1793 855 1834 889 et
1851 852 1890 888 hi
1907 863 2047 889 secure

1099 911 1140 943 et
1158 907 1288 953 palam
1304 918 1420 944 sacra
1438 907 1729 944 ministrabant.
1748 907 1932 942 Summus
1946 905 2045 942 Pon-

1099 960 1194 997 tifex
1222 961 1314 997 Pius
1339 962 1406 1005 Vl,
1429 961 1602 1009 praeviis
1619 960 1826 996 doctorum
1845 959 2046 1006 theologo-

1098 1025 1186 1050 rum
1223 1014 1574 1051 consultationibus
1606 1013 1842 1062 praevioque
1872 1014 2047 1060 Congre-

1099 1067 1270 1114 gationis
1302 1069 1562 1106 cardinalium
1589 1068 1771 1106 examine
1790 1095 1799 1112 ,
1825 1078 1927 1103 anno
1955 1066 2047 1104 1798

1097 1120 1361 1159 iuramentum
1371 1123 1597 1170 praefatum
1614 1120 1836 1158 declaravit
1851 1120 2046 1165 illicitum,

1097 1178 1135 1211 et
1151 1176 1336 1224 episcopo
1351 1175 1565 1213 Isauriensi
1578 1175 1626 1212 de
1642 1174 1786 1219 Pedro,
1803 1185 1918 1222 quem
1929 1184 2043 1210 suum

1096 1227 1135 1264 in
1161 1229 1269 1266 Urbe
1296 1230 1488 1267 vicarium
1517 1229 1797 1273 constituerat,
1823 1227 2046 1271 mandavit,

1094 1285 1137 1318 ut
1162 1282 1236 1318 hoc
1263 1284 1305 1319 S.
1332 1284 1446 1320 Sedis
1472 1283 1674 1327 iudicium,
1702 1282 1912 1319 occasione
1938 1281 2044 1326 data,

1095 1337 1338 1384 propalaret.
1366 1337 1589 1375 Secundum
1614 1336 1909 1381 auctoritatem,
1929 1346 1953 1372 a
1971 1335 2041 1372 SS.

1095 1389 1285 1429 Pontifice
1318 1392 1392 1428 sibi
1424 1392 1651 1440 specialiter
1677 1392 1930 1439 delegatam,
1966 1390 2044 1437 epi-

1093 1454 1233 1491 scopus
1251 1445 1483 1483 isauriensis
1497 1447 1588 1484 v111⁰
1607 1446 1759 1484 calend.
1781 1445 1930 1483 octobr.
1951 1445 2044 1483 1798

1092 1497 1138 1533 ad
1159 1499 1288 1544 dubia,
1307 1500 1355 1537 ab
1370 1500 1554 1549 episcopo
1569 1499 1780 1538 Grassensi
1799 1500 1870 1536 Pio
1882 1500 1937 1536 Vl
1953 1510 2042 1548 pro-

1091 1552 1244 1600 posita,
1272 1554 1492 1602 respondit,
1519 1555 1568 1591 ab
1593 1554 1823 1603 Apostolica
1849 1553 1950 1592 Sede
1976 1553 2042 1591 de·

1091 1605 1282 1644 claratum
1305 1608 1439 1654 fuisse,
1459 1620 1536 1645 non
1555 1608 1676 1645 licere
1695 1607 1917 1656 praefatum
1934 1607 2037 1645 iura·

1090 1666 1265 1698 mentum
1293 1662 1491 1708 emittere,
1518 1674 1663 1711 eosque
1689 1662 1754 1711 qui
1779 1661 1882 1700 istud
1900 1662 2041 1700 emise-

1089 1719 1193 1759 rant,
1215 1716 1341 1753 teneri
1361 1717 1409 1753 ad
1425 1716 1517 1754 illud
1532 1716 1841 1754 retractandum.
1856 1715 2041 1754 Pontifex

1087 1768 1127 1805 in
1150 1769 1317 1816 epistola
1334 1771 1397 1808 111⁰
1417 1771 1568 1808 calend.
1589 1771 1738 1809 sextilis
1753 1782 1817 1808 an·
1837 1770 1929 1809 1798
1946 1771 2040 1808 data

1088 1822 1136 1859 ad
1169 1823 1413 1861 cardinalem
1448 1825 1495 1862 de
1529 1825 1821 1873 Frankenberg
1846 1825 2038 1873 archiepi-

1086 1887 1249 1924 scopum
1287 1878 1643 1924 Mechliniensem,
1678 1879 1779 1915 hunc
1813 1879 2037 1926 praesulem

1086 1931 1259 1978 aliosque
1277 1932 1475 1969 antistites
1489 1933 1618 1980 Belgii
1637 1936 1677 1969 et
1690 1932 1921 1969 sacerdotes
1934 1944 2037 1968 sum-

1086 1995 1253 2032 mopere
1281 1985 1471 2030 laudavit,
1498 1985 1612 2034 quod,
1641 1997 1718 2022 non
1749 1986 1930 2022 obstante
1949 1997 2037 2033 per-

1083 2037 1283 2075 secutione
1301 2067 1309 2083 ,
1337 2039 1375 2074 in
1400 2039 1477 2076 fide
1503 2043 1544 2076 et
1569 2039 1695 2075 officio
1723 2042 2032 2087 permanerent,

1081 2094 1121 2127 et
1135 2101 1159 2126 a
1178 2091 1390 2129 iuramenti
1406 2092 1608 2141 impietate
1624 2092 2034 2134 abhorrerentQuum

1082 2143 1174 2181 Pius
1201 2144 1274 2193 Pp.
1294 2146 1346 2182 VI
1373 2157 1469 2182 vero
1488 2146 1734 2183 Florentiam
1754 2145 1943 2182 abductus
1967 2156 2035 2182 au-

1080 2196 1269 2243 divisset,
1308 2199 1552 2247 praedictum
1575 2201 1848 2245 iuramentum
1884 2198 2032 2246 profes-

1080 2252 1234 2288 soribus
1266 2253 1471 2290 Romanae
1505 2253 1786 2290 Universitatis
1816 2253 1935 2289 fuisse
1962 2252 2031 2288 im·

1081 2310 1276 2352 peratum,
1306 2308 1408 2344 xvn⁰
1435 2308 1585 2345 calend.
1617 2307 1803 2344 februarii
1832 2306 1921 2343 1799
1951 2305 2029 2353 epi-

1079 2359 1220 2395 stolam
1246 2360 1404 2407 scripsit
1429 2361 1478 2397 ad
1504 2361 1715 2398 Octavium
1742 2360 1855 2404 Boni,
1879 2360 2032 2397 archie-

1080 2414 1281 2461 piscopum
1310 2415 1619 2460 Nazianzenum,
1648 2415 1688 2451 in
1714 2414 1840 2450 officio
1860 2415 2030 2461 vice-ge-

1078 2468 1202 2503 rentis
1227 2468 1393 2514 Romae,
1421 2470 1581 2517 eiusque
1606 2469 1804 2505 districtus
1818 2468 2026 2513 delectum,

1077 2521 1139 2556 cui
1166 2521 1214 2557 ob
1239 2523 1375 2559 oculos
1400 2524 1530 2571 posuit
1556 2523 1796 2559 decisionem
1812 2551 1821 2567 ‚
1846 2534 1922 2570 qua
1947 2523 2025 2559 iam

1078 2578 1196 2611 antea
1227 2576 1319 2612 illud
1351 2577 1618 2614 iuramentum
1645 2577 1824 2613 illicitum
1850 2577 2026 2614 declara-

1079 2627 1156 2671 rat',
1183 2629 1353 2678 dlxitque
1377 2632 1501 2668 solum
1521 2630 1674 2667 admitti
1695 2642 1809 2678 posse
1829 2631 1932 2667 hanc
1950 2631 2028 2667 for-

1079 2683 1238 2719 mulam:
1267 2698 1286 2719 «
1306 2685 1391 2732 Ego
1417 2685 1466 2721 N.
1496 2685 1581 2720 iuro
1608 2696 1671 2721 me
1689 2689 1844 2732 partem
1863 2697 1941 2721 non
1959 2685 2027 2722 ha·

1077 2736 1246 2773 biturum
1273 2739 1313 2774 in
1340 2749 1587 2787 quacumque
1616 2739 1908 2785 coniuratione,
1935 2751 2024 2776 con-

1074 2873 1181 2911 fiteor,
1214 2872 1377 2914 simulque
1405 2880 1502 2904 voveo
1521 2871 1709 2916 obsequium
1729 2877 1760 2906 et
1777 2873 1869 2906 fidem
1888 2873 1921 2905 in
1940 2881 2022 2905 rem-

1074 2918 1232 2960 publicam
1260 2922 1292 2949 et
1314 2917 1581 2951 constitutionem
1602 2923 1677 2953 anni
1711 2923 1756 2955 111
1772 2937 1783 2953 n
1813 2926 1964 2967 (gallic-e:
1983 2925 2021 2957 Je

1065 2966 1147 3007 jure
1173 2964 1275 2996 haine
1301 2962 1321 2997 ἁ
1346 2965 1379 2996 la
1396 2962 1539 3004 royaute'
1564 2969 1596 3000 et
1614 2966 1634 3001 d
1651 2969 1850 3012 l'anarchie,
1869 2975 2022 3006 attache-

1073 3013 1166 3043 ment
1193 3013 1224 3042 et
1248 3009 1376 3050 fidelitc'
1401 3007 1420 3042 d
1445 3011 1478 3042 la
1505 3012 1698 3056 re'publique
1723 3019 1755 3049 et
1780 3014 1800 3049 ci
1827 3021 1859 3052 la
1888 3018 2020 3052 Consti-

1072 3057 1185 3089 tution
1209 3054 1248 3087 de
1273 3057 1352 3088 ἰάη
1376 3055 1436 3099 3).

1117 3101 1126 3122 1
1151 3100 1272 3133 Carron
1299 3106 1330 3134 et
1355 3103 1513 3141 (zmilion,
1540 3105 1627 3148 citt.;
1655 3107 1692 3140 G.
1718 3108 1922 3151 J.Jauff1·et,
1949 3110 2018 3145 Μέ-

1070 3148 1195 3180 moz'res
1216 3156 1305 3189 pour
1325 3149 1436 3185 >servir
1461 3146 1480 3182 ἁ
1504 3150 1524 3182 Γ
1539 3152 1617 3185 hist.
1643 3153 1682 3186 dc
1707 3154 1739 3186 la
1765 3157 1909 3198 religion
1927 3161 1960 3191 et
1976 3158 2016 3192 de

1069 3195 1101 3227 la
1122 3194 1242 3236 philos.
1263 3193 1281 3227 ά
1307 3196 1340 3228 la
1357 3195 1404 3237 fin
1422 3195 1467 3228 du
1486 3196 1664 3240 18esie'ele3
1686 3200 1774 3242 item,
1806 3203 1950 3238 Tableau
1975 3206 2015 3239 de

1068 3241 1102 3274 la
1128 3239 1259 3274 France
1283 3250 1361 3274 sous
1385 3242 1416 3274 le
1440 3242 1637 3278 Directoire.
