2241 3473
504 146 641 177 VSQVE
662 150 717 176 AD
738 149 955 177 PVBLICAM
977 149 1123 176 RERVM
1146 148 1188 176 IN
1211 149 1380 179 GALLIIS
1400 151 1722 179 SVBVERSIONEM

150 215 312 252 norifice
337 214 504 261 excepit.
541 214 707 253 Pastore
743 218 891 265 optimo
925 227 1013 253 cum
1046 215 1098 251 la-

149 267 293 318 crymis
319 268 592 313 expostulante
619 268 666 305 de
695 270 809 306 malis
827 270 1029 306 Ecclesiae
1056 268 1096 303 il-

147 321 238 358 latis
265 320 450 368 Iosephus
475 320 638 359 decreta
654 334 726 359 sna
752 323 958 370 benignius
976 322 1097 358 inter-

148 377 326 422 pretatus
353 381 427 417 est,
462 376 650 411 nonnulla
681 376 943 424 temperavit,
973 375 1096 411 multa

146 426 371 475 spopondit,
398 433 434 464 et
462 434 549 475 post
576 429 787 465 familiaria
811 429 925 465 unius
951 429 1097 465 mensis

147 480 342 528 colloquia
368 479 600 518 Pontificem
627 482 843 518 honorifice
869 482 1032 518 dimisit.

194 533 288 570 Pius
315 533 386 581 Pp.
418 535 612 572 Viennam
641 540 791 583 petens,
817 535 896 571 illie
928 546 1096 571 eommo-

148 597 256 631 rans,
282 593 323 624 et
349 587 514 624 Romam
548 594 768 633 revertens,
805 593 862 625 tot
898 590 1094 635 tantisque

146 641 395 688 populorum,
413 642 693 679 catholicorum
713 647 753 679 et
771 642 1095 685 acatholicorum,

145 694 423 743 cuiuscumque
442 696 689 740 conditionis,
706 697 875 743 undique
896 695 1096 732 confluen-

146 749 256 793 tium,
275 749 542 787 venerationis
561 750 914 798 significationibus
928 749 1097 785 honora-

146 804 209 838 tus
226 807 301 845 est,
318 807 362 838 ut
379 801 494 839 fidem
516 815 614 851 pene
629 807 832 851 superent.
849 803 1017 838 Romam
1037 814 1099 839 re-

144 854 248 899 dux,
281 861 514 904 conceptam
547 857 678 893 animo
713 868 823 904 spem
858 867 947 892 cum
982 867 1096 892 sacro

143 907 412 946 cardinalium
453 910 618 958 collegio
659 909 978 946 communicavit.
1018 910 1096 946 Sed

143 973 234 1009 spes
267 973 344 998 non
379 963 451 1000 fuit
484 964 688 1009 diuturna;
721 966 944 1011 Imperator
977 964 1097 1007 enim,

145 1015 317 1052 consiliis
345 1017 632 1064 sophistarum,
662 1017 899 1065 praesertim
927 1017 1095 1052 ministri

142 1069 202 1105 sui
228 1068 276 1106 de
293 1070 479 1116 Kaunitz,
499 1072 791 1119 obtemperans,
820 1071 1096 1107 innovationes

142 1132 234 1159 suas
259 1125 438 1172 persequi
466 1137 543 1161 non
568 1125 754 1162 destititl.

191 1176 250 1213 75.
278 1177 346 1213 Lis
371 1179 419 1215 de
443 1179 706 1216 Nuntiacuris
735 1178 984 1216 Germanicis
1013 1184 1092 1223 (an.

145 1230 487 1279 1785i-10sephus
514 1233 545 1268 II
572 1244 649 1268 non
675 1237 826 1269 tantum
854 1233 892 1268 in
919 1232 999 1269 suis
1018 1238 1095 1269 sta-

144 1284 246 1322 tibus
270 1297 356 1322 rem
382 1287 697 1324 ecelesiasticam
724 1288 1000 1334 perturbavit,
1027 1287 1094 1324 sed

143 1337 244 1375 alios
269 1340 391 1376 etiam
419 1341 617 1389 principes
643 1340 693 1378 ad
719 1342 1008 1385 innovationes,
1033 1353 1096 1377 ec-

146 1391 357 1429 elesiarum
385 1393 547 1439 iuribus,
571 1395 659 1442 paci
686 1399 725 1432 et
752 1395 1010 1442 prosperitati
1030 1394 1094 1430 ad-

142 1456 296 1491 versas,
322 1447 525 1484 excitavit.
553 1449 594 1484 In
623 1449 761 1496 primis
787 1449 888 1484 fovit
907 1449 1094 1495 protexit-

142 1510 215 1547 que
241 1499 400 1537 dissidia
425 1502 530 1539 inter
568 1506 738 1549 quatuor
769 1502 1095 1550 metropolitanos

143 1553 384 1591 Germaniae
412 1559 452 1591 et
478 1556 750 1602 Apostolicam
777 1555 920 1592 Sedem
955 1560 1095 1592 exorta

141 1605 189 1643 de
216 1607 488 1658 Nuntiaturis.v
508 1609 593 1645 RR.
624 1609 837 1646 Pontifices
864 1610 943 1645 iam
962 1609 1051 1645 inde
1071 1621 1094 1646 a

143 1661 384 1708 temporibus
403 1663 675 1698 confusionum
692 1668 732 1700 et
751 1664 973 1708 turbarum,
994 1674 1093 1710 quas

142 1711 331 1751 haereses
358 1715 565 1752 lutherana
591 1720 631 1752 et
656 1716 882 1752 calviniana
909 1717 947 1752 in
975 1718 1095 1764 parti-

141 1765 213 1802 bus
237 1767 477 1805 Germaniae
504 1769 786 1816 produxerant,
805 1769 983 1806 Nuncios
1002 1781 1090 1806 con-

142 1819 305 1857 stituere
332 1828 626 1859 consueverant
650 1823 860 1866 Coloniae,
895 1823 1092 1859 Bruxellis

141 1876 183 1909 et
217 1874 425 1912 Lucernae
443 1904 452 1919 ,
492 1876 708 1912 instructos
735 1877 854 1912 certis
882 1876 1029 1912 iuribus
1055 1881 1094 1913 et

143 1925 376 1975 privilegiis.
403 1930 518 1965 Anno
544 1941 640 1966 vero
669 1931 760 1967 1769
787 1935 868 1966 tres
896 1931 1094 1967 electores

141 1981 400 2019 ecclesiastici
420 2012 429 2027 ‚
455 1984 701 2021 coloniensis
718 2013 726 2027 ‚
764 1984 1025 2030 Moguntinus
1051 1989 1092 2021 et

143 2033 395 2073 Trevirensis
415 2038 709 2085 metropolitae,
730 2038 964 2085 imperatori
983 2039 1090 2074 obtu-

143 2087 277 2126 lerunt
310 2090 356 2130 30
383 2092 620 2138 gravamina
651 2096 790 2128 contra
816 2093 959 2129 Sedem
987 2094 1090 2140 Apo·

142 2143 347 2188 stolicam,
374 2145 620 2191 postulantes
637 2174 645 2189 ‚
673 2150 717 2182 ut
743 2147 874 2182 nullae
902 2147 1090 2194 deinceps

143 2205 288 2234 causae
306 2197 356 2233 ad
375 2209 465 2234 eam
484 2199 618 2235 eiusve
636 2199 803 2235 Nuntios
819 2199 1091 2245 deferrentur,

143 2250 236 2296 quin
250 2250 328 2287 imo
343 2252 595 2289 nuntiaturae
611 2253 766 2300 penitus
781 2253 1089 2300 abrogarentur.

141 2302 316 2351 Cumque
335 2315 437 2341 anno
457 2306 562 2349 1785,
582 2307 805 2354 postulante
824 2307 1033 2343 Theodoro
1057 2319 1093 2344 e-

143 2354 294 2393 lectore
319 2358 530 2404 Bavarico,
552 2359 645 2396 Pius
665 2360 734 2407 Pp.
755 2360 807 2395 Vl
827 2372 972 2396 novam
999 2373 1096 2397 nun-

145 2408 332 2446 tiaturam
347 2423 418 2458 pro
437 2412 522 2448 eius
540 2413 658 2449 terris
677 2418 856 2450 creasset
875 2415 1092 2459 Monachii,

146 2462 264 2499 iidem
282 2467 366 2500 tres
384 2465 580 2502 electores
598 2467 874 2515 metropolitae
893 2472 933 2503 et
952 2476 1096 2504 metro-

145 2516 268 2563 polita
286 2517 599 2566 Salisburgensis
614 2532 737 2558 novas
757 2521 1095 2567 expostulationes

146 2574 289 2606 contra
314 2571 574 2609 Nuntiaturas
600 2573 650 2609 ad
674 2575 959 2621 imperatorem
981 2575 1093 2611 detu-

145 2623 293 2660 lerunt·
320 2624 371 2660 Hi
398 2629 567 2672 quatuor
584 2628 858 2675 metropolitae
878 2632 992 2664 erant
1011 2629 1095 2665 Ma-

146 2676 373 2714 ximilianus
407 2679 653 2717 Coloniensis
674 2710 682 2724 ‚
709 2682 836 2717 frater
863 2681 1014 2728 Iosephi
1042 2683 1093 2728 II,

146 2731 209 2778 qui
236 2732 404 2768 novitati
431 2732 599 2777 deditus,
626 2734 663 2769 in
690 2735 962 2770 Universitate
990 2736 1089 2772 Bon-

145 2785 258 2820 nensi
285 2784 525 2833 theologicas
548 2787 759 2824 cathedras
778 2788 992 2824 neotericis
1011 2800 1093 2826 cre-

144 2837 254 2882 didit;
272 2838 502 2875 Fridericus
518 2839 693 2876 d'Ertlial
714 2841 985 2887 Moguntinus,
1008 2843 1091 2879 Ma-

143 2891 345 2928 ximiliano
379 2893 626 2938 simillimus;
664 2894 849 2931 Cleme'ns
889 2895 1088 2933 Saxoniae

143 2944 410 2989 Trevirensis,
439 2947 499 2982 vir
525 2947 624 2994 pius,
643 2947 711 2983 sed
730 2948 895 2983 aliorum
917 2950 1091 2986 consiliis

144 2999 362 3042 excitatus;
390 3000 656 3048 Hieronymus
681 3001 728 3037 de
745 3000 952 3038 Colloredo
973 3002 1088 3040 Salis-

190 3079 200 3101 1
229 3080 421 3119 Blanchard,
449 3079 563 3113 Prdcis
590 3081 772 3122 historique
795 3080 836 3113 de
860 3081 894 3114 la
920 3081 971 3114 vie
997 3085 1028 3115 et
1045 3083 1090 3116 du

146 3125 327 3167 Pontificat
351 3126 392 3158 de
417 3126 475 3158 Pie
498 3125 564 3165 V1,·
582 3126 729 3159 Histoire
746 3127 845 3159 civite
864 3130 895 3159 el
913 3128 1090 3170 reliqieuse

144 3170 185 3203 de
203 3171 262 3204 Pie
282 3171 325 3203 VI
337 3181 395 3213 par
419 3180 467 3204 un
486 3171 648 3212 Francais
665 3173 754 3206 cath.
774 3173 934 3213 romain;
954 3173 996 3207 De
1013 3174 1091 3207 Ger-

1963 139 2042 180 309

1152 214 1373 262 burgensis,
1383 217 1609 254 notissimus
1620 215 1879 253 Instructione
1892 217 2095 262 pastorali,

1151 279 1264 315 quam
1299 281 1363 306 an.
1404 271 1497 308 1782
1529 275 1668 307 contra
1701 269 1897 316 Imagines
1924 269 2098 317 aliosque

1151 322 1388 359 christianos
1414 335 1506 360 usus
1533 323 1668 360 edidit·

1199 375 1385 422 Iosephus
1413 377 1458 420 ll,
1480 377 1728 425 promulgato
1748 377 1806 412 1v⁰
1825 376 1909 412 idus
1926 376 2099 412 octobris

1153 429 1244 465 1785
1271 428 1411 472 edicto,
1441 430 1596 466 nuntios
1621 430 1856 476 apostolicos
1874 430 1913 465 in
1931 430 2097 466 Germa-

1151 481 1214 517 nia
1233 482 1360 518 omnis
1378 482 1656 519 iurisdictionis
1674 484 1880 528 exercitio,
1898 494 1972 531 quo
1992 483 2100 519 circa

1151 545 1267 571 casus
1305 535 1355 571 ad
1392 536 1659 583 Apostolicam
1695 536 1836 573 Sedem
1872 540 2100 584 spectantes

1150 593 1379 625 constanter
1405 589 1463 625 usi
1484 590 1654 632 fuerant,
1677 590 1889 635 interdixit,
1909 600 2098 638 suumque

1149 642 1338 677 auxilium
1365 647 1531 690 quatuor
1559 643 1747 689 praefatis
1782 642 2098 691 metropolitanis

1150 695 1344 740 promisit.
1373 696 1423 731 Hi
1451 697 1703 744 imperatoris
1727 698 1964 743 rescriptum
1984 696 2098 733 cleri-

1149 750 1206 784 cis
1233 749 1313 785 suis
1339 750 1614 797 significarunt
1640 752 1773 798 eisque
1798 751 2095 799 prohibuerunt,

1150 813 1199 838 ne
1227 814 1316 839 cum
1344 804 1450 839 Zolio
1470 834 1478 848 ,
1505 805 1801 852 archiepiscopo
1836 804 2093 847 Atheniensi,

1149 866 1265 902 quem
1284 857 1377 894 Pius
1404 858 1456 893 VI
1485 858 1680 894 Nuntium
1701 858 1900 894 Monachii
1920 861 2094 901 crearat,

1148 921 1274 957 neque
1303 923 1391 947 eum
1428 912 1735 948 Bartholomaeo
1764 911 1894 947 Pacca
1912 940 1920 955 ,
1946 910 2096 947 archie-

1149 963 1307 1011 piscopo
1336 965 1543 1001 Damiatae
1571 970 1610 1001 et
1636 976 1737 1000 novo
1765 965 1866 1012 apud
1892 965 2097 1002 Coloniam

1148 1016 1312 1061 Nuntio,
1340 1019 1698 1062 communicarent,
1725 1030 1796 1055 nec
1820 1018 1921 1054 ullas
1940 1018 2095 1054 litteras

1147 1071 1368 1115 pontificias
1395 1074 1480 1108 sine
1500 1084 1693 1108 consensu
1712 1073 1925 1108 vicariatus
1950 1071 2099 1118 episco-

1147 1123 1246 1169 palis
1265 1125 1504 1172 reciperent.
1524 1126 1642 1162 Brevi
1663 1130 1750 1172 post
1767 1125 1884 1161 iidem
1906 1129 2099 1171 metropo-

1147 1175 1239 1213 litae
1258 1183 1424 1225 quatuor
1439 1180 1544 1216 viros
1558 1179 1798 1227 deputarunt
1812 1179 1860 1215 ad
1875 1189 1995 1226 aquas
2009 1179 2100 1213 Em-

1145 1241 1296 1276 senses,
1315 1234 1380 1280 qui
1406 1245 1548 1270 novam
1576 1245 1646 1281 pro
1672 1233 1888 1270 Germania
1913 1232 2099 1269 ecelesia-

1144 1285 1233 1321 stici
1262 1287 1467 1333 regiminis
1493 1288 1661 1324 formam
1688 1292 1987 1335 componerent.

1193 1339 1435 1387 Conqrcssas
1462 1342 1774 1378 Emscnsls—-Hi
1801 1346 1969 1389 quatuor
1983 1340 2099 1387 depu-

1146 1393 1220 1428 tati
1247 1405 1383 1431 mense
1412 1401 1580 1441 augusto
1602 1396 1692 1433 1786
1711 1396 1885 1431 indicato
1903 1396 1989 1431 loco
2008 1405 2097 1430 con-

1145 1453 1352 1492 venerunt,
1372 1454 1412 1485 et
1438 1449 1483 1486 23
1510 1450 1698 1486 articulos
1725 1450 1996 1491 confecerunt,
2017 1448 2097 1495 qui-

1147 1499 1217 1536 bus
1244 1512 1344 1547 pene
1372 1506 1478 1538 totus
1503 1503 1777 1539 hierarchicus
1796 1502 2000 1538 Ecclesiae
2020 1506 2097 1537 sta-

1146 1557 1228 1597 tus,
1256 1554 1443 1592 divinitus
1470 1556 1693 1602 institutus,
1719 1560 1979 1603 servatusque
2007 1555 2095 1591 inde

1145 1617 1168 1642 a
1206 1619 1236 1643 s.
1274 1609 1479 1645 Bonifacio
1513 1611 1551 1645 in
1587 1610 1805 1646 Germania
1838 1607 2096 1645 ecclesiastici

1145 1661 1348 1708 regiminis
1376 1663 1472 1699 ordo
1499 1663 1808 1700 convellebatur.
1838 1664 1880 1699 In
1908 1663 1955 1698 iis
1989 1662 2095 1699 enim

1144 1716 1412 1761 asserebatur,
1431 1717 1631 1755 Christum
1658 1717 1858 1765 Apostolis
1876 1727 2095 1764 eorumque

1144 1771 1438 1807 suecessoribus
1465 1771 1659 1819 episcopis
1686 1771 1915 1807 immediate
1937 1781 2096 1806 eonces-

1143 1822 1240 1859 sisse
1268 1824 1504 1861 illimitatam
1534 1829 1773 1872 potestatem
1800 1824 1946 1871 ligandi
1965 1828 2005 1860 et
2023 1822 2096 1860 sol-

1143 1877 1283 1921 vendi,
1312 1890 1383 1925 pro
1417 1890 1661 1927 quocumque
1695 1890 1791 1915 casu
1817 1890 1864 1914 ac
1897 1888 2094 1926 persona;

1144 1930 1306 1976 proinde
1346 1944 1553 1968 recursum
1597 1932 1646 1969 ad
1687 1933 1908 1968 Romanam
1952 1932 2095 1968 Sedem

1143 1995 1231 2020 esse
1250 1985 1542 2033 abrogandum3
1563 1987 1769 2034 episcopos
1784 1986 1945 2034 propria
1963 1989 2094 2022 aucto·

1145 2038 1262 2074 ritate
1282 2039 1512 2086 dispensare
1531 2051 1647 2088 posse
1666 2041 1705 2075 in
1725 2041 1904 2076 omnibus
1923 2040 2093 2083 casibus,

1143 2102 1238 2138 quos
1263 2104 1359 2129 usus
1384 2094 1636 2140 Apostolicae
1664 2094 1756 2130 Sedi
1784 2098 2032 2136 reservarat,
2055 2093 2093 2128 in

1144 2144 1436 2192 impedimentis
1462 2148 1756 2184 matrimonium
1793 2147 2068 2183 dirimentibus
2085 2174 2094 2190 ‚

1145 2199 1183 2233 in
1219 2201 1322 2235 votis
1365 2201 1605 2238 solemnibus
1626 2230 1635 2246 ,
1674 2201 1839 2249 ideoque
1882 2201 2093 2237 facultates

1145 2252 1450 2300 quinquennales
1471 2267 1548 2291 non
1567 2256 1735 2303 amplius
1753 2267 1777 2291 a
1797 2255 1987 2291 Pontifice
2006 2265 2093 2290 esse

1144 2307 1358 2353 petendas;
1394 2308 1711 2356 dispensationes
1745 2319 2010 2356 quascumque
2044 2307 2092 2343 ab

1144 2360 1328 2407 episcopo
1355 2363 1555 2398 ordinario
1581 2375 1667 2399 esse
1703 2362 2000 2406 concedendas3
2028 2361 2092 2397 de-

1145 2417 1256 2450 creta
1283 2416 1482 2461 pontificia
1510 2417 1594 2453 sine
1613 2416 1785 2463 episcopi
1803 2427 1999 2451 consensu
2017 2425 2092 2451 nee

1145 2468 1430 2515 promulganda
1446 2481 1517 2506 nec
1532 2470 1767 2516 obligatoria
1784 2469 1965 2505 habenda
1977 2480 1985 2513 3
1997 2480 2092 2504 nun-

1146 2523 1312 2557 tiaturas
1353 2523 1506 2569 penitus
1553 2523 1801 2569 abrogandas
1822 2534 1831 2567 3
1878 2521 2091 2558 abolendas

1143 2574 1262 2610 etiarn
1290 2576 1561 2623 exemptiones
1578 2576 1927 2619 monasteriorum,
1947 2575 2022 2611 nisi
2042 2576 2089 2611 ab

1145 2628 1383 2675 imperatore
1411 2629 1679 2673 eonfirmatas;
1707 2629 2017 2676 abolendumque
2036 2629 2092 2664 iu—

1143 2686 1369 2718 ramentum
1395 2711 1402 2726 ,
1430 2682 1529 2729 quod
1556 2682 1727 2729 episcopi
1756 2682 1937 2718 Pontifici
1978 2692 2089 2729 prae-

1142 2738 1268 2780 stant;
1296 2735 1334 2771 in
1362 2736 1536 2781 pluribus
1563 2735 1648 2771 aliis
1676 2736 1829 2783 punctis
1847 2735 2088 2771 constitutio-

1143 2800 1232 2825 nem
1258 2788 1449 2825 ecclesiae
1476 2789 1736 2825 Germanicae
1762 2801 1850 2826 esse
1870 2789 2089 2825 reforman-

1140 2842 1256 2886 dam,
1282 2843 1343 2878 vel
1375 2842 1563 2877 nationali
1599 2843 1765 2878 concilio
1798 2843 1861 2879 vel
1889 2842 2084 2889 imperiali

1141 2896 1377 2943 provisione.
1399 2895 1506 2936 Quos
1531 2896 1719 2932 articulos
1746 2900 1915 2944 quatuor
1941 2901 2088 2932 metro-

1141 2950 1283 2996 politae
1311 2953 1417 2984 ratos
1443 2948 1689 2993 habuerunt,
1717 2954 1758 2986 et
1787 2950 1836 2986 ad
1871 2951 2086 2997 Imperato-

1141 3014 1238 3046 rem,
1254 3005 1297 3037 ut
1314 3000 1472 3037 eosdem
1493 3002 1763 3047 confirmaret,
1782 3003 1990 3039 miserunt.
2010 3002 2089 3039 Re-

1138 3055 1296 3102 scripsit
1323 3055 1556 3101 Imperator,
1577 3067 1618 3092 se
1637 3056 1792 3103 quidem
1811 3056 1860 3092 ad
1880 3060 2088 3104 praestan-

1138 3109 1231 3144 dum
1258 3108 1317 3144 eis
1343 3107 1530 3143 auxilium
1557 3120 1644 3146 esse
1671 3115 1868 3156 paratum,
1896 3110 1965 3147 sed
1991 3110 2086 3146 arti-

1139 3162 1247 3198 culos
1282 3162 1493 3198 Emsenses
1527 3163 1749 3199 executioni
1788 3163 1969 3200 mandari
2008 3174 2085 3199 non

145 3216 249 3258 tache,
276 3216 421 3251 Histoire
437 3217 482 3251 du
498 3228 662 3260 royaume
687 3218 743 3252 des
762 3219 1090 3260 Pays-Bas,1ntr0d.
1139 3227 1253 3264 posse
1279 3215 1362 3252 sine
1390 3215 1554 3263 praevio
1580 3228 1774 3255 consensu
1807 3219 2082 3266 episcoporum
