2241 3473
191 130 272 167 438

138 209 275 244 sertim
303 208 505 242 iuventute
533 204 743 238 collocatas
769 200 998 247 Apostolica
1023 198 1093 233 Se-

140 262 208 298 des
235 262 333 297 sicut
361 259 422 294 diu
443 258 562 297 novit,
583 257 636 291 ita
656 254 811 302 plurimi
833 253 938 288 facit.
960 253 1091 303 Atque

139 321 273 345 eorum
302 306 450 346 virtuti,
468 303 651 338 Pontifex
677 301 879 343 subdebat,
903 309 941 335 et
960 305 1092 345 giatia

140 368 180 399 et
200 361 404 409 praeclaro
425 357 556 392 iudicii
572 357 630 391 sui
647 355 885 395 testimonio,
901 352 1003 388 Galli
1017 352 1092 386 suf-

139 416 348 460 fragantur
366 441 373 455 ,
410 422 495 446 cum
522 410 621 444 filies
649 408 945 448 adolescentes,
974 406 1092 440 caris·

139 470 237 505 sima
264 469 449 515 pignora,
468 464 697 510 disciplinae
724 461 1020 508 integritatique
1040 460 1092 506 ip-

139 534 269 558 sorum
285 521 439 556 alacres
456 517 670 554 etfiduciae
691 516 795 563 pleni
813 513 1092 550 commendare

139 577 301 612 soleant.

186 630 335 665 Verum
364 638 452 662 cum
481 624 608 661 editae
635 635 706 670 per
731 622 1002 669 Apostolicum
1023 622 1092 656 Le-

140 688 273 730 gatum
295 681 481 728 querelae
502 678 593 713 nihil
616 676 937 725 profecissent,in
954 687 1000 711 eo
1016 674 1092 709 iam

139 740 228 773 erat
247 735 442 770 Pontifex.
464 739 507 767 ut
524 743 663 767 vocem
690 741 800 765 suam
823 729 1092 776 Apostolieam

140 789 343 826 attolleret
369 787 559 823 adversus
586 797 660 827 ea,
689 795 788 831 quae
823 784 860 818 in
889 793 1092 818 sacrorum

143 843 334 878 Ordinum
365 839 580 887 perniciem
610 843 724 884 gesta
752 840 915 879 essent,
944 846 1093 882 quaeve

143 898 178 932 in
201 902 399 942 posterum
422 896 674 939 gererentur.
692 891 803 926 Tunc
823 894 956 925 autem
973 888 1095 924 Leoni

141 950 211 997 Pp.
239 949 329 984 XIII
357 947 621 994 significatum
649 949 722 987 est,
748 956 862 991 posse
883 955 906 979 a
924 942 1094 978 decretis

143 1009 316 1040 ceterum
349 1000 597 1049 perficiendis
624 999 773 1041 desisti,
801 999 832 1034 si
859 997 1016 1033 sodales
1038 1008 1096 1032 re·

143 1058 285 1105 ligiosi,
302 1056 404 1091 datis
419 1055 456 1090 in
479 1054 515 1090 id
535 1054 692 1097 littei-is,
711 1052 998 1095 declarassent,
1017 1062 1057 1086 se
1074 1061 1097 1085 a

145 1112 311 1148 motibus
322 1108 768 1155 commutationibusque
784 1118 914 1143 rerum
930 1106 1096 1154 publica-

145 1178 230 1202 rum
250 1177 335 1202 esse
353 1165 517 1207 alienos,
539 1175 611 1199 nec
630 1161 798 1197 vivendo
814 1161 1043 1208 agendoque
1059 1162 1096 1196 in

143 1220 270 1256 studia
287 1220 454 1267 partium
476 1217 721 1253 discessisse.
738 1217 913 1253 Caussae
934 1216 1098 1252 Summo

144 1274 325 1310 Pontifici
356 1273 501 1309 multae
541 1278 580 1306 et
608 1282 755 1317 graves
785 1276 1027 1314 suaserunt,
1057 1276 1098 1306 ut

147 1328 412 1364 conditionem
442 1327 656 1373 acciperet.
687 1325 809 1371 Igitur
836 1336 1014 1372 ea,quae
1035 1337 1098 1360 ex-

146 1383 365 1430 petebatur,
393 1379 662 1416 declaratione
690 1379 808 1422 facta,
826 1379 1019 1425 religiosis
1048 1380 1100 1414 sa-

145 1435 262 1471 miliis
288 1435 415 1470 minus
446 1433 661 1469 timendum
690 1433 908 1469 videbatur.
934 1433 1101 1468 Verum-

146 1494 274 1525 tamen
304 1489 477 1524 maxime
511 1487 722 1523 dolendum
757 1487 829 1522 fuit
864 1487 1100 1533 gubernato-

147 1544 251 1579 ribus
283 1553 415 1579 rerum
451 1542 603 1578 Galliae
646 1541 890 1589 publicarum
929 1553 1100 1588 pergere

146 1598 352 1645 placuisse,
380 1607 454 1644 quo
482 1596 749 1638 instituerant;
780 1595 953 1642 reliquae
982 1595 1099 1631 etiam

146 1651 337 1687 Ordinum
366 1650 662 1697 Religiosorum
697 1649 874 1684 familiae
913 1649 1102 1685 disiectae

145 1710 185 1741 et
211 1705 259 1740 ad
288 1706 487 1741 interitum
516 1708 683 1739 vocatae
714 1703 838 1738 fuere.
858 1703 993 1743 Quare
1024 1704 1102 1738 Leo

147 1758 216 1806 Pp.
234 1759 322 1795 XIII
339 1759 513 1805 Epistola
531 1758 576 1794 22
595 1757 745 1793 octobr.
765 1758 855 1794 1880
873 1757 920 1792 ad
940 1756 1103 1792 Arcliie-

147 1812 347 1860 pise-opum
366 1812 634 1848 Parisiensem
658 1812 705 1847 de
735 1811 793 1846 liis
820 1812 991 1846 maxime
1012 1821 1103 1857 que-

145 1872 228 1902 stus
246 1874 319 1908 est,
348 1872 463 1913 atque
494 1866 677 1901 iniuriam
706 1865 914 1901 Ecclesiae
945 1864 1102 1900 catholi-

147 1932 218 1956 cae
247 1921 408 1956 inlatam
436 1921 660 1968 deploravit
688 1931 735 1956 ac
770 1919 993 1955 detestatus
1027 1925 1102 1954 est.

195 1977 248 2010 At
272 1986 368 2010 vero
396 1975 623 2022 suppressio
651 1973 843 2009 Ordinum
873 1972 974 2008 haud
997 1984 1105 2008 reco-

147 2028 345 2076 ynitorum
365 2029 401 2063 in
423 2028 549 2064 Gallia
570 2040 634 2064 res
654 2027 726 2063 fuit
752 2027 914 2062 maioris
941 2026 1106 2062 crudeli-

150 2082 241 2119 tatis
268 2089 307 2118 et
335 2082 559 2118 iniustitiae:
580 2081 770 2129 siquidem
791 2079 1108 2116 consociationes

152 2136 371 2171 huiusmodi
390 2136 537 2171 nullum
557 2135 749 2182 pecuniae
767 2133 980 2170 subsidium
999 2145 1022 2169 a
1041 2146 1107 2180 gu-

150 2189 285 2226 bernio
308 2190 593 2237 percipiebant;
610 2190 717 2237 ipsae
737 2189 876 2224 domus
894 2188 958 2223 ubi
978 2188 1108 2223 convi-

150 2245 308 2287 vebant,
330 2245 412 2279 iure
430 2243 758 2291 proprietatis,ad
781 2243 956 2289 privatas
976 2253 1110 2289 perso-

149 2309 219 2334 nas
237 2299 490 2346 pertinebant
507 2304 686 2345 tempore
706 2308 779 2344 quo
800 2297 847 2332 ab
868 2297 942 2331 illis
957 2297 1109 2342 expulsi

150 2353 340 2394 fuerunt;
369 2358 408 2388 et
437 2353 474 2387 in
502 2351 575 2387 hac
606 2351 767 2397 regione
796 2350 896 2396 apud
925 2361 1042 2396 quam
1072 2350 1110 2385 li-

157 2407 290 2443 bertas
309 2406 419 2452 viget
438 2407 475 2441 in
494 2416 782 2453 quamcumque
802 2404 1108 2439 associationem

152 2460 331 2502 coeundi,
364 2462 399 2495 in
430 2472 505 2507 qua
530 2459 752 2507 perduelles
771 2467 905 2494 sectae
927 2458 1049 2494 libere
1069 2470 1110 2493 sc

155 2515 335 2562 produnt,
364 2514 436 2549 lioc
465 2526 513 2550 ex
539 2513 627 2548 odio
658 2520 807 2548 tantum
837 2513 874 2547 in
895 2512 1110 2553 Clu-istum,

155 2569 352 2615 religiosis
380 2568 555 2603 coetibus
584 2566 766 2602 interdici
794 2566 921 2601 visum
951 2572 1023 2601 est-

203 2621 452 2657 Hori-endum
482 2633 576 2657 vero
604 2621 710 2656 (lictu
740 2619 932 2667 quomodo
953 2619 1111 2654 immani

121 2684 125 2687 '
156 2676 340 2712 barbaric
369 2676 404 2711 lii
426 2675 599 2721 religiosi
618 2674 946 2721 fuet-intexpulsi.
968 2672 1111 2709 Portae

157 2730 362 2766 domorum
392 2729 597 2772 disiectae,
628 2729 801 2776 plerique
830 2740 877 2764 cx
906 2728 1111 2775 magistra-

160 2785 259 2819 tibus
274 2783 442 2819 oslirium
460 2795 571 2819 suum
588 2782 900 2825 (limisci·unt,vel
919 2783 1113 2828 imperata

159 2839 291 2874 facere
320 2838 610 2879 detrectarunt3
642 2837 807 2884 populus
836 2837 1036 2872 turmatim
1066 2837 1113 2872 atl

164 2897 297 2939 portas
324 2892 601 2928 ‹·00uo}‚'10·11m
621 2891 858 2933 conlluebat;
881 2892 1023 2927 milites
1051 2903 1115 2927 ac-

165 2946 230 2981 citi
258 2945 305 2981 ad
334 2947 404 2980 lioc
433 2957 529 2992 opus
560 2945 851 2991 perficiendum.
875 2945 1040 2986 Quidam
1069 2957 1115 2981 ex

165 2999 315 3035 lesuitis
335 3011 356 3034 tt
378 3011 469 3045 rege
492 2999 641 3034 Daniae
663 3001 792 3034 vocati
817 3001 938 3039 suere,
960 2998 1112 3046 quidam

164 3063 212 3089 cx
243 3065 300 3099 pp.
325 3054 608 3089 Salcttcnsibus
630 3064 765 3100 aroge
787 3056 968 3089 Suet-iae.
989 3054 1117 3089 Gallia

165 3107 359 3142 catholica
387 3107 487 3142 liaud
517 3107 744 3143 intlil'l'crcns
771 3119 903 3143 coram
927 3114 1034 3143 tanta
1063 3109 1117 3142 in-

170 3161 267 3195 iuria
294 3162 416 3203 stetit,
437 3168 476 3197 ct
496 3163 614 3204 rives,
642 3163 810 3197 collecta
829 3162 944 3209 stipe,
963 3162 1118 3198 scholas

170 3215 383 3250 catholicas
403 3214 449 3250 ad
469 3215 704 3251 erudiendos
724 3220 835 3251 natos
852 3227 944 3251 suos
966 3216 1113 3262 aperic-

486 138 646 163 ErocHA
669 131 757 163 XIII.
782 139 806 161 A
831 132 1014 160 PVBLICA
1038 130 1187 156 RERVM
1210 129 1249 155 IN
1273 130 1444 156 GALLIIS
1464 130 1751 156 SVBVERSIONE

1144 201 1247 231 runt.
1260 197 1365 231 Heu!
1382 195 1458 231 cito
1473 195 1557 231 dies
1575 196 1778 230 fortunata
1792 196 1925 230 veniat
1939 193 2094 241 quando

1143 249 1251 295 impii
1269 254 1309 284 ct
1325 248 1486 284 sectarii
1503 247 1714 284 massonici
1730 259 1753 282 a
1770 248 1872 283 malo
1888 247 2094 284 Ecclesiae

1144 302 1350 338 inferendo
1378 310 1418 338 et
1446 303 1598 349 patriae
1627 301 1800 348 pernicie
1827 301 2031 338 desistant.

1195 358 1273 393 107.
1293 356 1424 391 Roma
1443 359 1564 403 caput
1585 355 1700 390 Orbis
1715 358 1803 402 post
1822 355 1978 391 ruinam
1997 366 2096 390 moe-

1144 409 1248 444 nium
1278 410 1332 444 cccl
1358 410 1527 445 Portam
1555 408 1916 449 Fiam-Quoniam
1943 409 2097 444 concul-

1145 470 1232 500 cato
1261 464 1367 498 omni
1393 464 1494 506 iure,
1520 464 1669 499 Urbem
1698 463 1856 498 italicae
1882 464 2016 509 copiae
2035 475 2098 499 oc-

1146 521 1370 564 cuparunt,
1410 528 1576 564 eamque
1614 516 1698 551 itali
1736 516 1925 552 Gubernii
1963 516 2096 552 sedem

1146 570 1324 606 homines
1341 569 1553 606 turbulenti
1570 570 1875 612 constituerunt,
1891 569 2007 605 facile
2025 570 2100 605 fuit

1146 623 1194 658 ad
1210 624 1449 660 credendum
1466 635 1512 659 eo
1532 629 1715 670 spectare
1735 623 1898 658 consilia
1918 627 1959 658 et
1976 632 2100 669 opera

1146 688 1453 723 aggressorum,
1480 681 1523 712 ut
1549 688 1624 711 non
1654 677 1769 711 modo
1797 676 1924 712 civilis
1952 675 2100 719 Princi-

1147 737 1260 776 patus
1276 731 1570 773 pontificis-,sed
1586 730 1670 777 ipsa
1685 731 1770 766 eius
1783 730 1936 765 vicaria
1954 728 2101 766 Christi

1146 789 1323 829 potestas
1350 795 1396 819 ac
1415 785 1586 819 Sanctae
1607 783 1719 819 Sedis
1738 781 2101 825 auctoritas‚omni·

1147 837 1216 873 bus
1243 837 1528 873 ecclesiasticis
1556 837 1705 884 piisque
1734 837 1916 872 subsidiis
1933 835 2102 879 abolitis,

1146 902 1304 937 pessum
1333 892 1421 927 iret.
1453 892 1533 927 Iam
1561 902 1657 926 vero
1678 891 1750 925 lioc
1769 902 1867 937 opus
1885 889 2104 926 eversionis

1146 947 1320 981 omnium
1350 957 1499 987 rerum,
1520 956 1620 992 quae
1650 945 1697 980 ad
1725 945 1946 980 aedificium
1968 943 2102 979 Eccle-

1148 999 1230 1035 siae
1260 999 1478 1035 catholicae
1506 999 1721 1047 pertinent,
1741 1002 1920 1044 coeptum
1949 1002 1990 1034 et
2015 1008 2102 1032 con·

1148 1054 1297 1089 tinuum
1328 1054 1401 1090 fuit
1434 1066 1503 1101 per
1538 1055 1646 1100 leges
1679 1060 1720 1089 et
1753 1053 1914 1089 decreta
1943 1052 2004 1088 vel
2033 1062 2104 1099 pro

1148 1108 1332 1144 Romana
1360 1109 1563 1156 provincia
1591 1109 1758 1156 primum
1787 1103 1959 1151 condita,
1982 1107 2046 1143 vel
2065 1107 2104 1142 in

1150 1175 1198 1199 ea
1217 1169 1308 1200 tunc
1329 1165 1594 1211 promulgata,
1615 1175 1715 1211 quae
1734 1164 1840 1201 Cleri
1861 1175 1948 1198 cuin
1967 1174 2102 1200 saecu-

1151 1218 1246 1254 laris
1274 1224 1352 1254 tum
1375 1219 1572 1265 regularis
1590 1218 1677 1253 iura
1698 1224 1736 1254 et
1755 1218 1883 1253 officia
1902 1222 2101 1264 rumpunt.

1152 1273 1385 1308 Huiusmodi
1421 1279 1511 1308 sunt
1543 1274 1650 1319 leges
1672 1301 1679 1314 ,
1708 1284 1803 1319 quas
1838 1271 2106 1307 conces-sionis

1154 1326 1349 1361 redituum
1378 1327 1745 1362 ecclesiasticorum
1766 1326 1983 1373 appellant,
2003 1323 2106 1361 unde

1155 1380 1559 1427 patrimonium,quod
1575 1380 1756 1416 Ecclesia
1769 1381 1895 1416 sacris
1909 1379 2106 1416 diuturnis

1154 1445 1200 1469 ac
1228 1434 1520 1469 inviolabilibus
1548 1434 1670 1469 titulis
1698 1433 1936 1480 possidebat,
1961 1444 2107 1480 magna

1154 1499 1203 1523 ex
1232 1493 1344 1534 parte
1374 1488 1446 1523 fuit
1466 1494 1661 1534 ereptum,
1682 1488 1900 1523 substitutis
1917 1488 2002 1523 eius
2022 1488 2107 1523 loco

1155 1553 1201 1576 ac
1231 1553 1279 1578 ex
1308 1547 1420 1587 parte
1450 1541 1787 1587 tantumexiguis
1816 1540 2017 1585 reditibus,
2044 1542 2108 1589 qui

1155 1596 1392 1642 ancipitibus
1422 1600 1645 1642 temporum
1672 1595 1836 1637 vicibus,
1857 1598 1898 1630 et
1915 1594 2109 1630 voluntati

1155 1654 1195 1685 et
1213 1649 1379 1684 arbitrio
1405 1649 1586 1696 publicae
1608 1648 1814 1695 potestatis
1833 1647 2108 1683 subiiciuntur.

1156 1703 1259 1738 Hinc
1286 1714 1430 1749 magno
1458 1713 1624 1738 numero
1652 1702 1853 1744 aedificia,
1882 1712 1981 1748 quae
2009 1701 2109 1737 chri-

1155 1756 1296 1793 stianis
1334 1757 1489 1792 Romae
1529 1756 1772 1803 temporibus
1810 1755 1930 1802 digna
1961 1761 2106 1798 erant,

1156 1822 1330 1858 quaeque
1381 1814 1565 1857 pacatum
1607 1809 1817 1856 hospitium
1869 1809 2111 1855 praebebant

1156 1865 1375 1912 virginibus
1403 1865 1484 1900 Deo
1511 1863 1663 1899 devotis
1691 1867 1758 1899 aut
1778 1863 2035 1910 Regularium
2056 1863 2112 1899 fa.-

1157 1919 1287 1962 mitiis,
1316 1918 1676 1961 indiscriminatim,
1699 1918 1887 1963 legitimis
1915 1928 2113 1964 possesso·

1159 1973 1263 2008 ribus
1279 1973 1432 2016 eiectis,
1449 1978 1643 2019 occupata
1662 1972 1791 2014 fuere,
1813 1971 1909 2007 etin
1930 1972 2114 2018 profanos

1157 2039 1252 2063 usus
1289 2027 1500 2063 destinata.
1534 2026 1734 2073 Adempta
1764 2025 1925 2073 insuper
1957 2026 2117 2062 fuerunt

1161 2082 1370 2128 potestati,
1398 2087 1437 2117 et
1464 2091 1671 2116 sacrorum
1703 2079 1973 2115 ministrorum
2003 2090 2116 2115 cura-

1162 2137 1255 2170 tioni
1290 2142 1347 2172 tot
1374 2136 1437 2183 pia
1470 2146 1594 2182 opera
1621 2141 1661 2170 et
1688 2133 1872 2169 instituta
1893 2161 1901 2176 ‚
1930 2133 2115 2169 charitati

1161 2195 1201 2226 et
1236 2191 1522 2226 beneficentiae
1562 2188 1811 2225 exercendae
1852 2193 2116 2232 consecrata,

1163 2255 1329 2291 quorum
1358 2244 1548 2279 nonnulla
1575 2244 1745 2290 egestati
1765 2243 1927 2290 aliisque
1949 2241 2120 2278 miseriis

1164 2305 1204 2334 et
1231 2298 1535 2334 necessitatibus
1563 2297 1814 2333 sublevandis
1843 2297 1943 2332 mira
1968 2295 2119 2331 munifi-

1165 2353 1298 2388 centia
1313 2351 1385 2399 ipsi
1402 2351 1570 2386 Romani
1590 2351 1815 2394 Pontifices,
1832 2356 1872 2387 et
1890 2358 2120 2387 exterarum

1166 2406 1342 2453 gentium
1373 2408 1434 2453 pia
1464 2405 1684 2441 liberalitas
1704 2405 1976 2441 condiderant.
1999 2404 2120 2440 Prae-

1169 2468 1279 2496 terea
1319 2460 1585 2495 funestissima
1625 2471 1673 2496 ea
1708 2460 1769 2496 lex
1809 2460 1889 2495 lata
1921 2459 2018 2502 fuit,
2045 2469 2121 2506 qua

1171 2525 1317 2561 magno
1342 2515 1618 2550 universorum
1641 2515 1925 2562 Episcoporum
1945 2512 2121 2549 etItalici

1169 2569 1298 2615 populi
1328 2569 1458 2607 luctu,
1488 2569 1650 2604 iuvenes
1680 2568 1812 2604 clerici
1840 2579 1864 2604 a
1890 2567 2120 2604 sanctuario

1168 2623 1347 2670 nequiter
1375 2623 1499 2658 avulsi
1527 2630 1567 2659 et
1593 2623 1719 2659 coacti
1747 2629 1880 2659 aetate
1908 2623 2016 2669 ipsa,
2045 2631 2122 2668 qua

1168 2689 1210 2711 se
1239 2677 1320 2712 Deo
1347 2677 1582 2713 solemniter
1610 2677 1885 2713 consecraturi
1913 2682 2015 2718 sunt,
2034 2686 2119 2711 sae-

1170 2731 1318 2765 cularis
1346 2731 1507 2767 militiae
1545 2731 1717 2767 balteum
1745 2732 1926 2778 accipere
1955 2729 2123 2765 adstrin-

1170 2791 1331 2830 guntur,
1359 2796 1405 2821 ac
1433 2787 1537 2822 vitae
1568 2798 1694 2833 genus
1722 2787 1919 2834 perferre,
1947 2786 2047 2834 quod
2073 2786 2123 2822 ab

1171 2839 1359 2875 Institutis
1378 2846 1417 2876 et
1435 2853 1458 2875 a
1473 2842 1610 2887 spiritu
1629 2844 1847 2878 vocationis
1865 2853 1961 2878 suae
1979 2843 2121 2889 longis-

1170 2905 1265 2928 sime
1287 2895 1580 2932 abhorret-Nec
1603 2896 1728 2933 minus
1746 2898 1900 2934 funesta
1918 2898 2044 2934 evasit
2059 2898 2122 2934 lex

1170 2946 1349 2984 ordinata
1389 2951 1680 2997 supprimendis
1720 2952 1932 2988 Ordinibus
1967 2953 2122 2999 religio-

1170 3001 1235 3040 sis,
1258 3014 1356 3049 quac
1377 3004 1598 3039 Romanum
1622 3005 1856 3042 I'ontiticem
1885 3007 2056 3042 strenuis
2075 3017 2121 3042 ac

1172 3056 1329 3091 utilibus
1350 3057 1594 3093 adiutoribus
1613 3059 1799 3095 damnose
1816 3059 2012 3106 spoliavit,
2032 3071 2120 3108 quo-

1173 3120 1254 3143 rum
1284 3122 1406 3156 opera
1426 3111 1461 3145 in
1482 3112 1736 3158 expediendis
1753 3114 2119 3149 Ecclesiasticarum

1171 3165 1536 3211 congregationum
1573 3167 1741 3213 negotiis
1763 3196 1770 3209 ,
1798 3167 1834 3201 in
1865 3173 1920 3202 tot
1948 3167 2121 3214 partibus

1172 3218 1376 3253 ministerii
1397 3219 1632 3256 exercendis
1649 3221 1702 3256 Illi
1719 3221 1878 3256 omuino
1896 3220 2119 3256 necessaria
