2241 3473
141 107 220 145 284
776 113 939 141 EPOCHA
965 113 1022 140 VI.
1051 115 1079 142 A
1106 113 1263 140 canoto
1293 113 1337 141 M.

90 182 256 227 cretum,
274 180 376 217 dicto
397 179 534 215 contra
548 176 772 225 antipapam
793 176 1044 213 anathemate

90 233 139 270 ab
152 234 246 270 urbe
262 232 533 269 discesserunt.
545 229 839 266 Hildebrandus
853 239 873 264 e
885 228 1045 265 Germa-

91 285 156 322 nia
176 286 214 321 in
235 284 388 321 Ita-liam
410 283 547 326 redux,
565 292 684 330 quum
705 280 904 318 Benedicti
924 280 1046 318 intru-

90 338 238 375 sionem
268 335 502 380 audivisset,
524 333 749 371 Florentiae
778 333 976 380 substitit,
997 333 1045 370 ad

89 391 360 427 Romanorum
376 387 564 436 primates
580 386 734 423 litteras
750 385 916 434 scripsit,
933 387 972 423 et
988 397 1048 423 ac-

89 444 203 490 cepto
223 452 358 478 eorum
375 451 579 485 consenSU,
591 451 651 476 an.
664 439 766 476 1058
776 438 815 476 v⁰
831 438 979 476 calend.
995 438 1046 475 ia-

88 505 198 531 nuar.
212 492 323 530 Senis
343 492 382 528 in
400 491 632 529 Pontificem
647 491 870 540 eligendum
889 491 1048 528 curavit

65 574 69 577 .
88 546 322 590 Gerardum,
341 545 611 593 Burgundum,
631 544 856 593 episcopum
876 544 1048 581 Floren-

87 599 227 643 tinum,
249 598 313 645 qui
333 608 474 634 nomen
494 596 695 634 NicolaiII
716 596 1048 645 suscepit.Henri-

88 662 154 687 cus
166 650 434 695 IV,electione
454 650 632 699 probata,
649 650 856 687 mandavit
872 649 1048 687 Godefri-

88 704 136 740 do
157 703 246 740 duci
266 702 478 740 Hetruriae
492 732 501 749 ,
523 705 566 739 ut
592 703 762 740 electum
783 703 948 739 Romam
971 703 1047 739 du-

89 759 196 793 ceret
220 757 260 792 et
288 756 542 793 Benedictum
569 756 789 793 invasorem
817 755 1048 803 expelleret.

88 808 278 847 Nicolaus
299 808 336 845 II
358 820 378 845 e
399 808 659 845 cardinalium
676 807 836 845 consilio
853 809 1047 856 synodum

88 861 231 899 indixit
245 861 382 899 Sutrii.
395 861 603 910 Antipapa,
620 861 668 898 iis
683 861 841 906 auditis,
858 861 1051 898 conscien-

88 914 168 951 tiae
180 925 357 952 remorsu
367 914 655 958 tactus‚sedem
673 913 914 962 pontificiam
932 925 1049 962 quam

89 967 224 1004 decem
253 966 337 1004 fere
364 966 565 1004 mensibus
587 968 869 1015 occupaverat,
888 966 1053 1015 reliquit

90 1022 130 1057 et
150 1019 188 1056 in
209 1019 406 1068 propriam
428 1020 587 1056 domum
608 1019 785 1056 divertit.
806 1019 1053 1068 Quapropter

91 1072 279 1114 Nicolaus
296 1072 332 1109 II
354 1073 499 1109 Urbem
518 1072 738 1120 ingressus,
755 1073 794 1108 et
814 1083 837 1108 a
857 1072 962 1109 clero
984 1084 1052 1121 po-

92 1125 258 1174 puloque
287 1125 499 1162 honorifice
528 1127 737 1174 exceptus,
766 1125 838 1161 xv⁰
869 1125 1053 1162 calendas

93 1178 315 1216 februarias
338 1177 440 1215 1059
469 1179 683 1215 secundum
712 1189 860 1215 morem
883 1185 1051 1215 consue-

96 1233 183 1268 tum
212 1231 478 1280 inauguratus
506 1231 583 1268 fuit
603 1231 628 1269 ¹.
659 1230 786 1268 Paulo
815 1233 902 1279 post
922 1231 1052 1268 Bene-

94 1283 223 1321 dictus
243 1286 420 1321 erratum
442 1295 555 1320 suum
578 1284 762 1330 correxit,
782 1295 902 1332 seque
923 1285 971 1321 ad
991 1296 1054 1333 pe-

94 1337 161 1374 des
187 1336 390 1373 Pontificis
419 1337 607 1385 proiecit,
628 1338 694 1386 qui
725 1348 813 1374 eum
843 1336 1053 1385 episcopali

94 1392 135 1427 ct
171 1389 403 1427 sacerdotali
434 1389 556 1426 officio
586 1391 784 1439 privatum
827 1390 876 1427 ad
912 1389 1053 1427 laicam

94 1441 405 1480 communionem
428 1442 588 1479 admisit
602 1441 627 1481 2.

146 1494 335 1533 Nicolaus
350 1495 388 1532 II
405 1495 502 1532 nihil
518 1495 591 1532 sibi
612 1507 730 1533 curae
751 1496 833 1545 egit
861 1507 979 1544 quam
1010 1497 1054 1532 ut

94 1548 347 1585 ecclesiarum
377 1548 495 1585 saluti
525 1549 788 1597 prospiceret3
817 1560 921 1587 anno
955 1547 1055 1585 1059

95 1601 247 1638 Romae
272 1601 346 1637 113
368 1601 652 1650 episcoporum,
673 1602 922 1650 pluriumque
943 1601 1057 1638 abba-

94 1654 523 1703 tum,presbyterorum
540 1657 579 1691 et
591 1654 845 1692 diaconorum
863 1655 1055 1703 synodum

95 1707 244 1753 habuit,
260 1707 300 1743 in
320 1718 396 1754 qua
416 1707 463 1744 ad
484 1707 723 1744 eliminanda
743 1708 955 1745 schismata
971 1719 1057 1744 con-

96 1760 277 1797 stitutum
295 1763 365 1804 est,
379 1762 424 1796 ut
440 1759 624 1797 defuncto
640 1761 688 1798 R.
702 1760 910 1807 Pontifice,
926 1760 964 1797 in
982 1760 1056 1809 pri-

95 1813 170 1850 mis
199 1812 376 1862 episcopi
398 1813 616 1850 cardinales
645 1814 917 1860 convenirent,
941 1814 980 1850 et
1010 1813 1056 1850 de

99 1865 287 1902 electione
322 1865 412 1902 novi
443 1865 635 1914 pontificis
665 1866 875 1911 diligenter
902 1869 1056 1904 tracta-

100 1920 200 1964 rent3
220 1929 311 1955 mox
334 1919 541 1967 assumptis
561 1930 691 1956 secum
712 1919 863 1956 clericis
883 1919 1058 1956 cardina-

100 1970 217 2016 libus,
238 1970 461 2019 pontificem
481 1971 671 2020 eligerent
693 1983 713 2008 e
733 1972 883 2020 gremio
905 1973 1056 2009 Roma-

101 2035 173 2060 nae
194 2023 404 2069 ecclesiae,
426 2024 457 2060 si
485 2024 649 2061 idoneus
678 2024 717 2061 in
747 2037 794 2062 ea
822 2025 1057 2073 reperiatur;

90 2076 238 2118 ,deinde
259 2077 467 2114 accedente
486 2077 626 2125 reliqui
656 2077 751 2115 cleri
780 2080 819 2115 et
834 2078 964 2126 populi
985 2078 1060 2114 Ro-

103 2130 210 2166 mani
232 2141 389 2167 assensu
413 2133 529 2177 atque
550 2130 798 2178 imperatoris
819 2131 1062 2180 approbatio·

103 2194 164 2229 ne,
186 2182 330 2220 electus
350 2187 646 2221 consecraretur
665 2181 691 2221 3.
714 2184 859 2221 Contra
889 2183 1059 2221 inconti-

147 2289 158 2310 ¹
175 2290 291 2328 Benzo,
305 2290 472 2329 episcopus
490 2287 656 2327 Albiensis,
673 2291 783 2319 auctor
798 2296 943 2323 coaevus,
957 2288 986 2317 in
1002 2287 1062 2319 Pa-

105 2332 258 2370 negyrico
281 2332 309 2361 in
335 2331 498 2361 llenricum
524 2331 557 2360 lv
582 2330 613 2363 ll.
639 2330 699 2365 Vll,
724 2340 750 2360 c.
773 2329 801 2367 ⁹2,
819 2329 901 2367 apud
920 2329 1062 2359 Mencke-

104 2372 199 2410 nium‚
216 2376 236 2402 t.
254 2371 437 2412 lScriptor.
462 2370 534 2402 Iler.
562 2370 755 2407 Germanic.)
773 2371 879 2407 refert
895 2370 1022 2401 Nicolao
1039 2371 1061 2401 11

104 2413 127 2443 Ι
132 2422 220 2444 omae
242 2414 271 2443 in
291 2414 514 2452 Episcoporum
536 2421 571 2452 ε)
575 2413 655 2442 nodo
672 2413 846 2450 impositam
864 2412 939 2442 tuiss
944 2420 961 2441 e
977 2420 1063 2441 coro-

104 2462 187 2493 nam,
199 2456 229 2485 in
246 2454 336 2485 cuius
348 2455 486 2485 inferiori
501 2454 617 2484 circulo
631 2454 805 2492 legebatur:
818 2452 943 2484 Corona.
956 2452 1063 2492 Requi

104 2496 144 2527 de
166 2505 267 2527 mamm
291 2496 370 2532 Dei,-
394 2497 423 2526 in
447 2496 545 2526 altero
569 2503 658 2525 vtero
682 2492 836 2525 Dmclema
858 2494 995 2533 Imperii
1026 2493 1064 2524 cte

105 2546 208 2568 manu
234 2537 329 2568 Petri,
355 2538 396 2567 Ex
417 2537 529 2576 quibus
552 2536 743 2575 intelligitur,
759 2535 893 2574 duplicis
910 2535 1016 2565 circuli
1034 2536 1062 2565 in

107 2579 198 2609 Tiara
216 2578 380 2609 Pontificia
397 2581 610 2609 ornamentum
628 2585 698 2607 esse
716 2576 810 2607 multo
828 2577 984 2616 antiquius
1002 2577 1064 2606 Bo-

107 2620 221 2650 nisacio
239 2619 312 2657 Vlll,
332 2620 382 2659 qui
400 2619 494 2659 vulgo
512 2619 648 2649 creditur
664 2618 780 2656 primus
797 2617 978 2648 adhibuisse
995 2618 1064 2647 Tia-

108 2670 174 2691 ram
191 2661 412 2691 circumdatam
430 2669 545 2691 corona
560 2659 758 2699 dupliciA'id.
777 2668 902 2699 quoquc
919 2659 1063 2696 annom,

107 2702 164 2732 col.
181 2701 212 2739 ⁹2,
233 2712 260 2741 p.
279 2701 319 2732 St
332 2702 495 2732 voluminis
511 2702 610 2731 huius.

150 2742 162 2764 ²
182 2743 239 2774 Leo
263 2743 409 2779 Ostiens„
429 2741 547 2774 Chron.
565 2743 615 2772 cit.
633 2741 650 2772 1.
670 2742 723 2779 1113
740 2741 892 2772 Lambcrt.
910 2740 1065 2771 schasna-

238 2782 358 2855 3350„
376 2784 414 2855 Ἦ]
432 2793 481 2855 222
497 2781 1066 2863 3053·÷‚⁹i.¹³.²:;22a2i.

211 2835 226 2855 e
254 2835 258 2841 ·
304 2835 382 2855 cest
407 2835 444 2856 ne
523 2835 529 2850 ι
587 2835 602 2854 a
959 2833 964 2852 ι
1012 2831 1066 2861 :j—

112 2866 196 2896 noclo
221 2866 313 2902 sacta,
330 2867 493 2904 baronius,
513 2866 551 2896 ad
575 2863 623 2896 au.
642 2866 732 2902 1059,
748 2865 763 2905 ξ
780 2864 830 2901 24,
852 2866 929 2895 liacc
953 2864 1065 2893 habet:

117 2918 129 2933 «ι
146 2908 210 2937 Non
235 2908 275 2936 ita
301 2907 424 2946 quidem
449 2910 581 2946 apparet
604 2907 800 2938 concessisse
824 2905 864 2935 illi
890 2905 1066 2936 Pontificem

111 2951 203 2994 atque
226 2948 392 2978 Concilium
416 2949 462 2978 ius
485 2948 620 2986 eligendi
644 2949 730 2978 Rom.
752 2947 939 2983 Pontificem,
971 2949 1001 2975 ut
1031 2955 1067 2975 eo

112 2990 179 3027 prii
184 2989 227 3019 :iri
252 2989 383 3019 voluerit
401 2991 485 3020 Rom.
503 2990 638 3020 Clerum:
655 2991 714 3020 imo
732 2989 770 3018 ad
788 2987 970 3018 Cardiualcs
996 2988 1068 3026 lpi-

113 3038 227 3069 scopos
245 3031 342 3060 voluit
357 3031 386 3060 id
405 3031 600 3076 potissimum
619 3031 784 3070 pertinere,
798 3029 869 3059 iude
885 3029 923 3058 ad
937 3032 1068 3065 ceteros,

114 3079 192 3111 qpos
217 3071 282 3101 sive
298 3071 376 3108 iura,
393 3071 458 3101 sive
475 3071 668 3102 consuetud·
685 3072 834 3102 hactenus
858 3069 1068 3105 admisissent,

115 3120 153 3142 ne
176 3112 318 3151 cuiquam
343 3112 567 3151 praeiudicium
591 3113 765 3143 inferretur.
783 3113 843 3143 Nec
859 3111 982 3151 quidem
1000 3110 1068 3150 quis

116 3151 246 3194 dixerit,
262 3153 353 3194 plura
368 3153 460 3185 modo
473 3162 543 3184 esse
557 3154 688 3185 ilenrico
706 3153 782 3194 Regi
799 3154 959 3192 concessa,
974 3160 1066 3191 quam

1087 176 1220 212 nentes
1241 174 1405 212 clericos
1425 175 1621 212 statutum
1641 176 1736 224 fuit,
1755 179 1798 215 ut
1818 188 1929 214 nemo
1948 176 2044 215 mis-

1087 238 1171 265 sam
1200 227 1355 264 audiret
1383 228 1617 274 sacerdotis,
1641 241 1757 277 quem
1786 231 1896 268 certo
1925 229 2044 268 sciret

1087 280 1234 316 habere
1263 280 1544 326 concubinam3
1566 284 1612 317 ut
1639 283 1816 320 sacerdos
1830 312 1839 329 ,
1859 282 2044 320 diaconus

1089 336 1128 369 et
1144 332 1420 378 subdiaconus,
1441 332 1506 380 qui
1527 333 1784 371 concubinam
1798 335 1959 372 duxerit
1976 337 2046 372 aut

1089 385 1248 422 ductam
1287 397 1362 422 non
1398 385 1618 433 reliquerit,
1651 398 1778 435 neque
1805 388 1959 425 missam
1978 399 2048 424 ce-

1088 437 1273 484 lebraret,
1294 449 1422 486 neque
1452 437 1705 487 evangelium
1737 443 1808 477 aut
1843 440 2048 489 epistolam
2096 476 2103 481 .,

1089 493 1259 536 caneret,
1275 502 1401 539 neque
1422 490 1460 527 in
1481 491 1728 540 presbyterio
1749 492 1797 529 ad
1819 493 1952 530 divina
1971 492 2046 530 offi-

1088 543 1150 581 cia
1178 547 1377 588 maneret,
1404 547 1474 580 aut
1493 547 1647 592 partem
1674 544 1872 582 redituum
1900 546 1949 582 ab
1977 556 2046 582 ec-

1089 596 1208 633 clesia
1237 597 1442 644 acciperet.
1473 596 1619 633 Contra
1648 595 1878 634 simoniacos
1907 597 2046 634 decre-

1089 650 1188 695 tum,
1223 650 1268 686 ut
1301 649 1385 686 sine
1419 648 1688 686 misericordia
1726 649 2048 698 deponerentur,

1090 702 1157 749 qui
1179 712 1274 739 vero
1302 702 1493 738 hactenus
1523 713 1545 738 a
1574 701 1808 748 simoniaco,
1829 701 1954 752 gratis
1981 703 2065 739 ta-'

1091 765 1179 791 men
1202 783 1212 799 ‚
1249 754 1417 791 ordinati
1445 753 1633 800 fuissent,
1660 766 1731 803 per
1759 754 2048 804 indulgentiam

1090 808 1249 856 propter
1269 806 1431 843 nimiam
1452 818 1584 843 eorum
1608 807 1898 844 multitudinem
1920 807 1961 844 in
1981 818 2050 844 ac-

1091 859 1214 908 ceptis
1251 859 1462 896 Ordinibus
1509 862 1812 908 permanerent,
1848 860 1880 898 si
1916 862 2050 898 tamen

1092 913 1276 960 deinceps
1295 912 1381 961 quis
1401 912 1573 949 scienter
1601 923 1641 949 se
1671 924 1694 950 a
1723 913 1932 950 simoniaco
1961 924 2054 950 con-

1093 965 1240 1002 secrari
1268 964 1533 1014 permisisset,
1563 966 1730 1013 uterque
1759 965 1952 1014 dignitate
1980 977 2052 1003 sua

1093 1018 1327 1067 privaretur.
1341 1017 1605 1055 Constitutum
1623 1021 1682 1054 est
1700 1021 1918 1067 praeterea,
1929 1020 1974 1055 ut
1986 1018 2050 1067 qui

1094 1082 1182 1108 cum
1212 1082 1335 1108 uxore
1363 1070 1527 1107 haberet
1556 1071 1839 1117 concubinam,
1872 1082 2052 1108 commu-

1094 1124 1207 1160 nione
1227 1123 1475 1172 privaretur,
1497 1126 1536 1159 et
1555 1134 1670 1160 nemo
1699 1124 1860 1162 duceret
1889 1134 2056 1161 uxorem·

1094 1188 1114 1213 e
1140 1175 1440 1225 consanguineis
1467 1186 1590 1223 usque
1617 1176 1664 1213 ad
1694 1176 1902 1225 septimam
1930 1178 2053 1225 gene-

1096 1229 1287 1266 rationem
1320 1227 1344 1266 1.
1377 1229 1421 1266 In
1442 1229 1579 1266 eadem
1599 1229 1749 1277 synodo
1768 1229 2054 1278 Berengarium

1095 1282 1289 1319 haeresim
1311 1293 1421 1319 suam
1444 1282 1645 1318 abiurasse
1675 1294 1795 1331 supra
1823 1282 1998 1319 diximus
2026 1281 2052 1319 ².

1095 1335 1287 1372 Absoluta
1298 1334 1446 1384 synodo
1467 1334 1656 1371 Nicolaus
1677 1335 1713 1371 II
1725 1334 1923 1384 profectus
1935 1335 1995 1372 est
2013 1334 2053 1371 in

1095 1387 1301 1436 Apuliam,
1331 1389 1371 1425 et
1397 1386 1532 1424 eodem
1561 1399 1664 1424 anno
1693 1389 1888 1436 synodum
1916 1387 2058 1425 habuit

1097 1441 1304 1489 Melphiae,
1319 1440 1358 1477 iu
1375 1451 1452 1488 qua
1467 1441 1540 1477 sub
1555 1440 1822 1478 anathematis
1838 1451 1963 1490 poena
1982 1440 2054 1477 cle·

1098 1494 1200 1531 ricos
1219 1494 1268 1530 ad
1289 1493 1545 1530 dimittendas
1573 1504 1719 1530 uxores
1749 1492 1949 1542 compulit.
1970 1492 2054 1530 Ibi-

1098 1547 1185 1583 dem
1205 1557 1360 1594 quoque
1380 1546 1535 1594 excepit
1555 1545 1817 1591 Normannos,
1834 1546 1900 1594 qui
1918 1545 1953 1583 ei
1974 1545 2058 1582 red·

1098 1599 1280 1636 diderunt
1317 1609 1587 1647 quascumque
1616 1599 1665 1636 R.
1696 1599 1897 1636 Ecclesiae
1930 1600 2058 1636 terras

1098 1654 1351 1700 occuparant.
1373 1651 1563 1689 Nicolaus
1583 1663 1648 1689 eos
1675 1651 1723 1688 ab
1744 1651 2059 1689 excommunica-

1097 1705 1203 1741 tione
1221 1704 1400 1748 absolvit,
1417 1707 1457 1741 et
1477 1704 1516 1740 in
1535 1704 1706 1752 'gratiam
1726 1705 1974 1754 Apostolicae
1993 1703 2062 1741 Se-

1099 1758 1156 1795 dis
1180 1757 1340 1806 recepit,
1353 1757 1598 1794 Richardum
1619 1757 1842 1806 principatu
1859 1757 2060 1807 Capuano,

1099 1811 1321 1848 Robertum
1342 1809 1507 1858 Apulia,
1527 1813 1690 1859 excepto
1712 1811 1961 1857 Benevento,
1980 1809 2058 1847 Ca-

1098 1864 1223 1900 labria
1243 1866 1283 1900 et
1302 1863 1437 1900 Sicilia
1456 1862 1673 1910 investivit,
1697 1867 1903 1912 postquam
1924 1863 1952 1900 ii
1972 1873 2059 1900 vas-

1098 1916 1287 1954 sallorum
1317 1927 1425 1953 more
1453 1916 1501 1952 R.
1524 1915 1720 1953 Ecclesiae
1749 1916 1867 1954 fidem
1887 1926 1998 1954 suam
2019 1916 2061 1952 et

1099 1981 1275 2007 annuum
1302 1968 1497 2006 tributum
1526 1968 1741 2016 iurassent3
1762 1982 1839 2018 quo
1868 1968 2059 2006 beneficio

1100 2021 1273 2059 devincti
1310 2021 1529 2059 Normanni
1574 2021 1754 2059 Pontifici
1793 2026 1927 2071 gratos
1977 2031 2062 2058 sese

1102 2074 1403 2124 praestiterunt,
1425 2074 1642 2122 perduelles
1665 2075 1968 2120 Praenestinos,
1987 2073 2063 2111 Tu·

1102 2127 1284 2165 sculanos
1304 2130 1344 2164 et
1371 2127 1641 2164 Nomentanos
1670 2127 1708 2163 in
1739 2128 1915 2165 ordinem
1944 2126 2061 2164 rede-

1102 2182 1257 2229 gerunt,
1278 2182 1318 2217 et
1338 2180 1377 2216 in
1399 2179 1543 2216 ditione
1572 2179 1772 2229 pontificia
1799 2179 2062 2229 tranquillita-

1102 2237 1183 2270 tem
1214 2233 1477 2269 restituerunt
1495 2230 1521 2269 ³.

1155 2286 1214 2322 Ad
1236 2285 1533 2322 instaurandam
1555 2285 1795 2334 disciplinam
1821 2284 2063 2323 ecclesiasti-

1103 2349 1188 2375 cam
1209 2338 1248 2374 in
1270 2337 1399 2375 Gallia
1428 2338 1615 2375 Nicolaus
1637 2339 1706 2387 Pp.
1730 2351 1776 2376 eo
1805 2339 1953 2388 legavit
1973 2338 2064 2375 Ste-

1103 2391 1276 2440 phanum
1295 2391 1548 2437 cardinalem,
1565 2391 1630 2439 qui
1651 2403 1714 2430 an.
1733 2392 1835 2430 1060
1852 2392 1890 2429 in
1910 2391 2061 2442 synodo

1104 2497 1169 2527 eius
1186 2496 1269 2537 pzwtii
1290 2495 1471 2542 Imperatori
1489 2495 1561 2525 data
1579 2495 1701 2527 fueraut
1723 2505 1740 2527 a
1765 2495 2062 2542 praedecessoribus

1105 2539 1164 2569 PR.
1190 2538 1404 2574 Pontificibus,
1429 2536 1572 2567 nimirum
1590 2538 1670 2577 quod
1689 2539 1838 2569 hactenus
1856 2538 1971 2569 sactum
1989 2536 2067 2568 vidi-

1103 2588 1182 2617 mus,
1200 2582 1231 2609 ut
1248 2579 1332 2609 illum
1351 2579 1481 2617 eligeret
1494 2579 1593 2617 lniper
1595 2582 1674 2616 ator,
1690 2578 1720 2609 iu
1738 2588 1828 2619 quem
1845 2578 1993 2618 primo‚si
2009 2586 2067 2618 per

1104 2629 1212 2659 pacem
1236 2601 1563 2657 licuissei,⁰'suls1·agia
1593 2620 1802 2651 Romanorum
1829 2622 2066 2651 concurrerent:

1105 2662 1211 2700 sicque
1230 2662 1358 2699 primum
1375 2661 1481 2691 Clerus
1498 2661 1638 2698 eligeret,
1655 2665 1686 2691 et
1702 2661 1781 2691 Cleri
1805 2661 1946 2692 electioni
1962 2660 2066 2699 Impe-

1106 2707 1190 2732 rator
1213 2703 1279 2741 ipse
1296 2702 1427 2732 faveret:
1445 2702 1490 2731 sin
1507 2703 1608 2732 miuus
1624 2701 1664 2732 id.
1686 2701 1776 2733 Clero
1791 2702 1896 2733 facere
1913 2702 2068 2739 licuisset,

1106 2744 1237 2781 ipsemet
1249 2743 1354 2774 Clerus
1372 2742 1549 2773 retunderet
1563 2747 1634 2773 tuuc
1651 2741 1782 2774 liberam
1799 2742 1830 2774 in
1846 2743 2067 2782 imperatorem

1106 2785 1298 2820 electionem,
1317 2788 1345 2813 ut
1362 2792 1453 2823 quem
1472 2784 1563 2813 vellet
1577 2783 1716 2823 eligeret,
1734 2785 1857 2814 nomine
1880 2787 1982 2814 tamen
2003 2783 2069 2813 Ro-

1107 2827 1187 2855 mani
1205 2825 1291 2855 (leri
1304 2826 1334 2855 ln
1350 2826 1407 2855 lioc
1424 2829 1524 2855 auu-m
1540 2826 1677 2856 Concilio
1689 2826 1727 2855 de
1741 2826 1799 2855 ΗΒ.
1810 2823 1990 2855 Pontificum
2007 2823 2068 2854 ele·

1107 2867 1209 2896 ctione
1233 2867 1413 2896 constitutio
1437 2865 1518 2896 edita
1542 2870 1589 2897 est
1613 2866 1848 2911 pernecessaria
1875 2864 2068 2904 temporibus

1108 2907 1132 2936 is
1138 2907 1188 2940 tis
1212 2907 1324 2946 quibus
1348 2908 1392 2937 vis
1416 2907 1578 2946 t3rannica
1594 2907 1760 2947 vigeret».
1779 2906 1847 2936 Vid.
1862 2907 1955 2936 etiam
2008 2914 2065 2936 uae

1108 2948 1137 2977 in
1164 2950 1242 2977 lianc
1269 2957 1333 2978 iem
1358 2947 1657 2987 disputatsandini,
1691 2947 1779 2981 litae
1801 2945 1862 2978 ΠΗ.
1880 2946 1953 2985 ΡΡ.,
1970 2946 2068 2979 Meo-

1109 2989 1180 3019 lam
1199 2989 1235 3023 ΙΙ,
1255 2992 1359 3020 annot.
1377 2990 1405 3025 t),
1422 2995 1450 3019 ct
1468 2989 1494 3019 7.

1152 3030 1160 3049 ¹
1181 3031 1293 3069 Lalilne,
1319 3029 1440 3061 Cuncil.
1465 3033 1485 3061 ί.
1509 3030 1559 3068 lx,

1109 3080 1157 3101 an.
1178 3071 1253 3101 1059
1270 3089 1303 3093 -
1322 3072 1335 3093 ²
1354 3071 1423 3101 Vid.
1442 3081 1472 3110 p.
1488 3070 1557 3102 ⁶281.

1150 3112 1238 3183 διαῗ
1265 3112 1419 3152 ostiens„
1448 3110 1567 3144 Chr-on.
1596 3110 1706 3144 Casiri.
1726 3111 1746 3143 1.
1771 3110 1828 3150 ΙΙΙ;
1851 3110 2003 3143 Baronius
2039 3114 2068 3143 et

1112 3154 1196 3193 l’agi,
1217 3153 1290 3185 iiid.

1575 3039 1604 3070 p.
1624 3029 1717 3068 1099;
1736 3030 1847 3061 Baron.
1862 3031 1892 3060 et
1910 3027 2011 3070 Pagi,
2027 3027 2067 3060 ad
