2241 3473
742 140 864 171 stVE
892 141 945 167 AD
973 138 1139 167 scfflSMA
1168 139 1397 167 OCCIDEN'I'IS

100 219 231 248 eorum
244 206 492 246 conversione
507 209 546 245 et
561 209 697 245 contra
711 218 844 244 eorum
862 217 1036 256 progres-

99 259 391 306 siones‚saeculo
402 260 647 310 praecedenti
659 260 854 298 adhibitae
867 259 1032 297 fuerunt.

99 315 178 353 Sub
188 313 300 351 initia
312 313 427 351 huius
438 314 581 352 saeculi
596 313 690 352 XIII
705 313 952 350 Innocentius
966 312 1036 361 Pp.

100 367 154 406 111
173 367 324 416 legatos
341 371 381 403 et
399 367 564 405 vicarios
581 366 862 413 suos,maxima
882 378 930 403 ex
953 376 1033 414 par-

99 423 139 460 te
157 420 366 458 monachos
386 420 674 465 Cistercienses,
697 419 827 467 ampla
845 423 1034 467 potestate

98 473 322 517 instructos,
344 473 382 510 in
404 473 530 512 Gallia
558 472 798 510 meridionali
820 471 1035 515 constituit,

1923 128 1975 167 53

1078 207 1215 255 panem
1253 204 1554 244 eucharisticum
1593 215 1676 242 esse
1703 202 1856 251 quidem
1886 204 2025 253 Deum,

1078 259 1144 296 sed
1166 271 1239 297 non
1262 259 1378 311 aliter
1396 270 1441 296 ac
1460 258 1560 296 alius
1581 256 1689 306 panis
1717 256 1767 294 sit
1794 256 1922 302 Deus;
1940 258 2028 296 reli-

1077 313 1231 361 gionem
1261 311 1534 357 christianam,
1563 322 1662 360 quac
1692 309 1864 359 religioni
1894 311 2026 350 Patris

1077 377 1142 404 seu
1164 365 1358 403 Mosaicae
1381 364 1510 403 fuerat
1530 365 1761 410 substituta,
1783 374 1868 401 esse
1888 375 2026 402 corru-

1079 421 1183 467 ptam
1205 419 1319 467 cique
1340 419 1653 455 substituendam
1682 416 1907 464 religionem
1935 416 2027 465 Spi-

1080 471 1175 508 ritus
1194 471 1246 516 S.‚
1267 472 1437 508 ominum
1454 470 1775 519 perfectissimam
1791 483 1800 516 3
1819 470 1919 508 unde
1938 470 2028 508 Ex-

103 529 146 563 ut
160 526 376 564 Catholicos
395 527 431 563 in
450 526 522 564 fide
538 528 814 564 conservarent
834 529 872 562 et
895 525 1034 562 haere·
1072 529 1298 572 pectatores
1317 523 1498 572 Spiritus
1516 524 1555 561 S.
1573 523 1753 572 appellati
1770 534 1920 572 quoque
1936 523 2027 561 fue-

97 578 195 617 ticos
215 584 489 617 converterent
516 580 576 617 vel
605 579 732 628 palam
767 578 1036 614 excommuni-

99 637 246 670 carent.
269 632 338 670 His
366 633 504 682 legatis
524 645 564 670 se
585 644 684 669 anno
709 630 806 668 1206
835 629 1038 667 coniunxit

101 685 285 731 Didacus,
304 686 503 735 episcopus
527 684 758 723 Uxamensis
778 684 815 720 in
837 683 1038 732 Hispania,

100 751 186 776 cum
221 751 249 776 s.
271 739 470 776 Dominico
503 739 675 776 eiusdem
704 737 890 774 ecclesiae
920 748 1037 773 cano-

101 793 200 829 nico.
227 792 257 829 1i
284 792 424 829 habitis
453 803 539 829 cum
584 790 779 840 magistris
816 790 1035 827 haeretico-

101 856 186 882 rum
203 844 555 894 disceptationibus,
579 856 642 881 eos
672 843 875 881 haereseos
897 843 1036 880 convi-

100 903 237 935 cerunt
271 898 487 946 multosque
522 910 543 935 e
572 897 713 946 populo
751 897 798 933 ad
829 896 1034 934 veritatem

99 951 353 988 reduxerunt.
394 951 469 988 Sed
502 962 589 987 cum
625 953 826 998 magnates
861 949 1037 986 sectariis
1057 981 1059 984 .

99 1005 450 1052 patrocinarentur,
466 1004 628 1053 episcopi
652 1002 802 1051 legatos
823 1002 1037 1051 pontificios

100 1068 237 1106 parum
258 1057 502 1103 adiuvarent,
525 1069 620 1094 unus
642 1056 873 1105 legatorum,
894 1056 1037 1093 Petrus

99 1109 146 1148 de
165 1109 461 1155 Castro-Novo,
481 1122 542 1148 an.
568 1109 679 1155 1208,
709 1109 842 1146 suisset
871 1108 1036 1146 interfe-

99 1170 195 1209 ctus,
211 1164 421 1212 eodemque
442 1175 541 1200 anno
561 1164 720 1201 obiisset
740 1162 910 1200 Didacus
930 1161 993 1199 Ux
1003 1174 1036 1199 a·

100 1217 255 1262 mensis‚
289 1216 464 1266 plerique
485 1216 758 1254 Cistercienses
779 1217 826 1266 in⁴
840 1219 1036 1253 monaste-

100 1269 160 1307 ria
177 1281 247 1308 sua
266 1271 431 1319 regressi
453 1274 554 1308 sunt.
576 1270 614 1307 S.
632 1269 858 1307 Dominicus
879 1280 972 1306 vero
993 1281 1038 1305 o-

100 1334 170 1371 pus
202 1329 378 1372 coeptum
412 1328 638 1361 constanter
671 1334 739 1360 nec
759 1323 839 1361 sine
860 1322 1039 1359 maximis

100 1375 291 1414 fructibus
325 1377 580 1414 continuavit.
619 1377 672 1414 De
705 1376 788 1414 eius
818 1377 856 1413 in
877 1386 1039 1413 conver-

100 1428 226 1467 tendis
259 1429 465 1467 haereticis
498 1435 538 1467 et
569 1430 616 1468 de
651 1429 753 1467 bello
773 1441 885 1467 sacro
906 1434 1060 1467 contra

100 1483 255 1520 eosdem
274 1483 448 1521 excitato
469 1483 572 1521 infra
592 1495 754 1532 agemus
777 1481 801 1521 ¹.

153 1535 189 1574 5.
209 1537 446 1574 Almaricus
465 1542 504 1575 et
521 1536 705 1574 Ioachim
723 1537 822 1573 —In
842 1536 925 1585 ipsa
944 1535 1038 1573 Uni-

101 1589 290 1627 versitate
314 1590 525 1628 Parisiensi
560 1591 716 1628 saeculo
751 1589 848 1627 XIII
881 1590 1040 1626 ineunte

102 1653 326 1691 perversam
347 1643 560 1681 doctrinam
581 1643 735 1680 tradere
756 1654 873 1680 ausus
889 1646 947 1680 est
967 1642 1038 1680 Al-

101 1695 271 1733 maricus
291 1697 337 1733 de
368 1696 497 1742 Bena,
518 1696 679 1734 clericus
707 1699 746 1734 et
775 1695 1037 1744 philosophiae

103 1749 300 1797 magister;
317 1749 382 1798 qui
398 1750 650 1798 pantheistico
668 1761 772 1787 more
789 1749 836 1786 de
861 1749 941 1786 Deo
958 1760 1039 1786 sen-

101 1802 220 1847 tiens,
254 1803 477 1849 asserebat,
512 1803 706 1840 neminem
739 1802 882 1840 salvari
917 1814 1037 1851 posse,

101 1854 173 1892 nisi
194 1856 368 1893 crederet
397 1867 435 1893 se
455 1868 537 1894 esse
566 1856 783 1894 membrum
806 1855 962 1902 Christi,
983 1855 1037 1892 ita

102 1911 144 1944 ut
163 1908 253 1945 dum
280 1920 303 1946 a
332 1909 483 1947 Iudaeis
511 1910 688 1948 Christus
716 1912 939 1958 pateretur,
961 1920 1037 1946 una

100 1972 187 1998 cum
209 1962 290 2011 ipso
309 1962 450 2011 quique
476 1962 605 2000 fideles
631 1962 799 1999 dolorem
830 1961 976 1999 fuerint
996 1973 1037 1999 re

101 2025 196 2052 vera
217 2016 398 2064 perpessi.
426 2017 538 2054 Hunc
560 2027 730 2053 errorem
760 2027 872 2053 sacra
892 2015 1037 2053 Facul-

101 2069 162 2105 tas
181 2079 240 2106 an.
266 2068 365 2106 1204
381 2069 603 2115 damnavit,
627 2069 785 2118 eiusque
806 2069 1036 2106 sententiam

103 2121 353 2160 Innocentius
372 2123 440 2172 Pp.
459 2123 513 2160 III
539 2124 586 2160 ad
608 2134 722 2172 quem
742 2127 1038 2172 provocaverat,

101 2173 358 2214 confirmavit.
391 2176 611 2214 Almaricus
641 2187 774 2213 errore
803 2188 873 2213 suo
903 2187 1038 2214 sacrae

103 2226 508 2279 Facultatis‘mandato
529 2230 694 2276 eiurato,
707 2229 813 2267 brevi
829 2234 913 2278 post
933 2229 1038 2274 obiit3

105 2280 170 2318 sed
202 2281 379 2330 discipuli
409 2283 491 2320 eius
525 2283 666 2333 dogma
700 2282 1039 2332 pseudo-magistri

104 2333 162 2370 sui
182 2334 305 2382 magis
339 2336 586 2384 explicarunt
620 2338 810 2386 novisque
845 2337 1043 2374 erroribus

105 2389 323 2434 auxerunt,
352 2392 391 2426 et
425 2401 494 2437 per
532 2389 788 2429 Parisiensem
820 2390 1042 2439 vicinasque

105 2439 299 2478 dioeceses
328 2441 638 2481 disseminarunt.
669 2443 966 2482 Constituerunt
1004 2444 1042 2480 hi

107 2495 187 2530 tres
207 2493 420 2542 Religionis
440 2499 563 2533 status
583 2508 649 2534 seu
666 2509 800 2547 regna,
822 2497 951 2534 Patris
971 2497 1042 2534 sub

106 2545 211 2596 Lege
231 2546 379 2593 Veteri,
395 2548 483 2585 Filii
500 2549 570 2586 sub
591 2550 695 2599 Lege
719 2551 833 2589 Nova
855 2562 973 2599 usque
994 2551 1043 2587 ad

105 2600 303 2637 saeculum
321 2600 429 2646 XIII,
449 2604 488 2639 et
507 2602 646 2640 exinde
666 2604 835 2652 Spiritus
850 2603 887 2640 S.
908 2604 946 2640 in
967 2615 1042 2652 quo

106 2656 300 2702 postremo
321 2659 424 2691 statu
446 2655 642 2704 abrogatis
669 2657 944 2703 sacramentis,
978 2669 1043 2694 sa-

107 2706 263 2752 crificio,
285 2708 468 2755 omnique
489 2709 597 2745 cultu
620 2714 784 2748 externo
801 2710 963 2759 quisque
983 2721 1043 2747 so-

106 2758 146 2796 la
185 2760 338 2797 interna
375 2760 545 2809 Spiritus
584 2763 711 2810 gratia
745 2763 975 2801 salvaretur.
1012 2763 1044 2806 Ε

106 2812 293 2862 principio
313 2814 758 2862 mystico-pantheistico
779 2816 826 2853 de
848 2827 977 2854 rerum
1007 2828 1044 2853 o-

108 2865 254 2903 mnium
274 2879 295 2904 e
309 2867 473 2904 materia
495 2867 635 2916 prima,
660 2880 774 2917 quam
794 2869 919 2906 Deum
939 2869 1044 2907 dicc-

106 2918 222 2966 bant,
247 2922 494 2958 emanatione
523 2923 561 2958 et
591 2921 630 2957 in
658 2921 764 2959 illam
786 2923 1047 2969 conversione,

107 2973 392 3011 contendebant
420 2973 598 3018 sectarii,
628 2986 818 3024 quemque
851 2975 1044 3012 hominem

108 3035 190 3063 esse
203 3025 324 3064 filium
341 3027 423 3075 Dei,
445 3027 545 3065 sicut
568 3026 744 3065 Christus
760 3027 832 3065 fuit
848 3027 948 3066 filius
965 3028 1048 3076 Dei;
1066 3054 1069 3082 3
1091 3062 1129 3066 ψ

149 3131 159 3152 ¹
178 3132 207 3162 Ρ.
231 3132 268 3164 de
285 3133 367 3165 Valle
385 3133 509 3171 Cernai,
533 3131 678 3164 Historia
695 3132 932 3173 Albz'yensium3
949 3134 1046 3165 Lucas

109 3171 270 3212 Tudcnsis‚
293 3173 325 3206 L.
349 3177 461 3207 contra
479 3173 649 3214 Albiqens.;
668 3176 806 3212 Bossuei,
833 3175 972 3207 Histoire
994 3175 1046 3207 des

110 3214 295 3253 variations,
311 3216 330 3247 1.
346 3216 394 3247 xl.

1080 588 1133 613 re.
1156 576 1351 624 Quidquid
1367 588 1415 614 ex
1432 576 1629 614 Paracleti
1651 575 1815 613 motione
1835 588 1902 614 seu
1923 577 2026 614 cari·
2075 590 2078 591 ⁷

1078 632 1159 666 tate
1189 630 1522 676 committeretur,
1550 629 1631 667 sive
1651 636 1848 677 stuprum,
1874 629 1957 667 sive
1980 642 2026 668 a-

1080 682 1303 727 dulterium,
1323 682 1405 720 sive
1425 682 1505 720 alia
1524 682 1712 727 facinora,
1734 682 1943 719 honestum
1963 683 2025 720 di-

1080 736 1219 773 cebant
1232 733 1256 773 ¹.
1274 735 1476 773 Nefandae
1493 735 1614 785 huius·
1626 735 1826 773 doctrinae
1846 736 2025 785 magistri

1079 788 1326 836 aliarumque
1367 789 1572 837 impiarum
1610 787 1896 826 absurditatum
1913 818 1923 835 ,
1963 800 2024 827 an.

1082 842 1181 879 1209
1202 842 1239 878 in
1257 843 1405 891 synodo
1426 841 1635 879 Parisiensi
1655 840 1838 886 convicti,
1854 842 2027 880 damnati

1079 898 1117 933 et
1151 896 1282 932 curiae
1312 895 1500 933 saeculari
1521 894 1657 932 traditi
1689 899 1803 939 sunt,
1823 906 1846 932 a
1875 906 1950 943 qua
1980 895 2028 933 10

1080 948 1128 985 ad
1168 948 1298 997 ignem
1337 955 1375 987 et
1416 950 1440 985 4
1480 948 1527 985 ad
1563 951 1794 997 perpetuum
1829 959 2027 986 carcerem

1080 1001 1347 1047 condemnati,
1383 1001 1448 1039 alii
1481 1001 1628 1039 dimissi
1662 1000 1831 1038 fuerunt.
1855 1001 2028 1039 Perver-

1079 1067 1165 1092 sum
1185 1055 1372 1092 Almarici
1393 1057 1534 1104 dogma
1568 1054 1680 1103 paulo
1710 1056 1793 1103 post
1826 1054 2027 1093 damnavit

1080 1107 1285 1146 concilium
1308 1109 1571 1147 Lateranense
1585 1108 1651 1156 IV,
1676 1119 1759 1146 can.
1783 1108 1826 1155 2,
1848 1107 1907 1145 uti
1926 1108 2029 1146 vide-

1081 1161 1219 1199 bimus.

1136 1216 1245 1252 Idem
1267 1215 1481 1253 Concilium
1505 1214 1707 1253 damnavit
1736 1224 1887 1262 quoque
1915 1213 2029 1252 libel-

1080 1267 1163 1305 lum
1183 1265 1383 1315 Ioachimi,
1410 1268 1563 1307 abbatis
1595 1267 1916 1317 congregationis
1940 1266 2028 1306 Flo-

1083 1323 1205 1359 rensis
1245 1322 1284 1359 in
1321 1322 1501 1360 Calabria
1519 1352 1528 1369 ,
1569 1325 1706 1359 contra
1734 1322 1895 1358 Petrum
1919 1321 2027 1358 Lom-

1083 1375 1242 1413 bardum
1264 1376 1311 1413 de
1333 1376 1482 1413 unitate
1516 1387 1584 1413 seu
1620 1374 1791 1412 essentia
1825 1385 1874 1412 ss.
1905 1374 2031 1411 Trini-

1081 1429 1185 1466 tatis.
1220 1428 1389 1466 Ioachim
1408 1458 1418 1475 ,
1438 1429 1501 1477 qui
1523 1440 1583 1466 an.
1610 1427 1711 1466 1202
1730 1427 1844 1475 obiit,
1876 1428 2028 1477 plures-

1081 1493 1154 1530 que
1176 1483 1476 1520 commentarios
1495 1482 1534 1519 in
1551 1494 1579 1519 s.
1598 1481 1842 1530 Scripturam
1860 1480 2028 1530 reliquit,

1081 1535 1285 1573 haereseos
1305 1535 1602 1573 insimulaverat
1622 1535 1691 1572 has
1713 1534 1822 1572 Petri
1846 1535 2028 1572 Lonibar-

1082 1589 1118 1626 di
1142 1589 1439 1638 propositiones:
1470 1603 1491 1624 «
1512 1588 1720 1626 Catholicis
1747 1588 2029 1626 tractatoribus

1082 1644 1364 1680 consentientes
1385 1642 1562 1687 dicimus,
1578 1642 1678 1690 quod
1699 1653 1770 1678 nec
1792 1641 1913 1679 Pater
1935 1641 2031 1679 divi-

1083 1707 1172 1732 nam
1184 1696 1390 1733 essentiam
1404 1695 1552 1745 genuit,
1562 1707 1632 1732 nec
1643 1694 1776 1732 divina
1789 1694 1958 1733 essentia
1969 1706 2030 1744 ge-

1083 1748 1168 1786 nuit
1183 1749 1338 1795 Filium,
1349 1761 1417 1786 nec
1433 1749 1565 1786 divina
1580 1747 1746 1786 essentia
1758 1749 1893 1797 genuit
1907 1759 2030 1786 essen-

1082 1801 1188 1840 tiam.
1200 1802 1273 1839 Hic
1290 1803 1443 1840 nomine
1459 1802 1650 1840 essentiae
1665 1801 1920 1850 intelligimus
1937 1801 2030 1839 divi-

1083 1867 1170 1892 nam
1189 1864 1492 1904 naturam,quae
1508 1854 1722 1893 communis
1739 1860 1797 1893 est
1811 1855 1937 1893 tribus
1951 1866 2030 1904 per-

1082 1908 1185 1946 sonis
1200 1911 1238 1946 et
1257 1912 1340 1947 tota
1361 1910 1400 1946 in
1420 1908 1588 1958 singulis
1603 1920 1638 1946 ›>.
1657 1908 1919 1946 Existimabat
1939 1908 2029 1946 loa-

1081 1961 1197 2007 chim,
1209 1962 1268 1999 his
1284 1962 1610 2011 propositionibus
1627 1973 1700 1999 non
1715 1961 1948 1999 Trinitatem
1963 1961 2030 1999 sed

1082 2016 1386 2063 quaternitatem
1400 2016 1439 2052 in
1456 2015 1600 2053 divinis
1611 2015 1752 2061 doceri,
1763 2026 1904 2064 easque
1915 2027 2032 2065 oppu-

1081 2070 1237 2116 gnando
1258 2069 1443 2106 inciditin
1460 2070 1528 2107 hos
1542 2080 1716 2107 errores:
1734 2069 1776 2106 In
1793 2069 1935 2106 divinis
1953 2080 2028 2106 non

1082 2133 1166 2159 csse
1190 2122 1358 2171 aliquam
1380 2134 1464 2160 rem
1487 2134 1615 2169 unam,
1635 2134 1736 2171 quae
1756 2121 1807 2160 sit
1823 2122 1954 2168 Pater,
1969 2121 2030 2159 Fi-

1083 2174 1158 2213 lius
1179 2179 1218 2213 et
1239 2176 1410 2224 Spiritus
1430 2176 1482 2222 S.‚
1504 2176 1588 2214 sive
1609 2176 1676 2213 illa
1696 2187 1756 2213 res
1778 2188 1853 2213 una
1874 2175 2028 2220 dicatur

1083 2229 1317 2273 substantia,
1338 2230 1507 2267 essentia
1527 2229 1610 2267 sive
1627 2231 1789 2276 natura3
1810 2232 1889 2267 tres
1906 2240 2030 2278 perso-

1085 2294 1154 2320 nas
1175 2295 1259 2320 esse
1279 2283 1433 2331 quidem
1457 2294 1572 2320 unam
1599 2282 1820 2328 essentiam,
1841 2294 1914 2319 non
1936 2293 2029 2319 vero

1088 2345 1203 2373 unam
1224 2336 1431 2374 essentiam
1448 2348 1531 2374 esse
1553 2341 1633 2374 tres
1649 2348 1834 2385 personas
1848 2349 1857 2382 ;
1873 2339 2029 2383 tresque

1085 2401 1270 2439 personas
1286 2401 1368 2427 esse
1386 2401 1500 2427 unam
1519 2390 1723 2427 essentiam
1741 2401 1815 2426 non
1831 2399 2031 2437 vere,pro-

1086 2442 1169 2492 prie
1190 2447 1230 2480 et
1249 2443 1431 2489 realiter,
1452 2443 1519 2481 sed
1542 2443 1746 2480 collective
1776 2445 1816 2479 et
1842 2441 2029 2479 similitu-
2084 2487 2087 2490 ι

1087 2497 1190 2542 dine,
1206 2496 1319 2533 sicuti
1337 2496 1448 2534 multi
1465 2497 1640 2534 homines
1656 2496 1837 2533 dicuntur
1855 2506 1951 2532 unus
1968 2506 2029 2544 po·

1089 2549 1216 2599 pulus.
1239 2549 1366 2591 Quum
1396 2553 1526 2588 autem
1547 2550 1715 2587 Ioachim
1735 2548 1863 2586 omnia
1887 2548 2031 2597 scripta

1087 2615 1158 2640 sua
1179 2602 1375 2640 Ecclesiae
1395 2604 1542 2640 iudicio
1561 2601 1800 2648 subiecisset,
1821 2601 2028 2639 concilium

1088 2657 1350 2694 Lateranense
1370 2656 1513 2694 librum
1533 2656 1688 2704 quidem
1710 2655 1812 2701 eius,
1835 2666 1908 2691 non
1933 2666 2027 2693 vero

1088 2721 1292 2759 personam
1313 2710 1517 2747 damnavit
1537 2708 1563 2746 ².

1142 2763 1178 2800 6.
1200 2763 1312 2800 Lites
1334 2765 1442 2801 inter
1461 2763 1750 2800 Innocentium
1769 2761 1839 2799 ΙΙΙ
1855 2766 1894 2799 et
1912 2772 2026 2810 reyes

1093 2815 1266 2860 Galliae,
1287 2816 1463 2864 Anylz'cze
1483 2821 1520 2853 et
1551 2816 1837 2864 imperatorem
1854 2835 1904 2842 —-
1919 2814 2028 2852 Inte-

1088 2880 1156 2906 rea
1175 2869 1426 2906 Innocentius
1447 2868 1515 2917 Pp.
1537 2867 1592 2905 ΙΙΙ
1623 2879 1783 2917 magnas
1809 2868 2030 2906 simultates

1089 2922 1225 2959 habuit
1254 2934 1342 2959 cum
1372 2921 1529 2970 regibus
1558 2921 1709 2959 Galliae
1738 2925 1777 2959 et
1805 2921 1972 2970 Angliae
1991 2924 2032 2958 et

1089 2975 1229 3014 Ottone
1241 2975 1308 3022 IV,
1324 2975 1362 3011 in
1379 2974 1527 3023 quibus,
1545 2974 1871 3022 quemadmodum
1887 2976 1927 3012 in
1946 2974 2032 3013 aliis

1132 3093 1139 3113 ¹
1157 3093 1322 3133 Rigordus,
1339 3091 1377 3122 ad
1393 3099 1440 3121 au.
1461 3089 1556 3130 r12093
1574 3091 1738 3123 Caesarius
1755 3091 2035 3130 Heisterbacensis,

1064 3137 1069 3191 l
1090 3135 1181 3171 Dial„
1199 3136 1216 3164 1.
1233 3134 1261 3172 5,
1278 3143 1302 3164 c.
1318 3133 1365 3164 ⁶22.

1130 3177 1144 3197 ‘2
1159 3177 1328 3207 Matthaeus
1353 3174 1460 3211 Paris,
1483 3172 1558 3206 Hist.
1573 3173 1665 3214 Anql.
1682 3175 1720 3206 ad
1737 3183 1784 3206 an.
1804 3174 1903 3214 11793
1923 3174 2038 3214 Labbc,

1065 3193 1071 3251 i
1093 3218 1186 3251 Cane.
1210 3221 1228 3247 t.
1246 3216 1302 3253 XI,
1319 3226 1346 3256 p.
1370 3215 1418 3245 49.
