2241 3473
214 114 290 154 138

160 189 277 228 Initio
291 188 492 226 Ecclesiae
508 198 603 225 cura
617 188 810 224 bonorum
826 198 871 223 ac
886 185 1110 223 reddituum

162 242 519 280 ecclesiasticorum
550 242 637 277 erat
665 240 767 287 apud
799 238 1017 287 episcopos,
1044 237 1112 285 qui

163 306 251 332 eam
279 305 487 331 oeconomo
513 293 576 329 vel
597 291 869 329 archidiacono
889 290 1112 328 committe-

162 349 273 385 bant.
294 347 354 384 Ex
371 347 430 383 his
446 345 555 382 bonis
576 344 743 392 episcopi
759 346 798 381 et
813 343 945 380 clerici
960 343 1115 380 aleban-

163 403 251 446 tur,
281 399 487 446 egentibus
508 399 546 434 et
566 397 821 434 ecclesiarum
843 396 1025 445 impensis
1045 407 1114 432 seu

163 451 319 490 fabricis
357 450 674 488 succurrebatur.
717 450 862 487 Postea
896 460 989 486 vero
1025 449 1112 485 RR.

163 503 386 549 Pontifices,
407 502 584 539 Gelasius
604 502 634 548 I,
656 502 870 551 Gregorius
884 501 937 539 M.
955 501 1114 549 aliique,

163 560 202 594 et
236 556 401 593 concilia
431 554 745 600 constituerunt,
776 556 820 592 ut
849 554 1116 592 ecclesiastica

163 610 264 647 bona
291 608 331 644 in
363 609 534 656 quatuor
561 608 687 656 partis
707 607 996 652 dividerentur,
1018 617 1116 655 qua-

162 673 251 699 rum
278 672 356 697 una
376 660 554 709 episcopo
567 690 576 707 ,
606 660 734 698 altera
755 660 908 698 clericis
927 659 1115 697 ecclesiae

164 712 349 758 addictis,
385 713 503 750 tertia
535 712 708 751 fabricae
737 713 946 759 ecclesiae,
975 714 1118 762 quarta

163 766 398 816 pauperibus
419 766 708 804 attribueretur
722 765 961 804 ¹.—Ordinis
982 776 1118 803 sacra-

164 821 342 857 mentum
369 830 505 856 mense
526 819 723 856 decembri
744 819 914 856 conferri
935 819 1093 856 solitum
1110 847 1120 864 ,

165 883 299 910 mense
319 871 522 909 februario
542 872 833 909 administravit
847 871 875 909 ².

221 924 308 962 100.
320 925 388 962 Eu
395 924 689 974 tgoehz'anorum
702 926 847 963 turbae
853 925 1121 973 —Postquam

166 977 405 1026 eutychiana
441 978 614 1016 haeresis
643 978 683 1015 in
712 978 876 1016 concilio
907 976 1122 1016 Chalcedo-

167 1030 278 1068 nensi
294 1030 522 1069 solemniter
542 1033 645 1068 esset
665 1031 864 1077 damnata,
880 1030 989 1067 illius
1006 1031 1126 1067 secta-

167 1086 273 1121 tores
303 1083 411 1121 omni
430 1084 495 1122 via
515 1085 588 1121 hoc
609 1084 817 1121 concilium
838 1087 878 1121 et
897 1083 1125 1120 defensores

170 1137 252 1174 eius
280 1139 584 1186 oppugnarunt,
611 1149 833 1186 gravesque
858 1137 994 1173 turbas
1013 1136 1053 1172 in
1073 1135 1125 1172 O-

169 1190 295 1227 riente
336 1190 574 1227 excitarunt.
610 1193 684 1227 An.
721 1190 800 1228 452
828 1191 867 1227 in
898 1188 1127 1226 Palaestina

173 1242 419 1281 Theodosius
433 1272 442 1287 ,
472 1243 627 1281 nomine
655 1243 782 1292 potius
803 1254 920 1292 quam
942 1242 1026 1279 vita
1045 1253 1127 1278 mo-

170 1295 319 1333 nachus
333 1325 342 1341 ‚
363 1296 505 1333 multos
525 1297 737 1333 monachos
757 1294 972 1333 concitavit
991 1296 1129 1332 contra

171 1348 490 1386 Chalcedonense
519 1349 728 1386 concilium
743 1378 752 1395 ,
782 1349 942 1397 perinde
972 1360 1018 1385 ac
1038 1347 1070 1384 si
1089 1347 1129 1383 in

172 1413 217 1439 eo
243 1401 361 1439 Fides
388 1401 526 1439 fuisset
553 1402 718 1450 prodita.
748 1401 798 1440 Hi
819 1402 996 1439 excitata
1016 1400 1129 1448 plebe

173 1454 490 1502 Hierosolymam
520 1455 640 1492 armis
667 1456 909 1503 occuparunt
922 1483 931 1500 ,
951 1459 1071 1502 atque
1090 1453 1128 1489 in

171 1506 301 1544 locum
335 1507 532 1544 Iuvenalis
567 1510 828 1545 memoratum
866 1506 1129 1544 Theodosium

173 1560 537 1608 Hierosolymorum
561 1560 783 1609 episcopum
806 1561 1050 1597 ordinarunt.
1076 1560 1128 1596 A-

173 1612 238 1649 liis
259 1612 376 1650 etiam
398 1612 651 1651 Palaestinae
672 1613 875 1662 episcopis,
895 1613 1038 1661 partim
1060 1623 1128 1648 oc-

173 1665 263 1702 cisis
292 1665 435 1714 partim
456 1665 623 1715 fugatis,
643 1667 915 1714 Eutychianos
935 1666 1128 1713 subroga-

173 1720 280 1755 runt.
311 1719 354 1756 In
376 1730 531 1765 omnes,
554 1719 619 1767 qui
640 1718 946 1757 Chalcedonensi
968 1717 1129 1755 concilio

175 1775 216 1808 et
236 1771 358 1808 Leoni
381 1772 452 1820 Pp.
473 1772 686 1810 anathema
706 1772 835 1809 dicere
851 1772 1047 1816 nolebant,
1062 1771 1130 1807 im-

175 1824 350 1861 maniter
370 1824 609 1862 saevierunt.
631 1826 704 1862 An.
726 1826 803 1862 453
824 1825 947 1862 turbis
968 1823 1129 1861 militari

176 1888 297 1914 manu
313 1876 401 1914 finis
417 1877 620 1925 impositus
636 1880 706 1916 est.
724 1878 924 1915 Iuvenalis
941 1877 1023 1914 sedi
1038 1887 1131 1914 suae

179 1929 402 1975 restitutus,
433 1942 509 1966 non
538 1930 661 1967 multo
681 1934 767 1979 post
786 1931 826 1967 in
847 1930 994 1979 synodo
1015 1929 1131 1966 fidem

177 1981 506 2020 Chalcedonensis
536 1983 690 2020 concilii
719 1984 944 2032 explicavit,
964 1983 1130 2019 multos-

186 2046 262 2083 que
279 2035 445 2072 rebelles
463 2036 674 2074 monachos
690 2037 737 2073 ad
756 2036 936 2074 unionem
962 2047 1051 2073 cum
1064 2036 1134 2072 Ec-

183 2087 301 2125 clesia
320 2087 490 2125 reduxit.

233 2140 384 2178 Verum
413 2141 453 2178 in
475 2142 675 2190 AEgypto,
699 2154 800 2191 quae
819 2142 1044 2191 principalis
1065 2153 1133 2178 eo-

183 2205 272 2232 rum
293 2194 402 2231 sedes
423 2197 521 2240 erat,
537 2195 775 2243 Eutychiani
793 2196 907 2244 longe
923 2194 1135 2232 diuturnio-

182 2259 245 2284 res
267 2247 403 2284 turbas
423 2248 658 2285 excitarunt.
681 2249 890 2286 Dioscorus
906 2247 1135 2285 Alexandri-

185 2311 279 2346 nus,
308 2302 351 2337 ut
372 2302 412 2336 et
431 2300 644 2349 Eutyches,
665 2302 712 2338 ab
733 2301 972 2350 imperatore
992 2301 1031 2338 in
1052 2300 1136 2337 exi-

182 2437 211 2467 p.
228 2426 319 2465 1069,
336 2431 365 2458 et
381 2427 464 2466 apud
484 2426 661 2457 Gratianum
680 2426 728 2464 21⁹2,
746 2430 862 2466 quaest.
880 2426 908 2464 2,
923 2437 990 2467 cap.
1004 2426 1048 2458 De.
1060 2427 1136 2458 red-

182 2468 317 2499 ditibus
339 2467 511 2499 Ecclesiae
534 2468 584 2499 328.
607 2469 837 2503 (ll'Launoium,
854 2469 903 2499 De
919 2479 1007 2499 cura
1025 2469 1137 2500 Eccle-

183 2510 258 2540 siae
268 2519 336 2549 pro
353 2509 497 2540 miseris
511 2515 545 2540 et
557 2510 786 2549 pauperibus,
804 2514 821 2539 t.
840 2509 878 2545 ΙΙ,
896 2514 973 2548 part.
991 2510 1018 2540 2.

227 2552 235 2572 ¹
257 2551 514 2588 (;1“ἸἸιοη]33.ςίη.,
545 2551 640 2582 tetus
663 2557 697 2581 ec
712 2561 802 2581 ‘nova
825 2550 912 2581 Eccl.
930 2551 1137 2591 disciplina,

184 2594 261 2631 part.
280 2592 335 2629 Ill,
351 2593 370 2623 l.
386 2592 414 2630 ⁹2,
431 2602 454 2622 c.
474 2591 580 2623 13-1-1.

225 2632 239 2652 ‘2
256 2633 589 2671 Amalarius,lib.11de
601 2632 687 2663 Eccl.
700 2632 873 2673 Officiis&
889 2633 916 2670 1,
930 2634 958 2664 in
972 2634 1138 2665 Bibliotlz.

185 2672 285 2703 Patr.
304 2677 321 2703 l.
342 2675 415 2711 xlv,
432 2675 549 2705 scribit:
572 2686 583 2701 α
599 2674 921 2714 ΡνίιηιἈροετοΙὶσί
938 2686 1075 2715 semper
1099 2675 1139 2705 in

186 2715 388 2746 Decembrio
404 2717 571 2754 mense,in
589 2724 650 2755 quo
661 2716 807 2746 Nativitas
825 2717 855 2746 D.
874 2717 907 2746 N.
923 2717 979 2747 l.C.
998 2717 1139 2747 cclcbra-

188 2759 247 2793 tur,
272 2758 522 2787 consecrationes
539 2757 757 2787 ministrabant
773 2766 870 2796 usquc
887 2757 924 2787 ad
941 2758 1140 2797 Simplicium,

188 2797 237 2836 qui
264 2797 317 2826 luit
334 2807 350 2826 a
368 2798 458 2827 beato
476 2800 564 2828 l'ctro
582 2798 841 2838 quadragesimus
861 2808 967 2828 nouus.
987 2800 1055 2837 ipsc
1074 2800 1139 2838 pri-

188 2846 255 2867 mus
273 2841 409 2868 sacravit
425 2840 452 2868 iu
471 2839 673 2870 Fvbruario.
694 2840 734 2869 lix
753 2839 962 2877 Pontificibus,
978 2841 1028 2880 qui
1044 2849 1140 2879 usque

188 2879 226 2908 ad
245 2879 356 2908 exitum
373 2881 489 2909 sacculi
509 2881 543 2910 {x
559 2882 681 2911 Ordinis
698 2884 926 2911 sacrzuucntum
944 2882 1141 2911 administra-

187 2922 268 2955 ruut,
293 2928 369 2949 unus
394 2921 451 2949 Leo
476 2921 512 2957 ΙΙ,
537 2930 640 2952 mense
665 2923 756 2958 maio,
773 2922 819 2952 vel
837 2924 868 2951 ut
885 2922 953 2951 :uiis
972 2923 1067 2951 visum
1085 2925 1141 2957 cst,

189 2961 288 2997 iunio,
307 2964 335 2989 ct
352 2961 446 2990 semel
464 2971 567 2991 mense
592 2963 757 3001 septembri
777 2964 945 3001 Gregorius
963 2964 998 2993 M.
1016 2963 1141 2993 :uliniui-

188 3002 308 3031 stravit.
332 3001 386 3030 Alii
412 3006 479 3039 post
504 3004 692 3041 biiuplicium
717 3013 824 3034 omnes
850 3004 894 3033 vcl
913 3004 1077 3040 decembri,
1095 3004 1140 3033 vcl

189 3042 384 3071 hebdomada
404 3043 669 3080 Qumlrugcsimzic
689 3046 798 3083 prima,
812 3046 858 3075 vel
873 3045 1052 3082 mediana,
1065 3054 1142 3084 quiae

189 3084 328 3121 proxime
347 3084 487 3122 sequitur
505 3084 691 3115 iloniinicam
709 3090 850 3124 quartani
865 3087 1142 3127 Qumlragcsimae:

191 3123 265 3153 nulli
290 3124 426 3154 sabbato
449 3127 520 3154 :inte
546 3126 663 3156 vast-ha
688 3139 714 3158 ι»,
741 3127 777 3157 (js
796 3128 1024 3167 Mabilloniuiu,
1051 3126 1144 3160 Com-

190 3169 295 3196 ment.
316 3165 394 3195 Ord.
414 3165 525 3203 Rom„
541 3176 566 3197 c.
586 3166 622 3197 lu
638 3172 665 3198 cl
688 3168 732 3200 l‘J.

630 124 788 152 EPOCHA
816 122 872 150 ΙΙΙ.
901 124 928 149 A
957 121 1232 149 CONVERSIONE
1261 121 1530 150 CONSTANTINI
1561 124 1605 151 M.

1149 185 1247 222 lium
1272 185 1424 223 eiectus
1447 185 1600 233 fuerat,
1620 186 1659 223 in
1678 198 1754 235 quo
1779 188 1893 225 ambo
1913 187 2110 226 obierunt.

1151 238 1300 275 Eorum
1329 238 1505 276 asseclae
1531 240 1670 276 contra
1695 240 1920 278 Proterium
1939 241 2112 289 patriar-

1153 291 1267 327 cham
1288 291 1603 328 Alexandrinum
1623 292 1849 331 excitarunt
1876 293 2112 331 seditionem

1153 343 1338 382 caedibus
1359 344 1526 393 plenam.
1551 345 1780 382 Marcianus
1810 345 2026 394 hnperator
2045 357 2114 383 se-

1154 396 1315 433 ditiosos
1349 397 1468 434 armis
1500 397 1700 445 repressit.
1721 397 1988 436 Nihilominus
2016 397 2112 447 plu-

1153 460 1216 486 res
1254 448 1422 498 episcopi
1442 452 1483 486 et
1503 449 1788 487 monachicum
1809 450 1989 488 Proterio
2009 462 2112 488 com-

1154 502 1359 539 municare
1387 501 1584 540 nolebant.
1611 502 1810 540 Factionis
1847 503 1979 551 capita
1998 504 2115 541 erant

1156 554 1386 591 Timotheus
1394 555 1562 592 AElurus
1573 556 1782 604 presbyter
1797 556 1838 592 et
1848 556 1992 593 Petrus
2003 555 2112 593 Mon-

1156 618 1228 656 gus
1262 607 1458 645 diaconus.
1488 609 1561 645 An.
1579 608 1657 645 457
1691 607 1877 645 defuncto
1906 607 2109 646 Marciano

1155 660 1403 708 imperatore,
1425 660 1656 698 Timotheus
1675 661 1856 707 AElurus,
1880 661 2014 698 multis
2027 672 2110 698 mo-

1158 712 1294 750 nachis
1327 715 1368 750 et
1399 713 1559 761 plebeiis
1593 714 1775 762 stipatus,
1810 714 2017 751 ecclesiam
2049 715 2110 751 A-

1157 765 1430 802 lexandrinam
1449 766 1608 812 invasit,
1629 770 1744 814 atque
1771 767 1818 803 ab
1839 766 2026 815 episcopis
2047 766 2111 803 fa-

1160 818 1300 855 ctionis
1326 830 1419 856 suae
1440 819 1666 867 patriarcha
1686 818 1886 856 ordinatus
1906 818 2000 865 fuit3
2020 818 2117 856 Pro·

1158 871 1282 908 terius
1310 882 1406 908 vero
1435 872 1538 909 intra
1565 871 1839 920 baptisterium
1868 872 2018 909 occisus
2039 873 2112 909 est.

1161 923 1374 962 Confestim
1395 924 1789 973 pseudo-patriarcha
1809 923 2114 961 conciliabulum

1162 977 1349 1025 coegit,in
1365 988 1439 1025 quo
1455 977 1936 1015 Chalcedonensiconcilio
1948 977 2111 1025 eiusque

1163 1029 1354 1078 patronis,
1376 1030 1608 1067 nominatim
1628 1030 1751 1067 Leoni
1773 1031 1844 1079 Pp.
1871 1033 1912 1067 et
1931 1029 2115 1068 Anatolio

1165 1083 1231 1131 Cp.
1253 1083 1465 1120 anathema
1481 1083 1592 1120 dixit.
1608 1083 1688 1120 Leo
1703 1083 1933 1132 imperator,
1947 1082 2115 1120 Marcia-

1165 1136 1203 1172 ni
1225 1146 1438 1180 successor,
1458 1147 1481 1172 a
1500 1148 1529 1173 s.
1550 1136 1678 1173 Leone
1699 1137 1769 1184 Pp.
1790 1137 1830 1172 et
1849 1135 2039 1184 episcopis
2059 1146 2122 1172 ca-

1165 1187 1320 1225 tholicis
1349 1189 1644 1236 interpellatus,
1674 1200 1735 1226 an.
1767 1188 1845 1226 460
1864 1189 2121 1226 Timotheum

1168 1241 1360 1289 relegavit
1388 1241 1696 1288 Chersonesum,
1726 1244 1765 1279 et
1794 1242 1842 1278 ad
1872 1242 2005 1279 sedem
2025 1241 2124 1279 Ale-

1168 1293 1402 1331 xandrinam
1431 1294 1656 1344 eligendum
1689 1295 1845 1332 curavit
1873 1290 2124 1332 Timotheum

1169 1346 1493 1394 Solophaciolum.
1515 1348 1575 1385 Ita
1590 1348 1730 1385 turbae
1749 1347 1790 1384 in
1812 1347 1994 1398 AEgypto
2014 1346 2124 1396 sopi-

1169 1403 1232 1437 tae
1252 1402 1344 1436 sunt
1365 1412 1486 1448 usque
1506 1401 1556 1438 ad
1577 1413 1638 1438 an.
1659 1400 1750 1438 475.

1224 1453 1269 1489 In
1284 1452 1403 1501 Syria
1419 1454 1696 1502 propagandae
1712 1453 1867 1491 haeresi
1883 1464 2044 1503 operam
2062 1463 2128 1490 na-

1171 1505 1284 1542 vavit
1314 1506 1528 1544 Barsumas
1558 1508 1699 1552 abbas,
1719 1504 1787 1554 qui
1807 1507 1845 1543 in
1867 1505 2127 1544 conciliabulo

1172 1558 1366 1606 Ephesino
1394 1559 1646 1597 saevissimus
1675 1561 1867 1597 extiterat
1894 1559 1934 1596 in
1962 1558 2129 1597 Flavia-

1171 1623 1266 1648 num
1286 1611 1351 1660 Cp.
1373 1612 1609 1661 episcopum.
1632 1612 1761 1661 Magis
1780 1624 1866 1649 eam
1886 1612 1968 1650 illic
1983 1623 2129 1661 propa-

1171 1664 1283 1714 gavit
1324 1665 1469 1702 Petrus
1511 1665 1744 1714 cognomine
1780 1665 2019 1714 Gnaphaeus
2061 1676 2131 1702 seu

1171 1716 1299 1755 Fullo.
1320 1717 1393 1754 Hic
1430 1719 1736 1755 Acoemetarum
1764 1718 2028 1764 monasterio,
2057 1718 2130 1755 de-

1171 1770 1261 1807 inde
1293 1771 1460 1808 ecclesia
1494 1771 1804 1809 Chalcedonensi
1838 1772 1999 1820 propter
2032 1770 2132 1807 hae-

1174 1823 1290 1860 resim
1312 1823 1481 1870 eiectus,
1499 1824 1609 1861 venit
1628 1824 1880 1861 Antiochiam
1894 1853 1904 1870 ,
1925 1823 1993 1861 ubi
2013 1822 2133 1861 favo·
2192 1845 2197 1850 ·

1173 1887 1257 1912 rem
1271 1876 1436 1914 Zenonis
1452 1877 1601 1925 patritii
1613 1880 1653 1914 et
1664 1877 1866 1926 copiarum
1879 1876 2130 1914 orientalium

1174 1929 1295 1974 ducis,
1306 1933 1539 1967 consecutus
1555 1933 1624 1967 est.
1638 1931 1750 1967 Anno
1767 1931 1841 1967 471
1857 1929 2033 1968 excitata
2043 1940 2133 1966 con·

1175 1984 1238 2018 tra
1273 1982 1515 2030 Martyrium
1543 1983 1813 2031 patriarcham
1842 1983 2134 2020 Antiochenum

1175 2034 1385 2080 seditione,
1411 2036 1544 2072 sedem
1564 2035 1644 2073 eius
1664 2035 1824 2082 invasit,
1845 2035 1978 2073 furore
1991 2045 2135 2083 magno

1177 2089 1313 2124 contra.
1353 2087 1670 2125 Chalcedonense
1708 2088 1916 2126 concilium
1951 2089 2134 2126 invectus

1175 2143 1246 2185 est,
1256 2142 1295 2177 et
1310 2152 1387 2188 quo
1403 2141 1528 2189 magis
1545 2141 1822 2189 eutychianam
1838 2141 2035 2179 haeresim
2048 2152 2137 2190 pro-

1176 2197 1351 2241 pagaret,
1371 2194 1655 2242 stabiliretque,
1672 2194 1815 2231 celebri
1833 2195 2010 2243 trisagio,
2028 2194 2138 2232 San-

1176 2251 1265 2283 ctus
1280 2246 1401 2290 Deus,
1418 2246 1598 2284 Sanctus
1613 2249 1749 2295 fortis,
1769 2247 1951 2284 Sanetus
1967 2249 2134 2285 immor-

1179 2299 1288 2343 talis,
1301 2299 1386 2335 addi
1409 2299 1521 2337 iussit
1549 2300 1618 2336 has
1639 2312 1775 2337 voces:
1801 2300 2133 2349 Qaicrucz‘fixus

1176 2362 1215 2388 es
1224 2364 1299 2400 pro
1312 2352 1436 2389 nobis.
1447 2352 1554 2393 Quae
1567 2352 1735 2390 formula
1746 2365 1832 2390 cum
1847 2353 2069 2401 significare
2080 2352 2139 2389 vi-

1177 2406 1351 2450 deretur,
1372 2417 1503 2443 omncs
1519 2408 1600 2443 tres
1617 2417 1801 2454 personas
1817 2406 1969 2444 divinas
1994 2406 2034 2443 in
2051 2415 2137 2442 cru-

1179 2469 1264 2495 cem
1285 2462 1406 2504 actas,
1426 2459 1510 2495 eius
1531 2460 1753 2496 defensores
1778 2459 1872 2496 dicti
1893 2462 1985 2496 sunt
2005 2458 2137 2495 Theo-

1178 2511 1400 2559 paschitae.
1441 2512 1519 2548 Leo
1558 2513 1774 2560 imperator
1803 2514 1940 2549 contra
1970 2511 2135 2548 Petrum

1180 2563 1386 2601 Fulloncm
1406 2564 1790 2613 interpellatus,eum
1809 2565 1940 2602 Oasim
1956 2564 1994 2601 in
2008 2563 2141 2612 AEgy-

1183 2622 1246 2665 pto
1270 2617 1474 2665 relegavit.
1493 2619 1552 2655 Ad
1569 2618 1855 2655 Antiochenam
1876 2618 2011 2655 sedem
2030 2626 2141 2654 evec-

1182 2674 1245 2707 tus
1276 2669 1350 2706 fuit
1377 2670 1552 2707 Iulianus
1577 2674 1617 2707 et
1645 2671 1915 2719 tranquillitas
1945 2669 2136 2708 restituta

1185 2734 1305 2770 usquc
1326 2723 1373 2759 ad
1395 2735 1484 2760 ann.
1508 2724 1586 2760 475
1605 2721 1628 2761 ¹.

1240 2775 1324 2812 lot.
1353 2776 1624 2813 occidentalis
1641 2777 1809 2825 imperii
1820 2777 1922 2825 finis
1938 2773 2023 2826 (an.
2041 2773 2136 2824 476)

1183 2828 1280 2864 -Ιιι
1299 2829 1508 2865 Occidente
1527 2830 1784 2866 barbarorum
1801 2829 2070 2866 invasionibus
2083 2839 2143 2864 ro-

1184 2892 1341 2916 manum
1364 2882 1565 2930 imperium
1588 2882 1746 2919 corruit.
1770 2883 1864 2918 Post
1895 2880 2138 2918 Valentinia-

1188 2933 1222 2968 ni
1242 2934 1290 2969 111
1307 2933 1506 2971 interitum
1528 2936 1634 2984 (455)
1651 2935 1908 2983 imperatores
1923 2932 2140 2973 successive

1186 2985 1275 3022 dicti
1290 2993 1378 3023 sunt
1388 2987 1597 3035 Maximus,
1610 2986 2012 3034 AvitusfitlaioranuS,
2024 2987 2141 3025 Seve-

1230 3126 1237 3147 ¹
1258 3129 1367 3167 lix-agr.
1393 3126 1470 3159 llisl.
1495 3127 1569 3159 eccl.
1594 3128 1612 3160 1.
1635 3126 1738 3165 ῙΙ-ῙΙΙ;
1757 3127 1888 3159 Liberat.
1906 3125 2052 3160 Breviar.
2070 3136 2096 3159 c.
2112 3125 2142 3166 4,

1194 3167 1304 3206 15-1‹3;
1325 3171 1483 3200 Asscmani
1504 3170 1653 3201 mmmm.
1671 3171 1826 3207 orienl.‚t.
1843 3169 1881 3200 11.
