<?xml version="1.0" encoding="UTF-8"?>
<!DOCTYPE html PUBLIC "-//W3C//DTD XHTML 1.0 Transitional//EN"
    "http://www.w3.org/TR/xhtml1/DTD/xhtml1-transitional.dtd">
<html xmlns="http://www.w3.org/1999/xhtml" xml:lang="en" lang="en">
 <head>
  <title>
</title>
<meta http-equiv="Content-Type" content="text/html;charset=utf-8" />
  <meta name='ocr-system' content='tesseract 3.04.00' />
  <meta name='ocr-capabilities' content='ocr_page ocr_carea ocr_par ocr_line ocrx_word'/>
</head>
<body>
  <div class='ocr_page' id='page_1' title='image "./historiaeecclesi01wout_0264.png"; bbox 0 0 2241 3473; ppageno 0'>
   <div class='ocr_carea' id='block_1_1' title="bbox 311 76 390 114">
    <p class='ocr_par' dir='ltr' id='par_1_1' title="bbox 311 76 390 114">
     <span class='ocr_line' id='line_1_1' title="bbox 311 76 390 114; baseline -0.013 0"><span class='ocrx_word' id='word_1_1' title='bbox 311 76 390 114; x_wconf 79' lang='lat'>234</span> 
     </span>
    </p>
   </div>
   <div class='ocr_carea' id='block_1_2' title="bbox 236 149 1219 3159">
    <p class='ocr_par' dir='ltr' id='par_1_2' title="bbox 236 149 1219 356">
     <span class='ocr_line' id='line_1_2' title="bbox 257 149 1217 199; baseline -0.002 -11"><span class='ocrx_word' id='word_1_2' title='bbox 257 151 352 189; x_wconf 90' lang='lat' dir='ltr'>huic</span> <span class='ocrx_word' id='word_1_3' title='bbox 371 150 589 189; x_wconf 90' lang='lat' dir='ltr'>sententiae</span> <span class='ocrx_word' id='word_1_4' title='bbox 608 149 791 186; x_wconf 72' lang='lat' dir='ltr'>assentiri</span> <span class='ocrx_word' id='word_1_5' title='bbox 810 149 1012 196; x_wconf 76' lang='lat' dir='ltr'>nolebant,</span> <span class='ocrx_word' id='word_1_6' title='bbox 1033 150 1159 199; x_wconf 91' lang='lat' dir='ltr'>primo</span> <span class='ocrx_word' id='word_1_7' title='bbox 1178 149 1217 187; x_wconf 90' lang='lat' dir='ltr'>in</span> 
     </span>
     <span class='ocr_line' id='line_1_3' title="bbox 236 201 1219 253; baseline -0.001 -12"><span class='ocrx_word' id='word_1_8' title='bbox 236 220 238 222; x_wconf 90' lang='grc'><em>·</em></span> <span class='ocrx_word' id='word_1_9' title='bbox 261 215 464 241; x_wconf 79' lang='lat' dir='ltr'>carcerem</span> <span class='ocrx_word' id='word_1_10' title='bbox 477 233 487 249; x_wconf 87' lang='lat'>‚</span> <span class='ocrx_word' id='word_1_11' title='bbox 517 201 656 253; x_wconf 89' lang='lat' dir='ltr'>deinde</span> <span class='ocrx_word' id='word_1_12' title='bbox 675 201 716 238; x_wconf 90' lang='lat' dir='ltr'>in</span> <span class='ocrx_word' id='word_1_13' title='bbox 737 201 900 239; x_wconf 87' lang='lat' dir='ltr'>exilium</span> <span class='ocrx_word' id='word_1_14' title='bbox 919 202 1032 240; x_wconf 88' lang='lat' dir='ltr'>eiecti</span> <span class='ocrx_word' id='word_1_15' title='bbox 1051 205 1158 250; x_wconf 90' lang='lat' dir='ltr'>sunt,</span> <span class='ocrx_word' id='word_1_16' title='bbox 1179 203 1219 240; x_wconf 89' lang='lat' dir='ltr'>et</span> 
     </span>
     <span class='ocr_line' id='line_1_4' title="bbox 259 254 1218 305; baseline -0.001 -11"><span class='ocrx_word' id='word_1_17' title='bbox 259 254 692 302; x_wconf 87' lang='lat' dir='ltr'>Constantinopolitana</span> <span class='ocrx_word' id='word_1_18' title='bbox 720 254 952 305; x_wconf 85' lang='lat' dir='ltr'>vicinaeque</span> <span class='ocrx_word' id='word_1_19' title='bbox 972 255 1157 293; x_wconf 86' lang='lat' dir='ltr'>ecclesiae</span> <span class='ocrx_word' id='word_1_20' title='bbox 1177 256 1218 292; x_wconf 91' lang='lat' dir='ltr'>in</span> 
     </span>
     <span class='ocr_line' id='line_1_5' title="bbox 262 306 684 356; baseline -0.009 -10"><span class='ocrx_word' id='word_1_21' title='bbox 262 309 361 346; x_wconf 90' lang='lat' dir='ltr'>duas</span> <span class='ocrx_word' id='word_1_22' title='bbox 380 311 510 356; x_wconf 89' lang='lat' dir='ltr'>partes</span> <span class='ocrx_word' id='word_1_23' title='bbox 531 306 684 343; x_wconf 76' lang='lat' dir='ltr'>scissae.</span> 
     </span>
    </p>

    <p class='ocr_par' dir='ltr' id='par_1_3' title="bbox 256 358 1217 1359">
     <span class='ocr_line' id='line_1_6' title="bbox 312 358 1217 408; baseline 0.001 -11"><span class='ocrx_word' id='word_1_24' title='bbox 312 360 476 397; x_wconf 89' lang='lat' dir='ltr'>Photius</span> <span class='ocrx_word' id='word_1_25' title='bbox 506 360 566 396; x_wconf 86' lang='lat' dir='ltr'>sat</span> <span class='ocrx_word' id='word_1_26' title='bbox 586 358 808 408; x_wconf 84' lang='lat' dir='ltr'>intelligens</span> <span class='ocrx_word' id='word_1_27' title='bbox 822 389 831 406; x_wconf 91' lang='lat'>,</span> <span class='ocrx_word' id='word_1_28' title='bbox 852 372 923 398; x_wconf 91' lang='lat' dir='ltr'>sua</span> <span class='ocrx_word' id='word_1_29' title='bbox 950 361 1153 407; x_wconf 79' lang='lat' dir='ltr'>interesse,</span> <span class='ocrx_word' id='word_1_30' title='bbox 1173 362 1217 398; x_wconf 88' lang='lat' dir='ltr'>ut</span> 
     </span>
     <span class='ocr_line' id='line_1_7' title="bbox 263 411 1215 460; baseline 0.001 -10"><span class='ocrx_word' id='word_1_31' title='bbox 263 426 286 450; x_wconf 91' lang='lat' dir='ltr'>a</span> <span class='ocrx_word' id='word_1_32' title='bbox 305 414 354 449; x_wconf 82' lang='lat' dir='ltr'>R.</span> <span class='ocrx_word' id='word_1_33' title='bbox 378 411 569 448; x_wconf 88' lang='lat' dir='ltr'>Pontifice</span> <span class='ocrx_word' id='word_1_34' title='bbox 590 411 903 460; x_wconf 87' lang='lat' dir='ltr'>confirmaretur,</span> <span class='ocrx_word' id='word_1_35' title='bbox 931 415 1017 451; x_wconf 92' lang='lat' dir='ltr'>tum</span> <span class='ocrx_word' id='word_1_36' title='bbox 1040 426 1108 451; x_wconf 89' lang='lat' dir='ltr'>suo</span> <span class='ocrx_word' id='word_1_37' title='bbox 1128 416 1215 450; x_wconf 91' lang='lat' dir='ltr'>tum</span> 
     </span>
     <span class='ocr_line' id='line_1_8' title="bbox 258 463 1216 513; baseline 0.001 -10"><span class='ocrx_word' id='word_1_38' title='bbox 258 464 510 513; x_wconf 88' lang='lat' dir='ltr'>imperatoris</span> <span class='ocrx_word' id='word_1_39' title='bbox 535 463 690 501; x_wconf 86' lang='lat' dir='ltr'>nomine</span> <span class='ocrx_word' id='word_1_40' title='bbox 730 465 883 503; x_wconf 72' lang='lat' dir='ltr'>litteras</span> <span class='ocrx_word' id='word_1_41' title='bbox 922 468 970 504; x_wconf 92' lang='lat' dir='ltr'>ad</span> <span class='ocrx_word' id='word_1_42' title='bbox 1008 467 1216 504; x_wconf 80' lang='lat' dir='ltr'>Nicolaum</span> 
     </span>
     <span class='ocr_line' id='line_1_9' title="bbox 259 516 1216 568; baseline 0.004 -15"><span class='ocrx_word' id='word_1_43' title='bbox 259 518 329 565; x_wconf 89' lang='lat' dir='ltr'>Pp.</span> <span class='ocrx_word' id='word_1_44' title='bbox 371 516 528 562; x_wconf 89' lang='lat' dir='ltr'>direxit,</span> <span class='ocrx_word' id='word_1_45' title='bbox 564 517 703 564; x_wconf 87' lang='lat' dir='ltr'>quibus</span> <span class='ocrx_word' id='word_1_46' title='bbox 741 519 940 567; x_wconf 73' lang='lat' dir='ltr'>ignatium</span> <span class='ocrx_word' id='word_1_47' title='bbox 974 522 1134 568; x_wconf 90' lang='lat' dir='ltr'>propter</span> <span class='ocrx_word' id='word_1_48' title='bbox 1162 531 1216 557; x_wconf 92' lang='lat' dir='ltr'>se-</span> 
     </span>
     <span class='ocr_line' id='line_1_10' title="bbox 257 567 1213 621; baseline 0.003 -15"><span class='ocrx_word' id='word_1_49' title='bbox 257 570 364 606; x_wconf 91' lang='lat' dir='ltr'>nium</span> <span class='ocrx_word' id='word_1_50' title='bbox 375 567 566 607; x_wconf 89' lang='lat' dir='ltr'>dim&#39;isisse</span> <span class='ocrx_word' id='word_1_51' title='bbox 578 570 903 619; x_wconf 88' lang='lat' dir='ltr'>patriarchatum,</span> <span class='ocrx_word' id='word_1_52' title='bbox 921 585 1053 621; x_wconf 85' lang='lat' dir='ltr'>seque,</span> <span class='ocrx_word' id='word_1_53' title='bbox 1069 584 1213 620; x_wconf 82' lang='lat' dir='ltr'>quam-</span> 
     </span>
     <span class='ocr_line' id='line_1_11' title="bbox 257 622 1213 668; baseline 0.003 -10"><span class='ocrx_word' id='word_1_54' title='bbox 257 622 317 659; x_wconf 86' lang='lat' dir='ltr'>vis</span> <span class='ocrx_word' id='word_1_55' title='bbox 337 622 520 668; x_wconf 84' lang='lat' dir='ltr'>invitum,</span> <span class='ocrx_word' id='word_1_56' title='bbox 559 624 733 661; x_wconf 91' lang='lat' dir='ltr'>omnium</span> <span class='ocrx_word' id='word_1_57' title='bbox 774 626 875 663; x_wconf 85' lang='lat' dir='ltr'>votis</span> <span class='ocrx_word' id='word_1_58' title='bbox 909 625 949 662; x_wconf 93' lang='lat' dir='ltr'>in</span> <span class='ocrx_word' id='word_1_59' title='bbox 981 625 1063 663; x_wconf 91' lang='lat' dir='ltr'>eius</span> <span class='ocrx_word' id='word_1_60' title='bbox 1084 626 1213 662; x_wconf 90' lang='lat' dir='ltr'>locum</span> 
     </span>
     <span class='ocr_line' id='line_1_12' title="bbox 257 675 1215 720; baseline 0.004 -9"><span class='ocrx_word' id='word_1_61' title='bbox 257 686 340 712; x_wconf 89' lang='lat' dir='ltr'>esse</span> <span class='ocrx_word' id='word_1_62' title='bbox 361 675 544 720; x_wconf 88' lang='lat' dir='ltr'>electum,</span> <span class='ocrx_word' id='word_1_63' title='bbox 564 677 841 716; x_wconf 76' lang='lat' dir='ltr'>mentiebatur.</span> <span class='ocrx_word' id='word_1_64' title='bbox 863 678 1051 715; x_wconf 85' lang='lat' dir='ltr'>Pontifex</span> <span class='ocrx_word' id='word_1_65' title='bbox 1068 679 1115 715; x_wconf 93' lang='lat' dir='ltr'>de</span> <span class='ocrx_word' id='word_1_66' title='bbox 1136 678 1215 715; x_wconf 89' lang='lat' dir='ltr'>im—</span> 
     </span>
     <span class='ocr_line' id='line_1_13' title="bbox 256 727 1215 776; baseline 0.004 -12"><span class='ocrx_word' id='word_1_67' title='bbox 256 727 450 776; x_wconf 89' lang='lat' dir='ltr'>peratoris</span> <span class='ocrx_word' id='word_1_68' title='bbox 470 730 510 765; x_wconf 93' lang='lat' dir='ltr'>et</span> <span class='ocrx_word' id='word_1_69' title='bbox 530 728 664 767; x_wconf 90' lang='lat' dir='ltr'>Photii</span> <span class='ocrx_word' id='word_1_70' title='bbox 684 730 828 768; x_wconf 89' lang='lat' dir='ltr'>litteris</span> <span class='ocrx_word' id='word_1_71' title='bbox 856 731 995 769; x_wconf 89' lang='lat' dir='ltr'>merito</span> <span class='ocrx_word' id='word_1_72' title='bbox 1024 731 1215 776; x_wconf 88' lang='lat' dir='ltr'>diffidens,</span> 
     </span>
     <span class='ocr_line' id='line_1_14' title="bbox 256 780 1214 831; baseline 0.004 -14"><span class='ocrx_word' id='word_1_73' title='bbox 256 780 635 830; x_wconf 83' lang='lat' dir='ltr'>Constantinopolim</span> <span class='ocrx_word' id='word_1_74' title='bbox 664 783 814 831; x_wconf 82' lang='lat' dir='ltr'>legavit</span> <span class='ocrx_word' id='word_1_75' title='bbox 842 784 1090 821; x_wconf 87' lang='lat' dir='ltr'>Rodoaldum</span> <span class='ocrx_word' id='word_1_76' title='bbox 1113 784 1214 821; x_wconf 85' lang='lat' dir='ltr'>Por-</span> 
     </span>
     <span class='ocr_line' id='line_1_15' title="bbox 257 834 1213 885; baseline 0.004 -15"><span class='ocrx_word' id='word_1_77' title='bbox 257 835 440 870; x_wconf 90' lang='lat' dir='ltr'>tuensem</span> <span class='ocrx_word' id='word_1_78' title='bbox 461 835 501 871; x_wconf 90' lang='lat' dir='ltr'>et</span> <span class='ocrx_word' id='word_1_79' title='bbox 519 834 751 873; x_wconf 81' lang='lat' dir='ltr'>Zachariam</span> <span class='ocrx_word' id='word_1_80' title='bbox 780 837 1034 885; x_wconf 80' lang='lat' dir='ltr'>Anagninum</span> <span class='ocrx_word' id='word_1_81' title='bbox 1063 837 1213 885; x_wconf 84' lang='lat' dir='ltr'>epis&#39;co-</span> 
     </span>
     <span class='ocr_line' id='line_1_16' title="bbox 257 888 1213 938; baseline 0.005 -16"><span class='ocrx_word' id='word_1_82' title='bbox 257 897 338 935; x_wconf 88' lang='lat' dir='ltr'>pos,</span> <span class='ocrx_word' id='word_1_83' title='bbox 359 888 403 923; x_wconf 89' lang='lat' dir='ltr'>ut</span> <span class='ocrx_word' id='word_1_84' title='bbox 418 898 575 924; x_wconf 87' lang='lat' dir='ltr'>causam</span> <span class='ocrx_word' id='word_1_85' title='bbox 598 889 744 938; x_wconf 82' lang='lat' dir='ltr'>Ignatii</span> <span class='ocrx_word' id='word_1_86' title='bbox 765 891 805 926; x_wconf 89' lang='lat' dir='ltr'>et</span> <span class='ocrx_word' id='word_1_87' title='bbox 835 889 968 927; x_wconf 90' lang='lat' dir='ltr'>Photii</span> <span class='ocrx_word' id='word_1_88' title='bbox 999 901 1213 938; x_wconf 84' lang='lat' dir='ltr'>cognosce-</span> 
     </span>
     <span class='ocr_line' id='line_1_17' title="bbox 257 938 1216 991; baseline 0.004 -15"><span class='ocrx_word' id='word_1_89' title='bbox 257 941 361 985; x_wconf 88' lang='lat' dir='ltr'>rent,</span> <span class='ocrx_word' id='word_1_90' title='bbox 380 940 420 976; x_wconf 92' lang='lat' dir='ltr'>et</span> <span class='ocrx_word' id='word_1_91' title='bbox 441 940 487 976; x_wconf 93' lang='lat' dir='ltr'>de</span> <span class='ocrx_word' id='word_1_92' title='bbox 507 952 553 977; x_wconf 89' lang='lat' dir='ltr'>ea</span> <span class='ocrx_word' id='word_1_93' title='bbox 573 942 622 978; x_wconf 88' lang='lat' dir='ltr'>ad</span> <span class='ocrx_word' id='word_1_94' title='bbox 647 942 913 991; x_wconf 84' lang='lat' dir='ltr'>Apostolieam</span> <span class='ocrx_word' id='word_1_95' title='bbox 935 943 1074 980; x_wconf 86' lang='lat' dir='ltr'>Sedem</span> <span class='ocrx_word' id='word_1_96' title='bbox 1095 938 1216 980; x_wconf 78' lang='lat' dir='ltr'>refer-</span> 
     </span>
     <span class='ocr_line' id='line_1_18' title="bbox 257 992 1212 1043; baseline 0.002 -13"><span class='ocrx_word' id='word_1_97' title='bbox 257 994 359 1030; x_wconf 87' lang='lat' dir='ltr'>rent.</span> <span class='ocrx_word' id='word_1_98' title='bbox 380 992 529 1029; x_wconf 86' lang='lat' dir='ltr'>Verum</span> <span class='ocrx_word' id='word_1_99' title='bbox 551 992 670 1043; x_wconf 80' lang='lat' dir='ltr'>legati</span> <span class='ocrx_word' id='word_1_100' title='bbox 698 995 938 1042; x_wconf 89' lang='lat' dir='ltr'>muneribus,</span> <span class='ocrx_word' id='word_1_101' title='bbox 958 996 1113 1033; x_wconf 90' lang='lat' dir='ltr'>iniuriis</span> <span class='ocrx_word' id='word_1_102' title='bbox 1135 996 1212 1032; x_wconf 89' lang='lat' dir='ltr'>mi-</span> 
     </span>
     <span class='ocr_line' id='line_1_19' title="bbox 258 1044 1215 1097; baseline 0.005 -16"><span class='ocrx_word' id='word_1_103' title='bbox 258 1045 396 1093; x_wconf 90' lang='lat' dir='ltr'>nisque</span> <span class='ocrx_word' id='word_1_104' title='bbox 435 1044 566 1092; x_wconf 80' lang='lat' dir='ltr'>fracti,</span> <span class='ocrx_word' id='word_1_105' title='bbox 587 1047 850 1093; x_wconf 86' lang='lat' dir='ltr'>ministerium</span> <span class='ocrx_word' id='word_1_106' title='bbox 889 1061 1004 1086; x_wconf 91' lang='lat' dir='ltr'>suum</span> <span class='ocrx_word' id='word_1_107' title='bbox 1045 1048 1215 1097; x_wconf 87' lang='lat' dir='ltr'>turpiter</span> 
     </span>
     <span class='ocr_line' id='line_1_20' title="bbox 261 1098 1215 1150; baseline 0.005 -16"><span class='ocrx_word' id='word_1_108' title='bbox 261 1098 581 1145; x_wconf 90' lang='lat' dir='ltr'>dehonestarunt,</span> <span class='ocrx_word' id='word_1_109' title='bbox 602 1103 643 1137; x_wconf 83' lang='lat' dir='ltr'>et,</span> <span class='ocrx_word' id='word_1_110' title='bbox 661 1101 701 1137; x_wconf 94' lang='lat' dir='ltr'>in</span> <span class='ocrx_word' id='word_1_111' title='bbox 722 1101 926 1149; x_wconf 86' lang='lat' dir='ltr'>frequenti</span> <span class='ocrx_word' id='word_1_112' title='bbox 946 1102 1215 1150; x_wconf 88' lang='lat' dir='ltr'>episcoporum</span> 
     </span>
     <span class='ocr_line' id='line_1_21' title="bbox 259 1150 1212 1201; baseline 0.003 -12"><span class='ocrx_word' id='word_1_113' title='bbox 259 1150 402 1189; x_wconf 90' lang='lat' dir='ltr'>Photio</span> <span class='ocrx_word' id='word_1_114' title='bbox 440 1152 662 1190; x_wconf 88' lang='lat' dir='ltr'>deditorum</span> <span class='ocrx_word' id='word_1_115' title='bbox 699 1154 975 1201; x_wconf 88' lang='lat' dir='ltr'>conciliabulo,</span> <span class='ocrx_word' id='word_1_116' title='bbox 1015 1167 1117 1192; x_wconf 81' lang='lat' dir='ltr'>anno</span> <span class='ocrx_word' id='word_1_117' title='bbox 1137 1155 1212 1192; x_wconf 78' lang='lat'>861</span> 
     </span>
     <span class='ocr_line' id='line_1_22' title="bbox 260 1204 1215 1257; baseline 0.002 -15"><span class='ocrx_word' id='word_1_118' title='bbox 260 1204 597 1254; x_wconf 85' lang='lat' dir='ltr'>Constantinopoli</span> <span class='ocrx_word' id='word_1_119' title='bbox 634 1209 788 1254; x_wconf 87' lang='lat' dir='ltr'>coacto,</span> <span class='ocrx_word' id='word_1_120' title='bbox 826 1207 993 1257; x_wconf 85' lang='lat' dir='ltr'>Ignatii,</span> <span class='ocrx_word' id='word_1_121' title='bbox 1033 1208 1215 1256; x_wconf 79' lang='lat' dir='ltr'>quamvis</span> 
     </span>
     <span class='ocr_line' id='line_1_23' title="bbox 259 1257 1214 1310; baseline 0.004 -15"><span class='ocrx_word' id='word_1_122' title='bbox 259 1257 528 1306; x_wconf 88' lang='lat' dir='ltr'>Apostolicam</span> <span class='ocrx_word' id='word_1_123' title='bbox 550 1259 691 1297; x_wconf 87' lang='lat' dir='ltr'>Sedem</span> <span class='ocrx_word' id='word_1_124' title='bbox 713 1259 959 1310; x_wconf 88' lang='lat' dir='ltr'>appellantis,</span> <span class='ocrx_word' id='word_1_125' title='bbox 981 1261 1214 1310; x_wconf 87' lang='lat' dir='ltr'>depositioni</span> 
     </span>
     <span class='ocr_line' id='line_1_24' title="bbox 261 1310 588 1359; baseline 0.003 -11"><span class='ocrx_word' id='word_1_126' title='bbox 261 1310 588 1359; x_wconf 85' lang='lat' dir='ltr'>subscripserunt.</span> 
     </span>
    </p>

    <p class='ocr_par' dir='ltr' id='par_1_4' title="bbox 254 1363 1214 2840">
     <span class='ocr_line' id='line_1_25' title="bbox 311 1363 1212 1416; baseline 0.006 -17"><span class='ocrx_word' id='word_1_127' title='bbox 311 1363 441 1404; x_wconf 89' lang='lat' dir='ltr'>Quum</span> <span class='ocrx_word' id='word_1_128' title='bbox 474 1364 573 1401; x_wconf 90' lang='lat' dir='ltr'>haec</span> <span class='ocrx_word' id='word_1_129' title='bbox 611 1366 857 1414; x_wconf 83' lang='lat' dir='ltr'>cognovisset</span> <span class='ocrx_word' id='word_1_130' title='bbox 893 1367 1081 1405; x_wconf 88' lang='lat' dir='ltr'>Nicolaus</span> <span class='ocrx_word' id='word_1_131' title='bbox 1118 1367 1189 1416; x_wconf 88' lang='lat' dir='ltr'>Pp.</span> <span class='ocrx_word' id='word_1_132' title='bbox 1203 1396 1212 1413; x_wconf 92' lang='lat'>,</span> 
     </span>
     <span class='ocr_line' id='line_1_26' title="bbox 257 1416 1213 1468; baseline 0.004 -16"><span class='ocrx_word' id='word_1_133' title='bbox 257 1427 390 1453; x_wconf 90' lang='lat' dir='ltr'>coram</span> <span class='ocrx_word' id='word_1_134' title='bbox 411 1416 516 1454; x_wconf 90' lang='lat' dir='ltr'>clero</span> <span class='ocrx_word' id='word_1_135' title='bbox 533 1418 714 1455; x_wconf 89' lang='lat' dir='ltr'>Romano</span> <span class='ocrx_word' id='word_1_136' title='bbox 734 1431 794 1466; x_wconf 86' lang='lat' dir='ltr'>ea,</span> <span class='ocrx_word' id='word_1_137' title='bbox 810 1431 910 1467; x_wconf 91' lang='lat' dir='ltr'>quae</span> <span class='ocrx_word' id='word_1_138' title='bbox 931 1432 954 1457; x_wconf 91' lang='lat' dir='ltr'>a</span> <span class='ocrx_word' id='word_1_139' title='bbox 974 1420 1117 1468; x_wconf 84' lang='lat' dir='ltr'>legatis</span> <span class='ocrx_word' id='word_1_140' title='bbox 1132 1420 1213 1457; x_wconf 89' lang='lat' dir='ltr'>suis</span> 
     </span>
     <span class='ocr_line' id='line_1_27' title="bbox 257 1468 1213 1520; baseline 0.006 -16"><span class='ocrx_word' id='word_1_141' title='bbox 257 1468 417 1505; x_wconf 87' lang='lat' dir='ltr'>fuerant</span> <span class='ocrx_word' id='word_1_142' title='bbox 436 1473 607 1517; x_wconf 85' lang='lat' dir='ltr'>peracta,</span> <span class='ocrx_word' id='word_1_143' title='bbox 623 1473 866 1520; x_wconf 84' lang='lat' dir='ltr'>reprobavit,</span> <span class='ocrx_word' id='word_1_144' title='bbox 895 1476 1151 1519; x_wconf 86' lang='lat' dir='ltr'>contestatus,</span> <span class='ocrx_word' id='word_1_145' title='bbox 1173 1485 1213 1510; x_wconf 91' lang='lat' dir='ltr'>se</span> 
     </span>
     <span class='ocr_line' id='line_1_28' title="bbox 257 1522 1212 1571; baseline 0.006 -14"><span class='ocrx_word' id='word_1_146' title='bbox 257 1533 323 1558; x_wconf 89' lang='lat' dir='ltr'>eos</span> <span class='ocrx_word' id='word_1_147' title='bbox 343 1533 420 1558; x_wconf 92' lang='lat' dir='ltr'>non</span> <span class='ocrx_word' id='word_1_148' title='bbox 442 1522 491 1559; x_wconf 91' lang='lat' dir='ltr'>ad</span> <span class='ocrx_word' id='word_1_149' title='bbox 512 1523 785 1571; x_wconf 78' lang='lat' dir='ltr'>dirimendam,</span> <span class='ocrx_word' id='word_1_150' title='bbox 808 1526 875 1563; x_wconf 91' lang='lat' dir='ltr'>sed</span> <span class='ocrx_word' id='word_1_151' title='bbox 894 1528 1052 1563; x_wconf 89' lang='lat' dir='ltr'>tantum</span> <span class='ocrx_word' id='word_1_152' title='bbox 1073 1526 1120 1563; x_wconf 87' lang='lat' dir='ltr'>ad</span> <span class='ocrx_word' id='word_1_153' title='bbox 1143 1537 1212 1563; x_wconf 92' lang='lat' dir='ltr'>co-</span> 
     </span>
     <span class='ocr_line' id='line_1_29' title="bbox 258 1575 1212 1624; baseline 0.006 -14"><span class='ocrx_word' id='word_1_154' title='bbox 258 1575 524 1623; x_wconf 85' lang='lat' dir='ltr'>gnoscendam</span> <span class='ocrx_word' id='word_1_155' title='bbox 544 1576 687 1624; x_wconf 84' lang='lat' dir='ltr'>Ignatii</span> <span class='ocrx_word' id='word_1_156' title='bbox 716 1580 756 1615; x_wconf 92' lang='lat' dir='ltr'>et</span> <span class='ocrx_word' id='word_1_157' title='bbox 776 1579 908 1615; x_wconf 88' lang='lat' dir='ltr'>Photii</span> <span class='ocrx_word' id='word_1_158' title='bbox 930 1590 1087 1616; x_wconf 87' lang='lat' dir='ltr'>eausam</span> <span class='ocrx_word' id='word_1_159' title='bbox 1109 1579 1212 1616; x_wconf 91' lang='lat' dir='ltr'>Con-</span> 
     </span>
     <span class='ocr_line' id='line_1_30' title="bbox 257 1627 1214 1680; baseline 0.005 -17"><span class='ocrx_word' id='word_1_160' title='bbox 257 1627 554 1677; x_wconf 88' lang='lat' dir='ltr'>stantinopolim</span> <span class='ocrx_word' id='word_1_161' title='bbox 575 1629 736 1668; x_wconf 87' lang='lat' dir='ltr'>misisse.</span> <span class='ocrx_word' id='word_1_162' title='bbox 758 1631 801 1668; x_wconf 94' lang='lat' dir='ltr'>Id</span> <span class='ocrx_word' id='word_1_163' title='bbox 822 1631 948 1680; x_wconf 90' lang='lat' dir='ltr'>ipsum</span> <span class='ocrx_word' id='word_1_164' title='bbox 965 1630 1152 1669; x_wconf 79' lang='lat' dir='ltr'>Pontifex</span> <span class='ocrx_word' id='word_1_165' title='bbox 1168 1631 1214 1669; x_wconf 91' lang='lat' dir='ltr'>si-</span> 
     </span>
     <span class='ocr_line' id='line_1_31' title="bbox 257 1679 1213 1733; baseline 0.006 -17"><span class='ocrx_word' id='word_1_166' title='bbox 257 1679 463 1729; x_wconf 85' lang='lat' dir='ltr'>gnificavit</span> <span class='ocrx_word' id='word_1_167' title='bbox 483 1681 522 1718; x_wconf 90' lang='lat' dir='ltr'>in</span> <span class='ocrx_word' id='word_1_168' title='bbox 543 1682 685 1721; x_wconf 91' lang='lat' dir='ltr'>litteris</span> <span class='ocrx_word' id='word_1_169' title='bbox 707 1684 755 1721; x_wconf 91' lang='lat' dir='ltr'>ad</span> <span class='ocrx_word' id='word_1_170' title='bbox 782 1684 1018 1722; x_wconf 88' lang='lat' dir='ltr'>Michaelem</span> <span class='ocrx_word' id='word_1_171' title='bbox 1038 1685 1213 1733; x_wconf 88' lang='lat' dir='ltr'>impera-</span> 
     </span>
     <span class='ocr_line' id='line_1_32' title="bbox 255 1734 1212 1788; baseline 0.005 -18"><span class='ocrx_word' id='word_1_172' title='bbox 255 1736 395 1781; x_wconf 83' lang='lat' dir='ltr'>torem,</span> <span class='ocrx_word' id='word_1_173' title='bbox 417 1734 464 1771; x_wconf 88' lang='lat' dir='ltr'>ad</span> <span class='ocrx_word' id='word_1_174' title='bbox 486 1735 672 1788; x_wconf 68' lang='lat' dir='ltr'>Photium</span> <span class='ocrx_word' id='word_1_175' title='bbox 693 1738 732 1774; x_wconf 92' lang='lat' dir='ltr'>et</span> <span class='ocrx_word' id='word_1_176' title='bbox 752 1738 801 1774; x_wconf 90' lang='lat' dir='ltr'>ad</span> <span class='ocrx_word' id='word_1_177' title='bbox 831 1750 964 1775; x_wconf 86' lang='lat' dir='ltr'>omnes</span> <span class='ocrx_word' id='word_1_178' title='bbox 994 1737 1130 1775; x_wconf 89' lang='lat' dir='ltr'>fideles</span> <span class='ocrx_word' id='word_1_179' title='bbox 1151 1738 1212 1774; x_wconf 91' lang='lat' dir='ltr'>di-</span> 
     </span>
     <span class='ocr_line' id='line_1_33' title="bbox 255 1786 1213 1839; baseline 0.005 -16"><span class='ocrx_word' id='word_1_180' title='bbox 255 1786 386 1824; x_wconf 89' lang='lat' dir='ltr'>rectis.</span> <span class='ocrx_word' id='word_1_181' title='bbox 417 1787 540 1825; x_wconf 84' lang='lat' dir='ltr'>Brevi</span> <span class='ocrx_word' id='word_1_182' title='bbox 574 1791 660 1837; x_wconf 88' lang='lat' dir='ltr'>post</span> <span class='ocrx_word' id='word_1_183' title='bbox 689 1791 737 1827; x_wconf 89' lang='lat' dir='ltr'>ad</span> <span class='ocrx_word' id='word_1_184' title='bbox 767 1790 976 1828; x_wconf 83' lang='lat' dir='ltr'>Nicolaum</span> <span class='ocrx_word' id='word_1_185' title='bbox 1007 1791 1079 1839; x_wconf 88' lang='lat' dir='ltr'>Pp.</span> <span class='ocrx_word' id='word_1_186' title='bbox 1101 1791 1213 1828; x_wconf 87' lang='lat' dir='ltr'>dela-</span> 
     </span>
     <span class='ocr_line' id='line_1_34' title="bbox 256 1840 1213 1892; baseline 0.004 -15"><span class='ocrx_word' id='word_1_187' title='bbox 256 1840 321 1877; x_wconf 89' lang='lat' dir='ltr'>tus</span> <span class='ocrx_word' id='word_1_188' title='bbox 358 1842 418 1878; x_wconf 93' lang='lat' dir='ltr'>est</span> <span class='ocrx_word' id='word_1_189' title='bbox 451 1841 725 1889; x_wconf 88' lang='lat' dir='ltr'>appellationis</span> <span class='ocrx_word' id='word_1_190' title='bbox 758 1843 933 1890; x_wconf 89' lang='lat' dir='ltr'>libellus,</span> <span class='ocrx_word' id='word_1_191' title='bbox 964 1856 987 1881; x_wconf 89' lang='lat' dir='ltr'>a</span> <span class='ocrx_word' id='word_1_192' title='bbox 1007 1856 1035 1881; x_wconf 90' lang='lat' dir='ltr'>s.</span> <span class='ocrx_word' id='word_1_193' title='bbox 1058 1844 1213 1892; x_wconf 74' lang='lat' dir='ltr'>ignatio</span> 
     </span>
     <span class='ocr_line' id='line_1_35' title="bbox 255 1892 1213 1946; baseline 0.005 -17"><span class='ocrx_word' id='word_1_194' title='bbox 255 1892 424 1941; x_wconf 90' lang='lat' dir='ltr'>scriptus</span> <span class='ocrx_word' id='word_1_195' title='bbox 463 1896 503 1931; x_wconf 86' lang='lat' dir='ltr'>et</span> <span class='ocrx_word' id='word_1_196' title='bbox 523 1906 546 1931; x_wconf 93' lang='lat' dir='ltr'>a</span> <span class='ocrx_word' id='word_1_197' title='bbox 569 1895 617 1932; x_wconf 86' lang='lat'>10</span> <span class='ocrx_word' id='word_1_198' title='bbox 655 1897 929 1946; x_wconf 85' lang='lat' dir='ltr'>metropolitis,</span> <span class='ocrx_word' id='word_1_199' title='bbox 953 1897 1000 1934; x_wconf 78' lang='lat'>15</span> <span class='ocrx_word' id='word_1_200' title='bbox 1022 1896 1213 1945; x_wconf 87' lang='lat' dir='ltr'>episcopis</span> 
     </span>
     <span class='ocr_line' id='line_1_36' title="bbox 255 1945 1213 1999; baseline 0.006 -18"><span class='ocrx_word' id='word_1_201' title='bbox 255 1945 469 1995; x_wconf 85' lang='lat' dir='ltr'>multisque</span> <span class='ocrx_word' id='word_1_202' title='bbox 495 1947 646 1985; x_wconf 84' lang='lat' dir='ltr'>clericis</span> <span class='ocrx_word' id='word_1_203' title='bbox 685 1950 940 1999; x_wconf 88' lang='lat' dir='ltr'>subscriptus.</span> <span class='ocrx_word' id='word_1_204' title='bbox 964 1950 1213 1998; x_wconf 85' lang='lat' dir='ltr'>Quapropter</span> 
     </span>
     <span class='ocr_line' id='line_1_37' title="bbox 256 1998 1213 2052; baseline 0.006 -18"><span class='ocrx_word' id='word_1_205' title='bbox 256 1998 445 2036; x_wconf 83' lang='lat' dir='ltr'>Pontifex</span> <span class='ocrx_word' id='word_1_206' title='bbox 466 2011 566 2037; x_wconf 88' lang='lat' dir='ltr'>anno</span> <span class='ocrx_word' id='word_1_207' title='bbox 587 2001 664 2038; x_wconf 80' lang='lat'>863</span> <span class='ocrx_word' id='word_1_208' title='bbox 691 2003 842 2040; x_wconf 86' lang='lat' dir='ltr'>Romae</span> <span class='ocrx_word' id='word_1_209' title='bbox 863 2002 1131 2052; x_wconf 85' lang='lat' dir='ltr'>episcoporum</span> <span class='ocrx_word' id='word_1_210' title='bbox 1153 2015 1213 2051; x_wconf 67' lang='lat' dir='ltr'>sy-</span> 
     </span>
     <span class='ocr_line' id='line_1_38' title="bbox 257 2051 1213 2105; baseline 0.007 -19"><span class='ocrx_word' id='word_1_211' title='bbox 257 2051 402 2087; x_wconf 88' lang='lat' dir='ltr'>nodum</span> <span class='ocrx_word' id='word_1_212' title='bbox 423 2054 565 2101; x_wconf 78' lang='lat' dir='ltr'>coegit,</span> <span class='ocrx_word' id='word_1_213' title='bbox 593 2053 633 2090; x_wconf 91' lang='lat' dir='ltr'>in</span> <span class='ocrx_word' id='word_1_214' title='bbox 650 2066 727 2103; x_wconf 85' lang='lat' dir='ltr'>qua</span> <span class='ocrx_word' id='word_1_215' title='bbox 756 2056 967 2093; x_wconf 86' lang='lat' dir='ltr'>Zacharias</span> <span class='ocrx_word' id='word_1_216' title='bbox 987 2056 1143 2105; x_wconf 81' lang='lat' dir='ltr'>legatus</span> <span class='ocrx_word' id='word_1_217' title='bbox 1163 2068 1213 2092; x_wconf 86' lang='lat' dir='ltr'>ex</span> 
     </span>
     <span class='ocr_line' id='line_1_39' title="bbox 257 2104 1211 2152; baseline 0.006 -13"><span class='ocrx_word' id='word_1_218' title='bbox 257 2104 414 2152; x_wconf 88' lang='lat' dir='ltr'>propria</span> <span class='ocrx_word' id='word_1_219' title='bbox 435 2105 675 2144; x_wconf 85' lang='lat' dir='ltr'>confessione</span> <span class='ocrx_word' id='word_1_220' title='bbox 697 2109 1059 2147; x_wconf 85' lang='lat' dir='ltr'>excommunicatus</span> <span class='ocrx_word' id='word_1_221' title='bbox 1081 2112 1120 2146; x_wconf 87' lang='lat' dir='ltr'>et</span> <span class='ocrx_word' id='word_1_222' title='bbox 1141 2110 1211 2146; x_wconf 89' lang='lat' dir='ltr'>de-</span> 
     </span>
     <span class='ocr_line' id='line_1_40' title="bbox 260 2156 1211 2205; baseline 0.006 -13"><span class='ocrx_word' id='word_1_223' title='bbox 260 2156 412 2205; x_wconf 87' lang='lat' dir='ltr'>positus</span> <span class='ocrx_word' id='word_1_224' title='bbox 451 2157 539 2205; x_wconf 80' lang='lat' dir='ltr'>fuit3</span> <span class='ocrx_word' id='word_1_225' title='bbox 573 2171 692 2197; x_wconf 87' lang='lat' dir='ltr'>causa</span> <span class='ocrx_word' id='word_1_226' title='bbox 725 2161 921 2199; x_wconf 86' lang='lat' dir='ltr'>Rodoaldi</span> <span class='ocrx_word' id='word_1_227' title='bbox 960 2162 1134 2200; x_wconf 88' lang='lat' dir='ltr'>absentis</span> <span class='ocrx_word' id='word_1_228' title='bbox 1163 2162 1211 2199; x_wconf 88' lang='lat' dir='ltr'>ad</span> 
     </span>
     <span class='ocr_line' id='line_1_41' title="bbox 254 2209 1211 2261; baseline 0.005 -16"><span class='ocrx_word' id='word_1_229' title='bbox 254 2209 475 2257; x_wconf 84' lang='lat' dir='ltr'>proximam</span> <span class='ocrx_word' id='word_1_230' title='bbox 496 2213 691 2260; x_wconf 75' lang='lat' dir='ltr'>synodum</span> <span class='ocrx_word' id='word_1_231' title='bbox 721 2215 898 2261; x_wconf 86' lang='lat' dir='ltr'>remissa;</span> <span class='ocrx_word' id='word_1_232' title='bbox 920 2215 1086 2252; x_wconf 90' lang='lat' dir='ltr'>Photius</span> <span class='ocrx_word' id='word_1_233' title='bbox 1107 2215 1211 2252; x_wconf 88' lang='lat' dir='ltr'>omni</span> 
     </span>
     <span class='ocr_line' id='line_1_42' title="bbox 257 2261 1211 2316; baseline 0.007 -18"><span class='ocrx_word' id='word_1_234' title='bbox 257 2261 407 2300; x_wconf 89' lang='lat' dir='ltr'>honore</span> <span class='ocrx_word' id='word_1_235' title='bbox 428 2264 661 2302; x_wconf 85' lang='lat' dir='ltr'>sacerdotali</span> <span class='ocrx_word' id='word_1_236' title='bbox 683 2269 723 2303; x_wconf 85' lang='lat' dir='ltr'>et</span> <span class='ocrx_word' id='word_1_237' title='bbox 747 2267 872 2304; x_wconf 87' lang='lat' dir='ltr'>officio</span> <span class='ocrx_word' id='word_1_238' title='bbox 895 2268 1065 2305; x_wconf 87' lang='lat' dir='ltr'>clericali</span> <span class='ocrx_word' id='word_1_239' title='bbox 1086 2268 1211 2316; x_wconf 80' lang='lat' dir='ltr'>priva-</span> 
     </span>
     <span class='ocr_line' id='line_1_43' title="bbox 255 2316 1210 2368; baseline 0.006 -16"><span class='ocrx_word' id='word_1_240' title='bbox 255 2317 321 2353; x_wconf 89' lang='lat' dir='ltr'>tus</span> <span class='ocrx_word' id='word_1_241' title='bbox 340 2316 413 2353; x_wconf 90' lang='lat' dir='ltr'>sub</span> <span class='ocrx_word' id='word_1_242' title='bbox 441 2327 566 2365; x_wconf 89' lang='lat' dir='ltr'>poena</span> <span class='ocrx_word' id='word_1_243' title='bbox 596 2319 874 2365; x_wconf 85' lang='lat' dir='ltr'>anathematis,</span> <span class='ocrx_word' id='word_1_244' title='bbox 906 2321 1087 2368; x_wconf 79' lang='lat' dir='ltr'>Ignatius</span> <span class='ocrx_word' id='word_1_245' title='bbox 1116 2332 1210 2358; x_wconf 74' lang='lat' dir='ltr'>vero</span> 
     </span>
     <span class='ocr_line' id='line_1_44' title="bbox 255 2368 1211 2421; baseline 0.006 -16"><span class='ocrx_word' id='word_1_246' title='bbox 255 2368 478 2414; x_wconf 86' lang='lat' dir='ltr'>restitutus;</span> <span class='ocrx_word' id='word_1_247' title='bbox 499 2370 768 2419; x_wconf 88' lang='lat' dir='ltr'>episcoporum</span> <span class='ocrx_word' id='word_1_248' title='bbox 789 2374 828 2410; x_wconf 91' lang='lat' dir='ltr'>et</span> <span class='ocrx_word' id='word_1_249' title='bbox 845 2373 1088 2418; x_wconf 85' lang='lat' dir='ltr'>clericorum,</span> <span class='ocrx_word' id='word_1_250' title='bbox 1102 2385 1211 2421; x_wconf 89' lang='lat' dir='ltr'>prop-</span> 
     </span>
     <span class='ocr_line' id='line_1_45' title="bbox 255 2421 1208 2472; baseline 0.005 -14"><span class='ocrx_word' id='word_1_251' title='bbox 255 2422 317 2458; x_wconf 89' lang='lat' dir='ltr'>ter</span> <span class='ocrx_word' id='word_1_252' title='bbox 332 2421 449 2458; x_wconf 88' lang='lat' dir='ltr'>fidem</span> <span class='ocrx_word' id='word_1_253' title='bbox 469 2422 622 2471; x_wconf 86' lang='lat' dir='ltr'>Ignatio</span> <span class='ocrx_word' id='word_1_254' title='bbox 642 2425 875 2472; x_wconf 83' lang='lat' dir='ltr'>praestitam</span> <span class='ocrx_word' id='word_1_255' title='bbox 897 2426 1124 2471; x_wconf 86' lang='lat' dir='ltr'>eiectorum,</span> <span class='ocrx_word' id='word_1_256' title='bbox 1143 2438 1208 2463; x_wconf 90' lang='lat' dir='ltr'>re-</span> 
     </span>
     <span class='ocr_line' id='line_1_46' title="bbox 257 2474 1209 2526; baseline 0.006 -16"><span class='ocrx_word' id='word_1_257' title='bbox 257 2474 414 2511; x_wconf 83' lang='lat' dir='ltr'>stitutio</span> <span class='ocrx_word' id='word_1_258' title='bbox 433 2475 627 2524; x_wconf 79' lang='lat' dir='ltr'>imperata</span> <span class='ocrx_word' id='word_1_259' title='bbox 647 2477 717 2514; x_wconf 91' lang='lat' dir='ltr'>sub</span> <span class='ocrx_word' id='word_1_260' title='bbox 738 2478 911 2526; x_wconf 88' lang='lat' dir='ltr'>periculo</span> <span class='ocrx_word' id='word_1_261' title='bbox 931 2479 1209 2523; x_wconf 81' lang='lat' dir='ltr'>anathematis,</span> 
     </span>
     <span class='ocr_line' id='line_1_47' title="bbox 257 2527 1210 2580; baseline 0.005 -17"><span class='ocrx_word' id='word_1_262' title='bbox 257 2529 297 2564; x_wconf 90' lang='lat' dir='ltr'>et</span> <span class='ocrx_word' id='word_1_263' title='bbox 317 2527 508 2574; x_wconf 91' lang='lat' dir='ltr'>omnibus,</span> <span class='ocrx_word' id='word_1_264' title='bbox 529 2528 681 2566; x_wconf 85' lang='lat' dir='ltr'>clericis</span> <span class='ocrx_word' id='word_1_265' title='bbox 711 2531 783 2567; x_wconf 89' lang='lat' dir='ltr'>sub</span> <span class='ocrx_word' id='word_1_266' title='bbox 813 2531 1081 2580; x_wconf 78' lang='lat' dir='ltr'>depositionis,</span> <span class='ocrx_word' id='word_1_267' title='bbox 1102 2531 1210 2568; x_wconf 89' lang='lat' dir='ltr'>laicis</span> 
     </span>
     <span class='ocr_line' id='line_1_48' title="bbox 258 2580 1208 2633; baseline 0.003 -17"><span class='ocrx_word' id='word_1_268' title='bbox 258 2580 330 2617; x_wconf 90' lang='lat' dir='ltr'>sub</span> <span class='ocrx_word' id='word_1_269' title='bbox 361 2580 928 2632; x_wconf 76' lang='lat' dir='ltr'>excommunicationis‘poona</span> <span class='ocrx_word' id='word_1_270' title='bbox 956 2585 1208 2633; x_wconf 87' lang='lat' dir='ltr'>prohibitum,</span> 
     </span>
     <span class='ocr_line' id='line_1_49' title="bbox 259 2633 1206 2685; baseline 0.005 -17"><span class='ocrx_word' id='word_1_271' title='bbox 259 2633 467 2680; x_wconf 82' lang='lat' dir='ltr'>quominus</span> <span class='ocrx_word' id='word_1_272' title='bbox 508 2635 609 2672; x_wconf 88' lang='lat' dir='ltr'>ullas</span> <span class='ocrx_word' id='word_1_273' title='bbox 648 2647 772 2674; x_wconf 82' lang='lat' dir='ltr'>vexas</span> <span class='ocrx_word' id='word_1_274' title='bbox 811 2637 966 2685; x_wconf 74' lang='lat' dir='ltr'>Ignatio</span> <span class='ocrx_word' id='word_1_275' title='bbox 1004 2637 1206 2674; x_wconf 80' lang='lat' dir='ltr'>inferrent.</span> 
     </span>
     <span class='ocr_line' id='line_1_50' title="bbox 258 2685 1207 2739; baseline 0 -13"><span class='ocrx_word' id='word_1_276' title='bbox 258 2685 366 2726; x_wconf 85' lang='lat' dir='ltr'>Quae</span> <span class='ocrx_word' id='word_1_277' title='bbox 383 2687 514 2725; x_wconf 88' lang='lat' dir='ltr'>omnia</span> <span class='ocrx_word' id='word_1_278' title='bbox 529 2688 719 2726; x_wconf 77' lang='lat' dir='ltr'>Nicolaus</span> <span class='ocrx_word' id='word_1_279' title='bbox 740 2690 810 2739; x_wconf 90' lang='lat' dir='ltr'>Pp.</span> <span class='ocrx_word' id='word_1_280' title='bbox 836 2690 1063 2738; x_wconf 87' lang='lat' dir='ltr'>imperatori</span> <span class='ocrx_word' id='word_1_281' title='bbox 1087 2690 1207 2726; x_wconf 87' lang='lat' dir='ltr'>Grae-</span> 
     </span>
     <span class='ocr_line' id='line_1_51' title="bbox 258 2741 1208 2793; baseline 0.003 -18"><span class='ocrx_word' id='word_1_282' title='bbox 258 2750 405 2785; x_wconf 88' lang='lat' dir='ltr'>corum,</span> <span class='ocrx_word' id='word_1_283' title='bbox 427 2741 628 2790; x_wconf 86' lang='lat' dir='ltr'>episcopis,</span> <span class='ocrx_word' id='word_1_284' title='bbox 649 2742 753 2779; x_wconf 89' lang='lat' dir='ltr'>clero</span> <span class='ocrx_word' id='word_1_285' title='bbox 772 2745 812 2780; x_wconf 91' lang='lat' dir='ltr'>ct</span> <span class='ocrx_word' id='word_1_286' title='bbox 828 2743 967 2793; x_wconf 86' lang='lat' dir='ltr'>populo</span> <span class='ocrx_word' id='word_1_287' title='bbox 984 2743 1208 2792; x_wconf 64' lang='lat' dir='ltr'>provinciae</span> 
     </span>
     <span class='ocr_line' id='line_1_52' title="bbox 257 2790 595 2840; baseline 0.009 -12"><span class='ocrx_word' id='word_1_288' title='bbox 257 2790 324 2840; x_wconf 89' lang='lat' dir='ltr'>Cp.</span> <span class='ocrx_word' id='word_1_289' title='bbox 346 2792 595 2840; x_wconf 76' lang='lat' dir='ltr'>significavit.</span> 
     </span>
    </p>

    <p class='ocr_par' dir='ltr' id='par_1_5' title="bbox 258 2844 1208 3159">
     <span class='ocr_line' id='line_1_53' title="bbox 311 2844 1208 2897; baseline 0.004 -16"><span class='ocrx_word' id='word_1_290' title='bbox 311 2844 460 2882; x_wconf 88' lang='lat' dir='ltr'>Verum</span> <span class='ocrx_word' id='word_1_291' title='bbox 482 2846 652 2885; x_wconf 82' lang='lat' dir='ltr'>Photius</span> <span class='ocrx_word' id='word_1_292' title='bbox 669 2859 739 2897; x_wconf 90' lang='lat' dir='ltr'>ope</span> <span class='ocrx_word' id='word_1_293' title='bbox 770 2849 923 2886; x_wconf 88' lang='lat' dir='ltr'>Bardac</span> <span class='ocrx_word' id='word_1_294' title='bbox 943 2852 983 2888; x_wconf 87' lang='lat' dir='ltr'>et</span> <span class='ocrx_word' id='word_1_295' title='bbox 1003 2848 1208 2887; x_wconf 80' lang='lat' dir='ltr'>Michaelis</span> 
     </span>
     <span class='ocr_line' id='line_1_54' title="bbox 259 2897 1206 2948; baseline 0.005 -15"><span class='ocrx_word' id='word_1_296' title='bbox 259 2897 506 2945; x_wconf 83' lang='lat' dir='ltr'>imperatoris</span> <span class='ocrx_word' id='word_1_297' title='bbox 527 2900 840 2948; x_wconf 84' lang='lat' dir='ltr'>patriarchatum</span> <span class='ocrx_word' id='word_1_298' title='bbox 869 2903 1029 2940; x_wconf 87' lang='lat' dir='ltr'>minime</span> <span class='ocrx_word' id='word_1_299' title='bbox 1049 2902 1206 2947; x_wconf 85' lang='lat' dir='ltr'>dimisit,</span> 
     </span>
     <span class='ocr_line' id='line_1_55' title="bbox 258 2951 1206 3003; baseline 0.004 -17"><span class='ocrx_word' id='word_1_300' title='bbox 258 2953 395 2988; x_wconf 88' lang='lat' dir='ltr'>contra</span> <span class='ocrx_word' id='word_1_301' title='bbox 424 2951 463 2988; x_wconf 91' lang='lat' dir='ltr'>in</span> <span class='ocrx_word' id='word_1_302' title='bbox 502 2964 567 2990; x_wconf 82' lang='lat' dir='ltr'>eos</span> <span class='ocrx_word' id='word_1_303' title='bbox 601 2966 756 3001; x_wconf 84' lang='lat' dir='ltr'>omnes,</span> <span class='ocrx_word' id='word_1_304' title='bbox 789 2955 854 3003; x_wconf 83' lang='lat' dir='ltr'>qui</span> <span class='ocrx_word' id='word_1_305' title='bbox 893 2955 1206 2992; x_wconf 82' lang='lat' dir='ltr'>communionem</span> 
     </span>
     <span class='ocr_line' id='line_1_56' title="bbox 258 3003 1206 3056; baseline 0.004 -17"><span class='ocrx_word' id='word_1_306' title='bbox 258 3003 342 3040; x_wconf 86' lang='lat' dir='ltr'>cius</span> <span class='ocrx_word' id='word_1_307' title='bbox 370 3004 564 3050; x_wconf 75' lang='lat' dir='ltr'>vitabant,</span> <span class='ocrx_word' id='word_1_308' title='bbox 603 3007 794 3044; x_wconf 86' lang='lat' dir='ltr'>dirissime</span> <span class='ocrx_word' id='word_1_309' title='bbox 832 3008 986 3054; x_wconf 83' lang='lat' dir='ltr'>saeviit,</span> <span class='ocrx_word' id='word_1_310' title='bbox 1024 3008 1206 3056; x_wconf 82' lang='lat' dir='ltr'>omnique</span> 
     </span>
     <span class='ocr_line' id='line_1_57' title="bbox 258 3059 1207 3109; baseline 0.005 -18"><span class='ocrx_word' id='word_1_311' title='bbox 258 3059 344 3092; x_wconf 82' lang='lat' dir='ltr'>arte</span> <span class='ocrx_word' id='word_1_312' title='bbox 365 3060 495 3104; x_wconf 81' lang='lat' dir='ltr'>pai-tes</span> <span class='ocrx_word' id='word_1_313' title='bbox 516 3070 605 3096; x_wconf 83' lang='lat' dir='ltr'>suas</span> <span class='ocrx_word' id='word_1_314' title='bbox 635 3060 791 3097; x_wconf 73' lang='lat' dir='ltr'>firmare</span> <span class='ocrx_word' id='word_1_315' title='bbox 819 3064 858 3098; x_wconf 88' lang='lat' dir='ltr'>et</span> <span class='ocrx_word' id='word_1_316' title='bbox 876 3073 1023 3109; x_wconf 70' lang='lat' dir='ltr'>allgem</span> <span class='ocrx_word' id='word_1_317' title='bbox 1044 3065 1207 3098; x_wconf 82' lang='lat' dir='ltr'>conatus</span> 
     </span>
     <span class='ocr_line' id='line_1_58' title="bbox 261 3110 1206 3159; baseline 0.005 -14"><span class='ocrx_word' id='word_1_318' title='bbox 261 3111 329 3146; x_wconf 85' lang='lat' dir='ltr'>cst.</span> <span class='ocrx_word' id='word_1_319' title='bbox 349 3110 448 3151; x_wconf 90' lang='lat' dir='ltr'>Quin</span> <span class='ocrx_word' id='word_1_320' title='bbox 467 3110 555 3159; x_wconf 86' lang='lat' dir='ltr'>imo,</span> <span class='ocrx_word' id='word_1_321' title='bbox 572 3115 614 3149; x_wconf 86' lang='lat' dir='ltr'>ut</span> <span class='ocrx_word' id='word_1_322' title='bbox 631 3114 714 3150; x_wconf 87' lang='lat' dir='ltr'>tum</span> <span class='ocrx_word' id='word_1_323' title='bbox 732 3114 957 3152; x_wconf 83' lang='lat' dir='ltr'>Occidentis</span> <span class='ocrx_word' id='word_1_324' title='bbox 974 3118 1057 3152; x_wconf 89' lang='lat' dir='ltr'>tum</span> <span class='ocrx_word' id='word_1_325' title='bbox 1075 3114 1206 3152; x_wconf 75' lang='lat' dir='ltr'>Orien-</span> 
     </span>
    </p>
   </div>
   <div class='ocr_carea' id='block_1_3' title="bbox 959 85 1513 116">
    <p class='ocr_par' dir='ltr' id='par_1_6' title="bbox 959 85 1513 116">
     <span class='ocr_line' id='line_1_59' title="bbox 959 85 1513 116; baseline 0.004 -2"><span class='ocrx_word' id='word_1_326' title='bbox 959 86 1118 114; x_wconf 81' lang='lat' dir='ltr'>EPOCHA</span> <span class='ocrx_word' id='word_1_327' title='bbox 1144 86 1198 113; x_wconf 86' lang='lat' dir='ltr'>VI.</span> <span class='ocrx_word' id='word_1_328' title='bbox 1227 85 1256 112; x_wconf 83' lang='lat' dir='ltr'>A</span> <span class='ocrx_word' id='word_1_329' title='bbox 1283 86 1441 115; x_wconf 86' lang='lat' dir='ltr'>CAROLO</span> <span class='ocrx_word' id='word_1_330' title='bbox 1469 89 1513 116; x_wconf 81' lang='lat' dir='ltr'>M.</span> 
     </span>
    </p>
   </div>
   <div class='ocr_carea' id='block_1_4' title="bbox 1257 149 2238 1259">
    <p class='ocr_par' dir='ltr' id='par_1_7' title="bbox 1257 149 2238 1259">
     <span class='ocr_line' id='line_1_60' title="bbox 1259 149 2216 204; baseline 0.006 -16"><span class='ocrx_word' id='word_1_331' title='bbox 1259 149 1311 188; x_wconf 89' lang='lat' dir='ltr'>tis</span> <span class='ocrx_word' id='word_1_332' title='bbox 1330 152 1516 191; x_wconf 86' lang='lat' dir='ltr'>ecelesias</span> <span class='ocrx_word' id='word_1_333' title='bbox 1543 165 1568 191; x_wconf 88' lang='lat' dir='ltr'>a</span> <span class='ocrx_word' id='word_1_334' title='bbox 1595 154 1868 193; x_wconf 90' lang='lat' dir='ltr'>communione</span> <span class='ocrx_word' id='word_1_335' title='bbox 1901 155 2055 194; x_wconf 88' lang='lat' dir='ltr'>Nicolai</span> <span class='ocrx_word' id='word_1_336' title='bbox 2083 157 2154 204; x_wconf 89' lang='lat' dir='ltr'>Pp.</span> <span class='ocrx_word' id='word_1_337' title='bbox 2176 156 2216 194; x_wconf 83' lang='lat' dir='ltr'>a·</span> 
     </span>
     <span class='ocr_line' id='line_1_61' title="bbox 1260 204 2238 257; baseline 0.006 -17"><span class='ocrx_word' id='word_1_338' title='bbox 1260 204 1437 250; x_wconf 86' lang='lat' dir='ltr'>velleret,</span> <span class='ocrx_word' id='word_1_339' title='bbox 1466 206 1657 244; x_wconf 81' lang='lat' dir='ltr'>confinxit</span> <span class='ocrx_word' id='word_1_340' title='bbox 1685 208 1878 255; x_wconf 80' lang='lat' dir='ltr'>synodum</span> <span class='ocrx_word' id='word_1_341' title='bbox 1904 209 2238 257; x_wconf 55' lang='lat' dir='ltr'>oecumenicam„</span> 
     </span>
     <span class='ocr_line' id='line_1_62' title="bbox 1260 256 2213 308; baseline 0.006 -15"><span class='ocrx_word' id='word_1_342' title='bbox 1260 256 1325 293; x_wconf 91' lang='lat' dir='ltr'>cui</span> <span class='ocrx_word' id='word_1_343' title='bbox 1346 259 1502 305; x_wconf 88' lang='lat' dir='ltr'>praeter</span> <span class='ocrx_word' id='word_1_344' title='bbox 1533 259 1810 308; x_wconf 87' lang='lat' dir='ltr'>imperatorem</span> <span class='ocrx_word' id='word_1_345' title='bbox 1840 264 1881 298; x_wconf 88' lang='lat' dir='ltr'>et</span> <span class='ocrx_word' id='word_1_346' title='bbox 1908 263 2102 308; x_wconf 87' lang='lat' dir='ltr'>senatum,</span> <span class='ocrx_word' id='word_1_347' title='bbox 2122 272 2213 298; x_wconf 87' lang='lat' dir='ltr'>cum</span> 
     </span>
     <span class='ocr_line' id='line_1_63' title="bbox 1260 309 2211 362; baseline 0.005 -17"><span class='ocrx_word' id='word_1_348' title='bbox 1260 309 1448 359; x_wconf 89' lang='lat' dir='ltr'>episcopis</span> <span class='ocrx_word' id='word_1_349' title='bbox 1468 312 1759 359; x_wconf 85' lang='lat' dir='ltr'>patriarchatus</span> <span class='ocrx_word' id='word_1_350' title='bbox 1788 313 2211 362; x_wconf 85' lang='lat' dir='ltr'>Constantinopolitani</span> 
     </span>
     <span class='ocr_line' id='line_1_64' title="bbox 1259 361 2212 413; baseline 0.007 -16"><span class='ocrx_word' id='word_1_351' title='bbox 1259 361 1529 401; x_wconf 85' lang='lat' dir='ltr'>interfuissent</span> <span class='ocrx_word' id='word_1_352' title='bbox 1548 364 1687 402; x_wconf 87' lang='lat' dir='ltr'>vicarii</span> <span class='ocrx_word' id='word_1_353' title='bbox 1707 366 2022 413; x_wconf 87' lang='lat' dir='ltr'>patriarcharum</span> <span class='ocrx_word' id='word_1_354' title='bbox 2041 367 2212 404; x_wconf 84' lang='lat' dir='ltr'>Alexan-</span> 
     </span>
     <span class='ocr_line' id='line_1_65' title="bbox 1259 414 2210 468; baseline 0.005 -17"><span class='ocrx_word' id='word_1_355' title='bbox 1259 414 1378 460; x_wconf 90' lang='lat' dir='ltr'>drini,</span> <span class='ocrx_word' id='word_1_356' title='bbox 1401 417 1635 454; x_wconf 91' lang='lat' dir='ltr'>Antiocheni</span> <span class='ocrx_word' id='word_1_357' title='bbox 1665 418 1704 454; x_wconf 89' lang='lat' dir='ltr'>et</span> <span class='ocrx_word' id='word_1_358' title='bbox 1732 418 2092 468; x_wconf 81' lang='lat' dir='ltr'>Hierosolymitani,</span> <span class='ocrx_word' id='word_1_359' title='bbox 2112 422 2153 456; x_wconf 88' lang='lat' dir='ltr'>et</span> <span class='ocrx_word' id='word_1_360' title='bbox 2169 418 2210 455; x_wconf 91' lang='lat' dir='ltr'>in</span> 
     </span>
     <span class='ocr_line' id='line_1_66' title="bbox 1259 468 2210 518; baseline 0.004 -13"><span class='ocrx_word' id='word_1_361' title='bbox 1259 479 1338 516; x_wconf 89' lang='lat' dir='ltr'>qua</span> <span class='ocrx_word' id='word_1_362' title='bbox 1365 468 1553 507; x_wconf 88' lang='lat' dir='ltr'>Nicolaus</span> <span class='ocrx_word' id='word_1_363' title='bbox 1573 470 1644 518; x_wconf 88' lang='lat' dir='ltr'>Pp.</span> <span class='ocrx_word' id='word_1_364' title='bbox 1664 470 1866 507; x_wconf 82' lang='lat' dir='ltr'>variorum</span> <span class='ocrx_word' id='word_1_365' title='bbox 1896 472 2106 509; x_wconf 87' lang='lat' dir='ltr'>criminum</span> <span class='ocrx_word' id='word_1_366' title='bbox 2139 483 2210 509; x_wconf 86' lang='lat' dir='ltr'>ac-</span> 
     </span>
     <span class='ocr_line' id='line_1_67' title="bbox 1259 522 2209 573; baseline 0.004 -16"><span class='ocrx_word' id='word_1_367' title='bbox 1259 523 1428 567; x_wconf 89' lang='lat' dir='ltr'>cusatus,</span> <span class='ocrx_word' id='word_1_368' title='bbox 1448 522 1811 567; x_wconf 88' lang='lat' dir='ltr'>excommunicatus</span> <span class='ocrx_word' id='word_1_369' title='bbox 1829 525 1869 561; x_wconf 87' lang='lat' dir='ltr'>et</span> <span class='ocrx_word' id='word_1_370' title='bbox 1889 524 2087 572; x_wconf 87' lang='lat' dir='ltr'>depositus</span> <span class='ocrx_word' id='word_1_371' title='bbox 2106 524 2209 573; x_wconf 86' lang='lat' dir='ltr'>lege-</span> 
     </span>
     <span class='ocr_line' id='line_1_68' title="bbox 1258 574 2210 625; baseline 0.004 -15"><span class='ocrx_word' id='word_1_372' title='bbox 1258 574 1388 612; x_wconf 86' lang='lat' dir='ltr'>batur.</span> <span class='ocrx_word' id='word_1_373' title='bbox 1410 575 1505 612; x_wconf 90' lang='lat' dir='ltr'>Cum</span> <span class='ocrx_word' id='word_1_374' title='bbox 1525 587 1618 613; x_wconf 83' lang='lat' dir='ltr'>vero</span> <span class='ocrx_word' id='word_1_375' title='bbox 1640 575 1832 613; x_wconf 88' lang='lat' dir='ltr'>confictae</span> <span class='ocrx_word' id='word_1_376' title='bbox 1852 577 1993 625; x_wconf 77' lang='lat' dir='ltr'>synodi</span> <span class='ocrx_word' id='word_1_377' title='bbox 2009 577 2106 614; x_wconf 88' lang='lat' dir='ltr'>actis</span> <span class='ocrx_word' id='word_1_378' title='bbox 2125 579 2210 614; x_wconf 88' lang='lat' dir='ltr'>tan-</span> 
     </span>
     <span class='ocr_line' id='line_1_69' title="bbox 1257 627 2211 676; baseline 0.004 -13"><span class='ocrx_word' id='word_1_379' title='bbox 1257 628 1341 663; x_wconf 89' lang='lat' dir='ltr'>tum</span> <span class='ocrx_word' id='word_1_380' title='bbox 1353 627 1403 664; x_wconf 78' lang='lat'>21</span> <span class='ocrx_word' id='word_1_381' title='bbox 1421 628 1590 676; x_wconf 89' lang='lat' dir='ltr'>episcopi</span> <span class='ocrx_word' id='word_1_382' title='bbox 1604 629 1849 666; x_wconf 87' lang='lat' dir='ltr'>subscribere</span> <span class='ocrx_word' id='word_1_383' title='bbox 1860 629 2094 675; x_wconf 83' lang='lat' dir='ltr'>voluissent,</span> <span class='ocrx_word' id='word_1_384' title='bbox 2110 630 2211 667; x_wconf 91' lang='lat' dir='ltr'>Pho-</span> 
     </span>
     <span class='ocr_line' id='line_1_70' title="bbox 1259 679 2211 729; baseline 0.003 -13"><span class='ocrx_word' id='word_1_385' title='bbox 1259 679 1338 716; x_wconf 88' lang='lat' dir='ltr'>tius</span> <span class='ocrx_word' id='word_1_386' title='bbox 1355 692 1489 717; x_wconf 87' lang='lat' dir='ltr'>eorum</span> <span class='ocrx_word' id='word_1_387' title='bbox 1507 681 1860 729; x_wconf 86' lang='lat' dir='ltr'>subscriptionibus</span> <span class='ocrx_word' id='word_1_388' title='bbox 1871 681 1970 719; x_wconf 87' lang='lat' dir='ltr'>alias</span> <span class='ocrx_word' id='word_1_389' title='bbox 1985 679 2066 719; x_wconf 81' lang='lat'>980</span> <span class='ocrx_word' id='word_1_390' title='bbox 2080 693 2211 719; x_wconf 89' lang='lat' dir='ltr'>emen-</span> 
     </span>
     <span class='ocr_line' id='line_1_71' title="bbox 1257 732 2212 782; baseline 0.003 -13"><span class='ocrx_word' id='word_1_391' title='bbox 1257 732 1352 769; x_wconf 88' lang='lat' dir='ltr'>titas</span> <span class='ocrx_word' id='word_1_392' title='bbox 1373 733 1536 780; x_wconf 85' lang='lat' dir='ltr'>addidit3</span> <span class='ocrx_word' id='word_1_393' title='bbox 1556 736 1596 771; x_wconf 89' lang='lat' dir='ltr'>et</span> <span class='ocrx_word' id='word_1_394' title='bbox 1611 746 1658 771; x_wconf 90' lang='lat' dir='ltr'>ea</span> <span class='ocrx_word' id='word_1_395' title='bbox 1675 733 1759 782; x_wconf 89' lang='lat' dir='ltr'>ipsa</span> <span class='ocrx_word' id='word_1_396' title='bbox 1778 736 1866 772; x_wconf 87' lang='lat' dir='ltr'>acta</span> <span class='ocrx_word' id='word_1_397' title='bbox 1885 746 1974 771; x_wconf 91' lang='lat' dir='ltr'>cum</span> <span class='ocrx_word' id='word_1_398' title='bbox 1994 734 2139 772; x_wconf 87' lang='lat' dir='ltr'>litteris</span> <span class='ocrx_word' id='word_1_399' title='bbox 2163 746 2212 772; x_wconf 88' lang='lat' dir='ltr'>a-</span> 
     </span>
     <span class='ocr_line' id='line_1_72' title="bbox 1259 786 2212 836; baseline 0.002 -14"><span class='ocrx_word' id='word_1_400' title='bbox 1259 786 1463 823; x_wconf 92' lang='lat' dir='ltr'>dulatoriis</span> <span class='ocrx_word' id='word_1_401' title='bbox 1485 787 1631 824; x_wconf 86' lang='lat' dir='ltr'>direxit</span> <span class='ocrx_word' id='word_1_402' title='bbox 1651 787 1699 824; x_wconf 87' lang='lat' dir='ltr'>ad</span> <span class='ocrx_word' id='word_1_403' title='bbox 1716 787 1960 824; x_wconf 89' lang='lat' dir='ltr'>Ludovicum</span> <span class='ocrx_word' id='word_1_404' title='bbox 1977 787 2014 824; x_wconf 93' lang='lat' dir='ltr'>II</span> <span class='ocrx_word' id='word_1_405' title='bbox 2034 787 2212 836; x_wconf 89' lang='lat' dir='ltr'>impera-</span> 
     </span>
     <span class='ocr_line' id='line_1_73' title="bbox 1258 839 2211 887; baseline 0.004 -13"><span class='ocrx_word' id='word_1_406' title='bbox 1258 840 1383 875; x_wconf 91' lang='lat' dir='ltr'>torem</span> <span class='ocrx_word' id='word_1_407' title='bbox 1398 839 1631 878; x_wconf 89' lang='lat' dir='ltr'>Occidentis.</span> <span class='ocrx_word' id='word_1_408' title='bbox 1653 840 1714 877; x_wconf 84' lang='lat' dir='ltr'>Ad</span> <span class='ocrx_word' id='word_1_409' title='bbox 1734 839 1978 887; x_wconf 82' lang='lat' dir='ltr'>patriarchas</span> <span class='ocrx_word' id='word_1_410' title='bbox 1999 842 2133 877; x_wconf 91' lang='lat' dir='ltr'>autem</span> <span class='ocrx_word' id='word_1_411' title='bbox 2153 840 2211 878; x_wconf 91' lang='lat' dir='ltr'>O-</span> 
     </span>
     <span class='ocr_line' id='line_1_74' title="bbox 1259 891 2210 941; baseline 0.003 -14"><span class='ocrx_word' id='word_1_412' title='bbox 1259 891 1396 929; x_wconf 90' lang='lat' dir='ltr'>rientis</span> <span class='ocrx_word' id='word_1_413' title='bbox 1412 891 1568 930; x_wconf 88' lang='lat' dir='ltr'>litteras</span> <span class='ocrx_word' id='word_1_414' title='bbox 1589 892 1810 941; x_wconf 79' lang='lat' dir='ltr'>encyclicas</span> <span class='ocrx_word' id='word_1_415' title='bbox 1830 893 1948 938; x_wconf 90' lang='lat' dir='ltr'>dedit,</span> <span class='ocrx_word' id='word_1_416' title='bbox 1968 893 2110 941; x_wconf 88' lang='lat' dir='ltr'>quibus</span> <span class='ocrx_word' id='word_1_417' title='bbox 2129 893 2210 930; x_wconf 91' lang='lat' dir='ltr'>Ec-</span> 
     </span>
     <span class='ocr_line' id='line_1_75' title="bbox 1259 943 2212 992; baseline 0.003 -12"><span class='ocrx_word' id='word_1_418' title='bbox 1259 943 1418 982; x_wconf 90' lang='lat' dir='ltr'>clesiam</span> <span class='ocrx_word' id='word_1_419' title='bbox 1429 945 1595 982; x_wconf 89' lang='lat' dir='ltr'>latinam</span> <span class='ocrx_word' id='word_1_420' title='bbox 1608 945 1809 982; x_wconf 85' lang='lat' dir='ltr'>variorum</span> <span class='ocrx_word' id='word_1_421' title='bbox 1821 957 2000 983; x_wconf 88' lang='lat' dir='ltr'>errorum</span> <span class='ocrx_word' id='word_1_422' title='bbox 2012 956 2212 992; x_wconf 88' lang='lat' dir='ltr'>accusans,</span> 
     </span>
     <span class='ocr_line' id='line_1_76' title="bbox 1259 996 2211 1046; baseline 0.003 -13"><span class='ocrx_word' id='word_1_423' title='bbox 1259 996 1346 1034; x_wconf 89' lang='lat' dir='ltr'>illos</span> <span class='ocrx_word' id='word_1_424' title='bbox 1365 997 1414 1035; x_wconf 90' lang='lat' dir='ltr'>ad</span> <span class='ocrx_word' id='word_1_425' title='bbox 1434 999 1631 1046; x_wconf 70' lang='lat' dir='ltr'>synodum</span> <span class='ocrx_word' id='word_1_426' title='bbox 1650 998 1832 1044; x_wconf 85' lang='lat' dir='ltr'>vocabat,</span> <span class='ocrx_word' id='word_1_427' title='bbox 1855 1000 1899 1036; x_wconf 92' lang='lat' dir='ltr'>ut</span> <span class='ocrx_word' id='word_1_428' title='bbox 1912 999 2078 1036; x_wconf 88' lang='lat' dir='ltr'>istorum</span> <span class='ocrx_word' id='word_1_429' title='bbox 2099 1009 2211 1036; x_wconf 89' lang='lat' dir='ltr'>erro-</span> 
     </span>
     <span class='ocr_line' id='line_1_77' title="bbox 1261 1050 2215 1100; baseline 0.002 -14"><span class='ocrx_word' id='word_1_430' title='bbox 1261 1061 1362 1096; x_wconf 90' lang='lat' dir='ltr'>rum,</span> <span class='ocrx_word' id='word_1_431' title='bbox 1384 1051 1525 1099; x_wconf 88' lang='lat' dir='ltr'>quibus</span> <span class='ocrx_word' id='word_1_432' title='bbox 1553 1051 1630 1088; x_wconf 91' lang='lat' dir='ltr'>iam</span> <span class='ocrx_word' id='word_1_433' title='bbox 1659 1050 1854 1100; x_wconf 82' lang='lat' dir='ltr'>Bulgaros</span> <span class='ocrx_word' id='word_1_434' title='bbox 1879 1051 2050 1089; x_wconf 90' lang='lat' dir='ltr'>imbutos</span> <span class='ocrx_word' id='word_1_435' title='bbox 2078 1063 2215 1100; x_wconf 89' lang='lat' dir='ltr'>quere-</span> 
     </span>
     <span class='ocr_line' id='line_1_78' title="bbox 1260 1104 2211 1152; baseline 0.001 -12"><span class='ocrx_word' id='word_1_436' title='bbox 1260 1104 1391 1148; x_wconf 85' lang='lat' dir='ltr'>batur,</span> <span class='ocrx_word' id='word_1_437' title='bbox 1421 1104 1651 1152; x_wconf 81' lang='lat' dir='ltr'>propagatio</span> <span class='ocrx_word' id='word_1_438' title='bbox 1671 1104 1940 1152; x_wconf 85' lang='lat' dir='ltr'>impediretur.</span> <span class='ocrx_word' id='word_1_439' title='bbox 1961 1104 2211 1152; x_wconf 87' lang='lat' dir='ltr'>Impropera-</span> 
     </span>
     <span class='ocr_line' id='line_1_79' title="bbox 1258 1156 2210 1205; baseline 0.002 -13"><span class='ocrx_word' id='word_1_440' title='bbox 1258 1157 1327 1193; x_wconf 87' lang='lat' dir='ltr'>bat</span> <span class='ocrx_word' id='word_1_441' title='bbox 1346 1156 1512 1194; x_wconf 87' lang='lat' dir='ltr'>Photius</span> <span class='ocrx_word' id='word_1_442' title='bbox 1540 1156 1738 1194; x_wconf 88' lang='lat' dir='ltr'>Ecclesiae</span> <span class='ocrx_word' id='word_1_443' title='bbox 1758 1156 1920 1202; x_wconf 89' lang='lat' dir='ltr'>latinae,</span> <span class='ocrx_word' id='word_1_444' title='bbox 1941 1158 2044 1205; x_wconf 91' lang='lat' dir='ltr'>quod</span> <span class='ocrx_word' id='word_1_445' title='bbox 2064 1157 2210 1194; x_wconf 89' lang='lat' dir='ltr'>sabba-</span> 
     </span>
     <span class='ocr_line' id='line_1_80' title="bbox 1258 1209 2212 1259; baseline 0 -12"><span class='ocrx_word' id='word_1_446' title='bbox 1258 1209 1310 1247; x_wconf 90' lang='lat' dir='ltr'>tis</span> <span class='ocrx_word' id='word_1_447' title='bbox 1320 1209 1526 1254; x_wconf 86' lang='lat' dir='ltr'>ieiunaret‚</span> <span class='ocrx_word' id='word_1_448' title='bbox 1537 1210 1703 1259; x_wconf 86' lang='lat' dir='ltr'>primam</span> <span class='ocrx_word' id='word_1_449' title='bbox 1717 1209 2067 1259; x_wconf 81' lang='lat' dir='ltr'>quadragesimalis</span> <span class='ocrx_word' id='word_1_450' title='bbox 2077 1209 2212 1247; x_wconf 89' lang='lat' dir='ltr'>ieiunii</span> 
     </span>
    </p>
   </div>
   <div class='ocr_carea' id='block_1_5' title="bbox 1247 1262 2210 1312">
    <p class='ocr_par' dir='ltr' id='par_1_8' title="bbox 1247 1262 2210 1312">
     <span class='ocr_line' id='line_1_81' title="bbox 1247 1262 2210 1312; baseline 0.001 -13"><span class='ocrx_word' id='word_1_451' title='bbox 1247 1262 1519 1311; x_wconf 77' lang='lat' dir='ltr'>septimanam</span> <span class='ocrx_word' id='word_1_452' title='bbox 1555 1275 1577 1300; x_wconf 93' lang='lat' dir='ltr'>a</span> <span class='ocrx_word' id='word_1_453' title='bbox 1597 1262 1747 1310; x_wconf 87' lang='lat' dir='ltr'>reliquo</span> <span class='ocrx_word' id='word_1_454' title='bbox 1785 1263 1929 1300; x_wconf 91' lang='lat' dir='ltr'>ieiunio</span> <span class='ocrx_word' id='word_1_455' title='bbox 1958 1263 2210 1312; x_wconf 84' lang='lat' dir='ltr'>discerperet,</span> 
     </span>
    </p>
   </div>
   <div class='ocr_carea' id='block_1_6' title="bbox 1252 1315 2214 2686">
    <p class='ocr_par' dir='ltr' id='par_1_9' title="bbox 1257 1315 2213 1682">
     <span class='ocr_line' id='line_1_82' title="bbox 1259 1315 2212 1364; baseline 0 -11"><span class='ocrx_word' id='word_1_456' title='bbox 1259 1315 1363 1353; x_wconf 88' lang='lat' dir='ltr'>casei</span> <span class='ocrx_word' id='word_1_457' title='bbox 1383 1315 1575 1364; x_wconf 88' lang='lat' dir='ltr'>lactisque</span> <span class='ocrx_word' id='word_1_458' title='bbox 1605 1327 1718 1353; x_wconf 92' lang='lat' dir='ltr'>usum</span> <span class='ocrx_word' id='word_1_459' title='bbox 1739 1316 1778 1352; x_wconf 91' lang='lat' dir='ltr'>in</span> <span class='ocrx_word' id='word_1_460' title='bbox 1800 1320 1845 1354; x_wconf 86' lang='lat' dir='ltr'>e&#39;a</span> <span class='ocrx_word' id='word_1_461' title='bbox 1866 1316 2124 1364; x_wconf 85' lang='lat' dir='ltr'>permitteret,</span> <span class='ocrx_word' id='word_1_462' title='bbox 2144 1328 2212 1354; x_wconf 87' lang='lat' dir='ltr'>sa-</span> 
     </span>
     <span class='ocr_line' id='line_1_83' title="bbox 1259 1368 2213 1406; baseline 0.001 -1"><span class='ocrx_word' id='word_1_463' title='bbox 1259 1368 1436 1406; x_wconf 74' lang='lat' dir='ltr'>cerdotes</span> <span class='ocrx_word' id='word_1_464' title='bbox 1476 1368 1741 1406; x_wconf 88' lang='lat' dir='ltr'>continentiae</span> <span class='ocrx_word' id='word_1_465' title='bbox 1780 1369 1828 1406; x_wconf 89' lang='lat' dir='ltr'>ab</span> <span class='ocrx_word' id='word_1_466' title='bbox 1868 1369 2058 1406; x_wconf 84' lang='lat' dir='ltr'>uxoribus</span> <span class='ocrx_word' id='word_1_467' title='bbox 2094 1371 2213 1406; x_wconf 90' lang='lat' dir='ltr'>antea</span> 
     </span>
     <span class='ocr_line' id='line_1_84' title="bbox 1258 1421 2210 1470; baseline 0 -12"><span class='ocrx_word' id='word_1_468' title='bbox 1258 1421 1385 1459; x_wconf 91' lang='lat' dir='ltr'>ductis</span> <span class='ocrx_word' id='word_1_469' title='bbox 1410 1422 1688 1470; x_wconf 79' lang='lat' dir='ltr'>abstringeret,</span> <span class='ocrx_word' id='word_1_470' title='bbox 1707 1421 1918 1459; x_wconf 87' lang='lat' dir='ltr'>chrismate</span> <span class='ocrx_word' id='word_1_471' title='bbox 1937 1433 2009 1470; x_wconf 91' lang='lat' dir='ltr'>per</span> <span class='ocrx_word' id='word_1_472' title='bbox 2027 1423 2210 1459; x_wconf 88' lang='lat' dir='ltr'>sacerdo-</span> 
     </span>
     <span class='ocr_line' id='line_1_85' title="bbox 1258 1474 2211 1523; baseline 0 -12"><span class='ocrx_word' id='word_1_473' title='bbox 1258 1477 1315 1512; x_wconf 91' lang='lat' dir='ltr'>tes</span> <span class='ocrx_word' id='word_1_474' title='bbox 1335 1475 1515 1512; x_wconf 89' lang='lat' dir='ltr'>inunctos</span> <span class='ocrx_word' id='word_1_475' title='bbox 1535 1475 1660 1512; x_wconf 88' lang='lat' dir='ltr'>denuo</span> <span class='ocrx_word' id='word_1_476' title='bbox 1681 1474 1869 1523; x_wconf 86' lang='lat' dir='ltr'>inungere</span> <span class='ocrx_word' id='word_1_477' title='bbox 1886 1486 1962 1511; x_wconf 92' lang='lat' dir='ltr'>non</span> <span class='ocrx_word' id='word_1_478' title='bbox 1979 1475 2211 1521; x_wconf 89' lang='lat' dir='ltr'>dubitasset,</span> 
     </span>
     <span class='ocr_line' id='line_1_86' title="bbox 1258 1527 2211 1576; baseline 0 -12"><span class='ocrx_word' id='word_1_479' title='bbox 1258 1530 1298 1564; x_wconf 89' lang='lat' dir='ltr'>et</span> <span class='ocrx_word' id='word_1_480' title='bbox 1326 1527 1545 1576; x_wconf 66' lang='lat' dir='ltr'>symbolum</span> <span class='ocrx_word' id='word_1_481' title='bbox 1573 1528 1640 1575; x_wconf 90' lang='lat' dir='ltr'>Cp.</span> <span class='ocrx_word' id='word_1_482' title='bbox 1671 1528 1909 1575; x_wconf 88' lang='lat' dir='ltr'>corrupisset</span> <span class='ocrx_word' id='word_1_483' title='bbox 1928 1557 1938 1574; x_wconf 96' lang='lat'>,</span> <span class='ocrx_word' id='word_1_484' title='bbox 1972 1527 2211 1565; x_wconf 87' lang='lat' dir='ltr'>contendens</span> 
     </span>
     <span class='ocr_line' id='line_1_87' title="bbox 1257 1579 2211 1629; baseline 0 -12"><span class='ocrx_word' id='word_1_485' title='bbox 1257 1580 1447 1629; x_wconf 86' lang='lat' dir='ltr'>Spiritum</span> <span class='ocrx_word' id='word_1_486' title='bbox 1467 1580 1504 1617; x_wconf 83' lang='lat' dir='ltr'>S.</span> <span class='ocrx_word' id='word_1_487' title='bbox 1539 1592 1615 1617; x_wconf 90' lang='lat' dir='ltr'>non</span> <span class='ocrx_word' id='word_1_488' title='bbox 1645 1592 1665 1617; x_wconf 90' lang='lat' dir='ltr'>e</span> <span class='ocrx_word' id='word_1_489' title='bbox 1693 1580 1777 1617; x_wconf 92' lang='lat' dir='ltr'>solo</span> <span class='ocrx_word' id='word_1_490' title='bbox 1799 1581 1933 1628; x_wconf 86' lang='lat' dir='ltr'>Patre,</span> <span class='ocrx_word' id='word_1_491' title='bbox 1961 1581 2029 1618; x_wconf 90' lang='lat' dir='ltr'>sed</span> <span class='ocrx_word' id='word_1_492' title='bbox 2057 1592 2079 1618; x_wconf 89' lang='lat' dir='ltr'>e</span> <span class='ocrx_word' id='word_1_493' title='bbox 2107 1579 2211 1618; x_wconf 89' lang='lat' dir='ltr'>Filio</span> 
     </span>
     <span class='ocr_line' id='line_1_88' title="bbox 1258 1630 1649 1682; baseline -0.003 -11"><span class='ocrx_word' id='word_1_494' title='bbox 1258 1633 1377 1671; x_wconf 90' lang='lat' dir='ltr'>etiam</span> <span class='ocrx_word' id='word_1_495' title='bbox 1393 1633 1601 1682; x_wconf 89' lang='lat' dir='ltr'>procedere</span> <span class='ocrx_word' id='word_1_496' title='bbox 1625 1630 1649 1670; x_wconf 82' lang='lat'>¹.</span> 
     </span>
    </p>

    <p class='ocr_par' dir='ltr' id='par_1_10' title="bbox 1254 1685 2214 2419">
     <span class='ocr_line' id='line_1_89' title="bbox 1310 1685 2211 1724; baseline 0 -1"><span class='ocrx_word' id='word_1_497' title='bbox 1310 1687 1474 1723; x_wconf 90' lang='lat' dir='ltr'>Interim</span> <span class='ocrx_word' id='word_1_498' title='bbox 1508 1697 1571 1723; x_wconf 89' lang='lat' dir='ltr'>res</span> <span class='ocrx_word' id='word_1_499' title='bbox 1601 1685 1837 1723; x_wconf 86' lang='lat' dir='ltr'>schismatici</span> <span class='ocrx_word' id='word_1_500' title='bbox 1866 1686 1999 1724; x_wconf 92' lang='lat' dir='ltr'>Photii</span> <span class='ocrx_word' id='word_1_501' title='bbox 2034 1687 2211 1724; x_wconf 88' lang='lat' dir='ltr'>mutatae</span> 
     </span>
     <span class='ocr_line' id='line_1_90' title="bbox 1257 1738 2211 1788; baseline -0.002 -11"><span class='ocrx_word' id='word_1_502' title='bbox 1257 1742 1362 1777; x_wconf 90' lang='lat' dir='ltr'>sunt.</span> <span class='ocrx_word' id='word_1_503' title='bbox 1383 1740 1497 1777; x_wconf 86' lang='lat' dir='ltr'>Anno</span> <span class='ocrx_word' id='word_1_504' title='bbox 1527 1738 1668 1788; x_wconf 88' lang='lat' dir='ltr'>quippe</span> <span class='ocrx_word' id='word_1_505' title='bbox 1690 1738 1768 1776; x_wconf 84' lang='lat'>866</span> <span class='ocrx_word' id='word_1_506' title='bbox 1796 1739 1929 1776; x_wconf 88' lang='lat' dir='ltr'>Barda</span> <span class='ocrx_word' id='word_1_507' title='bbox 1957 1741 1997 1777; x_wconf 91' lang='lat' dir='ltr'>et</span> <span class='ocrx_word' id='word_1_508' title='bbox 2019 1751 2122 1776; x_wconf 90' lang='lat' dir='ltr'>anno</span> <span class='ocrx_word' id='word_1_509' title='bbox 2144 1749 2211 1776; x_wconf 88' lang='lat' dir='ltr'>se-</span> 
     </span>
     <span class='ocr_line' id='line_1_91' title="bbox 1257 1791 2214 1841; baseline -0.001 -12"><span class='ocrx_word' id='word_1_510' title='bbox 1257 1792 1389 1841; x_wconf 89' lang='lat' dir='ltr'>quenti</span> <span class='ocrx_word' id='word_1_511' title='bbox 1420 1791 1612 1829; x_wconf 79' lang='lat' dir='ltr'>Miehae’le</span> <span class='ocrx_word' id='word_1_512' title='bbox 1654 1792 1711 1828; x_wconf 89' lang='lat' dir='ltr'>III</span> <span class='ocrx_word' id='word_1_513' title='bbox 1740 1791 1970 1838; x_wconf 89' lang='lat' dir='ltr'>trucidatis,</span> <span class='ocrx_word' id='word_1_514' title='bbox 1998 1792 2214 1841; x_wconf 87' lang='lat' dir='ltr'>imperator</span> 
     </span>
     <span class='ocr_line' id='line_1_92' title="bbox 1257 1844 2210 1893; baseline -0.001 -10"><span class='ocrx_word' id='word_1_515' title='bbox 1257 1846 1450 1883; x_wconf 87' lang='lat' dir='ltr'>salutatus</span> <span class='ocrx_word' id='word_1_516' title='bbox 1472 1844 1548 1881; x_wconf 84' lang='lat' dir='ltr'>fuit</span> <span class='ocrx_word' id='word_1_517' title='bbox 1566 1845 1756 1891; x_wconf 84' lang='lat' dir='ltr'>Basilius,</span> <span class='ocrx_word' id='word_1_518' title='bbox 1773 1845 1838 1892; x_wconf 90' lang='lat' dir='ltr'>qui</span> <span class='ocrx_word' id='word_1_519' title='bbox 1857 1856 1948 1882; x_wconf 89' lang='lat' dir='ltr'>mox</span> <span class='ocrx_word' id='word_1_520' title='bbox 1963 1844 2117 1883; x_wconf 89' lang='lat' dir='ltr'>Nicolai</span> <span class='ocrx_word' id='word_1_521' title='bbox 2138 1844 2210 1893; x_wconf 88' lang='lat' dir='ltr'>Pp.</span> 
     </span>
     <span class='ocr_line' id='line_1_93' title="bbox 1256 1897 2210 1946; baseline 0 -11"><span class='ocrx_word' id='word_1_522' title='bbox 1256 1897 1493 1936; x_wconf 87' lang='lat' dir='ltr'>sententiam</span> <span class='ocrx_word' id='word_1_523' title='bbox 1526 1899 1737 1941; x_wconf 85' lang='lat' dir='ltr'>executus,</span> <span class='ocrx_word' id='word_1_524' title='bbox 1767 1898 1955 1934; x_wconf 89' lang='lat' dir='ltr'>Photium</span> <span class='ocrx_word' id='word_1_525' title='bbox 1983 1909 2004 1935; x_wconf 89' lang='lat' dir='ltr'>e</span> <span class='ocrx_word' id='word_1_526' title='bbox 2032 1897 2122 1935; x_wconf 89' lang='lat' dir='ltr'>sede</span> <span class='ocrx_word' id='word_1_527' title='bbox 2143 1898 2210 1946; x_wconf 89' lang='lat' dir='ltr'>Cp.</span> 
     </span>
     <span class='ocr_line' id='line_1_94' title="bbox 1256 1948 2210 1999; baseline -0.001 -11"><span class='ocrx_word' id='word_1_528' title='bbox 1256 1951 1371 1988; x_wconf 90' lang='lat' dir='ltr'>eiecit</span> <span class='ocrx_word' id='word_1_529' title='bbox 1393 1952 1433 1988; x_wconf 90' lang='lat' dir='ltr'>et</span> <span class='ocrx_word' id='word_1_530' title='bbox 1457 1950 1496 1987; x_wconf 93' lang='lat' dir='ltr'>in</span> <span class='ocrx_word' id='word_1_531' title='bbox 1523 1948 1806 1987; x_wconf 83' lang='lat' dir='ltr'>monasterium</span> <span class='ocrx_word' id='word_1_532' title='bbox 1840 1950 2060 1999; x_wconf 82' lang='lat' dir='ltr'>relegavit3</span> <span class='ocrx_word' id='word_1_533' title='bbox 2090 1950 2210 1999; x_wconf 83' lang='lat' dir='ltr'>I&#39;gna-</span> 
     </span>
     <span class='ocr_line' id='line_1_95' title="bbox 1257 2003 2209 2041; baseline -0.001 0"><span class='ocrx_word' id='word_1_534' title='bbox 1257 2005 1353 2041; x_wconf 90' lang='lat' dir='ltr'>tium</span> <span class='ocrx_word' id='word_1_535' title='bbox 1384 2015 1478 2041; x_wconf 89' lang='lat' dir='ltr'>vero</span> <span class='ocrx_word' id='word_1_536' title='bbox 1506 2015 1594 2040; x_wconf 90' lang='lat' dir='ltr'>cum</span> <span class='ocrx_word' id='word_1_537' title='bbox 1624 2014 1778 2040; x_wconf 89' lang='lat' dir='ltr'>summo</span> <span class='ocrx_word' id='word_1_538' title='bbox 1813 2003 1988 2040; x_wconf 87' lang='lat' dir='ltr'>omnium</span> <span class='ocrx_word' id='word_1_539' title='bbox 2028 2003 2209 2040; x_wconf 89' lang='lat' dir='ltr'>ordinum</span> 
     </span>
     <span class='ocr_line' id='line_1_96' title="bbox 1255 2055 2211 2106; baseline -0.003 -11"><span class='ocrx_word' id='word_1_540' title='bbox 1255 2057 1447 2106; x_wconf 88' lang='lat' dir='ltr'>applausu</span> <span class='ocrx_word' id='word_1_541' title='bbox 1464 2056 1651 2093; x_wconf 86' lang='lat' dir='ltr'>restituit.</span> <span class='ocrx_word' id='word_1_542' title='bbox 1671 2056 1780 2097; x_wconf 88' lang='lat' dir='ltr'>Quae</span> <span class='ocrx_word' id='word_1_543' title='bbox 1798 2057 1931 2094; x_wconf 87' lang='lat' dir='ltr'>omnia</span> <span class='ocrx_word' id='word_1_544' title='bbox 1950 2055 2124 2094; x_wconf 89' lang='lat' dir='ltr'>Basilius</span> <span class='ocrx_word' id='word_1_545' title='bbox 2143 2055 2211 2092; x_wconf 92' lang='lat' dir='ltr'>im-</span> 
     </span>
     <span class='ocr_line' id='line_1_97' title="bbox 1255 2107 2211 2160; baseline -0.002 -13"><span class='ocrx_word' id='word_1_546' title='bbox 1255 2114 1413 2160; x_wconf 84' lang='lat' dir='ltr'>perator</span> <span class='ocrx_word' id='word_1_547' title='bbox 1433 2111 1473 2147; x_wconf 91' lang='lat' dir='ltr'>et</span> <span class='ocrx_word' id='word_1_548' title='bbox 1493 2109 1673 2157; x_wconf 79' lang='lat' dir='ltr'>Ignatius</span> <span class='ocrx_word' id='word_1_549' title='bbox 1704 2108 1932 2157; x_wconf 87' lang='lat' dir='ltr'>patriarcha</span> <span class='ocrx_word' id='word_1_550' title='bbox 1961 2109 2010 2146; x_wconf 88' lang='lat' dir='ltr'>R.</span> <span class='ocrx_word' id='word_1_551' title='bbox 2028 2107 2211 2146; x_wconf 88' lang='lat' dir='ltr'>Pontifici</span> 
     </span>
     <span class='ocr_line' id='line_1_98' title="bbox 1256 2160 2209 2212; baseline -0.002 -12"><span class='ocrx_word' id='word_1_552' title='bbox 1256 2163 1542 2212; x_wconf 84' lang='lat' dir='ltr'>significarunt,</span> <span class='ocrx_word' id='word_1_553' title='bbox 1558 2162 1753 2210; x_wconf 88' lang='lat' dir='ltr'>simulque</span> <span class='ocrx_word' id='word_1_554' title='bbox 1773 2161 2093 2209; x_wconf 89' lang='lat' dir='ltr'>postulaverunt,</span> <span class='ocrx_word' id='word_1_555' title='bbox 2113 2160 2209 2210; x_wconf 93' lang='lat' dir='ltr'>quid</span> 
     </span>
     <span class='ocr_line' id='line_1_99' title="bbox 1254 2214 2212 2262; baseline -0.002 -9"><span class='ocrx_word' id='word_1_556' title='bbox 1254 2217 1293 2253; x_wconf 88' lang='lat' dir='ltr'>in</span> <span class='ocrx_word' id='word_1_557' title='bbox 1314 2226 1433 2253; x_wconf 87' lang='lat' dir='ltr'>causa</span> <span class='ocrx_word' id='word_1_558' title='bbox 1453 2226 1591 2252; x_wconf 88' lang='lat' dir='ltr'>eorum</span> <span class='ocrx_word' id='word_1_559' title='bbox 1612 2214 1678 2262; x_wconf 86' lang='lat' dir='ltr'>qui</span> <span class='ocrx_word' id='word_1_560' title='bbox 1710 2214 1911 2251; x_wconf 84' lang='lat' dir='ltr'>schismati</span> <span class='ocrx_word' id='word_1_561' title='bbox 1933 2214 2212 2260; x_wconf 87' lang='lat' dir='ltr'>adhaeserant,</span> 
     </span>
     <span class='ocr_line' id='line_1_100' title="bbox 1255 2265 2209 2316; baseline -0.002 -10"><span class='ocrx_word' id='word_1_562' title='bbox 1255 2270 1357 2307; x_wconf 90' lang='lat' dir='ltr'>esset</span> <span class='ocrx_word' id='word_1_563' title='bbox 1391 2267 1591 2316; x_wconf 81' lang='lat' dir='ltr'>agendum</span> <span class='ocrx_word' id='word_1_564' title='bbox 1610 2265 1635 2302; x_wconf 80' lang='lat'>².</span> <span class='ocrx_word' id='word_1_565' title='bbox 1659 2266 1820 2303; x_wconf 89' lang='lat' dir='ltr'>Obierat</span> <span class='ocrx_word' id='word_1_566' title='bbox 1837 2269 1933 2303; x_wconf 90' lang='lat' dir='ltr'>tunc</span> <span class='ocrx_word' id='word_1_567' title='bbox 1965 2267 2152 2304; x_wconf 89' lang='lat' dir='ltr'>Nicolaus</span> <span class='ocrx_word' id='word_1_568' title='bbox 2177 2267 2209 2312; x_wconf 79' lang='lat'>13</span> 
     </span>
     <span class='ocr_line' id='line_1_101' title="bbox 1255 2319 2210 2370; baseline -0.003 -11"><span class='ocrx_word' id='word_1_569' title='bbox 1255 2333 1354 2370; x_wconf 84' lang='lat' dir='ltr'>quae</span> <span class='ocrx_word' id='word_1_570' title='bbox 1389 2323 1522 2357; x_wconf 88' lang='lat' dir='ltr'>autem</span> <span class='ocrx_word' id='word_1_571' title='bbox 1553 2319 1780 2356; x_wconf 86' lang='lat' dir='ltr'>Hadrianus</span> <span class='ocrx_word' id='word_1_572' title='bbox 1804 2319 1854 2365; x_wconf 90' lang='lat' dir='ltr'>II,</span> <span class='ocrx_word' id='word_1_573' title='bbox 1873 2319 1959 2357; x_wconf 88' lang='lat' dir='ltr'>eius</span> <span class='ocrx_word' id='word_1_574' title='bbox 1987 2329 2210 2366; x_wconf 86' lang='lat' dir='ltr'>successor,</span> 
     </span>
     <span class='ocr_line' id='line_1_102' title="bbox 1254 2371 1979 2419; baseline -0.003 -7"><span class='ocrx_word' id='word_1_575' title='bbox 1254 2375 1291 2412; x_wconf 88' lang='lat' dir='ltr'>in</span> <span class='ocrx_word' id='word_1_576' title='bbox 1321 2374 1394 2410; x_wconf 91' lang='lat' dir='ltr'>hac</span> <span class='ocrx_word' id='word_1_577' title='bbox 1423 2384 1465 2409; x_wconf 90' lang='lat' dir='ltr'>re</span> <span class='ocrx_word' id='word_1_578' title='bbox 1495 2372 1641 2419; x_wconf 84' lang='lat' dir='ltr'>egerit,</span> <span class='ocrx_word' id='word_1_579' title='bbox 1662 2371 1765 2409; x_wconf 86' lang='lat' dir='ltr'>infra</span> <span class='ocrx_word' id='word_1_580' title='bbox 1794 2372 1979 2410; x_wconf 89' lang='lat' dir='ltr'>dicemus.</span> 
     </span>
    </p>

    <p class='ocr_par' dir='ltr' id='par_1_11' title="bbox 1252 2424 2213 2686">
     <span class='ocr_line' id='line_1_103' title="bbox 1306 2424 2210 2474; baseline -0.001 -11"><span class='ocrx_word' id='word_1_581' title='bbox 1306 2427 1369 2463; x_wconf 73' lang='lat'>49.</span> <span class='ocrx_word' id='word_1_582' title='bbox 1383 2425 1576 2462; x_wconf 74' lang='lat' dir='ltr'>Lotlmre&#39;z&#39;</span> <span class='ocrx_word' id='word_1_583' title='bbox 1591 2424 1994 2462; x_wconf 68' lang='lat' dir='ltr'>divortium—Aliud</span> <span class='ocrx_word' id='word_1_584' title='bbox 2007 2424 2210 2474; x_wconf 85' lang='lat' dir='ltr'>negotium</span> 
     </span>
     <span class='ocr_line' id='line_1_104' title="bbox 1253 2476 2208 2525; baseline -0.001 -9"><span class='ocrx_word' id='word_1_585' title='bbox 1253 2492 1281 2516; x_wconf 90' lang='lat' dir='ltr'>s.</span> <span class='ocrx_word' id='word_1_586' title='bbox 1303 2478 1467 2516; x_wconf 86' lang='lat' dir='ltr'>Nicolao</span> <span class='ocrx_word' id='word_1_587' title='bbox 1485 2478 1556 2525; x_wconf 89' lang='lat' dir='ltr'>Pp.</span> <span class='ocrx_word' id='word_1_588' title='bbox 1579 2476 1779 2515; x_wconf 79' lang='lat' dir='ltr'>facessivit</span> <span class='ocrx_word' id='word_1_589' title='bbox 1797 2478 2009 2516; x_wconf 88' lang='lat' dir='ltr'>Lotharius</span> <span class='ocrx_word' id='word_1_590' title='bbox 2027 2489 2099 2516; x_wconf 89' lang='lat' dir='ltr'>rex</span> <span class='ocrx_word' id='word_1_591' title='bbox 2128 2477 2208 2515; x_wconf 91' lang='lat' dir='ltr'>Lo-</span> 
     </span>
     <span class='ocr_line' id='line_1_105' title="bbox 1252 2530 2208 2580; baseline -0.002 -12"><span class='ocrx_word' id='word_1_592' title='bbox 1252 2531 1474 2579; x_wconf 77' lang='lat' dir='ltr'>tharingiae</span> <span class='ocrx_word' id='word_1_593' title='bbox 1489 2559 1498 2575; x_wconf 90' lang='lat'>,</span> <span class='ocrx_word' id='word_1_594' title='bbox 1518 2530 1583 2578; x_wconf 88' lang='lat' dir='ltr'>qui</span> <span class='ocrx_word' id='word_1_595' title='bbox 1596 2559 1605 2575; x_wconf 88' lang='lat'>,</span> <span class='ocrx_word' id='word_1_596' title='bbox 1627 2531 1670 2567; x_wconf 92' lang='lat' dir='ltr'>ut</span> <span class='ocrx_word' id='word_1_597' title='bbox 1689 2530 1958 2579; x_wconf 82' lang='lat' dir='ltr'>Teutbergam</span> <span class='ocrx_word' id='word_1_598' title='bbox 1988 2530 2208 2580; x_wconf 83' lang='lat' dir='ltr'>legitimam</span> 
     </span>
     <span class='ocr_line' id='line_1_106' title="bbox 1253 2582 2213 2631; baseline -0.001 -10"><span class='ocrx_word' id='word_1_599' title='bbox 1253 2595 1363 2621; x_wconf 87' lang='lat' dir='ltr'>suam</span> <span class='ocrx_word' id='word_1_600' title='bbox 1386 2594 1550 2620; x_wconf 87' lang='lat' dir='ltr'>uxorem</span> <span class='ocrx_word' id='word_1_601' title='bbox 1570 2583 1809 2631; x_wconf 86' lang='lat' dir='ltr'>repudiaret,</span> <span class='ocrx_word' id='word_1_602' title='bbox 1831 2584 2071 2631; x_wconf 84' lang='lat' dir='ltr'>duceretque</span> <span class='ocrx_word' id='word_1_603' title='bbox 2101 2582 2213 2622; x_wconf 84' lang='lat' dir='ltr'>Wal-</span> 
     </span>
     <span class='ocr_line' id='line_1_107' title="bbox 1253 2635 2209 2686; baseline -0.002 -12"><span class='ocrx_word' id='word_1_604' title='bbox 1253 2637 1413 2674; x_wconf 83' lang='lat' dir='ltr'>dradam</span> <span class='ocrx_word' id='word_1_605' title='bbox 1452 2635 1651 2684; x_wconf 83' lang='lat' dir='ltr'>pellicem,</span> <span class='ocrx_word' id='word_1_606' title='bbox 1680 2636 1826 2673; x_wconf 85' lang='lat' dir='ltr'>crimen</span> <span class='ocrx_word' id='word_1_607' title='bbox 1846 2636 1886 2673; x_wconf 90' lang='lat' dir='ltr'>in</span> <span class='ocrx_word' id='word_1_608' title='bbox 1906 2637 2086 2686; x_wconf 87' lang='lat' dir='ltr'>reginam</span> <span class='ocrx_word' id='word_1_609' title='bbox 2121 2647 2209 2673; x_wconf 91' lang='lat' dir='ltr'>con-</span> 
     </span>
    </p>
   </div>
   <div class='ocr_carea' id='block_1_7' title="bbox 1249 2752 2215 3165">
    <p class='ocr_par' dir='ltr' id='par_1_12' title="bbox 1250 2752 2215 3040">
     <span class='ocr_line' id='line_1_108' title="bbox 1293 2752 2211 2797; baseline 0 -9"><span class='ocrx_word' id='word_1_610' title='bbox 1293 2757 1302 2777; x_wconf 91' lang='lat'>¹</span> <span class='ocrx_word' id='word_1_611' title='bbox 1321 2759 1375 2795; x_wconf 71' lang='lat' dir='ltr'>lizi,</span> <span class='ocrx_word' id='word_1_612' title='bbox 1385 2767 1463 2797; x_wconf 76' lang='lat' dir='ltr'>quae</span> <span class='ocrx_word' id='word_1_613' title='bbox 1474 2757 1599 2787; x_wconf 71' lang='lat' dir='ltr'>photius</span> <span class='ocrx_word' id='word_1_614' title='bbox 1607 2756 1765 2787; x_wconf 84' lang='lat' dir='ltr'>Ecclesiae</span> <span class='ocrx_word' id='word_1_615' title='bbox 1778 2756 1893 2788; x_wconf 83' lang='lat' dir='ltr'>latinae</span> <span class='ocrx_word' id='word_1_616' title='bbox 1907 2752 2140 2796; x_wconf 76' lang='lat' dir='ltr'>improperavit,</span> <span class='ocrx_word' id='word_1_617' title='bbox 2150 2756 2211 2788; x_wconf 86' lang='lat' dir='ltr'>boc</span> 
     </span>
     <span class='ocr_line' id='line_1_109' title="bbox 1253 2798 2212 2838; baseline 0.003 -12"><span class='ocrx_word' id='word_1_618' title='bbox 1253 2799 1319 2836; x_wconf 78' lang='lat' dir='ltr'>ipso</span> <span class='ocrx_word' id='word_1_619' title='bbox 1344 2803 1496 2837; x_wconf 69' lang='lat' dir='ltr'>tempore,</span> <span class='ocrx_word' id='word_1_620' title='bbox 1514 2802 1644 2837; x_wconf 75' lang='lat' dir='ltr'>rogante</span> <span class='ocrx_word' id='word_1_621' title='bbox 1670 2798 1794 2828; x_wconf 72' lang='lat' dir='ltr'>Nicolao</span> <span class='ocrx_word' id='word_1_622' title='bbox 1818 2800 1882 2838; x_wconf 65' lang='lat' dir='ltr'>Pp„</span> <span class='ocrx_word' id='word_1_623' title='bbox 1898 2798 2093 2829; x_wconf 80' lang='lat' dir='ltr'>confutarunt</span> <span class='ocrx_word' id='word_1_624' title='bbox 2120 2798 2212 2829; x_wconf 82' lang='lat' dir='ltr'>Hinc-</span> 
     </span>
     <span class='ocr_line' id='line_1_110' title="bbox 1252 2839 2211 2876; baseline -0.001 -7"><span class='ocrx_word' id='word_1_625' title='bbox 1252 2848 1354 2870; x_wconf 77' lang='lat' dir='ltr'>marus</span> <span class='ocrx_word' id='word_1_626' title='bbox 1372 2840 1561 2873; x_wconf 67' lang='lat' dir='ltr'>[Uiennensis.</span> <span class='ocrx_word' id='word_1_627' title='bbox 1579 2839 1644 2869; x_wconf 82' lang='grc' dir='ltr'>ΟιΙο</span> <span class='ocrx_word' id='word_1_628' title='bbox 1663 2839 1901 2876; x_wconf 78' lang='lat' dir='ltr'>Bellovacensis‚</span> <span class='ocrx_word' id='word_1_629' title='bbox 1919 2839 2032 2869; x_wconf 81' lang='lat' dir='ltr'>AEneas</span> <span class='ocrx_word' id='word_1_630' title='bbox 2058 2839 2211 2869; x_wconf 80' lang='lat' dir='ltr'>Parisien-</span> 
     </span>
     <span class='ocr_line' id='line_1_111' title="bbox 1251 2879 2209 2918; baseline 0 -9"><span class='ocrx_word' id='word_1_631' title='bbox 1251 2880 1309 2918; x_wconf 71' lang='lat' dir='ltr'>sis,</span> <span class='ocrx_word' id='word_1_632' title='bbox 1328 2883 1514 2911; x_wconf 59' lang='lat' dir='ltr'>haimuinus</span> <span class='ocrx_word' id='word_1_633' title='bbox 1532 2879 1736 2911; x_wconf 77' lang='lat' dir='ltr'>Corbciensis.</span> <span class='ocrx_word' id='word_1_634' title='bbox 1756 2879 1870 2910; x_wconf 80' lang='lat' dir='ltr'>Eadem</span> <span class='ocrx_word' id='word_1_635' title='bbox 1894 2879 2052 2910; x_wconf 79' lang='lat' dir='ltr'>confutata</span> <span class='ocrx_word' id='word_1_636' title='bbox 2069 2880 2209 2918; x_wconf 81' lang='lat' dir='ltr'>reperies</span> 
     </span>
     <span class='ocr_line' id='line_1_112' title="bbox 1251 2919 2211 2960; baseline 0.001 -11"><span class='ocrx_word' id='word_1_637' title='bbox 1251 2922 1331 2960; x_wconf 78' lang='grc' dir='ltr'>ιψιιιΙ</span> <span class='ocrx_word' id='word_1_638' title='bbox 1351 2923 1463 2953; x_wconf 60' lang='lat' dir='ltr'>Ilaron.</span> <span class='ocrx_word' id='word_1_639' title='bbox 1482 2921 1520 2951; x_wconf 79' lang='lat' dir='ltr'>ad</span> <span class='ocrx_word' id='word_1_640' title='bbox 1538 2930 1585 2950; x_wconf 70' lang='lat' dir='ltr'>an.</span> <span class='ocrx_word' id='word_1_641' title='bbox 1603 2921 1672 2957; x_wconf 71' lang='lat'>8693</span> <span class='ocrx_word' id='word_1_642' title='bbox 1691 2922 1718 2950; x_wconf 71' lang='lat'>1..</span> <span class='ocrx_word' id='word_1_643' title='bbox 1739 2921 1891 2955; x_wconf 67' lang='lat' dir='ltr'>Attalium,</span> <span class='ocrx_word' id='word_1_644' title='bbox 1907 2919 1950 2950; x_wconf 78' lang='lat' dir='ltr'>De</span> <span class='ocrx_word' id='word_1_645' title='bbox 1963 2929 2106 2951; x_wconf 72' lang='lat' dir='ltr'>consens.</span> <span class='ocrx_word' id='word_1_646' title='bbox 2122 2919 2211 2951; x_wconf 85' lang='lat' dir='ltr'>Eccl.</span> 
     </span>
     <span class='ocr_line' id='line_1_113' title="bbox 1250 2960 2215 2999; baseline 0.003 -10"><span class='ocrx_word' id='word_1_647' title='bbox 1250 2963 1362 2992; x_wconf 59' lang='lat' dir='ltr'>artant.</span> <span class='ocrx_word' id='word_1_648' title='bbox 1398 2965 1428 2993; x_wconf 74' lang='lat' dir='ltr'>cl</span> <span class='ocrx_word' id='word_1_649' title='bbox 1453 2961 1622 2999; x_wconf 66' lang='lat' dir='ltr'>cicc-islenl.;</span> <span class='ocrx_word' id='word_1_650' title='bbox 1648 2961 1745 2991; x_wconf 75' lang='lat' dir='ltr'>Nalal.</span> <span class='ocrx_word' id='word_1_651' title='bbox 1768 2961 1912 2992; x_wconf 75' lang='lat' dir='ltr'>Alexand.</span> <span class='ocrx_word' id='word_1_652' title='bbox 1937 2960 2016 2992; x_wconf 76' lang='lat' dir='ltr'>llist.</span> <span class='ocrx_word' id='word_1_653' title='bbox 2035 2961 2109 2993; x_wconf 83' lang='lat' dir='ltr'>eccl.</span> <span class='ocrx_word' id='word_1_654' title='bbox 2126 2969 2215 2992; x_wconf 79' lang='lat' dir='ltr'>saco.</span> 
     </span>
     <span class='ocr_line' id='line_1_114' title="bbox 1252 3002 1802 3040; baseline 0 -7"><span class='ocrx_word' id='word_1_655' title='bbox 1252 3002 1601 3040; x_wconf 56' lang='lat' dir='ltr'>lx-x,‹1iss.-2,{7-8,</span> <span class='ocrx_word' id='word_1_656' title='bbox 1618 3007 1647 3032; x_wconf 80' lang='lat' dir='ltr'>rt</span> <span class='ocrx_word' id='word_1_657' title='bbox 1663 3003 1737 3032; x_wconf 70' lang='lat' dir='ltr'>diss.</span> <span class='ocrx_word' id='word_1_658' title='bbox 1754 3002 1802 3033; x_wconf 74' lang='lat'>1⁸.</span> 
     </span>
    </p>

    <p class='ocr_par' dir='ltr' id='par_1_13' title="bbox 1249 3041 2210 3165">
     <span class='ocr_line' id='line_1_115' title="bbox 1292 3041 2210 3083; baseline -0.003 -8"><span class='ocrx_word' id='word_1_659' title='bbox 1292 3044 1305 3064; x_wconf 55' lang='grc' dir='ltr'>ἵ</span> <span class='ocrx_word' id='word_1_660' title='bbox 1323 3046 1461 3081; x_wconf 65' lang='lat' dir='ltr'>Niconis,</span> <span class='ocrx_word' id='word_1_661' title='bbox 1486 3043 1554 3075; x_wconf 64' lang='lat' dir='ltr'>rim</span> <span class='ocrx_word' id='word_1_662' title='bbox 1570 3054 1592 3074; x_wconf 74' lang='lat' dir='ltr'>s,</span> <span class='ocrx_word' id='word_1_663' title='bbox 1608 3043 1737 3083; x_wconf 70' lang='lat' dir='ltr'>lynatii:</span> <span class='ocrx_word' id='word_1_664' title='bbox 1756 3043 1918 3080; x_wconf 76' lang='lat' dir='ltr'>Baronins,</span> <span class='ocrx_word' id='word_1_665' title='bbox 1943 3043 1982 3074; x_wconf 83' lang='lat' dir='ltr'>ad</span> <span class='ocrx_word' id='word_1_666' title='bbox 2000 3052 2050 3074; x_wconf 77' lang='lat' dir='ltr'>an.</span> <span class='ocrx_word' id='word_1_667' title='bbox 2065 3041 2210 3080; x_wconf 83' lang='lat'><strong>857-68;</strong></span> 
     </span>
     <span class='ocr_line' id='line_1_116' title="bbox 1250 3083 2208 3126; baseline -0.001 -12"><span class='ocrx_word' id='word_1_668' title='bbox 1250 3086 1345 3116; x_wconf 72' lang='lat' dir='ltr'>Nntul.</span> <span class='ocrx_word' id='word_1_669' title='bbox 1370 3086 1515 3116; x_wconf 74' lang='lat' dir='ltr'>Alexand.</span> <span class='ocrx_word' id='word_1_670' title='bbox 1540 3086 1596 3115; x_wconf 82' lang='lat' dir='ltr'>loc.</span> <span class='ocrx_word' id='word_1_671' title='bbox 1622 3085 1693 3124; x_wconf 81' lang='lat' dir='ltr'>cit.;</span> <span class='ocrx_word' id='word_1_672' title='bbox 1717 3085 1824 3126; x_wconf 72' lang='lat' dir='ltr'>Inger,</span> <span class='ocrx_word' id='word_1_673' title='bbox 1840 3083 1984 3116; x_wconf 77' lang='lat' dir='ltr'>Histoire</span> <span class='ocrx_word' id='word_1_674' title='bbox 2000 3083 2038 3115; x_wconf 82' lang='lat' dir='ltr'>de</span> <span class='ocrx_word' id='word_1_675' title='bbox 2053 3083 2208 3123; x_wconf 65' lang='lat' dir='ltr'>Plautius,</span> 
     </span>
     <span class='ocr_line' id='line_1_117' title="bbox 1249 3123 1614 3165; baseline -0.003 -8"><span class='ocrx_word' id='word_1_676' title='bbox 1249 3128 1392 3165; x_wconf 62' lang='lat' dir='ltr'>Lunx-ain,</span> <span class='ocrx_word' id='word_1_677' title='bbox 1413 3126 1500 3165; x_wconf 66' lang='lat'>1815,</span> <span class='ocrx_word' id='word_1_678' title='bbox 1517 3123 1614 3156; x_wconf 69' lang='grc' dir='ltr'>ἰη-Β.ο</span> 
     </span>
    </p>
   </div>
  </div>
 </body>
</html>
