2241 3473
675 139 814 170 VSQVE
836 139 892 167 AD
912 137 1199 166 PRAESENTEM
1222 138 1428 167 ΑΕΤΑΤΕΜ

132 207 299 243 Demum
329 205 542 253 impietatis
560 206 777 250 domitoris,
805 206 868 255 qui
894 217 936 243 se
962 205 1035 243 Ca-

82 260 153 296 roli
189 259 244 296 M.
283 270 553 297 successorem
580 261 804 304 iactitabat,
839 271 885 297 eo
910 270 1032 308 usque

81 313 254 355 devenit,
274 317 330 355 ut,
346 313 537 361 abrogata
556 320 716 364 propter
740 316 902 351 abusum
923 325 1034 363 prae-

79 372 237 414 sumpta
263 367 408 404 laudati
435 369 685 416 imperatoris
713 369 939 411 donatione,
969 368 1031 405 de-

81 425 211 463 creto,
231 420 413 458 Viennae
442 422 478 457 in
505 424 667 459 Austria
693 423 779 459 xv1⁰
805 422 956 459 calend.
978 422 1032 458 iu-

80 476 165 513 nias
192 475 282 513 1809
316 475 406 512 dato
429 504 437 519 ,
467 480 590 513 totum
622 477 665 512 B.
701 476 810 513 Petri
845 477 1031 523 patrimo-

78 530 187 566 nium
214 540 283 566 seu
310 529 515 567 Romanae
542 530 736 567 ecclesiae
764 533 892 566 status
911 530 1034 577 impe-

81 583 138 619 rio
165 583 317 620 Gallico
343 583 547 620 adiecerit.
572 584 684 625 Quod
710 584 915 620 decretum
943 594 1030 619 cum

81 638 140 674 1v⁰
166 637 252 674 idus
280 638 371 674 iunii
408 638 561 675 Romae
594 639 731 675 fuisset
765 638 1002 685 publicatum
1023 666 1031 681 ,

81 691 175 728 Pius
201 691 288 735 Vll,
307 691 508 728 exhaustis
534 692 684 729 frustra
701 692 881 728 omnibus
904 691 1032 728 mode-

81 746 247 782 rationis
268 750 310 782 et
327 746 637 783 mansuetudinis
657 747 896 790 rationibus,
915 749 1032 782 nocte

80 804 267 847 sequente
288 799 429 835 bullam
450 800 884 843 excommunicationis,
907 799 1032 840 Quum

79 852 352 895 memoranda,
367 857 506 890 contra
522 858 797 900 usurpatorem
816 864 1033 900 omnesque

80 905 165 942 eius
191 910 473 953 cooperatores
499 907 538 942 in
565 907 658 943 locis
692 907 892 944 consuetis
925 906 1032 954 affigi

80 958 194 995 iussit
219 961 244 993 1.
1018 954 1021 958 ’

127 1012 186 1048 22.
212 1012 312 1048 Pius
341 1012 429 1048 VII
455 1013 656 1050 Savonam
683 1013 1031 1050 abducitur-Na-

82 1065 224 1113 poleon
251 1066 448 1102 Vaticano
466 1067 628 1104 fulmine
646 1068 765 1111 ictus,
785 1067 1031 1115 iniquitatem

82 1119 374 1155 consummavit
390 1120 578 1168 rapiendo
597 1132 646 1158 ex
664 1121 760 1157 urbe
775 1124 915 1157 sancta
934 1120 1034 1156 Pon-

80 1171 244 1209 tificem.
262 1173 421 1209 Etenim
447 1173 576 1221 pridie
603 1185 727 1211 nonas
754 1174 838 1210 iulii
856 1177 949 1211 ante
968 1185 1032 1210 au·

82 1237 215 1262 roram
241 1227 431 1273 palatium
460 1227 663 1268 Quirinale
692 1232 847 1265 armata
873 1239 992 1264 manu
1011 1238 1034 1264 a

81 1281 283 1329 copiarum
309 1281 406 1319 duce
433 1282 562 1319 Radet
590 1284 762 1319 cinctum
796 1282 868 1319 fuit
886 1311 894 1326 ,
927 1282 1033 1319 fores

80 1336 286 1381 effractae,
306 1337 488 1374 custodes
505 1337 629 1374 armis
646 1338 768 1382 exuti,
788 1340 827 1374 et
844 1336 936 1373 Pius
962 1337 1032 1373 VII

79 1400 157 1426 una
182 1401 272 1427 cum
299 1391 492 1427 cardinali
519 1391 664 1435 Pacca,
691 1391 775 1428 eius
800 1390 1032 1428 administro

80 1454 104 1479 a
137 1444 305 1481 secretis
330 1446 490 1489 Status,
529 1445 799 1494 interceptus,
839 1445 1036 1482 violenter

79 1497 392 1546 Gratianopolim
412 1528 420 1543 ‚
465 1499 556 1536 dein
599 1500 796 1536 Savonam
846 1498 1036 1535 abductus

79 1556 151 1588 est.
190 1551 425 1600 Priusquam
453 1552 636 1590 Pontifex
670 1553 720 1589 ibi
755 1552 1032 1600 pervenisset,

82 1605 295 1642 cardinalis
321 1606 467 1650 Pacca,
487 1607 535 1643 ab
562 1619 609 1644 eo
636 1607 813 1650 avulsus,
834 1607 870 1642 in
899 1617 1034 1642 arcem

85 1658 134 1696 de
160 1659 408 1697 Fenestrelle
432 1661 634 1708 relegatus
650 1660 734 1697 fuit.
755 1660 847 1696 Pius
864 1660 934 1696 VII
954 1663 1034 1696 toto

89 1712 261 1749 triennio
299 1714 480 1750 Savonae
514 1714 679 1751 sollicite
713 1714 953 1758 custoditus,
986 1713 1035 1750 ab

81 1767 265 1803 omnibus
290 1768 526 1804 consiliariis
553 1769 634 1805 suis
654 1771 876 1816 separatus,
895 1768 1033 1804 duram

79 1831 194 1856 suam
220 1825 369 1858 sortem
397 1833 474 1858 non
494 1822 638 1858 minori
664 1822 787 1858 animi
804 1822 1032 1859 fortitudine

79 1884 194 1921 quam
220 1875 418 1922 patientia
441 1876 639 1912 sustinuit.
668 1876 787 1912 Omni
813 1875 878 1911 via
905 1886 929 1911 a
955 1876 1031 1911 Na-

79 1927 245 1974 poleone
273 1932 462 1972 tentatus,
489 1934 531 1965 ut
557 1929 767 1965 ditionibus
793 1929 870 1964 suis
890 1941 1030 1966 renun-

79 1980 220 2025 ciaret,
246 1982 448 2029 variisque
475 1983 744 2029 pactionibus,
762 1982 1034 2029 quibus-pote-

78 2038 161 2070 stas
180 2034 396 2081 spiritualis
416 2035 626 2082 temporali
643 2035 924 2080 subiiceretur,
946 2036 1033 2072 sub-

78 2088 288 2132 scriberet,
313 2089 452 2126 firmus
478 2090 597 2126 stetit.

125 2142 256 2190 Rapto
275 2154 324 2179 ex
341 2143 437 2180 urbe
458 2143 669 2187 Pontifice,
689 2143 911 2180 cardinales
931 2144 1029 2189 Itali,

80 2196 214 2241 paucis
240 2201 455 2244 provectae
483 2197 602 2233 nimis
628 2197 770 2234 aetatis
788 2198 851 2234 vel
870 2197 1028 2233 infirmi-

81 2250 172 2285 tatis
198 2261 320 2286 causa
345 2251 535 2298 exceptis,
555 2251 823 2298 persecutoris
842 2251 948 2288 iussu
967 2251 1030 2288 ad-

80 2301 188 2338 ducti
214 2302 374 2340 fuerunt
399 2304 598 2349 Parisios,
623 2304 688 2340 ubi
715 2304 950 2352 multiplices
976 2305 1032 2340 in-

81 2356 203 2392 iurias
229 2357 383 2403 experti
409 2363 512 2394 sunt.
532 2358 660 2400 Quum
680 2369 818 2395 eorum
837 2358 1028 2394 tredecim

80 2419 182 2445 anno
211 2409 301 2446 1810
319 2421 343 2446 a
360 2411 504 2458 nuptiis
522 2412 766 2460 Napoleonis
784 2422 871 2447 cum
894 2412 1028 2448 Maria

82 2463 282 2500 Ludovica
295 2463 522 2509 abfuissent,
535 2465 739 2513 dignitatis
751 2476 844 2501 suae
855 2465 1028 2501 habitum

81 2515 281 2564 deponere
298 2523 338 2555 et
351 2518 388 2553 in
404 2518 582 2556 diversas
595 2519 837 2566 Campaniae
852 2519 1028 2556 Gallicae

80 2575 118 2607 et
143 2571 398 2619 Burgundiae
424 2573 541 2610 urbes
567 2574 676 2610 abire
703 2573 829 2609 coacti
855 2577 957 2608 sunt.

129 2626 187 2662 Eo
213 2627 297 2673 ipso
324 2631 517 2674 tempore,
544 2638 616 2674 quo
643 2627 742 2663 haec
767 2625 899 2662 omnia
925 2625 1030 2662 facta

79 2684 197 2724 sunt,
223 2681 467 2728 Napoleonis
501 2682 675 2728 potentia
707 2684 817 2716 tanta
851 2684 962 2721 erat,
990 2683 1030 2716 et

81 2737 161 2769 tam
189 2734 306 2771 firma
332 2735 554 2778 videbatur,
574 2739 617 2771 ut
642 2734 902 2782 temporalem
930 2733 1029 2769 Pon-

81 2788 195 2825 tificis
223 2793 459 2837 potestatem
493 2789 655 2836 eiusque
681 2789 720 2824 in
753 2787 928 2834 regenda
955 2788 1028 2824 Ec-

81 2842 202 2879 clesia
216 2844 455 2887 libertatem,
473 2854 561 2878 cum
580 2853 629 2879 ea
646 2842 868 2878 arctissime
889 2852 1027 2879 conne-

79 2906 186 2940 xam,
213 2897 250 2932 in
277 2902 510 2945 perpetuum
537 2896 805 2939 intercidisse,
833 2895 1025 2942 ipsiusque

79 2949 282 2987 Ecclesiae
299 2951 492 2988 excidium
512 2954 752 2991 secuturum,
767 2949 900 2984 hostes
914 2948 1026 2985 huius

78 3001 301 3040 laetabundi
320 3004 647 3041 vaticinarentur.
671 3004 874 3038 Summum
893 3001 1025 3049 utique

126 3086 135 3108 ¹
155 3086 248 3120 Card.
267 3087 379 3123 Paccii,
395 3083 554 3117 Memoria
572 3083 715 3116 storiche
732 3083 867 3116 intorno
885 3083 918 3114 al
939 3083 1026 3114 Pon-

80 3133 205 3174 tificalo
229 3133 263 3165 di
290 3132 348 3163 Pio
381 3130 454 3168 VII,
473 3132 555 3170 part.
577 3129 601 3168 l,
621 3139 649 3161 c.
673 3129 706 3167 5;
725 3129 858 3165 Artand,
877 3128 1022 3160 Histoire

80 3178 125 3210 du
135 3180 224 3221 Pape
237 3178 295 3211 Pie
312 3177 389 3216 V11;
405 3175 554 3214 Jauffret,
569 3174 757 3214 Me‘moires,
774 3179 797 3208 t.
809 3175 852 3214 113
868 3174 909 3208 De
921 3173 1022 3213 Smet,

83 3222 174 3268 Coup
189 3224 299 3259 d'oeil.

295 3279 558 3330 WOV'I'ERS,
588 3279 640 3321 11.

1899 125 1978 166 329

1085 209 1173 243 erat
1198 206 1402 244 Ecclesiae
1428 204 1661 250 discrimen,
1688 203 1828 252 Capite
1854 203 1940 241 eius
1966 206 2038 242 sub

1085 264 1198 297 arcta
1224 260 1401 297 custodia
1428 259 1570 308 posim,
1597 257 1860 295 cardinalibus
1888 257 2039 306 disper-

1083 313 1162 357 sis,
1198 314 1349 351 cunctis
1387 312 1747 351 ecclesiasticorum
1787 311 2037 360 negotiorum

1083 368 1464 416 Congregationibus
1492 367 1529 403 in
1548 367 1644 402 urbe
1665 367 1793 402 Roma
1815 366 2034 411 dissolutis3

1083 422 1152 459 sed
1178 421 1358 458 exstabat
1385 420 1504 456 divini
1532 419 1735 456 Ecclesiae
1755 422 1930 456 auctoris
1949 431 2039 468 pro-

1085 475 1242 511 missio:
1281 475 1433 510 Portac
1473 473 1597 520 inseri
1638 484 1714 509 non
1748 473 2035 522 praevalebunt

1084 529 1271 565 advorsus
1298 538 1384 564 cam
1404 530 1429 562 1.
1458 527 1518 562 Ad
1536 527 1638 563 hanc
1655 527 1955 574 promissionem
1976 538 2037 564 re-

1083 582 1303 630 spiciebant
1329 581 1560 628 quicumque
1580 580 1670 616 boni
1697 580 1892 624 catholici,
1911 580 2035 618 donec

1084 635 1188 671 illius
1213 635 1424 671 veritatem
1451 644 1498 670 ac
1516 633 1763 670 divinitatem
1781 634 1909 671 denuo
1932 645 2037 671 com-

1084 689 1273 736 probaret
1297 691 1474 725 eventus.

1132 742 1354 778 Maximum
1391 746 1524 778 autem
1559 741 1806 790 persecutori
1831 743 2040 790 negotium

1084 795 1307 832 facessebat
1332 795 1518 831 fortitudo
1546 795 1605 831 Pii
1631 795 1719 837 VII,
1748 795 1811 842 qui
1838 796 2035 844 episcopis

1085 860 1108 886 a
1134 849 1365 896 Napoleone
1384 850 1433 885 ad
1459 849 1573 886 sedes
1598 853 1788 886 vacantes
1805 849 2031 887 denomina-

1086 903 1134 939 tis
1150 903 1362 939 canonicas
1376 903 1640 940 institutiones
1658 903 1892 950 denegabat,
1909 903 2033 941 donec

1086 955 1251 1004 pristino
1266 956 1386 992 statui
1399 956 1502 992 foret
1516 955 1941 1004 restitutus-Napoleon
1952 968 2041 993 con-

1085 1010 1275 1046 stantiam
1295 1009 1497 1046 Pontificis
1511 1009 1674 1046 flectere
1689 1021 1767 1045 non
1784 1010 1936 1053 valens,
1952 1012 2038 1047 xV1⁰

1086 1063 1239 1099 calend.
1273 1063 1494 1100 decembris
1526 1063 1617 1101 1809
1651 1063 1872 1100 cardinales
1910 1064 2038 1101 Fesch

1086 1120 1126 1153 et
1156 1117 1315 1165 Maruy‚
1336 1117 1674 1165 archiepiscopum
1694 1116 1980 1161 Turonensem,
1999 1129 2037 1155 e·

1086 1170 1267 1217 piscopos
1286 1169 2038 1214 Nannetensem,Trevirensem‚Ebroi-

1087 1235 1247 1260 censem
1266 1228 1305 1261 et
1323 1224 1637 1267 Vercellensem‚
1664 1224 1813 1272 Emery
1839 1224 1976 1260 domus
1995 1225 2034 1261 S.

1087 1278 1250 1326 Sulpicii
1267 1278 1531 1326 superiorem,
1543 1281 1584 1314 et
1602 1277 1785 1314 Fontana
1805 1278 2036 1325 generalem

1087 1332 1393 1369 Barnabitarum
1428 1331 1723 1380 praepositum,
1750 1331 1913 1368 Parisiis
1948 1343 2039 1368 con-

1087 1387 1273 1433 gregavit
1294 1415 1302 1430 ,
1327 1390 1370 1423 ut
1396 1385 1444 1422 de
1479 1384 1748 1432 componendo
1775 1385 2037 1422 ecclesiarum

1087 1443 1192 1476 statu
1225 1439 1507 1478 deliberarent.
1537 1439 1690 1475 Multae
1721 1438 1769 1475 iis
1809 1439 2037 1487 propositae

1086 1498 1178 1530 sunt
1194 1495 1462 1541 quaestiones,
1481 1503 1646 1541 quarum
1665 1492 1767 1529 aliae
1785 1492 1834 1528 ad
1849 1493 2037 1540 generale

1088 1548 1294 1584 Ecclesiae
1314 1547 1510 1594 regimen,
1528 1547 1629 1583 aliae
1657 1546 1706 1582 ad
1731 1545 2040 1584 administratio-

1088 1614 1179 1639 nem
1206 1602 1465 1639 ecclesiarum
1483 1601 1523 1637 in
1541 1600 1741 1638 territorio
1760 1601 1978 1646 Gallicano,
1998 1601 2038 1638 in

1087 1656 1303 1692 Germania
1328 1659 1368 1692 et
1393 1655 1560 1699 Tuscia,
1587 1654 1690 1691 aliae
1717 1653 1767 1690 ad
1799 1654 1946 1691 bullam
1972 1666 2036 1692 ex-

1089 1709 1456 1747 communicationis
1482 1713 1523 1746 et
1548 1709 1774 1745 simultates
1801 1708 2036 1746 Pontificem

1088 1766 1191 1802 inter
1217 1768 1257 1802 et
1275 1765 1558 1813 imperatorem
1585 1763 1832 1811 spectabant.
1852 1763 2035 1800 Fontana

1088 1819 1225 1867 primis
1252 1823 1406 1855 tantum
1434 1817 1809 1865 congregationibus
1834 1816 2035 1862 interfuit3
2066 1816 2068 1818 ’

1087 1874 1236 1920 Emery
1255 1882 1418 1908 causam
1436 1870 1641 1907 Ecclesiae
1659 1880 1805 1917 magna
1831 1881 1919 1906 cum
1948 1882 2035 1907 eru-

1086 1926 1232 1962 ditione
1251 1925 1439 1969 defendit3
1454 1924 1522 1961 sed
1538 1923 1702 1967 caeteri,
1718 1924 1800 1959 eius
1818 1924 2036 1960 sententias

1086 1991 1162 2015 non
1190 1979 1404 2027 probantes
1422 2006 1430 2021 ,
1459 1978 1521 2014 111⁰
1549 1978 1633 2013 idus
1665 1977 1834 2013 ianuarii
1860 1976 1949 2015 1810
1975 1989 2036 2014 re-

1084 2043 1230 2081 sponsa
1247 2033 1296 2069 ad
1314 2033 1597 2080 imperatorem
1616 2030 1823 2075 dederunt,
1839 2030 1879 2066 in
1897 2031 2035 2078 quibus

1085 2091 1173 2134 post
1206 2086 1331 2122 multa
1363 2084 1631 2133 persecutoris
1670 2084 1853 2121 encomia
1875 2112 1884 2129 ‚
1918 2095 2033 2132 quem

1083 2140 1204 2177 etiam
1231 2139 1447 2175 laudabant
1476 2138 1515 2174 in
1542 2139 1607 2183 iis,
1632 2137 1670 2173 in
1696 2137 1834 2185 quibus
1859 2142 1948 2174 erat
1973 2149 2035 2174 re—

1084 2192 1402 2241 prehendendus,
1427 2191 1530 2228 inter
1556 2191 1634 2227 alia
1665 2190 1714 2227 ad
1748 2189 2032 2237 providendum

1084 2246 1262 2283 ecclesiis
1307 2245 1476 2282 viduatis
1514 2245 1839 2280 convocationem
1878 2243 2032 2280 concilii

1083 2298 1293 2336 nationalis
1330 2299 1366 2335 ei
1393 2301 1616 2335 suaserunt.
1649 2296 1815 2344 Reliqua
1841 2307 2032 2344 responsa

1083 2352 1438 2401 praetermittimus
1460 2381 1469 2396 ,
1503 2351 1541 2387 id
1578 2352 1703 2387 solum
1740 2350 1997 2386 observantes
2021 2379 2030 2394 ‚

1083 2407 1288 2454 praesules
1311 2407 1407 2443 istos
1434 2406 1473 2442 in
1499 2405 1678 2442 omnibus
1698 2403 1890 2440 abiectam
1911 2405 2032 2440 animi

1082 2460 1323 2497 anxietatem
1331 2463 1383 2505 ,et
1393 2460 1619 2507 obsequium
1627 2459 1732 2494 ultra
1740 2457 1979 2500 limites,non
1990 2459 2030 2494 in

1082 2514 1316 2550 Pontificem
1342 2513 1410 2550 sed
1432 2514 1469 2549 in
1491 2514 1775 2560 imperatorem
1794 2510 2028 2558 prodidisse;

1081 2568 1168 2604 hinc
1186 2568 1291 2604 nullo
1309 2568 1423 2604 modo
1442 2567 1518 2603 illis
1535 2565 1783 2602 subscribere
1799 2565 1929 2601 renuit
1944 2566 2030 2613 pius

1080 2633 1204 2670 aeque
1220 2633 1267 2658 ac
1285 2621 1420 2658 doctus
1439 2622 1602 2667 Emery.
1619 2618 1839 2654 Praeterea
1857 2620 1948 2655 V111⁰
1963 2631 2024 2657 ca—

1081 2675 1324 2723 lend.aprilis
1336 2676 1379 2712 19
1393 2672 1840 2723 episcopiGallilitteras
1855 2672 1902 2708 ad
1913 2672 2028 2710 Pium

1080 2730 1152 2777 Pp.
1186 2729 1402 2773 dederunt,
1440 2728 1574 2776 quibus
1609 2725 1817 2763 facultates
1850 2730 2030 2764 extraor-

1077 2783 1252 2820 dinarias
1279 2795 1350 2831 pro
1376 2780 1731 2830 dispensationibus
1757 2779 2026 2819 matrimonia-

1079 2838 1177 2874 libus
1221 2836 1464 2887 postulantes
1484 2863 1493 2879 ,
1531 2833 1664 2870 verbis
1704 2837 1766 2869 sat
1806 2833 2028 2873 minatoriis

1078 2892 1310 2929 Pontificem
1338 2888 1624 2936 supplicabant,
1643 2890 1685 2924 ut
1710 2886 1878 2924 viduatis
1904 2890 2028 2926 eccle-

1077 2946 1144 2983 siis
1171 2945 1427 2993 prospiceret.
1449 2943 1635 2978 Pontifex
1654 2941 1710 2977 eis
1737 2941 1945 2978 facultates
1963 2955 2028 2990 pe-

1078 3001 1168 3036 titas
1195 2998 1403 3041 concessit,
1430 2995 1498 3033 sed
1524 2995 1624 3043 quod
1649 2995 1698 3031 ad
1725 2994 1847 3030 bullas
1873 2995 2026 3033 institu-

1077 3054 1193 3091 tionis
1212 3063 1280 3099 pro
1301 3051 1494 3098 episcopis
1519 3049 1732 3086 nominatis
1749 3049 1966 3096 spectabat,
1986 3051 2026 3088 in

1076 3119 1146 3145 sua
1171 3105 1370 3143 sententia
1396 3104 1579 3153 perstitit.

1123 3219 1130 3240 1
1152 3218 1265 3251 nauh.
1283 3215 1364 3258 xw,
1385 3215 1439 3250 18.

1756 3272 1808 3311 27
