2241 3473
696 180 835 211 stVE
857 181 912 209 AD
932 178 1222 209 PRAESENTEM
1247 179 1452 208 ΑΕΤΑἿῈΜ

106 263 130 289 a
158 252 348 300 gubernio
375 254 626 302 praescripti,
653 259 770 304 atque
797 267 958 304 precum
982 266 1053 304 pro

101 307 330 355 Napoleone
346 308 586 356 imperatore
607 309 876 350 dicendarum.
895 314 983 358 post
1000 310 1053 346 la-

104 365 183 397 tam
197 362 647 399 excommunicationem
667 364 704 399 in
722 368 982 410 usurpatores
1000 363 1053 399 di-

104 413 222 450 tionis
248 415 485 462 pontiticiae.
517 416 567 451 Hi
594 417 722 452 vocati
751 420 843 453 sunt
877 416 1054 453 Steveni-

105 470 205 511 stae,
233 467 334 515 quod
354 480 395 505 se
415 469 644 506 Cornelium
666 471 832 506 Stevens
850 470 970 506 veluti
989 470 1054 506 du-

107 531 193 556 cem
225 523 372 558 sectari
400 523 700 570 profitebantur.

152 575 360 612 Cornelius
372 577 541 612 Stevens
555 575 865 612 natusXVavriae
881 587 941 612 an.
951 577 1055 620 1747,

103 629 141 664 in
157 629 427 666 Universitate
445 630 679 666 Lovaniensi
696 630 736 665 S.
752 629 994 677 'sheologiae
1016 630 1056 664 li-

103 682 298 719 centiatus
317 684 572 719 renunciatus
591 694 692 719 anno
712 683 816 724 1774,
837 683 976 719 deinde
996 694 1057 719 ec-

105 736 246 772 clesiae
267 737 504 773 cathedralis
522 737 809 773 Namurcensis
828 737 1054 779 canonicus,

105 790 295 826 cardinali
323 791 370 826 dc
397 790 686 836 Frankenberg
714 790 751 825 in
785 791 982 837 negotiis,
1009 790 1057 826 ad

104 844 360 880 seminarium
388 845 573 891 generale
600 844 891 891 spectantibus,
920 854 943 879 a
970 854 1058 878 con-

104 898 204 941 silio,
225 898 272 933 ab
291 908 394 933 anno
422 898 513 935 1799
530 908 654 944 usque
682 896 730 932 ad
754 896 848 934 1802
865 896 1057 933 dioecesis

103 950 404 993 Namurcensis,
425 951 517 988 sede
545 954 728 993 vacante,
753 950 923 986 vicarius
941 962 1058 997 gene-

106 1004 200 1041 ralis
217 1005 346 1041 officio
372 1005 529 1042 functus
548 1008 624 1047 est;
644 1003 800 1040 demum
821 1004 858 1039 in
887 1004 972 1040 loco
990 1015 1059 1040 na-

106 1058 174 1094 tali
202 1059 296 1095 obiit
322 1070 424 1095 anno
452 1059 557 1096 1828.
578 1059 650 1094 Vir
669 1057 850 1105 religioni
877 1057 1058 1094 addictis-

105 1112 243 1156 simus,
265 1118 406 1149 contra
424 1112 752 1151 Constitutionem
772 1111 927 1148 civilem
948 1112 1057 1155 cleri,

107 1170 245 1203 contra
264 1167 530 1204 iuramentum
548 1165 639 1210 odii,
656 1169 695 1202 et
715 1169 854 1201 contra
875 1165 1059 1201 articulos

105 1222 314 1269 organicos
333 1251 340 1265 ,
372 1221 656 1258 catechismum
694 1220 851 1267 imperii
883 1219 1058 1267 aliasque

107 1277 245 1313 noxias
260 1277 535 1312 innovationes
548 1274 789 1321 Napoleonis
804 1273 1061 1321 imperatoris

108 1335 338 1368 constanter
354 1329 535 1372 certavit,
551 1328 796 1375 plurimaque
812 1328 962 1375 scripta
981 1328 1061 1363 vul-

107 1385 231 1433 gavit.
259 1386 389 1433 ipsum
417 1388 549 1420 tamen
575 1382 882 1426 concordatum,
910 1393 933 1418 a
959 1382 1060 1417 Pon-

105 1440 212 1481 ,tifice
243 1439 518 1475 confirmatum
537 1467 546 1482 ,
574 1440 642 1473 aut
667 1437 885 1485 legitimam
913 1436 1063 1472 missio-

109 1504 199 1530 nem
215 1493 506 1541 episcoporum,
522 1490 585 1538 qui
601 1494 687 1538 post
702 1489 985 1525 concordatum
1001 1500 1064 1525 ca-

109 1547 247 1583 nonice
268 1546 435 1582 instituti
455 1545 624 1587 fuerant,
642 1554 840 1591 nunquam
860 1543 1063 1590 impugna-

110 1601 192 1644 vit;
225 1607 363 1636 contra
394 1598 812 1649 reprobavit‘semper
847 1596 1064 1632 schismati-

112 1664 198 1689 cam
242 1652 722 1689 anti-concordatistarum
763 1649 905 1696 agendi
946 1650 1064 1685 ratio-

112 1706 352 1748 nem.Quum
368 1709 499 1741 autem
519 1705 669 1752 scripta
685 1704 767 1740 eius
781 1708 819 1740 et
837 1703 1060 1739 sententiae

111 1772 188 1796 non
208 1771 333 1807 aeque
352 1760 399 1795 ab
417 1759 594 1794 omnibus
621 1758 899 1805 probarentur,
919 1767 1064 1803 magna

110 1814 200 1850 inde
228 1814 265 1849 in
290 1815 411 1857 clero,
431 1813 469 1848 in
491 1812 632 1859 populo
652 1811 792 1855 etiam,
815 1815 853 1847 et
873 1811 1066 1858 aliquibus

111 1867 339 1904 monialium
380 1865 754 1913 congregationibus
797 1864 936 1900 divisio
973 1867 1066 1899 nata

113 1926 184 1959 est.
223 1922 293 1957 Pio
320 1921 392 1969 Pp.
420 1921 490 1956 VII
520 1923 608 1967 post
640 1919 834 1955 deiectum
868 1918 1063 1965 Napoleo-

113 1987 202 2013 nem
224 1976 261 2011 in
280 1975 420 2011 solium
442 1975 640 2017 restituto,
660 1974 827 2009 Stevens
848 1972 979 2008 omnia
997 1983 1068 2008 sua

113 2030 262 2077 scripta
287 2030 454 2065 Romam
482 2028 589 2064 misit
616 2032 655 2063 et
682 2027 935 2074 Apostolicae
954 2025 1067 2062 Sedis

112 2084 254 2120 iudicio
273 2083 450 2120 subiecit.
473 2081 662 2118 Eamdem
692 2092 791 2128 erga
817 2080 1067 2128 Apostolicae

113 2138 226 2174 Sedis
252 2137 434 2173 iudicium
454 2135 754 2172 submissionem
770 2163 778 2178 ,
796 2145 876 2170 una
902 2145 989 2170 cum
1007 2145 1069 2170 ca-

114 2192 283 2228 tholicae
309 2191 399 2227 fidei
426 2190 683 2238 professione,
704 2189 923 2233 renovavit,
945 2188 1067 2235 pruis-

115 2256 231 2293 quam
259 2249 484 2282 moreretur
502 2247 527 2279 1.

161 2300 310 2336 Verum
328 2327 336 2343 ,
364 2303 408 2335 ut
433 2298 469 2334 in
496 2298 687 2334 similibus
712 2298 800 2334 fieri
828 2298 948 2341 solet,
976 2309 1068 2333 non—

117 2353 211 2390 nulli
237 2352 497 2389 ecclesiastici
515 2352 604 2396 viri,
625 2353 711 2398 plus
738 2352 838 2387 iusto
858 2351 930 2387 sibi
950 2351 1068 2388 fiden-

116 2412 193 2452 tes,
206 2407 271 2443 vel
285 2407 369 2454 plus
388 2417 502 2454 quam
521 2410 693 2452 oportet,
711 2416 852 2452 sapere
872 2405 1066 2449 volentes,

116 2461 272 2508 longius
298 2460 498 2507 progressi
526 2463 641 2503 sunt,
669 2470 785 2508 quam
813 2460 981 2496 Stevens
1014 2459 1067 2495 in-

120 2514 319 2552 tendebat.
347 2514 404 2549 illi
431 2512 678 2553 Concordato
705 2518 744 2550 et
777 2513 971 2561 episcopis
989 2541 997 2557 ,
1029 2513 1066 2548 vi

120 2570 221 2606 illius
246 2567 448 2611 institutis,
476 2568 667 2615 refragati
695 2572 798 2612 sunt3
819 2578 906 2603 cum
927 2567 988 2602 his
1006 2578 1068 2603 eo—

119 2634 285 2671 rumque
306 2623 611 2667 successoribus,
627 2626 767 2659 etcum
782 2621 974 2665 omnibus,
994 2621 1070 2658 cle-

119 2678 211 2715 ricis
237 2681 277 2714 et
302 2676 493 2720 fidelibus,
513 2676 574 2723 qui
595 2688 682 2712 cum
710 2676 784 2712 illis
807 2675 1070 2711 communica-

125 2735 245 2775 rent,
275 2730 568 2767 communicare
595 2733 859 2772 recusarunt,
889 2732 1003 2776 atque
1029 2728 1067 2764 in

120 2789 301 2833 apertum
337 2784 508 2820 schisma
533 2783 745 2827 abierunt3
773 2783 810 2818 in
839 2782 940 2829 quod
969 2782 1066 2829 proh

119 2839 250 2875 dolor!
275 2839 409 2887 plures
428 2837 627 2885 simplices
646 2837 805 2884 piosque
824 2836 962 2872 fideles
982 2848 1068 2882 spe-

121 2894 236 2930 ciosis
262 2897 303 2930 et
329 2892 516 2940 captiosis
537 2891 750 2927 rationibus
770 2894 1063 2937 pertraxerunt,

120 2948 167 2984 ad
182 2948 257 2984 hoc
272 2947 429 2994 saepius
443 2945 680 2982 auctoritate
695 2944 867 2981 Cornelii
880 2945 1063 2988 Stevens,

118 3002 191 3039 sub
210 3002 319 3038 cuius
337 3000 493 3036 nomine
513 2999 662 3035 libellos
680 2999 814 3034 varios
837 2997 1066 3044 vulgarunt,

121 3056 245 3092 abusi.
263 3056 412 3092 Eorum
432 3059 565 3091 tamen
584 3062 772 3088 numerus
791 3051 975 3087 continuo
1003 3052 1066 3089 de-

166 3147 177 3168 1
202 3143 242 3177 Cf
265 3145 420 3182 Keislen,
451 3140 594 3175 Journal
620 3138 698 3172 hist.
725 3140 754 3170 et
782 3137 847 3170 litt.
878 3142 900 3170 t.
929 3138 968 3170 IV
986 3163 995 3179 ‚
1016 3149 1063 3181 -p.

123 3188 187 3221 269
205 3194 238 3222 et
259 3191 336 3229 321;
359 3191 463 3230 Lamy,
479 3187 594 3221 Notice
610 3193 669 3217 sur
686 3184 719 3216 la
737 3185 788 3216 vie
801 3186 833 3216 et
847 3184 893 3216 les
908 3183 1008 3217 e'crits
1027 3185 1067 3217 de

125 3234 145 3265 l’
163 3233 243 3268 abbe‘
270 3235 438 3269 Corneille
465 3234 619 3271 Stevens,
647 3239 699 3273 ap.
727 3229 841 3263 Revue
868 3231 1066 3273 catholique,

124 3281 243 3314 Lovan.
264 3291 294 3314 a.
316 3283 419 3322 1857,
439 3290 468 3322 p.
488 3280 567 3318 267,
587 3278 663 3317 345,
686 3275 762 3315 391,
781 3276 858 3309 459.

1923 165 2000 205 325

1105 257 1247 298 crevit,
1268 258 1307 292 et
1324 253 1437 291 hodie
1457 252 1505 290 ad
1526 250 1784 301 paucissimas
1802 250 1976 287 familias
1995 261 2055 287 re-

1107 311 1266 347 strictus
1293 312 1352 346 cst
1370 311 1397 342 1.

1154 365 1211 399 17.
1242 362 1448 398 Ecclesiae
1467 362 1596 397 status
1616 359 1656 395 in
1676 358 1806 395 Italia
1820 357 2055 394 —Profecto

1107 429 1127 453 c
1154 416 1333 464 generali
1362 426 1494 452 rerum
1523 413 1851 460 conflagratione,
1872 422 1947 459 qua
1966 411 2056 447 inde

1107 481 1131 506 a
1150 471 1362 518 postremis
1381 469 1529 505 saeculi
1549 466 1827 515 praecedentis
1847 465 1961 502 annis
1980 465 2054 500 Eu-

1085 539 1089 543 *
1111 535 1208 571 ropa
1234 523 1388 570 agitata
1414 522 1512 565 suit,
1541 521 1729 567 bellisque
1756 531 1805 556 ex
1835 530 1883 555 ea
1910 518 2057 555 secutis

1112 589 1176 614 res
1195 576 1490 614 ecclesiasticae
1510 585 1587 610 non
1607 574 1645 609 in
1661 573 1787 609 Gallia
1806 576 1970 616 tantum,
1987 571 2057 608 sed

1113 630 1151 666 in
1179 630 1267 666 aliis
1293 630 1414 665 etiam
1443 627 1668 676 regionibus
1696 626 1874 673 graviter
1906 628 2058 672 pertur-

1111 683 1226 720 batae
1262 685 1433 719 fuerunt.
1461 683 1501 718 In
1531 680 1786 717 Pedemontio
1809 707 1817 723 ,
1845 678 1944 726 quod
1973 678 2057 725 regi

1110 737 1316 773 Sardiniae
1333 735 1673 783 ademptum‚cum
1692 733 1894 781 republica
1907 732 2059 768 Gallica

1108 791 1240 827 fuerat
1265 790 1430 833 unitum,
1458 789 1607 836 primus
1622 788 1825 823 Gallorum
1845 786 1980 822 consul
1999 797 2059 822 ec-

1108 845 1318 881 clesiarum
1334 848 1495 884 statum,
1513 844 1614 878 sicut
1630 841 1666 876 in
1682 841 1831 888 reliqua
1846 840 2059 887 republica,

1110 898 1322 935 formatum
1359 897 1596 944 concupivit.
1626 895 1845 933 Cardinalis
1881 897 2061 942 Caprara

1109 956 1302 1000 potestate
1322 951 1554 999 apostolica,
1570 949 1641 985 sibi
1662 950 1732 996 pei²
1747 949 1889 984 bullam
1909 948 2059 984 calend.

1110 1006 1204 1042 iunii
1232 1006 1323 1044 1803
1349 1014 1552 1047 concessa,
1582 1003 1625 1039 17
1650 1001 1915 1049 episcopatus,
1941 1001 2004 1049 qui
2023 1002 2062 1038 in

1111 1060 1369 1097 pedemontio
1397 1058 1634 1100 existebant,
1663 1056 1710 1092 ad
1737 1056 1759 1092 8
1786 1056 1952 1099 reduxit,
1972 1067 2064 1104 quo-

1112 1126 1197 1150 rum
1227 1114 1458 1162 metropolis
1485 1116 1591 1149 esset
1616 1110 1885 1147 Taurinensis.
1906 1110 2063 1146 Novam

1112 1168 1265 1215 pariter
1285 1166 1547 1204 ecclesiastici
1569 1165 1773 1211 regiminis
1791 1164 1957 1200 formam
1986 1164 2063 1212 pri-

1112 1234 1197 1258 mus
1232 1223 1369 1259 consul
1404 1221 1518 1270 petiit
1551 1231 1620 1268 pro
1658 1219 1860 1267 republica
1898 1219 2033 1255 Italica
2051 1247 2060 1263 ,

1112 1277 1220 1313 cuius
1251 1289 1292 1314 se
1327 1276 1549 1323 praesidem
1582 1275 1855 1312 constituerat.
1892 1275 1934 1310 In
1961 1274 2064 1310 hunc

1110 1330 1228 1367 finem
1248 1331 1336 1367 xvi⁰
1363 1330 1550 1367 calendas
1578 1328 1749 1367 octobris
1777 1328 1869 1366 1803
1897 1327 2061 1363 Parisiis

1115 1385 1398 1420 concordatum
1413 1385 1609 1431 signatum
1627 1387 1687 1419 est
1701 1383 1804 1419 inter
1820 1381 2061 1418 cardinalem

1115 1437 1293 1485 legatum
1321 1439 1513 1485 Caprara,
1542 1448 1611 1484 pro
1639 1439 1751 1484 parte
1779 1435 1999 1478 Pontificis‚
2024 1439 2065 1472 et

1114 1491 1412 1527 Ferdinandum
1433 1490 1714 1534 Marescalchi,
1730 1489 1971 1536 reipublicae
1992 1490 2065 1525 Ita-

1117 1544 1217 1580 licae
1236 1544 1477 1592 delegatum.
1498 1544 1847 1592 Complectebatur
1862 1543 1962 1580 haec
1977 1554 2065 1579 con-

1114 1598 1248 1634 ventio
1267 1598 1314 1635 22
1334 1599 1536 1642 articulos,
1552 1597 1771 1634 simillimos
1785 1597 1962 1633 articulis
1976 1608 2065 1632 con-

1118 1652 1269 1688 cordati
1302 1651 1499 1688 Gallicani
1521 1663 1529 1695 ;
1558 1651 1752 1699 episcopis
1778 1654 1913 1687 tamen
1939 1651 2066 1686 maior

1119 1705 1282 1742 libertas
1308 1706 1346 1740 in
1374 1705 1559 1751 regendis
1576 1705 1657 1741 suis
1672 1704 1853 1741 ecclesiis
1871 1708 1910 1741 et
1929 1704 1968 1740 in
1987 1704 2066 1741 suis

1119 1770 1205 1794 cum
1233 1760 1463 1806 Apostolica
1490 1758 1592 1795 Sede
1625 1758 1883 1795 relationibus
1916 1768 2068 1794 assere-

1119 1811 1245 1847 batur.
1287 1812 1438 1848 Verum
1475 1811 1800 1859 quemadmodum
1833 1808 2071 1858 gubernium'

1117 1864 1364 1901 Gallicanum
1384 1865 1491 1912 prius
1511 1864 1794 1901 concordatum
1812 1864 1989 1900 articulis
2007 1875 2068 1899 or-

1118 1919 1293 1964 ganicis,
1323 1919 1377 1955 ita
1404 1918 1598 1965 posterius
1625 1918 1848 1954 arbitrariis
1875 1918 2068 1965 interpre-

1120 1972 1331 2009 tationibus
1350 1972 1515 2008 violavit
1527 1975 1555 2005 2.
1578 1973 1619 2008 In
1640 1973 1790 2020 reliqua
1807 1972 1931 2016 ltalia,
1952 1983 2067 2019 quam

1118 2026 1325 2074 Napoleon
1349 2055 1357 2070 ,
1392 2027 1611 2073 imperator
1636 2027 1837 2062 Gallorum
1861 2055 1869 2071 ,
1896 2026 1985 2062 inde
2020 2026 2067 2063 ab

1119 2091 1223 2117 anno
1252 2081 1344 2119 1805
1371 2081 1597 2117 successive
1621 2081 1843 2128 occupavit,
1863 2092 1926 2117 res
1945 2081 2069 2117 eccle-

1121 2135 1282 2171 siastica
1308 2135 1482 2171 violento
1509 2135 1592 2171 eius
1619 2135 1783 2171 arbitrio
1806 2134 2067 2170 diversimode

1120 2190 1290 2234 turbata,
1319 2193 1473 2226 mutata
1497 2193 1536 2226 et
1554 2190 1760 2226 imminuta
1786 2189 1869 2234 fuit,
1895 2192 1937 2225 ut
1962 2188 2066 2225 infra

1119 2243 1348 2280 videbimus.

1167 2298 1223 2335 18.
1243 2297 1451 2335 Ecclesiae
1470 2299 1597 2335 status
1614 2298 1656 2334 in
1676 2297 1985 2334 Germania—E
2001 2310 2067 2345 ge-

1117 2352 1241 2388 nerali
1260 2364 1394 2389 rerum
1416 2352 1730 2399 conflagratione
1749 2352 1788 2386 in
1804 2352 1963 2399 Europa
1978 2352 2066 2388 sub-

1117 2410 1299 2453 sequuta,
1326 2407 1373 2443 de
1400 2418 1475 2454 qua
1501 2417 1622 2454 supra
1648 2405 1765 2442 locuti
1792 2417 1939 2448 sumus,
1960 2405 2065 2442 addi-

1119 2459 1244 2507 tisque
1259 2461 1369 2497 bellis
1385 2461 1523 2497 deinde
1540 2471 1563 2496 a
1577 2460 1700 2496 Gallis
1713 2460 1852 2506 ubique
1869 2460 2066 2506 excitatis,

1118 2514 1298 2551 Ecclesia
1326 2515 1365 2551 in
1384 2515 1616 2557 Germania,
1636 2514 1667 2550 si
1687 2514 1980 2561 provinciarum
1999 2526 2066 2551 au-

1117 2569 1355 2606 striacarum
1398 2570 1639 2617 aliquantum
1674 2568 1848 2614 excipias
1868 2597 1877 2613 ,
1916 2569 2066 2606 iuribus

1117 2623 1198 2659 suis
1223 2623 1410 2671 bonisque
1437 2623 1607 2670 spoliata
1633 2625 1671 2658 et
1689 2621 1842 2658 tristem
1861 2622 1899 2658 in
1918 2626 2063 2660 statum

1119 2677 1298 2714 coniecta
1331 2681 1390 2713 est
1417 2681 1532 2723 atque
1559 2680 1718 2711 vexata.
1746 2675 1874 2716 Quum
1902 2688 1973 2724 per
2000 2688 2064 2725 pa-

1118 2743 1203 2768 cem
1223 2732 1480 2768 Lunaevillae
1499 2741 1602 2766 anno
1622 2730 1711 2767 1801
1733 2730 1944 2777 signatam,
1961 2733 2064 2779 prin-

1118 2785 1269 2833 cipatus
1289 2784 1547 2822 ecclesiastici
1566 2783 1731 2820 fuissent
1749 2785 1895 2827 aboliti,
1916 2789 1955 2821 et
1974 2796 2066 2833 pars

1117 2840 1356 2877 Germaniae
1371 2839 1419 2875 ad
1435 2838 1561 2875 Rheni
1577 2838 1732 2874 laevam
1746 2839 1823 2875 sita
1837 2839 1959 2876 Gallis
1977 2852 2065 2876 con-

1119 2906 1243 2938 cessa,
1263 2905 1353 2930 mox
1380 2892 1578 2929 consulari
1597 2892 1758 2929 decreto
1778 2905 1913 2930 omnes
1931 2893 2066 2931 funda—

1118 2950 1243 2985 tiones
1270 2946 1565 2984 ecclesiasticae
1593 2946 1737 2983 ibidem
1765 2952 1856 2984 sunt
1882 2948 2064 2993 abolitae,

1120 3003 1218 3039 bona
1244 3001 1514 3038 Ecclesiarum
1533 3004 1573 3036 et
1590 3012 1801 3048 corporum
1828 3001 2064 3039 ecclesiasti-

1119 3066 1253 3093 corum
1283 3065 1306 3090 a
1333 3054 1525 3101 regimine
1544 3053 1650 3090 civili
1669 3059 1875 3102 occupata,
1895 3056 2065 3103 capitula

1163 3188 1173 3210 1
1202 3182 1244 3214 Dc
1264 3181 1401 3214 Smct'et
1423 3181 1516 3222 Lamy
1535 3181 1605 3221 cit,
1621 3191 1653 3224 p.
1670 3182 1734 3215 339
1753 3185 1784 3214 et
1802 3183 1878 3216 341.

1162 3230 1175 3251 ‘2
1202 3229 1304 3265 Picot,
1325 3225 1502 3260 llle'moires
1514 3236 1602 3268 pour
1618 3229 1726 3261 servir
1742 3226 1762 3261 ci
1780 3230 1800 3262 l’
1813 3229 1951 3263 histoire
1977 3228 2066 3264 ecch

1119 3273 1155 3305 ad
1176 3284 1252 3306 ann.
1275 3272 1375 3305 1803.
