2241 3473
781 142 908 174 VSQVE
935 142 989 169 AD
1018 138 1295 170 INNOCENTIVM
1322 142 1379 170 111.

1939 129 1985 168 11

123 208 269 260 piosam
288 206 553 256 episcoporum
567 236 576 252 ,
597 207 780 245 abbatum
794 236 803 252 ,
831 207 1059 245 clericorum
1079 206 1083 267 1
1104 206 1211 244 briae
1231 210 1269 244 et
1288 206 1446 244 Siciliae
1466 206 1590 252 ducis,
1610 204 1888 255 interpellavit.
1918 206 2045 243 Huius

125 265 165 300 et
192 264 418 309 magnatum
448 261 639 309 synodum
671 261 819 298 Romae
847 261 994 309 coegit,
1023 261 1061 297 in
1080 272 1083 301 ι
1105 260 1212 297 ducis
1232 261 1403 297 adventu
1427 260 1655 309 perterritus
1677 258 1880 304 Henricus,
1911 259 2046 296 urbem

123 325 199 364 qua
218 313 386 350 narratis
407 313 465 358 iis,
493 325 593 362 qnae
623 325 690 362 pro
719 313 875 350 Henrici
905 325 1060 350 correc-
1080 303 1083 376 }
1104 313 1274 362 reliquit,
1290 317 1329 350 et
1348 325 1433 350 cum
1454 313 1638 361 antipapa
1657 313 1814 350 transiit
1829 311 1866 348 in
1889 311 2046 360 Longo-

123 367 230 405 tione
246 366 391 403 frustra
411 369 644 411 tentaverat,
664 378 752 403 eum
783 367 941 414 eiusque
972 366 1060 403 fau·
1080 381 1083 395 τ
1105 367 1291 403 bardiam.
1314 366 1530 414 Gregorius
1551 365 1623 403 VII
1644 366 1698 402 sic
1719 364 1891 402 libertati
1913 365 2048 402 reddi-

122 422 227 458 tores
246 419 612 463 excommunicavit,
631 420 806 457 eumdem
828 431 946 467 regno
968 420 1061 456 Ger-

121 472 274 510 maniae
295 475 334 509 et
355 472 505 514 ltaliae,
526 473 706 521 omnique
728 472 872 508 honore
887 476 926 509 et
942 472 1082 521 digni-'

121 529 203 564 tate
225 526 332 574 regia
363 526 549 573 privavit,
578 526 750 563 subditos
780 536 803 561 a
830 525 921 561 fidei
952 526 1059 562 iura-

121 583 252 616 mento
268 579 447 622 absolvit,
467 585 506 616 et
534 578 740 626 Rodulpho
770 578 918 626 regiam
950 583 1059 626 pote-

121 627 264 670 statem
286 636 323 669 et
346 632 530 669 honorem
550 631 795 668 confirmavit
818 629 840 667 ¹.

175 686 210 722 7.
233 684 416 722 Clemens
448 685 513 721 III
540 685 739 733 antipapa
757 704 805 711 —
822 684 929 720 Tunc
951 685 1058 722 Hen-
1079 700 1081 706 .

121 739 224 776 ricus
245 738 297 775 IV
318 738 476 785 eiusque
497 737 666 774 fautores
686 737 991 783 infremuerunt,
1022 741 1061 774 et

121 791 352 840 Gregorium
383 791 455 827 VII
485 790 707 839 quorumvis
736 790 908 839 turpium
929 793 967 827 et
990 803 1058 828 ne-

121 844 340 888 fandorum,
359 844 525 892 magiae,
545 843 806 891 impudicitiae
820 873 828 888 ,
857 844 1060 881 haereseos
1078 854 1080 897 ξ

121 903 348 934 accusantes
363 926 372 940 ,
400 909 489 933 eum
525 896 749 945 pontificatu
789 892 1058 944 deponendum

119 961 204 988 esse
223 950 544 987 inclamaverunt.
566 949 710 986 Eodem
731 962 830 986 anno
851 950 901 987 30
921 950 1062 998 episco-

119 1004 156 1052 pi
177 1015 198 1040 e
218 1003 426 1040 Germania
446 1006 485 1039 et
506 1003 797 1051 Longobardia,
824 1015 957 1040 omnes
976 1003 1058 1040 sive

119 1056 313 1093 interdicti
333 1056 416 1093 sive
437 1056 760 1093 excommunicati
781 1057 863 1093 sive
883 1056 1059 1104 depositi,

119 1109 326 1157 pluresque
346 1109 475 1146 clerici
503 1111 543 1145 et
571 1109 659 1146 laici
687 1121 775 1146 cum
808 1109 975 1146 Henrico
1005 1109 1058 1145 IV

118 1162 325 1199 Brixinum
382 1163 655 1199 convenientes
673 1192 682 1206 ,
720 1162 955 1211 Gregorium
984 1163 1057 1199 VII

119 1226 188 1252 ceu
211 1215 406 1253 Ecclesiae
426 1220 464 1252 et
484 1214 634 1264 imperii
657 1216 982 1265 perturbatorem,
1003 1217 1057 1252 si-

118 1269 336 1306 moniacum
350 1298 359 1313 ,
392 1268 631 1306 haereticum
666 1272 706 1306 et
743 1272 1030 1306 necromantam
1049 1298 1058 1313 ,

117 1321 395 1370 deposuerunt,
416 1328 451 1359 et
474 1322 704 1360 Guibertum
726 1323 1056 1371 archiepiscopum

116 1374 604 1419 Ravennatensem,semel
615 1382 732 1423 atque
748 1376 891 1412 iterum
907 1388 1058 1413 excom-

116 1428 357 1465 municatum
375 1434 492 1476 atque
510 1429 740 1478 depositum,
752 1429 972 1477 pontificem
989 1441 1055 1466 seu

114 1481 245 1530 potius
264 1482 487 1529 antipapam
507 1487 683 1519 crearunt
703 1483 772 1519 sub
793 1483 944 1519 nomine
967 1483 1055 1520 Cle-

115 1534 258 1571 mentis
279 1529 332 1572 111
353 1533 379 1571 ².
402 1534 647 1584 Quapropter
666 1536 877 1584 Gregorius
897 1535 971 1573 VII
995 1547 1055 1573 an.

119 1586 217 1624 1081
238 1587 278 1624 in
297 1588 475 1625 Romana
499 1589 648 1637 synodo
668 1600 808 1626 novam
829 1601 1055 1626 excommu-

116 1640 348 1678 nicationem
383 1640 421 1677 in
452 1642 666 1679 Henricum
696 1642 856 1690 eiusque
889 1642 1058 1680 fautores

116 1692 339 1731 fulminavit
359 1691 385 1731 ³.

168 1747 362 1785 Henricus
378 1759 463 1784 cum
481 1748 630 1796 copioso
646 1749 820 1787 exercitu
839 1761 878 1786 se
892 1750 1059 1786 Romam

115 1800 290 1846 contulit,
312 1801 535 1850 antipapam
552 1801 791 1840 Clementem
809 1803 847 1839 in
869 1802 978 1840 Petri
999 1813 1058 1839 ca-

114 1853 557 1901 thedram-intrusurus3
578 1856 643 1892 sed
663 1867 686 1892 a
708 1855 907 1893 Pontificis
922 1860 962 1892 et
978 1855 1060 1892 Ma-

114 1906 261 1952 thildis,
280 1907 467 1956 Liguriae
488 1912 526 1944 et
547 1908 710 1946 Tusciae
731 1909 969 1955 comitissae,
991 1920 1057 1945 co-

112 1959 186 2008 piis
205 1960 384 2009 repulsus
403 1965 472 1998 est.
494 1962 604 1998 Anno
625 1962 801 2010 sequenti
830 1962 974 1999 iterum
998 1962 1055 1998 ir-

114 2013 190 2050 rito
209 2018 350 2051 conatu
374 2014 508 2051 urbem
529 2015 690 2052 obsedit.
720 2015 831 2052 Tunc
861 2016 1059 2053 Romanos

113 2066 296 2114 speciosis
312 2067 524 2116 promissis,
540 2069 716 2116 pecunia,
728 2072 878 2106 terrore
891 2079 1060 2106 corrum-

114 2129 204 2168 pere
217 2120 408 2166 tentavit3
425 2132 512 2158 cum
532 2121 578 2158 iis
599 2122 792 2167 convenit,
809 2124 851 2158 ut
873 2134 974 2159 nova
993 2134 1057 2170 sy-

64 2207 69 2212 .
116 2172 239 2209 nodus
268 2185 336 2221 pro
355 2185 474 2211 causa
493 2176 601 2223 regni
623 2175 823 2212 Teutonici
855 2175 894 2212 in
915 2176 1008 2212 urbe
1037 2188 1079 2231 ag

113 2225 302 2263 Pontifice
317 2230 535 2276 cogeretur,
551 2228 664 2266 cuius
681 2228 824 2265 iudicio
845 2240 976 2265 omnes
998 2241 1059 2277 pa-

114 2282 257 2317 rerent.
297 2280 511 2329 Gregorius
540 2281 613 2318 VII
651 2281 799 2318 nullam
829 2281 1055 2319 concordiae

113 2331 218 2368 viam
238 2334 460 2381 repudians,
476 2346 615 2371 novam
629 2336 822 2383 synodum
842 2334 1000 2381 indixit,
1019 2338 1059 2372 et

114 2383 309 2423 Henricus
337 2387 515 2424 omnibus
543 2388 591 2425 ad
620 2389 811 2437 synodum
839 2388 955 2425 ituris
989 2392 1058 2426 aut

115 2437 164 2474 ab
201 2449 247 2474 ea
284 2439 469 2477 redituris
506 2441 755 2478 securitatem
801 2441 1076 2479 iureiurando

113 2491 307 2539 promisit;
329 2496 370 2529 at
398 2493 566 2542 perfidus
594 2495 770 2543 princeps
798 2495 995 2543 episcopos
1015 2498 1054 2532 et

113 2544 329 2593 principum
345 2549 518 2584 oratores
534 2548 701 2584 Romam
723 2552 974 2596 properantes
1002 2548 1057 2585 in-

113 2599 281 2646 tercepit
291 2601 330 2635 et
342 2599 520 2646 detinuit3
530 2601 717 2638 Romanis
733 2601 874 2650 partim
889 2602 1055 2650 pecunia

113 2652 154 2687 et
172 2654 342 2698 terrore,
361 2652 503 2700 partim
523 2654 720 2691 obsidione
742 2654 855 2692 victis
876 2658 916 2692 et
935 2655 1052 2692 attri-

111 2703 184 2750 tis,
206 2715 267 2741 an.
290 2705 391 2742 1084
413 2705 557 2743 Urbem
587 2708 807 2755 occupavit,
827 2711 866 2745 et
894 2709 1053 2757 antipa-

111 2768 199 2806 pam
219 2757 456 2796 Clementem
479 2771 501 2796 a
521 2760 668 2797 duobus
688 2760 878 2809 episcopis
899 2773 1050 2799 excom-

112 2811 321 2849 municatis
342 2815 380 2848 et
400 2812 593 2860 depositis,
615 2813 828 2851 Mutinensi
858 2826 994 2863 nempe
1014 2821 1054 2853 et

113 2863 358 2911 Bononiensi,
378 2865 608 2914 inaugurari
636 2865 738 2903 fecit.
768 2867 926 2904 Interim
956 2869 1052 2905 Gre-

111 2917 243 2965 gorius
262 2918 336 2955 VII
364 2917 403 2954 in
433 2925 603 2956 castrum
634 2930 663 2956 s.
693 2919 836 2968 Angeli
866 2920 1052 2970 confugit,

110 2980 300 3020 opemque
319 2972 482 3009 Roberti
503 2971 722 3018 Guiscardi,
742 2972 920 3022 Apuliae,
942 2973 1053 3012 Cala-

153 3075 164 3096 ¹
186 3077 342 3108 Bernried.
363 3076 417 3109 Vit.
438 3077 488 3108 cit.
503 3086 527 3107 c.
547 3076 603 3115 1⁶2;
620 3077 732 3113 Labbe,
756 3077 833 3110 ibid.
848 3087 879 3115 p.
895 3077 965 3110 38⁶2.

151 3117 166 3139 ²
187 3118 277 3158 Engo
306 3119 562 3157 Flaviniacensis,
594 3117 712 3150 Chron.
748 3117 879 3150 Virdun.
895 3128 902 3156 ;
920 3121 1051 3161 Gentius,

111 3157 143 3190 L.
159 3159 298 3191 censual.
313 3170 340 3192 c.
355 3159 386 3198 3;
399 3161 548 3191 Baronius
564 3163 594 3191 et
608 3160 693 3200 Pagi,
709 3159 750 3191 ad
768 3169 817 3192 an.
833 3159 925 3192 1080.

152 3199 167 3222 3
181 3201 294 3240 Labbe,
313 3201 430 3234 Concil.
449 3206 467 3233 t.
486 3203 521 3241 Χ,
536 3211 565 3241 p.
578 3200 646 3233 398.

1074 2446 1077 2461 l

1104 424 1177 463 tus,
1198 419 1388 467 synodum
1413 418 1580 466 collegit,
1611 418 1647 455 in
1678 430 1754 466 qua
1786 429 1928 455 novam
1949 429 2047 455 ana-

1104 472 1286 509 thematis
1307 472 1543 508 sententiam
1560 471 1598 508 in
1615 471 1848 508 Clementem
1870 482 1936 508 seu
1954 471 2047 508 Gui-

1104 525 1271 568 bertum,
1293 524 1516 571 Henricum,
1537 536 1747 573 eorumque
1769 524 1941 562 fautores
1964 535 2049 573 pro-

1103 579 1296 626 mulgavit
1319 576 1341 614 ¹.
1949 577 1960 591 ‘

1157 631 1348 667 Posthaec
1369 629 1563 667 Henricus
1585 630 1636 667 IV
1658 630 1695 666 in
1717 629 1966 667 Germaniam
1984 641 2048 667 re-

1103 694 1270 731 gressus,
1294 683 1432 731 ubique
1448 694 1535 720 suas
1551 687 1590 719 et
1606 683 1813 731 antipapae
1833 682 2046 720 Clementis

1102 740 1233 785 partes
1255 748 1398 785 augere
1419 735 1581 773 studuit.
1604 736 1644 773 In
1676 740 1786 773 tanta
1807 747 1935 773 rerum
1959 747 2047 784 per-

1101 789 1322 827 turbatione
1344 789 1511 837 episcopi
1531 788 1643 825 multi
1665 792 1703 825 et
1732 789 1797 826 alii
1819 789 1856 826 in
1888 789 2045 837 Longo-

1102 842 1249 887 bardia,
1268 842 1522 890 Letharingia
1541 847 1580 878 et
1601 842 1813 879 Germania
1831 842 2050 879 schismati-

1101 896 1154 932 cis
1175 895 1333 932 Henrici
1351 895 1525 943 partibus
1542 895 1812 932 adhaeserunt.
1838 895 2046 932 Foederati

1101 959 1192 985 vero
1211 948 1400 996 principes
1421 948 1459 984 in
1481 948 1606 984 locum
1625 947 1821 996 Rodulphi
1844 947 1960 996 regis,
1978 959 2048 984 an-

1101 1013 1149 1038 no
1174 1001 1273 1038 1080
1295 1001 1461 1044 mortui,
1489 1001 1751 1049 subrogarant
1780 1001 2046 1038 Hermannum

1102 1054 1380 1101 Lctharingum
1399 1083 1408 1099 ,
1438 1054 1617 1092 comitem
1650 1054 2044 1102 Luxemburgensem.

1101 1109 1212 1144 Anno
1233 1107 1332 1144 1085
1352 1107 1454 1143 inter
1483 1109 1689 1155 utramque
1721 1110 1867 1154 partem
1899 1118 2046 1143 conve-

1103 1160 1172 1204 nit,
1196 1164 1238 1197 ut
1258 1160 1296 1196 in
1317 1160 1484 1197 comitiis
1501 1160 1600 1208 apud
1624 1160 1772 1197 Berbac
1799 1161 1835 1196 in
1869 1159 2046 1196 Thurin-

1102 1213 1166 1261 gia
1186 1214 1385 1259 habendis,
1407 1213 1613 1250 concordia
1633 1213 1842 1250 secundum
1864 1212 1960 1249 iuris
1976 1224 2045 1249 ae-

1100 1267 1288 1315 quitatem
1308 1269 1560 1304 tractaretur.
1578 1266 1620 1303 In
1638 1266 1686 1303 iis
1701 1266 1854 1315 quidem
1876 1266 1922 1302 de
1938 1277 2047 1314 prae-

1100 1321 1199 1357 senti
1231 1320 1386 1368 negotio
1415 1320 1699 1368 disceptatum,
1728 1320 1794 1356 sed
1825 1319 1921 1356 nihil
1949 1318 2046 1356 effe-

1099 1377 1205 1410 ctum
1223 1376 1292 1411 est.
1303 1373 1426 1410 Paulo
1441 1377 1527 1422 post
1546 1372 1712 1421 episcopi
1723 1372 1903 1409 Pontifici
1919 1372 2046 1408 devoti

1100 1426 1347 1464 Hermannus
1366 1438 1435 1463 rex
1456 1427 1614 1474 eiusque
1636 1426 1825 1474 principes
1851 1437 2047 1462 convene-

1099 1482 1194 1516 runt
1214 1479 1594 1528 Quintilineburgum
1614 1479 1652 1516 in
1672 1479 1860 1525 Saxonia,
1881 1481 1933 1524 et,
1955 1478 2047 1526 quia

1100 1533 1428 1570 Henricianarum
1446 1533 1617 1582 partium
1638 1532 1804 1581 episcopi
1833 1532 2046 1569 sententias

1099 1598 1122 1623 a
1143 1586 1334 1634 Gregorio
1354 1586 1428 1623 VII
1457 1588 1592 1623 contra
1621 1586 1832 1623 Henricum
1863 1584 1918 1622 IV
1945 1585 2046 1622 latas

1100 1640 1139 1676 in
1152 1643 1349 1676 conventu
1359 1639 1591 1676 Berbacensi
1608 1639 1813 1676 retractari
1828 1638 2045 1683 voluerant,

1100 1705 1120 1730 e
1141 1692 1305 1729 Patrum
1326 1693 1492 1731 decretis
1511 1692 1771 1735 declararunt,
1801 1691 1898 1728 nulli
1929 1691 2045 1728 licere

1100 1746 1345 1793 Apostolicae
1374 1746 1484 1785 Sedis
1513 1745 1697 1783 iudicium
1737 1747 1974 1791 retractare3
2003 1744 2044 1781 in

1101 1799 1330 1839 Guibertum
1355 1811 1446 1837 vero
1467 1811 1532 1836 seu
1561 1799 1785 1847 antipapam
1807 1798 2045 1835 Clementem

1101 1853 1260 1900 eiusque
1278 1852 1450 1890 fautores
1465 1852 1698 1889 sententiam
1714 1850 1976 1888 anathematis
1992 1851 2046 1887 in-

1100 1909 1338 1943 staurarunt.
1368 1906 1512 1944 Eodem
1556 1909 1732 1954 tempore
1771 1904 1962 1941 Henricus
1991 1903 2046 1941 IV

1100 1958 1296 2007 episcopos
1323 1959 1393 1996 sibi
1432 1959 1582 1996 deditos
1613 1957 1845 1995 convocavit
1873 1957 2045 2005 Mogun-

1101 2014 1210 2056 tiam,
1229 2024 1437 2061 omnesque
1458 2011 1656 2060 compulit,
1677 2015 1720 2048 ut
1735 2011 1917 2059 Gregorii
1934 2012 2047 2059 depo-

1103 2065 1281 2102 sitionem
1310 2067 1349 2103 et
1377 2066 1556 2103 Guiberti
1587 2064 1869 2102 ordinationem
1900 2064 2045 2112 scripto

1101 2118 1385 2167 approbarent;
1403 2119 1687 2172 Herimannum
1708 2129 1800 2155 vero
1817 2116 2046 2162 Metensem,

1100 2176 1139 2208 et
1167 2171 1264 2209 alios
1294 2172 1481 2222 Gregorio
1510 2172 1731 2209 obedientes
1760 2171 1997 2219 deponerent
2016 2169 2042 2207 2.

1100 2225 1160 2262 Ita
1189 2224 1372 2262 effectum
1402 2227 1472 2271 est,
1503 2227 1545 2262 ut
1574 2224 1783 2271 dissensio,
1812 2223 1977 2261 schisma
2006 2227 2045 2260 et

1100 2279 1237 2315 turbae
1270 2279 1309 2315 in
1344 2280 1476 2328 regnis
1509 2280 1548 2315 et
1582 2278 1755 2315 ecclesiis
1785 2276 2015 2314 Germaniae
2032 2305 2041 2322 ,

1099 2331 1377 2381 Lotharingiae
1416 2335 1534 2381 atque
1572 2330 1868 2380 Longobardiae
1896 2329 2041 2378 perdu-

1099 2387 1244 2422 rarent.

1151 2438 1187 2475 8.
1212 2438 1250 2475 S.
1277 2438 1468 2487 Gregorii
1495 2438 1576 2475 VII
1589 2438 1723 2475 obitus
1742 2433 2042 2486 (an.1085)—

1098 2491 1135 2528 S.
1157 2491 1370 2540 Gregorius
1390 2492 1477 2539 VII,
1496 2503 1614 2539 quum
1640 2491 1687 2529 12
1707 2490 1818 2527 annis
1847 2491 1887 2525 et
1914 2488 1938 2525 2
1959 2488 2041 2526 fere

1098 2556 1214 2582 mens.
1247 2545 1472 2593 pontificatu
1503 2544 1660 2582 functus
1689 2546 1818 2587 esset,
1850 2540 1940 2578 V111⁰
1973 2553 2041 2578 ca-

1098 2598 1200 2635 lend.
1222 2597 1298 2636 iun.
1322 2598 1424 2635 1085
1443 2597 1614 2643 Salerni,
1635 2608 1709 2646 quo
1730 2595 1977 2643 confugerat,
1998 2597 2042 2633 ut

1097 2651 1256 2688 Henrici
1276 2651 1436 2689 insidias
1455 2651 1623 2696 vitaret,
1644 2649 1750 2695 obiit,
1766 2648 1896 2697 ibique
1915 2652 2041 2685 tumu-

1095 2704 1198 2742 latus
1227 2708 1306 2750 est,
1337 2705 1509 2742 iustitiae
1537 2714 1719 2740 coronam
1758 2713 1824 2749 pro
1862 2700 2040 2750 legitimo

1097 2758 1310 2795 certamine
1331 2760 1555 2795 consecutus
1571 2754 1597 2793 ³.
1613 2756 1716 2793 —In
1737 2755 2041 2804 Martyroloyz'o

1135 2876 1146 2896 1
1164 2877 1223 2906 Leo
1240 2875 1382 2911 Ostiens,
1406 2871 1524 2905 Chron.
1545 2871 1646 2903 δαείη.
1665 2871 1684 2902 l.
1707 2872 1754 2908 ΙΙΙ,
1771 2881 1795 2902 c.
1809 2869 1868 2906 49;
1884 2871 2042 2902 Berthold.

1099 2915 1226 2950 Chron.;
1249 2916 1399 2947 Baronius
1416 2918 1444 2944 et
1459 2914 1551 2953 Pagi,
1567 2915 1604 2943 ad
1622 2921 1671 2943 an.
1685 2911 1832 2949 1081-84;
1847 2911 1963 2950 Labbe,
1980 2912 2039 2943 loc.

1096 2960 1146 2990 cit.
1162 2968 1191 2997 p.
1208 2957 1275 2988 401.
1289 2974 1327 2979 —-
1339 2956 1352 2976 '2
1370 2956 1519 2985 Baronius
1535 2959 1563 2984 et
1582 2955 1666 2993 Pagi,
1683 2954 1721 2983 ad
1738 2963 1786 2984 an.
1808 2952 1893 2984 1085.

1134 3000 1147 3020 3
1163 2997 1290 3029 Bolland
1311 3022 1317 3035 ‚
1342 2997 1420 3027 Acta
1439 2994 1493 3027 SS.
1511 2995 1550 3025 25
1568 2995 1645 3025 maii.
1664 2994 1799 3025 Exstant
1822 2994 1902 3033 apud
1924 2994 2038 3032 Labbe,

1098 3040 1215 3072 Concil.
1233 3043 1252 3069 t.
1270 3039 1307 3075 X,
1323 3038 1392 3068 libri
1416 3038 1452 3067 lx
1478 3035 1697 3076 Epistolarum
1720 3035 1861 3075 Gregorii
1884 3035 1952 3073 VlI;
1969 3036 2040 3066 item

1095 3081 1236 3112 Dictatus
1249 3089 1303 3110 seu
1320 3077 1500 3110 Enunciata
1512 3077 1549 3107 27
1567 3077 1604 3107 de
1617 3079 1650 3108 R.
1665 3077 1819 3107 Pontificis
1836 3076 1966 3113 iuribus,
1982 3077 2038 3107 sed

1095 3131 1163 3153 eum
1180 3120 1328 3160 Gregorio
1344 3120 1424 3150 inter
1440 3119 1517 3149 alios
1534 3119 1711 3149 abiudicant
1726 3118 1842 3148 Natalis
1856 3118 2038 3155 Alexander,

1094 3163 1174 3195 Hist.
1189 3163 1262 3194 eccl.
1280 3170 1361 3192 saec.
1376 3161 1426 3198 XI,
1444 3161 1518 3191 diss.
1536 3159 1562 3197 3;
1580 3160 1744 3198 Launoius,
1760 3158 1858 3199 Epist.
1877 3157 1926 3197 13,
1943 3158 1963 3190 l.
1978 3159 2039 3196 Vll;

1095 3206 1178 3245 Pagi,
1204 3203 1313 3237 Critic.
1337 3202 1377 3234 ad
1399 3211 1448 3233 an.
1475 3200 1562 3233 1077.
1576 3219 1616 3224 —
1630 3202 1735 3232 Mense
1757 3201 1849 3239 maio,
1871 3209 1919 3231 an.
1945 3199 2037 3238 1873,
