2241 3473
185 121 265 161 292

678 130 861 158 ·EPOCHA
879 129 954 157 xil.
978 129 1006 155 A
1026 129 1196 158 LITIBVS
1215 129 1522 158 IANSENISTtms

131 207 232 243 Guil.
260 206 406 243 Abrah.
434 204 580 246 Teller,
610 205 673 249 qui
693 203 819 249 primo
837 202 1082 238 divinitatem
1140 216 1188 240 ea
1216 215 1317 251 quae
1345 202 1531 239 nonnulli
1557 202 1758 250 principes
1775 201 1956 239 catholici
1976 200 2100 237 refor-

131 261 269 298 Filiiet
283 260 449 307 Spiritus
465 258 520 299 S.‚
536 260 743 303 peccatum
763 256 972 302 originale,
989 256 1085 291 alia-

128 325 202 360 que
223 312 438 361 praecipua
456 309 645 355 dogmata
664 308 881 344 christiana
898 309 936 343 in
956 308 1082 344 sacris

127 367 291 403 Litteris
317 364 479 400 fundata
506 374 590 398 esse
624 362 810 408 negavit;
844 362 984 398 deinde
1025 374 1083 398 re-

130 421 314 467 ligionem
351 417 575 453 naturalem
619 415 838 451 christiana
877 416 1085 462 perfectio-

131 486 215 510 rem
237 501 245 516 ,
280 476 319 508 et
353 472 390 506 in
423 481 574 506 morum
614 469 797 505 doctrina
836 470 1081 517 potissimum

129 527 426 567 consistentem,
446 523 639 567 laudavit3
662 523 687 558 I.
707 524 893 559 Salomon
915 524 1083 566 Semler,

129 581 192 628 qui
212 580 300 615 inde
317 580 364 615 ab
384 590 448 614 an.
471 578 561 614 1760
581 577 695 623 plura
713 578 880 625 scripta,
900 577 1084 623 religioni

129 634 370 670 christianae
391 632 587 679 opposita,
603 642 652 666 ex
670 631 757 666 aliis
777 631 918 677 linguis
934 633 972 666 in
988 631 1086 667 Ger—

129 688 328 723 manicam
356 686 499 728 vertit;
529 685 567 720 in
594 685 683 720 aliis
711 695 735 720 a
761 696 803 721 se
824 685 1000 721 exaratis
1019 696 1084 732 po-

128 741 321 777 tissimum
342 739 508 776 criticae
526 744 567 775 et
586 738 774 774 historiae
803 739 926 773 abusu
945 749 1085 773 omnes

130 797 212 831 sere
239 794 442 830 doctrinas
469 793 657 840 positivas
696 791 991 829 Christianismi
1016 791 1084 826 im—

130 849 266 897 petiit;
295 848 429 895 plures
457 847 576 882 libros
604 846 766 882 biblicos
794 850 897 882 totos
924 850 965 881 et
990 845 1088 881 alio-

129 914 215 938 rum
244 907 377 950 partes
404 913 426 937 e
452 912 603 937 canone
624 900 835 947 expunxit;
856 900 993 935 Herm.
1016 900 1083 935 Sa-

129 957 248 1001 muel,
269 956 493 998 Reimarus,
511 954 548 990 in
565 954 772 1002 gymnasio
788 953 1087 999 Hamburgensi

130 1010 398 1058 philosophiae
424 1010 628 1057 professor
646 1037 655 1052 ,
684 1008 747 1055 qui
774 1008 888 1054 plura
916 1007 1087 1043 conscri-

129 1065 206 1112 psit
233 1064 445 1112 opuscula,
474 1062 710 1100 revelationi
737 1066 778 1097 et
807 1061 936 1097 Libris
963 1061 1088 1096 sacris

130 1119 307 1162 inimica,
328 1118 484 1156 Christo
511 1121 552 1154 et
577 1116 777 1164 Apostolis
799 1116 973 1152 maxime
992 1115 1091 1150 iniu-

129 1173 249 1209 riosa.
267 1172 338 1208 His
353 1171 539 1218 aequales
554 1170 727 1206 fuerunt:
740 1170 787 1205 G.
806 1170 847 1205 S.
868 1169 1088 1213 Steinbart,

130 1226 398 1275 philosophiae
426 1230 467 1261 et
492 1224 714 1271 theologiae
743 1223 944 1271 professor
965 1223 1088 1258 Fran-

130 1281 295 1316 cofordii
321 1280 370 1315 ad
396 1278 612 1322 Viadrum;
642 1279 687 1315 C.
718 1278 766 1312 F.
795 1277 968 1319 Bahrdt,
995 1277 1091 1312 Mis-

131 1335 302 1378 niensis,
344 1334 514 1380 primum
555 1331 811 1379 praedicator
847 1330 1090 1378 Lipsiensis,

129 1388 271 1425 deinde
299 1387 473 1435 pluribus
500 1387 539 1421 in
568 1385 664 1421 locis
692 1385 895 1433 professor
914 1413 922 1428 ‚
950 1388 1090 1431 postea

129 1443 300 1479 director
327 1441 600 1477 Institutorum
636 1439 1026 1487 paedagogicorum;
1058 1438 1087 1473 1.

130 1496 348 1533 Mauvillon
371 1524 379 1540 ‚
427 1496 664 1530 informator
702 1493 862 1529 scholae
905 1491 1090 1527 militaris

130 1549 465 1593 Brunswicensis;
494 1549 521 1584 Ι.
550 1548 601 1583 Η.
629 1547 784 1590 Schulz,
813 1545 975 1592 aliique.

179 1605 349 1641 Praeter
368 1604 454 1647 hos,
473 1602 537 1649 qui
557 1602 818 1648 particulares
838 1600 957 1635 libros
976 1599 1088 1637 Chri—

130 1659 337 1696 stianismo
364 1656 590 1694 contrarios
617 1656 884 1703 scripserunt,
905 1653 954 1689 ad
979 1654 1091 1689 illum

131 1711 446 1750 labefactandum
459 1711 670 1759 plurimum
681 1709 850 1745 contulit
865 1718 962 1754 opus
974 1718 1092 1753 gran-

133 1768 203 1813 de,
229 1766 331 1815 quod
356 1766 427 1802 sub
454 1765 567 1801 titulo
599 1761 848 1800 Universalis
875 1760 1093 1796 Bibliothe-

133 1833 205 1858 cae
241 1819 505 1857 Germanicae
537 1818 653 1855 tomis
690 1818 755 1854 107
792 1815 880 1851 inde
915 1815 963 1850 ab
990 1826 1092 1850 anno

135 1878 228 1914 1765
252 1877 371 1913 edere
398 1875 530 1922 coepit
555 1877 595 1910 et
619 1883 741 1919 usque
762 1871 811 1907 ad
830 1881 979 1907 annum
1001 1869 1093 1905 1792

131 1931 375 1968 continuavit
401 1933 442 1969 C.
472 1929 516 1964 F.
538 1927 712 1970 Nicolai,
737 1925 948 1972 bibliopola
966 1924 1088 1959 Bero-

134 1985 309 2022 linensis.
339 1985 380 2020 In
407 1995 454 2020 eo
481 1992 602 2030 opere
635 1980 721 2016 libri
756 1991 806 2015 ex
835 1978 940 2014 omni
967 1977 1094 2013 scien-

133 2040 280 2076 tiarum
300 2049 448 2086 genere
469 2035 793 2073 recensebantur.
813 2031 971 2068 Nicolai
991 2031 1093 2066 eius-

135 2105 210 2141 que
237 2096 532 2139 cooperatores,
562 2094 723 2137 praeter
743 2088 858 2130 alios,
877 2086 981 2121 hune
1001 2096 1092 2132 quo-

135 2158 209 2194 que
236 2148 355 2183 finem
383 2146 456 2182 sibi
484 2143 737 2191 proposuisse
756 2170 764 2186 ‚
789 2146 833 2177 ut
860 2139 1096 2176 Christiani-

135 2212 262 2238 smum
276 2200 324 2237 ad
338 2199 533 2236 deismum
552 2197 860 2238 reducerent,ex
874 2194 959 2241 ipso
972 2204 1094 2239 opere

137 2255 390 2291 manifestum
430 2256 505 2290 est.
546 2251 657 2286 Haec
698 2248 951 2285 Bibliotheca
991 2247 1094 2283 inter

136 2309 359 2345 Germanos
379 2308 533 2343 maiora
543 2304 787 2340 detrimenta
799 2301 978 2348 religioni
992 2301 1095 2336 cliri-

137 2363 293 2399 stianae
321 2360 465 2402 intulit,
488 2370 606 2407 quam
633 2354 963 2403 Encyclopaedm
993 2355 1095 2390 inter

137 2417 284 2453 Gallos.
300 2415 495 2458 Accessit,
513 2412 614 2461 quod
635 2413 883 2458 professores
900 2409 936 2443 in
952 2408 1094 2444 scholis

139 2471 329 2519 publicis,
356 2470 479 2507 etiam
518 2465 776 2511 theologicis,
806 2463 1001 2510 principia
1028 2473 1095 2498 na-

138 2525 361 2561 turalistica
387 2528 427 2560 et
454 2519 745 2558 rationalistica
779 2516 981 2564 discipulis
1015 2516 1094 2551 suis

139 2579 396 2622 instillarent;
416 2580 630 2625 praetcrea
658 2571 877 2610 consiliarii
904 2571 1097 2606 consisto-

141 2634 274 2677 riales‚
302 2631 510 2669 sententiis
537 2626 852 2667 antichristianis
871 2624 1017 2672 passim
1040 2624 1092 2658 in-

140 2688 254 2731 fecti,
274 2687 577 2723 concionatores
598 2681 890 2719 constituerent
906 2677 1094 2714 Christia-

141 2742 265 2778 nismo
294 2753 412 2789 puro,
440 2746 484 2776 ut
509 2739 709 2780 dicebant,
736 2746 806 2771 seu
833 2733 1094 2770 naturalismo

141 2796 331 2832 addictos.
353 2795 504 2836 Quibus
523 2792 705 2828 omnibus
724 2790 909 2826 effectum
945 2791 1027 2828 cst,
1055 2792 1097 2821 ut

141 2849 466 2887 Christianismus
487 2848 589 2883 inter
609 2856 749 2881 omnes
768 2842 966 2878 hominum
999 2841 1094 2875 clas-

142 2916 206 2940 ses
232 2903 334 2951 apud
371 2906 641 2951 protestantes
673 2899 814 2945 ingens
840 2894 1005 2932 subierit
1031 2893 1093 2930 de-

143 2963 404 2994 crementum.

192 3014 231 3048 ln
262 3013 366 3060 ipsas
385 3012 504 3048 etiam
525 3010 742 3047 catholicas
761 3005 1002 3043 Germaniae
1022 3008 1096 3040 ter-

146 3077 211 3101 ras
227 3066 452 3113 irreligiosa
470 3067 553 3101 lues
571 3064 698 3101 serius
719 3061 955 3109 penetravit.
973 3059 1011 3094 ln
1030 3069 1098 3094 eas

145 3120 285 3167 quippe
308 3120 531 3167 irreligiosa
557 3119 707 3165 scripta
726 3121 807 3151 tuin
828 3126 848 3150 e
868 3114 996 3150 Gallia
1016 3117 1096 3148 tum

1137 258 1322 293 mationis
1349 261 1559 304 praetextu
1574 256 1612 291 in
1632 256 1760 291 sacris
1787 256 2099 299 constituerunt,

1136 311 1332 358 Religioni
1360 311 1526 346 multum
1547 314 1781 345 nocuerunt.
1800 310 1978 357 Denique
1998 312 2102 344 tem-

1138 364 1246 411 poris
1274 375 1490 412 progressu
1519 363 1660 410 genius
1677 364 1841 407 saeculi,
1861 363 2042 400 educatio
2063 361 2100 399 ei

1136 419 1402 461 conformata,
1421 418 1575 465 aliaque
1595 417 1782 453 adiuncta
1798 417 1998 464 religiosis
2013 427 2102 453 sen-

1137 472 1274 508 tentiis
1301 473 1407 509 inter
1427 471 1656 511 Catholicos
1676 482 1800 518 grave
1818 470 2098 507 detrimentum

1139 525 1371 562 intulerunt.

1183 579 1243 616 62.
1272 580 1450 616 Clemens
1471 577 1610 620 XIII,
1632 577 1830 625 Pontifex
1850 582 1928 621 (an.
1948 577 2097 620 1758)—

1144 633 1239 669 Post
1266 645 1426 670 menses
1453 634 1476 669 2
1503 637 1543 669 et
1561 632 1644 668 dies
1663 632 1684 667 3
1703 642 1727 667 a
1746 632 1875 668 mo'rte
1894 631 2101 667 Benedicti

1142 687 1215 735 Pp.
1243 688 1354 731 XIV,
1383 687 1510 735 pridie
1540 697 1663 722 nonas
1681 686 1854 733 quintilis
1873 686 2022 722 electus
2041 688 2103 721 est

1141 742 1327 779 Clemens
1344 742 1450 784 Xlll,
1471 741 1663 790 patricius
1680 740 1874 783 Venetus,
1895 743 2012 776 antea
2029 740 2103 777 Ca-

1145 796 1253 831 rolus
1279 796 1540 839 Rezzonicus,
1567 794 1781 830 cardinalis
1802 793 2012 841 episcopus
2029 792 2104 829 Pa-

1143 850 1313 886 tavinus.
1356 850 1542 886 Virtutes
1563 878 1571 892 ,
1599 859 1696 896 quae
1731 848 1834 883 hunc
1868 847 2102 884 Pontificem

1141 908 1265 940 antea
1298 903 1659 947 commendabant,
1688 902 1738 938 ad
1765 913 1910 938 novum
1938 913 2028 938 cum
2055 912 2102 938 eo

1144 957 1366 1006 splendoris
1392 958 1512 995 decus
1539 961 1708 994 evectae
1736 960 1838 993 sunt.
1867 957 1998 1003 Supra
2015 966 2103 992 cae-

1145 1018 1254 1049 teras
1282 1013 1460 1049 eminens
1482 1013 1555 1048 fuit
1574 1012 1659 1048 eius
1680 1022 1779 1058 erga
1797 1021 1994 1058 pauperes
2012 1010 2104 1046 libe-

1142 1068 1295 1103 ralitas.
1313 1066 1593 1103 Defendendae
1614 1077 1661 1102 ac
1677 1064 1977 1101 conservandae
1990 1063 2103 1100 Fidei

1141 1121 1269 1157 studio
1298 1122 1510 1163 excitatus,
1532 1120 1707 1156 Lexicon
1727 1117 2103 1166 encyclopaedicum

1143 1175 1297 1222 aliaque
1314 1176 1463 1221 scripta
1479 1174 1699 1209 catholicae
1715 1172 1921 1208 doctrinae
1933 1171 2105 1207 adversa

1144 1228 1362 1264 damnavit.
1399 1229 1504 1263 Acta
1536 1225 1841 1274 pseudo-synodi
1875 1224 2102 1262 Ultraiecti-

1143 1294 1232 1326 nae,
1246 1293 1350 1318 anno
1367 1282 1457 1318 1763
1469 1280 1841 1317 aloan.Meindarts
1860 1279 2103 1318 celebratae.

1144 1336 1317 1379 rescidit,
1335 1336 1506 1371 irritavit
1519 1335 1806 1371 etelectionem
1825 1334 1959 1370 Gualt.
1979 1332 2102 1369 Mich.

1142 1391 1229 1426 Van
1241 1389 1588 1437 Nieuwenhuysen
1597 1389 1645 1433 ‚in
1659 1389 1787 1424 locum
1799 1387 1969 1436 praefati
1979 1387 2106 1424 Mein-

1142 1444 1252 1480 darts
1292 1444 1446 1480 suffecti
1468 1472 1476 1488 ‚
1521 1443 1817 1479 condemnavit.
1862 1441 2104 1488 Proscripsit

1142 1499 1262 1534 etiam
1301 1498 1443 1533 librum
1473 1497 1607 1533 Iustini
1636 1496 1823 1532 Febronii
1850 1508 1920 1533 seu
1946 1495 2104 1531 Ioannis

1143 1552 1300 1588 Nicolai
1319 1551 1601 1587 de-Hontheim
1618 1550 1665 1586 de
1682 1549 1883 1597 praesenti
1898 1549 2102 1586 Ecclesiae

1144 1610 1249 1642 statu
1277 1610 1318 1642 et
1344 1605 1526 1650 legitima
1552 1605 1598 1639 R.
1630 1604 1673 1638 P.
1694 1607 1906 1651 potestate·
1935 1602 1997 1638 Ad
2021 1602 2106 1638 vin-

1143 1659 1354 1695 dicandum
1383 1659 1431 1694 ab
1458 1658 1754 1695 incredulorum
1775 1656 1929 1693 iniuriis
1947 1668 1999 1693 ss.
2019 1656 2105 1692 Tri-

1145 1714 1284 1750 nitatis
1312 1713 1550 1761 mysterium
1579 1711 1854 1759 praescripsit,
1880 1715 1924 1747 ut
1941 1710 2105 1758 singulis

1144 1767 1352 1804 dominicis
1379 1767 1415 1802 in
1446 1766 1589 1810 missis,
1611 1765 1814 1813 propriam
1834 1776 1912 1801 non
1930 1764 2105 1801 habenti-

1145 1823 1214 1858 bus
1234 1851 1242 1867 ,
1269 1821 1473 1858 diceretur
1509 1820 1704 1868 praefatio
1739 1820 1787 1856 de
1814 1832 1868 1856 ss.
1894 1818 2104 1856 Trinitate.

1144 1877 1204 1912 Ad
1230 1875 1526 1924 provehendam
1556 1875 1594 1910 in
1621 1874 1938 1912 Christianorum
1963 1872 2106 1910 animis

1145 1931 1305 1967 divinae
1318 1930 1500 1966 caritatis
1513 1930 1766 1972 memoriam,
1779 1928 1923 1965 festum
1936 1928 1998 1964 Ss.
2009 1927 2106 1964 Cor-

1146 1985 1204 2021 dis
1234 1985 1319 2021 Iesu
1347 1983 1583 2032 approbavit
1597 1985 1624 2015 1·
1645 1983 1888 2019 Societatem
1909 1982 1994 2018 lesu
2015 1992 2106 2018 con-

1193 2081 1203 2101 1
1231 2080 1283 2111 Ss.
1304 2078 1417 2112 Coi-dis
1434 2077 1503 2110 lesu
1519 2077 1624 2110 cultui
1639 2076 1842 2119 propagando
1859 2075 1992 2109 saeculo
2012 2083 2107 2118 prae-

1147 2126 1274 2158 cedenti
1292 2125 1522 2157 adlaborarunt
1539 2124 1750 2163 ulum-gartia
1772 2123 1869 2155 Maria
1880 2122 2104 2163 Aiacoque‚ex

1149 2170 1596 2207 OrdineVisitationis,etven
1617 2169 1695 2201 C.de
1709 2166 2103 2206 laColoniliiere,eS‚l.-

1150 2219 1241 2249 Brevi
1261 2217 1415 2259 temporis
1433 2215 1536 2257 spatio
1556 2216 1641 2257 pinni
1660 2214 1842 2246 devotionis
1859 2213 2051 2246 exercitium
2070 2212 2104 2245 in

1149 2264 1277 2302 Gallia,
1306 2261 1561 2295 assentientibus
1590 2260 1775 2302 episcopis,
1803 2264 2012 2302 propagatum
2039 2263 2103 2292 est.

1146 2309 1288 2342 Subinde
1317 2318 1384 2341 cani
1403 2308 1531 2339 devotio
1553 2308 1584 2338 in
1606 2307 1760 2339 finitimas
1780 2307 1927 2348 regiones
1947 2305 2105 2338 translata

1147 2356 1219 2387 suit.
1250 2354 1439 2391 Nonnullis.
1469 2353 1605 2385 maxime
1625 2353 1830 2393 lansenistis,
1852 2362 1891 2386 ex
1910 2351 1981 2384 odio
1999 2351 2031 2383 in
2050 2360 2105 2393 pa-

1147 2406 1211 2434 tres
1242 2401 1393 2437 lesuitas,
1423 2400 1604 2432 devotionis
1632 2399 1727 2431 liuius
1755 2399 1958 2437 defensores,
1980 2397 2103 2429 cultum

1145 2447 1202 2480 SS.
1231 2446 1341 2479 Coi-dis
1369 2446 1440 2478 lesu
1462 2454 1518 2478 ceu
1539 2454 1656 2478 uovuni
1676 2449 1708 2476 et
1726 2454 1896 2478 erroneum
1915 2452 2105 2486 oppugnan-

1147 2494 1243 2532 tibus,
1264 2502 1314 2525 res
1336 2493 1465 2524 Romam
1485 2491 1590 2524 delata
1610 2495 1671 2523 est.
1691 2492 1784 2524 Anno
1803 2495 1909 2524 aulem
1929 2488 2016 2520 1765
2030 2487 2104 2522 Cle—

1147 2549 1235 2571 mens
1263 2539 1339 2571 Xlll
1367 2547 1383 2569 e
1409 2536 1444 2568 S.
1468 2536 1598 2569 Rituuin
1618 2536 1778 2578 (longi-cg.
1799 2536 1963 2570 sententia
1983 2535 2100 2568 festum

1141 2585 1204 2617 SS.
1224 2585 1336 2618 Coi-dis
1364 2584 1435 2615 lesu
1456 2584 1657 2625 approbavit.
1679 2583 1724 2616 Ex
1743 2594 1806 2626 quo
1830 2587 1974 2624 tempore
1991 2582 2103 2614 cultus

1147 2629 1503 2663 [laisei-valorisCordis
1515 2640 1572 2672 per
1583 2631 1688 2662 orbem
1701 2629 1896 2662 catholicum
1909 2631 2104 2671 propagatus

1145 2682 1206 2709 en.
1229 2678 1295 2709 Non
1312 2678 1507 2719 quieveruut
1525 2682 1628 2708 tamen
1644 2676 1817 2708 adversarii
1835 2676 1872 2708 ab
1887 2673 2104 2717 oppugnanda

1147 2725 1204 2756 linc
1221 2725 1407 2760 ‹lox-olion03
1421 2722 1474 2754 scil
1491 2732 1601 2754 eorum
1622 2721 1874 2755 obtrectationes
1888 2721 2104 2754 confutarunt

1147 2771 1263 2801 eruditi
1290 2769 1363 2801 viri.
1383 2769 1444 2800 Αιι.
1467 2768 1555 2800 17811
1573 2769 1713 2801 ruinosus
1731 2767 1838 2811 Scipio
1858 2766 1961 2806 Ricci,
1979 2767 2104 2808 episco-

1146 2826 1204 2856 pus
1232 2814 1452 2852 vinonensis,
1473 2815 1503 2846 in
1523 2815 1644 2856 syiioilo
1665 2823 1721 2846 sua
1739 2814 1880 2846 eamdem
1899 2813 2102 2846 devotionem

1147 2862 1347 2902 proscribere
1374 2870 1472 2892 ausus
1497 2866 1560 2899 θεὶς
1587 2865 1647 2893 ast.
1676 2861 1751 2893 Pius
1778 2861 1837 2893 Pl).
1859 2859 1896 2891 Vl
1923 2859 1954 2891 in
1981 2856 2102 2892 celebri

1146 2918 1202 2938 soa
1233 2908 1338 2945 Bulla,
1366 2907 1548 2939 Auctorem
1567 2906 1658 2947 fidei.
1677 2911 1745 2939 acta
1766 2906 1860 2939 istius
1886 2904 1997 2947 synodi
2025 2913 2104 2937 con-

1146 2953 1321 2992 demnavit,
1347 2954 1536 2995 cultumque
1563 2953 1619 2985 SS.
1649 2951 1761 2985 Cordis
1787 2952 1977 2986 vindicavit.
1995 2949 2035 2983 Cf
2061 2949 2101 2982 M.

1150 3000 1317 3038 Laugucl,
1353 2999 1406 3031 l'ic
1433 2999 1472 3030 cle
1499 2998 1604 3030 Mar-ie
1630 2999 1795 3041 Alacoque
1817 3023 1824 3037 ‚
1865 2997 1952 3030 Paris
1987 2994 2075 3030 1729
2093 3019 2102 3034 ‚

1149 3045 1247 3083 iii—<st
1276 3045 1406 3083 Galiset,
1434 3046 1479 3076 De
1504 3045 1599 3077 cultu
1625 3044 1835 3077 sacrosancti
1866 3041 1983 3077 Cordis
2013 3041 2101 3080 Iesu,

1150 3091 1263 3123 ltoinae
1293 3090 1378 3123 172ss
1407 3091 1509 3129 iii-w
1539 3092 1574 3122 Λ.
1604 3084 1809 3128 Muz'zarelli,
1839 3088 2038 3122 Dissertatio
2063 3086 2103 3120 de

1147 3136 1321 3168 dovotione
1348 3139 1379 3168 et
1405 3137 1500 3168 cultu
1521 3136 1581 3169 SS.
1606 3136 1722 3169 Cordis
1743 3136 1768 3168 Ι.
1791 3135 1844 3174 0.,
1865 3136 1980 3168 Romae
2000 3133 2101 3172 1806,

145 3186 167 3210 ⁰
195 3175 411 3210 Germania
433 3173 717 3222 l'¹'OtOStaHtiCa
736 3171 836 3206 Clam
858 3169 968 3205 illata
985 3171 1096 3212 sumi
1149 3182 1270 3214 iii-¹2⁰.
1286 3184 1432 3214 Attamen
1446 3182 1785 3224 Piusl'p.lX,‹lecreto
1802 3182 1843 3213 28
1856 3180 1985 3221 augusti
2001 3178 2103 3216 1856,

145 3231 262 3276 atque
287 3240 310 3266 a
338 3229 470 3265 multis
497 3231 682 3276 suscepta
709 3230 749 3261 et
775 3225 892 3261 lecta.
914 3223 974 3258 Ad
1002 3222 1098 3260 haec
1149 3233 1253 3260 motus
1271 3227 1420 3270 precibus
1439 3228 1582 3261 universi
1609 3228 1786 3262 Galliarum
1803 3228 2029 3271 Episcopatus,
2047 3225 2104 3258 Fe-
