2241 3473
304 147 379 184 174

250 222 509 262 confirmavit.
535 221 742 258 Caeterum
763 216 1017 254 Elisabethae
1035 216 1194 263 symbo-

250 278 333 314 lum
361 278 446 313 erat
479 273 698 311 calviniano
730 270 906 320 symbolo
938 268 1194 315 simillimum;

248 335 517 367 verumtamen
530 324 790 363 hierarchiam
801 322 1193 370 archiepiscoporum,

249 379 857 431 episcoporum,presbyterorum
873 378 912 412 et
926 375 1191 421 diaconorum,

249 434 509 477 canonicatus,
544 431 880 469 archidiaconatus
914 431 953 465 et
982 429 1191 465 decanatus

248 486 508 532 conservavit;
537 484 699 522 retinuit
732 483 853 521 etiam
886 481 986 519 festa
1025 481 1190 527 Domini,

246 539 518 589 Apostolorum
530 542 568 575 et
579 537 743 574 aliorum
761 536 910 584 aliquot
925 535 992 572 Ssr
1001 547 1076 580 um,
1088 531 1190 571 ieiu-

246 594 322 638 nia,
343 603 455 630 sacra
480 591 711 628 clericorum
745 590 1002 632 vestimenta,
1026 592 1191 625 externa

246 646 442 684 Ecclesiae
458 646 698 690 ornamenta,
712 654 871 692 organa,
885 646 1047 679 cantum
1060 641 1189 678 eccle-

246 699 458 745 siasticum,
479 698 650 746 aliosque
671 696 876 734 nonnullos
897 696 1000 732 ritus
1021 694 1190 732 catholi-

246 764 322 799 cos3
343 753 419 788 imo
435 763 566 789 sacras
581 751 775 799 Imagines
791 753 831 786 et
851 749 1082 786 clericorum
1102 760 1190 785 coe-

246 806 409 843 libatum
430 804 654 853 aliquandiu
676 804 939 841 conservavit:
969 804 1106 852 postea
1124 804 1188 839 ta-

245 870 331 896 men
352 858 390 895 in
412 858 478 895 his
505 858 701 895 communi
731 858 967 894 novatorum
999 855 1188 893 desiderio

244 913 368 949 cessit.
391 911 503 949 Hanc
532 911 733 960 religionis
753 921 928 948 normam
963 909 1188 947 Elisabetha

243 965 421 1003 omnibus
441 965 520 1002 suis
557 965 722 1002 subditis
743 963 922 1009 obtrusit3
946 962 983 999 in
1004 962 1095 1000 illos
1114 974 1187 1000 ve-

244 1031 300 1065 ro,
321 1019 386 1067 qui
406 1019 537 1056 avitae
553 1018 731 1068 religioni
750 1017 1024 1062 inhaerebant,
1046 1016 1186 1065 paula-

243 1073 326 1117 tim,
347 1072 465 1109 etiam
487 1072 617 1120 poenis
637 1071 796 1116 severis,
817 1081 1025 1107 munerum
1047 1070 1186 1107 adem-

244 1126 388 1173 ptione,
409 1125 578 1170 mulctis,
599 1125 837 1170 carceribus,
853 1123 982 1169 exilio,
999 1122 1186 1161 cruciati-

243 1180 314 1216 bus
329 1179 619 1225 animadvertit3
635 1181 753 1227 atque
765 1178 824 1215 his
840 1177 961 1215 modis
973 1177 1186 1214 maximam

243 1232 461 1282 Anglorum
498 1235 648 1281 partem
687 1232 735 1270 ad
775 1243 916 1269 novam
960 1230 1186 1280 religionem

244 1287 387 1335 adegit.

300 1340 430 1381 Quum
441 1350 485 1376 ea
498 1339 626 1376 omnia
642 1338 890 1377 audivissets.
902 1337 996 1375 Pius
1008 1337 1108 1383 V,v0
1117 1350 1185 1375 ea—

243 1392 376 1430 lendas
396 1392 526 1430 martii
549 1392 649 1430 1570
665 1392 810 1429 bullam
828 1391 1095 1440 promulgavit
1114 1392 1188 1429 Re-

239 1458 377 1494 ,qnam
394 1448 437 1484 z'n
456 1447 637 1492 excelsis,
657 1458 735 1495 qua
752 1446 984 1491 declaravit,
1013 1445 1187 1482 Elisabe—

241 1501 351 1537 tham
372 1511 453 1537 esse
468 1499 708 1538 haereticam
723 1501 763 1536 et
780 1501 966 1547 usurpato
985 1499 1093 1547 regni
1112 1499 1185 1536 An-

244 1553 385 1602 glicani
405 1554 492 1591 iure
514 1554 616 1602 (erat
636 1553 774 1602 quippe
794 1550 945 1602 spuria)
979 1552 1186 1600 privatam,

243 1607 418 1644 subditos
439 1607 543 1644 omni
563 1607 735 1656 obsequii
755 1608 794 1643 et
813 1606 904 1643 fidei
921 1605 1049 1643 debito
1079 1606 1185 1643 solu-

242 1664 314 1706 tos,
330 1673 395 1699 eos
411 1673 518 1708 vero,
531 1661 597 1710 qui
617 1660 826 1698 haereticis
843 1660 947 1696 illius
964 1660 1186 1697 innovatio-

242 1714 355 1751 nibus
376 1715 658 1760 adhaerebant,
675 1713 936 1751 anathematis
952 1713 1186 1751 sententiam

242 1767 448 1805 incurrisse
469 1771 508 1805 et
521 1769 568 1805 ab
583 1768 782 1805 Ecclesiae
797 1767 946 1804 unitate
967 1779 1052 1804 esse
1070 1778 1185 1815 prae-

243 1821 353 1859 cisos.
374 1822 417 1858 Id
444 1822 691 1859 Elisabethae
711 1821 883 1858 furorem
903 1821 942 1858 in
967 1819 1187 1859 Catholicos

244 1875 362 1912 auxit.
385 1875 496 1912 Multi
514 1875 701 1913 Catholici
731 1887 751 1911 e
771 1874 1014 1920 clericorum,
1050 1886 1186 1912 mona-

243 1928 615 1974 chorum,nobilium
631 1929 872 1976 aliorumque
888 1930 990 1965 statu
1007 1929 1047 1965 et
1062 1928 1187 1965 condi-

241 1981 361 2027 tione,
377 1983 578 2031 praeclara
592 1982 828 2019 christianae
849 1982 1090 2019 constantiae
1107 1994 1187 2030 spc-

245 2034 386 2072 cimina
403 2036 606 2082 dederunt;
623 2035 752 2084 plnres
767 2038 898 2083 patres
915 2035 1093 2081 Iesuitae,
1109 2036 1189 2084 qui,

243 2088 646 2138 Religionisuppetias
657 2088 788 2134 laturi,
807 2089 844 2125 in
861 2088 1042 2137 Angliam
1055 2091 1184 2126 trans-

244 2142 384 2186 ierant,
413 2142 608 2192 suppliciis
625 2142 752 2180 nccati
772 2146 876 2187 sunt;
903 2147 942 2179 et
959 2153 1032 2179 non
1056 2144 1186 2191 vulga-

245 2195 304 2232 ria
315 2198 466 2233 tantum
490 2196 690 2245 supplicia,
706 2195 770 2233 sed
788 2194 996 2241 cruciatus,
1010 2195 1101 2234 solis
1118 2199 1186 2246 ty-

245 2260 454 2286 rannorum
474 2250 711 2297 temporibus
730 2248 874 2295 usitati,
889 2251 1023 2287 contra
1038 2249 1185 2287 Catho-

245 2301 338 2339 licos
358 2303 519 2340 exerciti
541 2302 696 2339 fuerunt
718 2301 743 2339 ¹.

294 2357 356 2393 44.
378 2356 735 2395 Purz'tam—Inter
750 2356 849 2405 ipsos
866 2356 1096 2393 acatholicos
1120 2357 1185 2393 ni-

240 2408 450 2447 hilominus
461 2411 498 2446 in
511 2409 652 2459 Anglia
660 2410 791 2447 scissio
801 2411 932 2459 gravis
945 2414 1030 2447 orta
1043 2414 1111 2447 est.
1124 2410 1184 2447 Illi

241 2462 393 2511 quippe,
405 2463 470 2512 qui
487 2466 675 2513 regnante
693 2463 818 2500 Maria
832 2463 995 2511 patriam
1015 2463 1182 2511 relique-

240 2523 342 2560 rant,
362 2518 458 2553 etin
497 2517 680 2554 Helvetia
701 2518 740 2553 et
759 2516 849 2553 alibi
878 2516 1182 2555 Calvinistarum

240 2569 383 2616 placita
403 2571 700 2619 adoptaverant,
723 2582 823 2607 nunc
851 2570 889 2606 in
913 2570 1095 2617 Angliam
1116 2581 1184 2607 re-

242 2623 370 2667 duces,
382 2622 545 2661 formam
562 2623 760 2671 religionis
775 2626 813 2659 et
825 2623 1024 2666 ecclesiae,
1041 2624 1088 2660 ab
1112 2623 1185 2660 Eli-

240 2676 403 2713 sabetha
418 2677 628 2723 inductam,
645 2677 930 2724 improbabant,
943 2677 1043 2725 quod
1062 2677 1182 2713 multa

241 2740 289 2765 ex
311 2725 723 2777 hierarchiafliturgia
745 2732 784 2767 et
800 2730 1002 2778 disciplina
1022 2730 1181 2766 catholi-

241 2793 286 2818 ca
321 2783 558 2831 retinuisset;
588 2784 785 2821 doctrinae
813 2783 1057 2820 calvinianae
1087 2784 1181 2820 stri-

240 2834 338 2872 etius
358 2835 620 2882 inhaerentes,
642 2837 866 2885 religionem
888 2836 1025 2873 abillis
1052 2836 1180 2884 inqui-

240 2891 433 2926 namentis
450 2892 688 2939 purgandam
706 2902 788 2927 esse
806 2890 1101 2934 conteiideiian13
1115 2902 1180 2926 un-

239 2943 284 2979 de
305 2942 479 2980 Puritani
503 2945 593 2981 dicti
616 2950 721 2987 sunt,
743 2948 781 2979 ot.
801 2944 891 2992 quia
911 2944 1044 2987 sacris,
1062 2943 1181 2991 publi·

239 3008 283 3032 ca
303 2998 538 3035 auctoritate
560 2998 802 3042 introductis,
823 3009 862 3033 se
880 2996 1178 3034 nonconsori‘na—

240 3051 343 3095 liant,
359 3052 612 3100 regimenque
629 3051 932 3089 ecclesiasticum
949 3063 969 3088 c
985 3050 1075 3088 solis
1092 3063 1178 3099 prc-

279 3185 286 3206 ¹
307 3186 434 3215 sanderi
449 3186 654 3224 continuator,
669 3183 709 3215 Dc
721 3183 894 3215 schismate
907 3183 1018 3223 Anql.;
1030 3184 1061 3215 (3.
1075 3184 1180 3214 (lamb-

240 3228 309 3266 ‹ien,
325 3227 441 3260 Anum.
460 3227 608 3259 Brilama.

871 150 1027 178 EPOCHA
1054 151 1110 178 11.
1138 151 1192 178 AB
1219 150 1359 178 INITIIS
1388 150 1567 178 LVTHERI

1237 215 1408 264 sbyteris
1429 215 1686 264 compositum
1718 216 1877 263 vellent,
1911 217 2031 255 etiam
2045 224 2048 226 “
2064 217 2179 256 Non-

1237 267 1510 306 conformistae
1520 272 1560 306 et
1574 268 1868 318 Presbyteriani
1880 270 2063 319 appellati
2074 273 2177 310 sunt.

1238 322 1465 359 Elisabetha
1484 333 1562 368 eos,
1581 322 1681 369 quod
1711 333 1822 360 sacra
1842 335 1864 360 a
1883 336 1923 361 se
1952 324 2177 362 introducta

1237 374 1480 424 negligerent
1496 379 1535 412 et
1555 377 1754 424 separatos
1771 379 1985 414 conventus
2000 379 2177 426 agerent,

1236 428 1359 477 primo
1379 428 1548 466 mulctae
1569 427 1747 474 subiecit,
1762 429 1898 467 deinde
1918 430 2177 479 praedicatio-

1237 483 1296 520 nis
1315 482 1438 519 officio
1458 482 1678 528 interdixit,
1698 483 1866 520 carceris
1884 485 1922 520 et
1949 483 2062 521 exilii
2080 496 2177 533 poe-

1236 547 1305 572 nas
1326 538 1461 573 contra
1473 535 1627 573 eosdem
1640 535 1827 581 decrevit,
1843 536 2030 583 quosdam
2051 539 2177 575 morte

1232 588 1373 626 affecit.
1387 589 1462 626 Sed
1478 590 1536 626 his
1556 589 1733 625 omnibus
1747 588 1804 625 illi
1822 588 1871 626 ad
1893 589 2074 627 unionem
2085 602 2174 628 cum

1233 641 1396 680 ecclesia
1416 642 1640 680 dominante
1670 641 1813 679 adduci
1843 654 1919 679 non
1951 645 2174 691 potuerunt:

1234 701 1382 741 contra,
1404 695 1620 742 dissidium,
1637 695 1781 741 odium,
1801 697 1936 742 postea
1951 695 2070 734 etiam
2088 696 2175 734 bel-

1233 749 1316 787 lum
1332 749 1418 787 illos
1436 749 1539 786 inter
1559 751 1599 786 et
1619 748 1865 798 Episcopales
1893 760 1964 787 seu
1985 749 2176 798 Angliea—

1232 815 1300 840 nos
1321 804 1435 840 aucta
1455 804 1547 840 sunt
1564 803 1587 840 ¹.

1284 856 1346 894 45.
1358 856 1586 905 Reliyz'onz's
1597 855 1760 894 excidia
1769 853 1818 894 in
1832 855 2171 895 &otia—Eodem

1232 912 1420 958 tempore,
1441 921 1514 957 quo
1534 909 1762 947 Elisabetha
1783 920 1923 946 novam
1943 909 2171 959 religionem

1231 963 1270 1000 in
1285 963 1428 1011 Anglia
1446 963 1651 1009 stabilivit,
1672 962 1835 1011 antiqua
1853 962 1991 1012 religio
2012 963 2172 1001 catholi-

1231 1028 1276 1054 ca
1296 1029 1316 1054 e
1335 1017 1465 1054 vicina
1500 1017 1630 1054 Scotia
1657 1016 1859 1053 eliminata
1887 1016 1974 1054 fuit.
1996 1016 2040 1054 In
2072 1016 2173 1054 hane

1230 1073 1378 1107 terram
1400 1082 1499 1107 anno
1520 1070 1675 1107 circiter
1697 1069 1797 1107 1524
1819 1081 2009 1106 novarum
2030 1070 2172 1108 doctri-

1232 1135 1372 1161 narum
1393 1135 1526 1160 rumor
1546 1124 1717 1160 maxime
1736 1134 1785 1160 ex
1814 1123 1956 1171 Anglia
1977 1124 2169 1170 pervenit.

1231 1178 1306 1215 Eas
1322 1188 1537 1227 propagare
1557 1177 1707 1214 studuit
1726 1176 1923 1214 Patricius
1957 1177 2170 1224 Hamilton,

1231 1231 1351 1268 abbas
1370 1231 1606 1276 Fermensis,
1627 1242 1686 1268 an.
1708 1229 1807 1268 1528
1823 1229 2010 1279 supplicio
2029 1231 2171 1268 haere-

1230 1285 1318 1323 ticis
1337 1285 1530 1322 destinato
1550 1284 1723 1321 affectus.
1744 1283 2031 1321 Verumtamen
2051 1284 2171 1321 semi-

1231 1343 1344 1376 natas
1362 1339 1410 1375 ab
1425 1350 1470 1376 eo
1486 1338 1680 1375 novitates
1691 1336 1802 1374 multi
1823 1349 1844 1374 e
1864 1338 1968 1375 clero
1982 1336 2171 1383 inferiori,

1231 1392 1370 1429 deinde
1395 1392 1513 1429 etiam
1541 1391 1629 1429 laici
1664 1391 1810 1428 nobiles
1839 1392 1878 1428 et
1897 1390 1972 1428 viri
2005 1391 2173 1430 litterati

1230 1448 1493 1494 susceperunt.
1510 1445 1755 1494 Quapropter
1775 1444 1901 1481 David
1924 1444 2088 1491 Beaton,
2108 1457 2171 1483 an.

1234 1499 1333 1537 1539
1367 1499 1415 1536 ad
1449 1499 1623 1548 regimen
1650 1497 1836 1535 ecclesiae
1870 1497 2106 1546 primatialis
2134 1498 2174 1536 in

1230 1552 1376 1600 Scotia,
1398 1564 1421 1590 a
1449 1564 1477 1590 s.
1509 1553 1667 1589 Andrea
1695 1550 1967 1600 compellatae,
1999 1554 2173 1597 evectus,

1230 1618 1318 1644 cum
1340 1606 1504 1644 caeteris
1515 1605 1704 1654 episcopis
1723 1605 1909 1642 Iacobum
1924 1616 2060 1654 regem
2072 1605 2106 1643 V
2123 1606 2173 1644 ad

1231 1662 1382 1698 certum
1391 1659 1651 1708 inquisitionis
1661 1670 1785 1708 genus
1796 1657 2082 1696 instituendum
2091 1669 2174 1708 pro-

1232 1713 1365 1751 movit.
1383 1714 1522 1750 Iacobo
1543 1724 1631 1761 rege
1651 1724 1712 1750 an.
1735 1711 1837 1750 1542
1862 1711 2055 1758 defuncto,
2072 1724 2174 1751 nova

1228 1767 1366 1816 religio
1396 1766 1544 1804 maiora
1572 1766 1814 1803 incrementa
1843 1765 1956 1815 cepit,
1991 1765 2170 1814 quamvis

1228 1821 1391 1858 Iacobus
1411 1820 1625 1865 Hamilton,
1653 1819 1731 1868 qui,
1751 1818 1879 1857 Maria
1909 1819 2084 1865 Stuarta,
2105 1827 2174 1856 re·-v

1227 1874 1285 1923 gis
1304 1874 1386 1912 filia
1405 1877 1445 1912 et
1473 1873 1656 1920 haerede,
1677 1873 1805 1910 adhuc
1823 1871 1986 1919 infante,
2006 1883 2171 1921 regnum

1227 1928 1536 1974 administrabat,
1558 1938 1637 1964 una
1657 1937 1745 1963 cum
1776 1926 1951 1964 Beatone
1983 1925 2172 1975 archiepi-

1227 1993 1339 2030 scopo
1360 1981 1649 2019 haereticorum
1669 1979 1936 2017 conaminibus
1956 1979 2169 2018 resisteret.

1229 2037 1339 2073 Anno
1363 2034 1464 2074 1545
1498 2034 1786 2072 haereticorum
1816 2033 2169 2070 machinationibus

1227 2089 1389 2126 Iacobus
1410 2088 1610 2126 Hamilton
1628 2087 1738 2136 regni
1767 2086 2082 2135 procurationem
2102 2097 2169 2124 re-

1227 2143 1341 2191 ginae
1372 2142 1500 2188 matri,
1532 2141 1681 2179 Mariae
1710 2139 2000 2189 Letharingiae,
2029 2139 2170 2178 cedere

1227 2200 1384 2233 coactus
1400 2196 1483 2233 fuit.
1502 2195 1560 2233 Ex
1577 2195 1648 2232 hoc
1665 2196 1838 2243 tempore
1850 2192 2094 2230 calvinianae
2110 2193 2171 2231 do-

1226 2250 1375 2287 ctrinae
1395 2250 1619 2295 sectatores,
1634 2258 1795 2284 numero
1807 2249 1848 2284 et
1867 2246 2019 2284 viribus
2034 2246 2172 2285 Catho-

1226 2303 1320 2340 licos
1354 2304 1605 2351 superantes,
1633 2312 1763 2338 sacros
1792 2302 2013 2338 conventus
2042 2299 2171 2349 palam

1227 2360 1403 2405 egerunt,
1417 2356 1624 2393 haereseos
1639 2366 1756 2392 causa
1768 2354 1906 2392 exules
1919 2356 2172 2400 revocarunt,

1225 2412 1361 2446 contra
1377 2409 1602 2458 religionem
1624 2407 1855 2445 catholicam
1873 2418 2025 2446 summa
2046 2407 2169 2445 vehe-

1225 2463 1371 2500 mentia
1401 2462 1685 2507 declamarunt,
1718 2461 1757 2499 in
1786 2462 1923 2499 Ssrum
1950 2463 1990 2498 et
2025 2460 2169 2499 Christi

1225 2516 1401 2554 crucifixi
1418 2516 1620 2564 imagines,
1634 2515 1819 2563 reliquias
1841 2515 2022 2564 ipsosque
2038 2525 2168 2552 sacer-

1225 2571 1333 2606 dotes
1346 2569 1570 2618 frequenter
1584 2569 1773 2606 violentas
1786 2579 1925 2606 manus
1936 2568 2168 2606 iniecerunt.

1224 2624 1294 2660 An.
1322 2623 1420 2661 1559
1454 2622 1704 2672 praedicante
1724 2625 1763 2660 et
1781 2622 1993 2671 instigante
2022 2621 2170 2659 Ioanne

1225 2676 1355 2723 Knox‚
1377 2677 1577 2714 sacerdote
1598 2678 1791 2724 apostata,
1812 2675 1849 2713 in
1886 2674 2061 2724 pluribus
2096 2686 2165 2712 ur-

1223 2730 1335 2767 bibus
1364 2734 1404 2767 et
1432 2730 1468 2767 in
1489 2729 1572 2779 ipsa
1592 2729 1793 2778 metropoli
1815 2728 2042 2777 Edinburgo
2062 2726 2168 2766 alta-

1225 2783 1293 2829 ria,
1316 2784 1519 2833 imagines,
1552 2786 1781 2821 ornamenta
1812 2781 2064 2820 ecclesiarum
2094 2781 2166 2819 de-

1223 2839 1387 2883 structa,
1407 2837 1650 2875 monasteria
1671 2848 1759 2874 cum
1791 2835 1870 2874 suis
1890 2833 2084 2873 thesauris
2103 2834 2166 2872 di-

1223 2893 1344 2939 repta,
1365 2891 1510 2936 clerici,
1532 2891 1707 2928 monachi
1745 2890 1888 2939 aliique
1911 2887 2076 2938 pessime
2091 2888 2171 2926 ha·-

1223 2944 1288 2980 luiti
1311 2948 1412 2982 sunt.
1431 2945 1557 2986 Quum
1576 2944 1701 2982 Maria
1717 2943 1823 2993 regni
1841 2940 2089 2992 procuratrix
2108 2942 2168 2980 his

1223 2998 1418 3035 violentiis
1452 3011 1492 3036 se
1523 3002 1745 3046 opponeret,
1768 2996 1960 3045 dignitate
1987 3006 2059 3032 Sua
2093 2994 2167 3032 fuit

1221 3054 1352 3089 exuta.
1376 3055 1486 3089 Anno
1511 3052 1610 3090 1560
1629 3051 1738 3101 regni
1754 3049 1918 3089 Ordines
1940 3048 2166 3097 congregati

1260 3182 1268 3202 ¹
1289 3185 1424 3223 i‘inquet,
1442 3182 1583 3221 Decimio,
1615 3180 1668 3213 des
1691 3179 1801 3213 He're's.
1815 3203 1823 3219 ,
1840 3184 1896 3211 art.
1919 3177 2112 3220 Analeeerre
2137 3181 2167 3210 et

1220 3224 1468 3265 Presbyteriens.
