2241 3473
733 171 863 202 VSQVE
892 171 946 197 AD
976 169 1168 197 AETATEM
1196 169 1342 197 CAROLI
1368 169 1410 196 M.

96 232 246 279 mania,
265 231 419 271 Sclavis
439 232 543 270 circa
561 234 777 271 Danubium
794 233 929 271 Fidem
947 243 1052 281 prac-

96 286 261 331 dicavit3
281 285 348 323 sed
369 297 456 322 cum
478 285 539 322 hic
560 286 721 335 populus
736 285 942 334 Evangelii
963 296 1049 333 gra—

93 340 195 377 tiam
215 343 432 386 sperneret,
452 339 654 376 Amandus
675 339 712 375 in
734 337 901 375 Galliam
924 337 1050 382 rediit,

91 394 134 429 et
153 402 216 429 an.
239 391 317 427 647
340 393 444 427 creat
454 402 498 428 us
519 395 578 427 est
599 391 799 440 episcopus
817 390 1049 427 'l‘raicctcn-

92 443 156 482 sis.
196 443 308 481 Hanc
350 443 553 481 ecclesiam
584 455 653 492 per
691 442 900 480 triennium
935 442 1050 487 rexit3

91 495 230 534 deinde
251 495 344 533 sede
368 496 564 540 abdicata,
586 507 737 533 rursum
756 496 803 532 ad
826 495 1048 542 praedican-

90 549 182 586 dam
217 547 440 586 infidelibus
461 548 596 586 Fidem
630 559 672 584 se
704 547 871 585 contulit
898 546 920 584 ¹.
943 547 989 584 Ei
1010 547 1047 584 in

89 601 182 639 sede
209 601 452 638 Traiectensi
484 600 671 637 successit
704 612 733 637 s.
764 600 988 644 Remaclus,
1009 602 1048 636 ct

91 654 174 704 ipse
209 653 350 691 nobilis
383 654 606 701 Aquitanus
643 654 682 690 et
714 653 947 697 monachus,
982 652 1046 701 qui

92 708 251 755 praet-er
279 706 357 743 alia
387 705 587 754 praeclare
607 709 717 753 gesta
740 705 920 742 fundavit
940 705 1046 742 cele-

91 759 179 796 bria
209 758 448 796 monasteria
474 757 808 795 Malmundarium
835 760 874 795 et
899 758 1046 795 Stabu-

91 811 199 849 laum
221 811 248 849 ².

139 864 248 905 Quae
269 865 403 901 autem
424 874 493 910 pro
523 862 777 900 conversione
803 863 1043 900 Gandaven-

86 915 188 954 sium
218 915 386 953 feliciter
415 915 616 963 inceperat
653 927 683 953 s.
716 916 931 962 Amandus,
961 915 1043 964 pari

87 969 243 1006 fervore
276 970 505 1017 prosecutus
536 972 594 1005 est
622 980 652 1006 s.
687 968 838 1017 Eligius
856 998 864 1012 ,
885 980 945 1006 an.
967 968 1045 1005 640

87 1024 243 1059 creatus
264 1020 467 1069 episcopus
487 1020 826 1070 Noviomagensis.
850 1022 887 1058 Is
910 1021 1042 1070 profe-

90 1077 177 1112 ctus
197 1074 245 1111 ad
261 1073 429 1111 incultos
446 1076 485 1111 et
501 1074 689 1111 barbaros
706 1074 850 1111 incolas
866 1075 1047 1112 Antwer-

88 1127 190 1176 piae,
211 1126 406 1171 Gandavi,
427 1127 603 1164 Cortraci
632 1131 672 1164 ct
703 1126 962 1164 finitimorum
983 1127 1043 1164 lo-

85 1191 233 1225 corum,
251 1191 350 1228 quae
367 1181 463 1216 tunc
477 1179 667 1227 temporis
683 1180 732 1217 ad
748 1180 956 1217 dioecesim
968 1180 1047 1217 No-

87 1232 379 1281 viomagensem
414 1232 676 1280 pertinebant,
711 1232 846 1270 labore
865 1233 1042 1282 improbo

86 1285 299 1333 multisque
320 1296 411 1322 cum
431 1284 615 1333 periculis
632 1285 767 1322 Fidem
788 1286 1042 1335 praedicavit,

84 1341 126 1375 et
147 1337 338 1386 plurimos
359 1338 406 1375 ad
427 1337 620 1375 idolorum
647 1338 755 1375 cultu
791 1339 839 1376 ad
861 1339 1042 1377 christia—

86 1402 159 1428 nae
180 1390 383 1439 religionis
402 1389 682 1439 professionem
704 1392 900 1429 eonvertit
918 1391 944 1429 3.
966 1393 1038 1429 Eo-

84 1444 172 1480 dem
193 1446 369 1492 tempore
388 1455 417 1480 s.
439 1443 574 1480 Trudo
595 1445 800 1493 presbyter
817 1473 826 1489 ,
847 1448 1041 1482 annuente

83 1508 113 1533 s.
134 1496 324 1534 Remaclo
343 1495 609 1543 Traiecteusi,
638 1497 898 1545 Evangelium
928 1510 1042 1546 prae-

84 1549 242 1586 dicabat
260 1548 300 1585 in
321 1548 541 1593 Hasbania,
563 1555 600 1587 et
632 1550 903 1599 paganismum
926 1563 975 1588 ex
995 1563 1040 1588 ea

84 1601 239 1651 penitus
260 1601 486 1650 profligavit
506 1600 533 1638 ⁴.

135 1654 190 1692 In
209 1654 519 1703 Hispania—In
542 1655 731 1704 Hispania
751 1667 813 1693 an.
834 1655 913 1694 620
933 1656 1041 1694 Sise-

85 1708 222 1744 butum
243 1718 379 1756 regem
395 1707 549 1755 excepit
565 1709 813 1746 Recearedus
828 1709 948 1755 filius,
965 1721 1040 1758 quo

83 1762 172 1808 post
199 1771 348 1808 paucos
379 1771 533 1798 menses
563 1761 774 1807 defuncto,
804 1762 953 1799 electus
982 1767 1041 1800 est

83 1812 290 1850 Suinthila.
312 1813 386 1850 Hie
408 1813 578 1851 Graecos
599 1814 751 1851 cunctis
768 1814 979 1863 Hispaniae
999 1816 1041 1852 fi-

85 1865 197 1903 nibus
225 1865 405 1915 expulit3
434 1868 476 1903 at
509 1878 630 1914 quum
650 1870 787 1905 contra
821 1868 1037 1905 Gothorum

85 1929 214 1955 mores
233 1922 274 1956 et
292 1919 407 1967 regni
434 1919 523 1955 iura
552 1919 792 1958 Ricimerum
821 1920 946 1958 filium
966 1922 1038 1959 sibi

84 1971 315 2009 adscivisset
334 1971 538 2020 collegam,
562 1975 604 2010 ut
624 1972 796 2011 familiae
812 1985 906 2010 suae
926 1975 1037 2023 regni

83 2025 364 2072 possessionem
395 2028 598 2071 assereret,
619 2037 680 2063 an.
710 2026 785 2063 631
816 2027 911 2063 solio
931 2027 1038 2064 deie-

84 2079 174 2114 ctus
205 2076 291 2114 fuit.
312 2078 422 2114 Tunc
453 2089 617 2126 regnum
648 2079 859 2127 Hispaniae
888 2080 1039 2128 accepit

83 2129 335 2176 Sisenandus,
353 2130 418 2179 qui
435 2136 477 2167 ut·
491 2130 701 2179 imperium
717 2132 790 2169 sibi
808 2132 932 2181 magis
943 2145 1038 2170 eon-

83 2181 273 2229 firmaret,
294 2195 356 2220 an.
385 2183 465 2221 633
493 2183 621 2221 Toleti
651 2185 891 2222 nationalem
919 2197 1037 2234 syno-

85 2235 192 2281 dum,
211 2235 313 2273 inter
332 2236 542 2274 Toletanas
571 2241 774 2284 quartam,
794 2238 948 2276 indixit.
970 2239 1038 2275 In-

83 2288 309 2326 tex-fuerunt
336 2288 505 2338 episcopi
524 2289 576 2326 62
605 2293 645 2327 et
664 2290 829 2327 aliorum
860 2293 883 2328 7
904 2291 1036 2339 legati.

44 2355 51 2362 ·
85 2341 188 2378 Editi
208 2344 299 2379 sunt
327 2353 494 2379 canones
522 2343 586 2387 75,
607 2354 774 2390 quorum
806 2342 841 2381 1δ
861 2344 1035 2382 continet

86 2393 174 2431 fidei
197 2394 477 2443 professionem
495 2395 542 2431 de
557 2407 606 2433 ss.
623 2395 830 2434 Trinitatis
846 2399 884 2434 et
900 2397 1037 2434 Incar-

85 2447 254 2484 nationis
275 2447 484 2496 mysteriis,
506 2447 541 2483 in
565 2460 641 2496 qua
661 2449 831 2497 Spiritus
852 2450 890 2488 S.
913 2462 936 2487 a
956 2450 1037 2488 Pa-

84 2501 143 2536 tre
164 2504 203 2536 et
223 2499 322 2537 Filio
352 2499 560 2548 procedere
590 2513 778 2550 expresse
807 2502 971 2549 dieitur;
998 2504 1035 2540 in

83 2552 173 2589 aliis
187 2552 398 2590 canonibus
410 2565 541 2590 annua
556 2555 796 2603 synodorum
813 2556 1035 2602 celebratio,

84 2616 299 2653 earumque
328 2605 454 2643 forma
484 2608 810 2646 commendantur
828 2638 837 2654 ,
859 2621 958 2646 unus
980 2621 1038 2646 or-

83 2658 131 2694 do
151 2657 188 2695 in
218 2657 446 2695 ministeriis
474 2662 513 2695 et
542 2660 678 2698 officiis
699 2661 820 2698 sacris
841 2663 1038 2710 praeseri-

84 2710 201 2754 bitur,
222 2722 421 2748 sacrarum
452 2711 745 2760 Scripturarum
776 2716 816 2751 et
844 2727 1037 2752 canonum

83 2762 226 2811 peritia
255 2764 525 2801 sacerdotibus
546 2765 782 2812 inculcatur,
804 2770 973 2815 potestas
994 2781 1038 2805 e-

82 2816 332 2864 piscoporum
354 2817 390 2852 in
415 2818 664 2855 monasteriis
685 2820 920 2868 explicatur,
941 2821 1038 2858 alia-

82 2879 158 2916 que
180 2869 291 2918 plura
311 2869 357 2905 de
378 2868 583 2917 disciplina
604 2874 643 2908 et
663 2872 831 2920 negotiis
851 2873 1039 2911 ecclesia-

82 2921 202 2966 sticis,
219 2922 265 2958 de
285 2921 440 2959 Iudaeis
461 2925 501 2959 et
522 2923 718 2961 Ecclesiae
733 2924 886 2962 libertis
907 2926 1040 2963 decer-

83 2976 249 3020 nuntur3
270 2986 417 3012 canone
440 2975 580 3012 ultimo
599 2987 668 3024 pro
689 2988 827 3025 regum
849 2981 889 3015 et
910 2981 1038 3028 populi

124 3098 134 3120 ¹
153 3100 302 3137 rinnand,
318 3102 401 3132 Acca
419 3100 477 3131 SS.
496 3100 514 3130 ss
531 3100 614 3130 scbr.

122 3139 137 3161 2
147 3141 222 3172 lbid.
239 3141 257 3172 3
269 3145 347 3181 sept.

120 3181 135 3203 ³
149 3182 351 3222 Ghesquiere,
367 3186 452 3214 Acta
470 3183 529 3214 SS.
548 3182 672 3222 Belqii,
691 3187 710 3214 t.
727 3183 776 3222 lll,
794 3193 823 3223 p.
844 3184 903 3215 191
918 3193 966 3225 sq.

121 3222 135 3245 ⁴
150 3222 227 3254 lbid.
244 3227 265 3255 t.
281 3225 312 3262 V,
329 3233 358 3263 p.
376 3225 464 3256 1-69.

1914 157 1990 194 173

1091 231 1303 269 securitate
1319 231 1504 278 sancitur,
1517 233 1560 269 ut
1576 232 1662 281 post
1676 230 1779 280 regis
1795 229 1944 267 obitum
1959 241 2041 267 suc-

1092 295 1221 322 cessor
1248 285 1332 322 cius
1351 285 1544 322 communi
1567 284 1726 322 consilio
1755 295 1779 321 a
1798 282 1890 320 cleri
1911 284 1950 320 et
1971 294 2040 330 po-

1093 336 1171 384 puli
1194 338 1419 386 proceribus
1438 338 1629 386 eligatur,
1649 348 1782 374 omnes
1802 335 1883 384 regi
1905 334 2040 383 legiti-

1094 400 1153 425 me
1174 390 1388 427 eonstituto
1409 391 1523 427 fidem
1544 391 1714 435 servent3
1734 389 1766 427 si
1794 388 1880 436 quis
1906 399 1998 424 vero
2019 399 2040 424 e

1093 442 1251 489 regibus
1271 446 1408 480 contra
1427 443 1557 491 legum
1588 441 1851 479 reverentiam
1872 440 2041 489 superba

1091 494 1353 531 dominatione
1376 496 1413 532 in
1435 495 1594 543 flagitiis
1614 499 1652 532 et
1669 494 1840 532 facinore
1861 492 2043 530 crudelis-

1090 546 1227 583 simam
1249 550 1481 595 potcstatcm
1509 548 1548 584 in
1571 547 1754 596 populum
1783 545 2041 592 cxccrcuerit‚

1090 599 1352 636 anathematis
1371 601 1563 637 sententia
1582 602 1864 637 conden‘metur
1881 597 1906 636 ¹.

1141 652 1213 688 An.
1235 651 1312 688 636
1334 652 1518 689 defuncto
1538 653 1749 690 Sisenando
1771 663 1875 701 rege,
1890 651 2040 689 electus

1088 702 1162 740 fuit
1197 703 1381 748 Chintila,
1401 705 1509 741 euius
1545 706 1650 753 regni
1686 717 1747 742 an.
1785 704 1823 742 1⁰
1843 704 2040 741 celebrata

1088 758 1147 792 est
1180 756 1352 804 synodus
1381 757 1572 795 Toletana
1602 759 1648 795 V.
1680 759 1958 795 Convenerunt
1991 757 2038 794 ad

1087 819 1175 845 eam
1196 809 1363 858 episcopi
1386 809 1450 855 24;
1471 810 1597 847 adfuit
1617 810 1734 848 etiam
1759 822 1830 847 rex
1856 821 1945 846 cum
1967 821 2038 857 op·-

1087 861 1290 899 timatibus
1323 864 1362 899 et
1393 862 1612 900 senioribus
1654 863 1789 911 palatii
1825 863 1897 900 sui.
1934 861 2038 899 Editi

1084 917 1176 951 sunt
1197 925 1367 951 canones
1388 916 1425 959 9,
1441 915 1506 963 qui
1528 916 1770 963 potissimum
1790 917 1971 964 spectant
1989 915 2038 952 ad

1086 966 1187 1015 regis
1208 967 1367 1015 eiusque
1387 968 1594 1016 potestatis
1614 968 1867 1005 securitatem
1890 971 1930 1004 et
1958 969 2038 1004 sta-

1084 1019 1276 1056 bilitatem
1298 1019 1323 1057 ².
1346 1021 1419 1057 An.
1441 1020 1519 1058 638
1549 1023 1740 1066 regnante
1762 1020 1896 1057 eodem
1917 1019 2038 1057 Chin-

1084 1071 1155 1108 tila
1167 1072 1298 1109 habita
1316 1076 1374 1111 est
1384 1074 1556 1121 synodus
1572 1073 1763 1110 Toletana
1779 1072 1846 1117 VI,
1858 1073 1905 1109 ad
1922 1084 2039 1120 quam

1085 1136 1131 1162 ex
1156 1125 1340 1163 universo
1370 1138 1491 1174 regno
1513 1128 1783 1176 convenerunt
1802 1125 1968 1174 episcopi
1988 1126 2039 1162 47

1084 1183 1123 1214 et
1144 1177 1309 1215 aliorum
1326 1180 1350 1217 5
1366 1178 1498 1227 legati.
1522 1179 1674 1217 Conditi
1692 1177 1853 1215 fuerunt
1873 1189 2039 1215 canones

1089 1230 1149 1276 19,
1170 1231 1311 1279 quibus
1332 1231 1647 1280 praecedentium
1663 1231 1902 1280 synodorum
1920 1232 2042 1267 statu-

1084 1285 1126 1320 ta
1159 1283 1392 1322 confirmata
1424 1287 1538 1331 sunt;
1572 1285 1655 1333 regi
1689 1283 1930 1333 gratulatum
1951 1282 2040 1328 fuit,

1084 1336 1183 1384 quod
1217 1338 1435 1384 pertinaces
1464 1338 1631 1375 Iudaeos
1660 1349 1680 1374 e
1700 1348 1820 1385 regno
1840 1335 2040 1384 relegarit,

1084 1393 1124 1425 et
1143 1391 1302 1437 praeter
1322 1391 1400 1428 alia
1419 1402 1440 1427 e
1467 1391 1572 1439 regis
1592 1392 1632 1427 et
1652 1401 1855 1438 procerum
1876 1400 2038 1426 assensu

1084 1441 1286 1479 decretum
1300 1472 1308 1487 ,
1330 1446 1374 1480 ut
1394 1443 1576 1492 deinceps
1597 1455 1664 1480 rex
1687 1441 1876 1491 legitimis
1894 1440 2039 1478 suffra-

1084 1494 1158 1543 giis
1185 1495 1348 1542 eleetus,
1378 1497 1606 1545 priusquam
1636 1495 1777 1533 solium
1804 1494 2040 1531 conscende-

1084 1549 1158 1593 ret,
1186 1547 1290 1585 inter
1326 1549 1497 1597 reliquas
1526 1546 1764 1586 conditiones
1792 1549 2038 1585 sacramento

1084 1601 1352 1649 promitteret,
1384 1614 1457 1639 non
1487 1613 1698 1651 passurum
1735 1613 1775 1639 se
1808 1599 2039 1637 catholicam

1084 1653 1199 1690 fidem
1230 1654 1368 1691 violari
1391 1658 1462 1692 aut
1491 1655 1662 1702 aliquem
1691 1655 1729 1691 in
1760 1665 1880 1702 regno
1900 1653 2039 1701 degere

1085 1706 1147 1754 qui
1170 1718 1243 1744 non
1265 1707 1317 1744 sit
1337 1708 1552 1745 catholicus
1573 1706 1600 1745 ³.

1136 1759 1188 1796 In
1207 1760 1366 1807 Anylz'a
1381 1783 1431 1787 —
1445 1762 1489 1798 In
1512 1760 1658 1808 Anglia
1679 1759 1914 1797 christianos
1933 1757 2040 1807 prin-

1085 1811 1188 1860 cipes
1208 1812 1319 1850 bellis
1339 1813 1472 1851 multis
1493 1812 1696 1860 impetivit
1722 1812 1971 1850 saevissimus
2002 1813 2041 1847 et

1085 1864 1225 1913 impius
1257 1866 1392 1903 Penda
1421 1877 1492 1903 rex
1522 1866 1773 1903 Mereiorum.
1795 1865 1890 1901 Eius
1909 1863 2041 1909 armis,

1085 1924 1256 1966 utsupra
1273 1918 1443 1956 diximus
1461 1918 1489 1964 ⁴,
1511 1919 1783 1956 occubuerunt
1798 1916 2041 1965 piiEduinus

1082 1974 1121 2006 et
1141 1969 1346 2008 Oswaldus
1374 1983 1486 2019 reges
1506 1971 1868 2008 Nortliumbrorum
1882 1999 1891 2016 ,
1922 1972 2040 2017 atque

1082 2022 1305 2071 Sigbertus,
1326 2024 1515 2073 Egericus
1544 2028 1584 2061 et
1611 2025 1726 2061 Anna
1756 2035 1868 2072 reges
1895 2022 2040 2059 Estan-

1083 2075 1198 2124 gliae.
1222 2077 1386 2113 Demum
1417 2089 1476 2114 an.
1498 2077 1576 2114 655
1606 2076 1774 2114 erudelis
1803 2075 2041 2113 christianae

1083 2128 1244 2177 religion
1252 2129 1283 2166 is
1300 2130 1421 2167 hostis
1432 2130 1479 2166 ab
1492 2130 1621 2168 Oswio
1631 2130 1667 2167 N
1671 2129 1937 2166 orthumbriae
1949 2139 2040 2175 rege

1083 2181 1297 2219 debellatus
1316 2194 1527 2231 caesusque
1543 2185 1623 2229 est,
1644 2185 1684 2219 et
1700 2194 1788 2219 cum
1805 2194 1850 2218 eo
1871 2181 2040 2217 ethnici-

1081 2246 1186 2271 smus
1207 2234 1244 2270 in
1266 2236 1410 2283 Anglia
1431 2236 1601 2282 corruit,
1623 2238 1666 2272 ut
1685 2235 1789 2272 infra
1809 2234 2038 2271 videbimus.

1139 2288 1197 2324 12.
1216 2288 1609 2326 I'dahometcmorzmn
1624 2287 1968 2337 proffessus—In
1990 2286 2041 2322 O-

1082 2339 1206 2377 riente
1240 2352 1302 2378 res
1336 2341 1571 2379 christianae
1608 2341 1846 2390 deplorando
1867 2342 1980 2376 erant
2000 2338 2039 2375 in

1083 2395 1201 2430 statu.
1219 2393 1380 2431 Oeculto
1401 2397 1440 2431 et
1455 2395 1557 2431 iusto
1578 2394 1722 2431 iudicio
1741 2394 1824 2438 Dei,
1847 2391 2041 2428 continuis

1084 2446 1343 2483 Orientalium
1381 2446 1684 2484 dissensionibus
1701 2476 1710 2493 ,
1743 2444 1958 2484 schismatis
2002 2445 2042 2481 et

1084 2499 1311 2536 haeresibus
1329 2500 1480 2546 offensi,
1501 2500 1646 2537 factum
1670 2503 1741 2544 est,
1764 2503 1806 2535 ut
1828 2497 1959 2534 omnia
1975 2496 2041 2534 Sa-

1083 2563 1311 2589 racenorum
1334 2565 1401 2590 seu
1424 2553 1791 2590 Mahometanorum
1814 2551 1932 2587 armis
1976 2561 2040 2586 cc-

1083 2605 1232 2641 derent.
1254 2605 1476 2642 Mahomcte
1497 2617 1557 2642 an.
1588 2606 1666 2642 6:32
1691 2604 1873 2642 Medinae
1895 2602 2039 2639 defun-

1082 2660 1158 2703 eto,
1190 2668 1322 2694 rerum
1353 2670 1505 2695 summa
1537 2659 1684 2706 potitus
1714 2659 1773 2694 est
1802 2655 2043 2693 Abubachar

1085 2712 1127 2746 ut
1160 2710 1276 2747 califa
1309 2722 1377 2747 seu
1420 2711 1632 2759 prophetae
1677 2710 1781 2746 vices
1814 2719 1963 2757 gerens.
2005 2709 2041 2745 Is

1083 2763 1246 2800 schedas
1275 2775 1342 2800 seu
1378 2764 1548 2807 chartas,
1586 2762 1960 2810 pseudo-prophetae
1981 2761 2043 2797 do-

1085 2815 1249 2852 ctrinam
1272 2816 1525 2861 continentes,
1546 2815 1583 2851 in
1605 2815 1763 2860 librum,
1779 2815 2044 2851 Alcorcmum

1085 2868 1244 2913 dictum,
1275 2868 1436 2916 collegit
1464 2867 1490 2905 ⁵.
1524 2867 1630 2904 Obiit
1659 2879 1721 2904 an.
1752 2867 1850 2913 634,
1875 2879 2044 2914 eumque

1084 2922 1241 2969 excepit
1263 2921 1398 2965 Omar,
1421 2920 1487 2968 qui
1511 2932 1632 2968 usque
1667 2921 1715 2958 ad
1751 2932 1813 2958 an.
1848 2920 1925 2957 644
1951 2919 2046 2957 cali-

1127 3025 1136 3046 ¹
1154 3025 1265 3062 Labbe,
1283 3023 1402 3055 Concil.
1421 3027 1439 3054 t.
1457 3025 1487 3061 V,
1505 3033 1534 3063 p.
1558 3023 1646 3055 1700.

1125 3067 1218 3096 211)ἰ(1
1234 3076 1260 3105 p.
1280 3066 1366 3096 1725.

1125 3107 1138 3129 3
1157 3107 1231 3138 ibid.
1248 3116 1276 3145 p.
1298 3105 1382 3136 1740.

1125 3148 1138 3169 ⁴
1156 3147 1218 3176 vm.
1237 3157 1266 3186 p.
1288 3146 1355 3177 101).

1125 3189 1139 3210 5
1152 3188 1294 3218 Alcorani
1314 3187 1479 3218 editionem
1503 3190 1532 3218 ct
1548 3188 1767 3219 refutationem
1780 3190 1959 3229 procuravit
1973 3189 2046 3222 Lud.

1084 3229 1228 3267 Maracci,
1248 3229 1367 3260 Patavii
1389 3228 1476 3267 1608,
1492 3228 1511 3258 i!
1529 3229 1587 3260 vol.
1606 3230 1700 3261 in-fol.
