2241 3473
711 176 837 207 VSQVE
867 174 921 203 AD
948 172 1256 202 IANSENITARVM
1283 174 1463 203 EXORDIA

107 249 160 296 la,
179 261 294 299 quam
314 249 462 298 equites
481 261 510 287 s.
532 249 685 288 Ioannis
701 248 1046 299 Hierosolymitani

111 315 187 340 una
209 315 295 340 cum
315 302 559 348 Christianis,
579 314 678 340 anno
698 303 794 340 1291
816 316 839 341 a
860 302 1046 340 Palaesti-

110 367 160 393 na
177 355 304 398 eiecti,
325 355 461 392 Tureis
482 356 708 404 eripuerant
723 368 822 393 anno
841 356 953 394 1310.
973 355 1047 392 Ve-

108 420 194 445 rum
214 421 314 446 anno
338 409 437 446 1530
457 408 619 446 Carolus
636 409 683 453 V,
699 409 892 457 equitibus
913 408 1045 445 Hiero-

107 460 366 510 solymitanis,
402 462 539 499 Rhodo
574 474 596 498 a
628 461 878 498 Snleimanno
913 461 1045 510 pulsis,

108 514 282 551 Melitam
317 514 482 552 insulam
516 515 729 559 concessit,
750 527 773 552 a
792 525 868 562 qua
896 514 1046 562 equites

110 566 342 605 Melitenses
391 580 410 604 n
420 580 492 604 unc
525 567 782 616 appellantur.
821 566 926 604 Obiit
961 566 1044 604 Ha—

108 619 266 657 drianus
287 620 339 657 VI
361 620 543 668 postridie
564 620 648 657 idus
669 619 898 667 septembris
931 618 1045 664 1523,

106 684 195 710 cum
216 673 374 710 sedisset
392 685 491 710 anno
510 673 544 713 1.
563 684 682 709 mens.
702 672 737 718 8,
753 683 798 709 ac
819 672 954 709 diebus
973 671 998 708 6
1020 670 1044 708 ¹.

160 726 196 763 7.
222 726 405 763 Clemens
436 725 512 763 Vll
528 725 723 773 Ponte'feoe
752 724 838 773 (cm.
860 723 978 774 1523)
995 746 1045 751 ——

107 776 203 816 Post
222 778 410 816 Hadriani
439 780 601 815 mortem
631 780 785 826 propter
804 777 1046 815 comitiorum

109 830 266 868 dissidia
286 830 509 880 Apostoliea
540 830 660 868 Sedes
681 831 838 868 vacavit
859 841 978 879 usque
998 829 1044 866 ad

107 883 602 927 x111mcalend.decemb1·is,
615 894 689 931 qua
705 884 765 920 die
786 895 937 920 summo
947 883 1044 921 Car-

108 935 295 974 dinalium
314 948 499 974 consensu
520 935 669 973 electus
689 936 761 973 fuit
781 936 902 973 Iulius
924 935 1045 974 Medi-

108 1000 216 1034 ceus,
243 988 430 1038 patruelis
458 989 597 1026 Leonis
628 989 688 1034 X,
717 988 926 1026 cardinalis
958 1000 1046 1038 pre-

107 1042 243 1090 sbyter
270 1044 310 1079 et
337 1042 386 1079 R.
417 1042 460 1079 E.
491 1041 848 1087 vicecancellarius,
875 1042 940 1091 qui
973 1042 1044 1079 sub

105 1094 315 1132 Clementis
343 1094 418 1132 VII
449 1095 600 1132 nomine
629 1094 846 1132 Ecclesiam
875 1094 1044 1132 admini-

107 1147 250 1185 stravit
283 1159 405 1196 usque
439 1148 486 1185 ad
519 1159 664 1185 annum
687 1148 801 1185 1534.
839 1147 1043 1186 Pontificis

106 1200 224 1239 huius
243 1202 353 1250 gesta
373 1200 450 1239 suis
469 1200 563 1239 locis
583 1200 812 1238 referemus.

158 1253 194 1292 8.
227 1254 396 1292 Comitia
426 1254 718 1302 Norz‘mberyae
732 1276 783 1281 —
800 1254 956 1292 Interea
977 1253 1042 1290 lu-

107 1306 296 1344 theranae
311 1307 505 1345 novitates
520 1308 558 1344 in
576 1307 788 1344 Germania
804 1307 842 1344 in
860 1307 941 1344 dies
958 1319 1043 1344 ma-

107 1358 168 1408 gis
187 1360 517 1409 propagabantur.
539 1361 734 1398 Adrianus
752 1360 823 1409 Pp.
843 1360 899 1397 VI
915 1360 962 1397 ad
979 1372 1044 1397 co-

107 1412 230 1457 mitia,
247 1413 386 1451 Carolo
401 1413 437 1450 V
448 1417 587 1462 agente
600 1413 640 1450 in
653 1413 853 1462 Hispania,
866 1425 927 1450 an.
944 1413 1044 1450 1522

106 1463 390 1515 Norimbergae
405 1466 613 1513 celebrata,
625 1465 773 1515 legavit
784 1467 1042 1514 Cheregatum

107 1518 329 1568 episcopum
344 1519 603 1568 Aprutinum:
620 1520 655 1556 ei
670 1520 822 1557 litteras
835 1520 952 1566 dedit,
965 1520 1045 1568 qui-

106 1571 179 1610 bus
196 1571 350 1620 imperii
370 1573 533 1611 Ordines
554 1573 750 1620 monebat,
771 1575 813 1610 ut
829 1573 1042 1610 Lutherum

106 1624 264 1673 eiusque
285 1627 498 1664 sectatores
515 1627 728 1664 secundum
746 1626 913 1663 edictum
930 1626 1044 1664 Wor-

106 1678 296 1716 matiense
318 1678 594 1728 reprimerent,
614 1679 652 1716 in
674 1679 773 1725 alia,
794 1691 910 1727 quam
929 1679 1044 1728 lega-

107 1732 170 1767 tus
198 1729 362 1777 ferebat,
390 1731 645 1769 instructione
673 1732 898 1781 spondebat,
925 1743 967 1769 se
995 1732 1042 1769 ad

107 1782 394 1822 reformandam
424 1785 642 1822 Romanam
672 1785 842 1830 Curiam,
869 1785 906 1822 in
929 1797 1044 1834 quam

107 1847 250 1886 graves
268 1838 410 1875 abusus
430 1838 650 1886 irrepsisse,
675 1838 809 1875 maiori
831 1850 918 1875 cum
935 1839 1045 1888 inge-

108 1891 262 1928 nuitate
282 1902 396 1939 quam
414 1891 758 1940 circumspectione
773 1891 982 1938 fatebatur,
997 1891 1045 1928 ad

106 1944 342 1981 concordata
362 1947 544 1982 accurate
565 1945 761 1982 servanda
781 1945 873 1982 etin
890 1945 1046 1982 Germa-

107 1995 171 2033 nia
190 1996 375 2034 beneficia
397 2009 472 2034 non
493 1997 567 2035 nisi
587 1998 714 2047 dignis
733 2010 754 2035 e
774 1998 927 2035 natione
945 1998 1046 2035 Ger-

106 2049 259 2087 manica
284 2049 525 2088 conferenda
544 2063 626 2088 esse
646 2054 837 2099 paratum,
858 2051 1046 2100 rogabat-

106 2113 195 2151 que,
209 2106 250 2140 ut
262 2102 334 2152 ipsi
346 2102 510 2141 Ordines
527 2104 696 2142 medium
712 2104 945 2153 reprimendi
961 2104 1047 2142 hae-

149 2194 159 2216 ¹
186 2197 331 2227 Conditus
355 2201 411 2233 est,
429 2201 460 2227 ut
481 2195 525 2227 ait
540 2196 644 2227 Iovius
669 2197 713 2233 (in
737 2195 804 2227 Vita
828 2196 975 2228 Hadriani
991 2197 1048 2235 VI,

106 2237 274 2277 p.149)‚in
291 2238 368 2269 aede
382 2238 498 2269 D.l)etri
515 2247 583 2268 curn
600 2239 658 2269 hoc
674 2239 777 2269 titulo:
799 2250 810 2266 α
823 2239 996 2269 Hadrianus
1014 2240 1046 2270 Vl

108 2279 158 2309 hic
177 2279 255 2310 situs
271 2284 328 2315 est,
342 2280 391 2320 qui
404 2280 476 2310 nihil
490 2279 549 2309 sibi
562 2278 717 2310 infelicius
729 2281 760 2309 in
774 2280 834 2309 vita
847 2280 942 2318 duxit,
957 2290 1046 2320 quam

108 2319 187 2358 quod
211 2321 375 2358 imperaret
391 2332 417 2351 n.
435 2322 565 2351 loannes
589 2322 740 2351 Launoius
758 2330 829 2351 vero
845 2322 875 2358 (l.
894 2321 928 2358 4,
945 2331 991 2361 ep.
1009 2322 1047 2360 7,

109 2362 128 2390 t.
146 2359 209 2399 5,p.
226 2361 272 2399 1),
289 2370 352 2398 eOS,
371 2361 424 2401 qui
449 2362 635 2392 mediocrem
664 2362 758 2393 fuisse
784 2363 970 2393 Hadrianum
1000 2373 1049 2394 as-

108 2406 226 2439 serunt,
241 2401 354 2432 acriter
369 2403 583 2442 reprehendit,
599 2407 629 2434 et
644 2405 817 2434 veneratur
833 2405 916 2434 iilum
939 2416 950 2432 α
967 2405 1049 2444 prio-

108 2443 150 2472 ris
172 2443 238 2474 aevi
263 2444 435 2474 Pontificem
449 2468 457 2482 ,
479 2445 530 2484 qui
553 2445 659 2483 lapsos
676 2445 839 2475 Curiatium
862 2455 963 2476 mores
986 2447 1047 2477 eri-

108 2490 182 2522 gere
208 2483 408 2524 studuit‚qui
424 2489 532 2516 contra
557 2486 686 2525 cupidos
710 2490 739 2516 et
761 2495 873 2517 avaros
896 2488 1047 2519 antistites

107 2525 292 2563 patrimonia
318 2534 487 2565 pauperum
514 2527 671 2558 vindicare
694 2527 798 2564 voluit,
814 2532 842 2558 et
859 2530 1048 2569 consangui-

108 2573 183 2596 neos
200 2573 366 2605 egenorum
382 2567 531 2598 sumtibus
544 2568 732 2607 locupletare
750 2568 854 2607 noluit,
872 2570 922 2608 qui
938 2579 1046 2601 sacros

109 2615 246 2637 canones
262 2616 319 2637 non
337 2609 403 2638 sinc
419 2609 540 2648 urgenti
556 2614 587 2639 et
601 2609 778 2640 necessaria
795 2619 890 2640 causa
907 2611 1047 2642 relaxare

108 2648 230 2684 studuit,
244 2653 273 2678 et
288 2649 457 2679 Ecclesiam
471 2650 508 2679 ad
522 2650 698 2681 eorumdem
712 2660 862 2682 canonum
876 2653 1045 2684 institutum

107 2689 274 2728 regendam
291 2690 425 2728 suscepit
441 2701 468 2720 υ.

151 2730 275 2769 Legesis
293 2732 320 2760 P.
340 2731 501 2763 Burmann.
518 2730 986 2773 Hadrian.Vl‚jtJuraiect.17·27‚
1002 2736 1047 2766 in-

108 2769 201 2802 4⁰.—
217 2771 338 2802 Extant
361 2772 506 2802 Hadriani
530 2772 565 2802 Vl
585 2772 844 2805 Commentarius
867 2776 904 2806 in
920 2775 976 2807 LL.
999 2776 1050 2807 IV

109 2810 674 2851 Sententiarum(1›aris.1521insuti,
689 2817 717 2844 et
729 2814 1045 2856 QuaestionesQuod-

110 2851 254 2884 noeticae
280 2853 367 2890 (1531
390 2853 500 2889 iii-4⁰).
525 2855 554 2884 ln
573 2856 668 2894 priori
695 2865 787 2894 opere
805 2856 854 2896 (Q.
871 2858 908 2887 de
929 2859 1046 2899 confir-

107 2895 249 2925 matione
265 2905 290 2926 c.
307 2895 345 2931 9)
370 2895 442 2925 dicit
466 2900 584 2933 auctor,
603 2898 700 2935 papas
726 2897 830 2935 plures
847 2899 875 2928 in
892 2899 972 2929 Fidei
990 2909 1043 2931 ne-

109 2936 192 2974 gotio
209 2944 342 2967 errasse.
355 2935 412 2967 Sed
431 2936 602 2967 Hadrianus
617 2946 653 2967 ea
670 2938 794 2976 scripsit
809 2948 876 2970 cum
894 2944 976 2970 esset
988 2941 1043 2971 do-

108 2980 174 3006 ctor
187 2977 397 3014 Lovaniensis,
411 2982 485 3008 etex
507 2983 649 3008 contextu
666 2978 833 3017 colligitur,
846 2990 912 3010 eum
930 2981 1041 3013 ibidem

110 3016 192 3056 loqui
209 3019 247 3048 de
263 3020 321 3049 ΗΠ.
338 3019 532 3049 Pontificibus
549 3023 694 3059 tanquam
711 3019 888 3051 doctoribus
904 3023 1042 3060 privatis,

111 3057 192 3097 Opus
209 3059 281 3089 illud
299 3060 432 3099 quidem,
450 3060 516 3091 loco
540 3069 575 3090 eo
599 3070 658 3091 non
676 3065 826 3099 correcto,
841 3061 961 3094 Romae
977 3063 1042 3094 edi-

110 3102 171 3129 tum
188 3099 253 3138 suit,
269 3102 322 3131 sed
339 3102 436 3132 inscio
454 3101 616 3139 pontifice,
633 3104 665 3131 ut
681 3105 813 3132 testatur
828 3103 971 3134 editionis
988 3115 1041 3136 cu-

112 3143 196 3171 rator
217 3142 247 3171 in
274 3143 469 3173 Praefatione
492 3143 529 3173 ad
561 3144 706 3174 Ioannem
732 3143 892 3175 Ruffinum.
917 3146 953 3176 Cf
975 3146 1042 3177 Bel-

109 3180 281 3220 larminum‚
298 3182 342 3214 De
357 3185 506 3215 Romano
523 3183 684 3223 Pontifice,
702 3183 719 3214 Ι.
735 3185 781 3220 IV,
797 3194 822 3215 c.
838 3184 872 3222 ⁶2;
886 3186 1041 3220 Melchior.

113 3222 321 3265 canum,1.t'1,
337 3234 363 3257 c.
379 3224 413 3266 13
430 3225 590 3258 Lud.Vinc.
608 3225 699 3267 Gotti,
715 3225 760 3257 t.1
778 3226 856 3258 Rer.
873 3226 956 3261 Eccl.
969 3238 994 3260 c.
1011 3229 1039 3261 ⁶3.

1901 165 1976 204 149

1091 248 1207 286 resim
1234 248 1466 287 indicarent.
1494 248 1643 287 Verum
1677 249 1828 298 imperii
1864 249 2026 288 Ordines

1089 300 1192 339 inter
1225 313 1319 351 quos
1348 315 1421 340 non
1453 302 1564 352 pauci
1594 302 1832 340 novitatibus
1863 303 2024 340 Lutheri

1090 353 1294 398 favebant,
1315 355 1514 393 pontificis
1535 355 1774 405 ingenuitate
1795 357 1834 393 et
1854 356 2023 404 promis-

1089 406 1195 444 sione
1216 408 1373 445 excitati
1396 409 1698 457 responderunt:
1715 409 2025 446 XVormatiensis

1088 460 1204 498 edicti
1225 461 1445 498 executioni
1466 462 1618 499 obstare
1635 461 1862 499 seditionem
1879 461 2031 511 populi3

1089 513 1281 551 rationem
1302 525 1394 550 vero
1415 514 1644 551 restituendi
1674 515 1918 552 concordiam
1939 527 2023 552 esse

1089 566 1294 604 concilium
1314 566 1480 603 liberum
1502 567 1538 604 in
1558 566 1690 616 aliqua
1705 568 1939 606 Germaniae
1958 579 2025 605 ur-

1087 618 1134 667 be
1163 618 1265 656 intra
1293 630 1436 656 annum
1466 621 1779 667 convocandum3
1810 621 1961 658 interca
1981 633 2021 658 se

1089 675 1304 718 curaturos,
1325 684 1371 709 ne
1393 683 1517 709 novae
1537 673 1735 710 doctrinae
1756 685 2026 723 propagaren-

1089 724 1166 768 tur,
1194 724 1259 762 sed
1281 736 1419 773 purum
1441 725 1694 774 Evangelium
1717 727 2022 775 praedicaretur.

1090 775 1301 815 Praeterea
1320 777 1565 815 comitiorum
1586 780 1738 816 nomine
1761 780 1902 828 prodiit
1916 779 2029 817 libel-

1089 828 1148 866 lus
1169 832 1324 868 centum
1346 831 1616 880 gravaminum
1638 832 1805 870 nationis
1826 833 2027 870 Germani-

1089 894 1156 919 cae
1185 884 1375 922 adversus
1407 884 1664 933 Apostolicam
1695 884 1843 923 Sedem.
1875 886 1933 923 Ex
1954 898 2023 923 eo-

1089 947 1173 972 rum
1206 935 1370 974 lectione
1399 940 1639 986 compertum
1670 940 1754 984 est,
1785 939 2018 976 Lutheranis

1089 987 1239 1036 placitis
1268 990 1414 1028 deditos
1443 990 1576 1037 fuisse,
1605 990 1667 1039 qui
1697 990 1765 1027 illa
1784 992 2023 1040 conscripse-

1090 1045 1190 1079 runt.
1213 1042 1318 1079 Haec
1338 1041 1527 1081 Ordinum
1548 1043 1695 1092 imperii
1717 1044 1857 1092 agendi
1885 1046 2022 1084 modus

1088 1094 1302 1133 Adrianum
1316 1097 1385 1145 Pp.
1402 1109 1544 1146 magno
1560 1097 1689 1134 dolore
1706 1096 2026 1143 affecit,haereti-

1088 1159 1220 1185 corum
1241 1161 1333 1186 sane
1354 1150 1557 1187 audaciam
1582 1149 1703 1187 auxit.

1139 1201 1252 1239 Anno
1273 1202 1374 1240 1524
1394 1203 1568 1241 Clemens
1580 1203 1650 1252 Pp.
1671 1202 1746 1240 VII
1767 1202 1814 1239 ad
1844 1204 2002 1242 comitia
2016 1234 2026 1252 ,

1088 1264 1242 1291 rursum
1270 1254 1551 1306 Norimbergae
1580 1257 1841 1305 congregata,
1870 1257 2020 1306 legavit

1087 1307 1323 1345 cardinalem
1355 1310 1627 1359 Campegium3
1656 1310 1720 1358 qui
1750 1309 1862 1347 docta
1881 1313 1921 1347 et
1939 1311 2023 1348 ele-

1087 1361 1194 1408 ganti
1222 1361 1398 1399 oratione
1425 1363 1620 1411 principes
1646 1363 1859 1400 Germanos
1879 1363 1927 1401 ad
1950 1375 2020 1401 ur-

1088 1414 1254 1462 gendum
1285 1415 1484 1452 decretum
1503 1416 1632 1464 ibique
1650 1415 1954 1464 WVormatiense,
1975 1418 2022 1455 ad

1090 1467 1371 1515 reprimendam
1393 1468 1584 1506 haeresim
1605 1472 1644 1506 et
1659 1468 1937 1506 defendendam
1959 1482 2023 1508 ca-

1087 1519 1269 1557 tholicam
1297 1521 1414 1558 fidem
1437 1522 1615 1560 hortatus
1635 1524 1711 1569 est3
1732 1521 1905 1570 plurium
1925 1535 2019 1572 gra-

1090 1573 1301 1621 vaminum,
1321 1586 1420 1623 quae
1439 1576 1487 1613 ad
1503 1575 1766 1625 Apostolicam
1789 1574 1927 1613 Sedem
1949 1577 2030 1614 de-'

1087 1625 1170 1663 lata
1190 1626 1357 1673 fuerant,
1377 1628 1610 1666 iniustitiam
1631 1627 1825 1676 ostendit3
1845 1629 1952 1666 illam
1970 1632 2029 1667 ta-

1090 1690 1173 1715 men
1195 1683 1458 1719 correcturam
1479 1682 1675 1731 promisit,
1695 1681 1795 1729 quod
1815 1683 2025 1730 prudentia

1088 1733 1368 1771 emendandum
1389 1735 1568 1773 suaserit.
1585 1737 1637 1773 At
1653 1733 1809 1772 comitia
1825 1734 1905 1773 fere
1920 1735 2021 1773 idem

1087 1797 1131 1822 ac
1159 1797 1277 1835 supra
1296 1789 1586 1836 responderunt.
1608 1787 1890 1826 Verumtamen
1922 1789 2028 1838 prin-

1087 1839 1190 1887 cipes
1234 1840 1414 1878 catholici
1460 1841 1635 1879 videntes
1654 1871 1665 1889 ,
1697 1842 1916 1880 haereticos
1951 1854 2026 1879 non

1087 1894 1235 1929 tantum
1255 1892 1295 1929 in
1315 1894 1498 1939 Saxonia,
1519 1895 1586 1932 sed
1607 1895 1723 1933 etiam
1741 1893 1781 1931 in
1798 1895 2021 1944 regionibus

1087 1944 1223 1983 vicinis
1253 1958 1413 1984 numero
1439 1948 1575 1997 augeri
1598 1948 1734 1986 eodem
1755 1959 1856 1985 anno
1876 1961 2021 1986 conve-

1087 2000 1229 2034 nerunt
1256 1999 1523 2038 Ratisbonam.
1552 2002 1724 2039 Aderant
1750 2001 2020 2040 F'erdinandus

1086 2051 1274 2089 archidux
1307 2054 1493 2092 Austriae
1528 2056 1567 2092 et
1595 2054 1720 2092 frater
1748 2055 1994 2104 imperatoris
2012 2084 2021 2102 ,

1087 2104 1203 2142 duces
1238 2106 1442 2153 Bavariae,
1480 2107 1760 2159 archiepiscopi
1790 2111 1829 2145 et
1858 2108 2024 2158 episcopi

1087 2157 1410 2207 Salisburgwsis,
1432 2160 1694 2208 Tridentinus,
1712 2162 2026 2210 Bambergensis,

1086 2210 1290 2259 Spirensis,
1305 2213 1610 2262 Argentinensis‚
1621 2214 1940 2260 Constantiensis,
1953 2215 2025 2251 Ba-

1086 2264 1279 2310 sileensis,
1307 2265 1575 2315 Frisingensis.
1597 2268 1627 2304 Ii
1649 2268 1843 2306 communi
1865 2267 2025 2305 consilio

1087 2317 1355 2366 decreverunt,
1379 2323 1422 2357 ut
1436 2321 1637 2358 decretum
1654 2321 1944 2360 Wormatiense
1963 2321 2027 2358 ob·

1087 2377 1325 2418 servaretur,
1351 2372 1445 2410 nihil
1464 2373 1502 2410 in
1523 2374 1862 2413 administratione
1883 2375 2025 2411 Sacra-

1088 2426 1306 2462 mentorum
1335 2429 1403 2464 aut
1431 2428 1684 2466 caeremoniis
1712 2428 1833 2466 sacris
1853 2427 2024 2464 innova-

1088 2479 1206 2521 retur,
1235 2478 1273 2514 in
1302 2480 1506 2517 monachos
1527 2483 1723 2529 apostatas
1743 2485 1782 2519 et
1801 2480 2024 2518 sacerdotes

1087 2530 1376 2569 matrimonium
1407 2534 1702 2580 contrahentes,
1732 2534 1942 2571 secundum
1964 2545 2024 2570 ca-

1089 2595 1231 2620 nonum
1261 2584 1427 2633 rigorem
1453 2586 1848 2624 animadverteretur.
1870 2586 2023 2623 Verum

1088 2635 1276 2685 principes
1292 2649 1445 2687 quoque
1462 2652 1585 2677 novae
1607 2640 1782 2689 religioni
1803 2636 1936 2685 dediti,
1954 2650 2022 2687 pro

1086 2689 1169 2727 eius
1207 2690 1431 2729 defensione
1462 2695 1674 2730 conventus
1702 2693 1845 2730 habere
1874 2703 2014 2740 coepe-

1086 2745 1181 2779 runt
1202 2740 1242 2781 ¹..
1336 2786 1339 2789 ,

1137 2795 1172 2832 9.
1207 2796 1435 2845 sz‘nylius
1474 2798 1781 2836 Sacramentar.
1807 2819 1855 2826 —
1879 2798 2024 2836 Eodem

1085 2849 1256 2897 tempore
1276 2850 1432 2887 Ulricus
1451 2850 1663 2900 Zwinglius
1693 2851 1925 2889 catholicam
1947 2851 2019 2888 do-

1084 2901 1247 2939 ctrinam
1266 2904 1526 2951 oppugnahat,
1547 2911 1586 2940 et
1602 2904 1801 2953 religiosas
1822 2904 2020 2942 novitates

1081 2956 1291 3002 spargebat
1307 2957 1343 2992 in
1358 2957 1549 2993 Helvetia.
1574 2957 1609 2993 Is
1634 2969 1695 2994 an.
1715 2958 1814 2995 1484
1831 2959 1869 2994 in
1886 2957 2021 2995 eadem

1081 3009 1187 3045 terra
1217 3011 1349 3053 natus,
1380 3009 1508 3046 varios
1527 3009 1604 3046 iam
1625 3013 1830 3059 conceptus
1860 3011 2020 3047 hetero-

1081 3061 1200 3098 doxos
1219 3061 1402 3098 hauserat
1420 3073 1443 3098 a
1457 3061 1607 3099 Thoma
1623 3063 1880 3102 Wittenbach
1892 3092 1900 3108 ,
1918 3063 2020 3100 theo·

1079 3113 1205 3162 logiae
1230 3113 1445 3162 professore
1465 3114 1503 3151 in
1519 3114 1783 3155 Universitate
1795 3116 2022 3154 Basileensi.

1124 3229 1133 3251 ¹
1150 3230 1338 3269 Cochlaeus,
1355 3230 1411 3262 loc.
1430 3230 1494 3269 cit.;
1515 3231 1624 3272 Audin,
1640 3230 1696 3274 Op.
1713 3232 1775 3274 cil„
1791 3235 1809 3265 t.
1828 3232 1865 3273 11,
1881 3241 1906 3264 c.
1924 3231 1990 3264 5-6.
