2241 3473
228 130 310 170 410

174 215 215 248 et
241 210 497 248 seditionibus
532 208 704 248 aluntur,
733 211 774 242 et
799 205 918 242 duces
943 205 1048 240 illius
1065 216 1122 240 so-

174 266 330 302 cietatis
366 274 464 310 quae
497 259 698 296 National
737 258 892 305 Leayue
933 258 1125 305 appellari

175 318 394 357 consuevit,
423 315 458 349 in
488 314 640 350 Summi
666 312 867 348 Pontificis
894 313 1044 347 monita
1070 312 1124 347 in-

171 372 448 410 surrexerunt,
477 368 654 414 Eumque
679 365 719 400 in
739 377 920 402 errorem
939 377 962 401 a
977 365 1125 401 Guber-

173 427 238 461 nio
276 424 466 459 Britanno
506 426 661 467 raptum
699 419 820 455 fuisse
859 419 1123 455 affirmarunt.

174 479 243 515 His
262 476 441 512 omnibus
459 486 502 510 os
521 473 715 510 obstruxit
732 472 954 509 Instructc'o
975 473 1124 509 Sacrae

174 529 506 577 Congregationis
534 528 580 564 de
601 527 868 574 Propaganda
885 526 999 570 Fide,
1019 527 1124 562 edita

175 584 236 620 die
253 585 295 619 11
317 583 409 618 maii
430 582 535 624 1883,
555 581 615 616 cui
637 581 874 628 perlibenter
896 580 1127 626 adstipulati

173 643 263 675 sunt
289 636 471 684 Episcopi
509 635 737 671 Hiberniae.
773 635 897 670 Sacer
925 634 999 670 iste
1027 635 1127 672 Con-

174 702 305 728 sessus
338 689 540 725 damnavit
574 689 804 732 collectam,
832 699 931 735 quae
957 687 1128 723 Parnezc

175 743 416 782 testimoniet
436 742 547 790 fund
573 742 693 785 audit,
721 753 795 778 nec
814 741 976 788 proinde
1004 742 1130 778 eccle-

174 799 343 835 siasticis
354 797 451 833 viris
470 796 642 832 maxime
661 807 757 831 vero
776 795 984 843 Episcopis
1005 796 1126 832 licere

174 865 262 890 eam
278 853 353 888 ullo
374 850 488 887 modo
509 849 792 886 commendare
811 850 873 885 vel
889 861 1128 896 promovere

174 905 408 943 declaravit.
428 904 584 940 Etenim
605 903 830 951 «quidquid,
851 904 984 939 aiebat
1010 904 1128 941 Card.

174 959 364 1001 Simeoni,
392 958 439 993 de
467 968 638 1004 persona
657 956 831 993 Parnelli
858 958 1019 1004 eiusque
1040 969 1125 993 con-

174 1014 270 1050 siliis
291 1041 299 1056 ‚
328 1012 574 1058 exploratum
604 1014 738 1046 tamen
766 1015 839 1053 est,
867 1011 1001 1057 plures
1021 1022 1070 1047 ex
1088 1011 1129 1046 il-

176 1067 249 1102 lius
268 1066 435 1102 asseclis
454 1076 541 1101 eam
571 1064 715 1110 agendi
744 1064 942 1100 rationem
969 1064 1006 1099 in
1036 1065 1130 1100 mul-

174 1121 223 1156 tis
252 1120 408 1156 casibus
447 1119 695 1163 adhibuisse,
722 1130 822 1166 quae
848 1119 964 1166 plane
992 1119 1128 1155 abhor-

176 1181 236 1213 ret
262 1175 309 1211 ab
335 1175 382 1209 iis
410 1185 508 1221 quae
536 1174 721 1209 Summus
757 1173 941 1209 Pontifex
974 1173 1013 1208 in
1047 1173 1127 1209 suis

175 1232 223 1269 ad
250 1229 366 1268 Card.
397 1228 748 1276 Archiepiscopum
768 1227 1048 1264 Dublinensem
1068 1229 1127 1264 lit-

176 1288 272 1324 teris
299 1285 539 1327 enunciavit,
552 1294 728 1331 quaeque
748 1283 785 1318 in
805 1283 1130 1319 instructionibus

175 1345 290 1381 huius
317 1344 357 1380 S.
385 1340 717 1388 Congregationis
745 1339 792 1374 ab
811 1339 1028 1376 Hiberniae
1043 1339 1131 1386 Epi-

177 1400 307 1447 scopis
342 1399 379 1434 in
409 1396 641 1444 nuperrimo
674 1394 904 1430 Dublinensi
936 1399 1130 1438 conventu

178 1454 417 1491 unanimiter
444 1451 618 1499 receptis
646 1449 902 1485 continentur
921 1451 931 1472 1
952 1462 972 1483 »

225 1514 361 1551 Studia
378 1510 666 1557 haec,consilia
684 1515 724 1546 et
742 1521 865 1556 opera
884 1510 1018 1556 magni
1035 1510 1132 1545 Leo-

182 1570 240 1605 nis
266 1569 372 1612 XllI,
400 1569 560 1614 eiusque
580 1566 619 1600 in
639 1564 807 1600 Domino
825 1564 999 1599 filiorum
1014 1593 1021 1607 ,
1043 1564 1131 1611 Epi—

177 1634 387 1671 scoporum
408 1620 639 1663 Hiberniae,
658 1619 755 1655 satis
781 1630 977 1666 superque
1004 1624 1130 1655 osten-

177 1678 285 1721 dunt,
302 1676 545 1715 Catholicam
558 1673 778 1711 Ecclesiam
794 1673 1026 1720 populorum
1044 1685 1131 1710 esse

179 1732 358 1768 altr-icem
385 1735 425 1767 et
451 1734 642 1766 tutamen.

223 1786 284 1823 90.
323 1783 544 1831 Religionis
581 1784 707 1818 statas
747 1781 787 1816 in
825 1780 1132 1817 Dania--Pro-

177 1839 329 1886 scripta
348 1839 424 1873 iam
445 1838 493 1873 ab
521 1847 624 1873 anno
653 1835 745 1872 1539
768 1834 962 1871 catholica
980 1835 1134 1882 religio-

179 1905 228 1929 ne
244 1893 346 1940 apud
366 1892 528 1934 Danios,
543 1890 655 1926 sicuti
677 1889 844 1924 vidimus
857 1891 886 1932 2,
902 1889 995 1924 nihil
1011 1890 1134 1925 inten-

180 1951 304 1984 tatum
339 1957 363 1982 a
388 1945 602 1982 cultoribus
638 1943 842 1979 Ecclesiae
868 1942 1013 1980 Christi
1048 1943 1135 1980 reli-

181 2007 285 2037 ctum
312 2005 384 2044 est,
404 2004 447 2035 ut
473 1998 521 2034 ad
547 2008 684 2034 veram
706 1997 952 2044 Religionem
974 2008 1138 2033 eonver—

182 2059 331 2092 terent.
369 2052 535 2089 Iesuitae
571 2052 731 2088 inenute
767 2051 924 2086 saeculo
959 2050 1052 2086 XVI
1091 2062 1138 2086 eo

181 2109 344 2146 consilio
376 2107 584 2144 missiones
614 2107 799 2148 inierunt,
832 2104 900 2141 sed
927 2104 1030 2140 haud
1056 2105 1137 2141 feli-

182 2177 268 2202 cem
297 2165 446 2201 exitum
491 2161 644 2208 experti
670 2164 773 2196 sunt·
818 2160 886 2195 Eis
917 2170 1020 2195 anno
1048 2160 1138 2196 1623

182 2219 355 2257 adiuncti
380 2223 471 2257 sunt
489 2217 569 2253 FF.
601 2215 850 2252 Dominicani
877 2225 1009 2251 secum
1036 2215 1139 2252 defe-

182 2280 317 2313 rentes
342 2275 530 2311 librorum
558 2276 597 2308 et
615 2269 917 2317 supellectilium
932 2280 1139 2305 sacrarum

184 2332 386 2379 ingentem
417 2328 586 2376 copiam,
613 2330 652 2362 et
679 2335 921 2372 quocumque
956 2323 1140 2361 adventa—

184 2392 293 2430 rent,
312 2384 578 2432 operabantur
599 2380 813 2417 catholicos
832 2380 943 2414 ritus.
971 2380 1023 2415 At
1049 2391 1139 2416 mox

185 2440 295 2482 inde,
325 2440 479 2475 iubente
508 2447 602 2483 rege
629 2435 676 2471 ab
696 2433 921 2480 apostolicis
953 2433 1056 2469 curis
1076 2433 1139 2470 de-

185 2495 325 2531 sistere
359 2492 487 2530 adacti
514 2495 618 2528 sunt.
647 2491 836 2525 Attamen
865 2499 963 2523 unus
1002 2499 1052 2524 ex
1079 2489 1138 2531 iis,

186 2549 249 2596 qui
277 2548 525 2585 missionibus
543 2555 706 2592 operam
728 2542 924 2578 navabant
945 2570 952 2584 ,
980 2553 1026 2578 eo
1054 2554 1139 2578 rem

188 2603 388 2650 perduxit,
423 2607 466 2638 ut
508 2597 830 2637 Fridericostadii
857 2597 1140 2632 Sclesvicensis

189 2657 510 2693 communitatem
527 2654 761 2691 catholicam
779 2652 1049 2688 constitueret.
1067 2652 1139 2686 Fa-

191 2712 369 2749 ventibus
399 2708 721 2750 circumstantiis,
749 2707 874 2743 altare
903 2705 1138 2741 catholicum

189 2777 340 2813 quoquc
374 2770 552 2802 erectum
592 2767 652 2800 est
679 2763 850 2798 Altonac
879 2761 914 2795 in
944 2759 1138 2794 Holsatia.

191 2820 240 2854 Et
268 2820 340 2856 hae
369 2820 527 2856 fuerunt
556 2818 707 2866 priores
742 2819 905 2852 evectae
949 2813 1141 2849 stationes

191 2873 237 2907 ad
265 2873 589 2910 Catholicismum
620 2872 657 2907 in
686 2870 759 2906 illis
796 2868 1019 2916 regionibus
1062 2879 1142 2902 ser—

191 2927 375 2962 vandum.
397 2928 578 2963 Alterum
606 2936 757 2974 qnoque
802 2924 928 2959 altare
965 2926 1140 2957 erectum

191 2986 251 3016 est
267 2981 473 3027 Haphniae
503 2980 789 3028 (Cerenltccgyen)
810 2988 912 3013 anno
935 2976 1037 3019 1630,
1059 2986 1143 3010 coo-

194 3043 358 3080 perante
387 3037 494 3083 regis
520 3035 672 3072 Galliae
702 3034 846 3079 legato.
883 3032 980 3069 Cum
1009 3035 1140 3066 autem

241 3109 246 3127 ¹
268 3106 309 3145 (21‘.
330 3107 366 3134 ιιι·
394 3106 449 3135 hac
477 3113 509 3136 re
538 3102 845 3144 ‹.p11s.e=nnnno:
881 3103 987 3134 noum
1007 3113 1022 3134 e
1043 3101 1066 3133 il
1086 3101 1144 3133 Fe-

193 3151 368 3182 ruanis-mo
385 3160 401 3181 c
420 3151 451 3181 la
474 3149 644 3182 Circnlure
671 3147 722 3179 del
753 3149 843 3190 Papa
863 3152 980 3181 cantro
1001 3149 1143 3180 Par-nell

199 3207 253 3238 pm*
279 3196 330 3226 W.
360 3196 494 3228 Muzuc-re
524 3195 637 3235 lirmly,
666 3192 762 3225 Itonia
795 3195 889 3227 1883.

238 3242 249 3261 “·’
276 3243 331 3284 l'p.
364 3241 523 3280 isi-152,
551 3242 631 3279 270,
661 3239 736 3271 308.

519 131 791 167 EPOCHA'xm.
816 141 842 165 A
862 137 1046 166 PVBLICA
1067 138 1217 165 RERVM
1240 137 1282 163 IN
1304 137 1476 164 GALLIIS
1495 136 1786 164 SVBVERSIONE

1175 210 1304 246 insula
1337 208 1606 245 Nordstrandt
1631 220 1681 244 ex
1706 207 2022 244 inundationibus
2060 219 2124 243 va-

1178 268 1282 300 stata
1309 268 1390 307 est,
1410 263 1571 299 libertas
1586 262 1773 309 religiosa
1786 262 1878 297 data
1892 262 1966 298 fuit
1982 273 2056 310 quo
2074 263 2132 298 fa—

1179 318 1289 353 cilius
1322 317 1477 352 incolae
1504 316 1553 352 ad
1578 327 1668 352 eam
1699 315 1991 362 immigrarent;
2024 315 2128 352 unde

1179 371 1294 417 paulo
1314 375 1402 418 post
1420 371 1511 406 inibi
1533 368 1718 417 paroecia
1736 373 1871 405 erecta
1896 373 1978 413 est,
2005 375 2046 406 et
2071 381 2134 406 ec-

1179 425 1300 460 clesia
1335 425 1492 460 condita
1529 435 1633 459 anno
1670 423 1776 459 1661.
1813 423 1927 458 Anno
1953 423 2135 471 sequenti

1179 479 1283 514 aliud
1310 479 1500 525 templum
1540 478 1776 513 catholicum
1813 477 2028 513 excitatum
2062 478 2135 513 fuit

1179 532 1408 577 Clucstadii;
1426 543 1529 569 anno
1547 531 1638 568 1682
1654 531 1959 578 Fridericopolis
1978 531 2015 566 in
2031 531 2136 568 Iutia

1179 585 1370 630 (Iactanti)
1404 586 1586 622 catholici
1616 585 1841 621 libertatem
1877 585 2003 620 cultus
2037 585 2133 621 obti-

1180 652 1317 684 nuere;
1333 651 1435 676 anno
1455 640 1547 677 1690
1562 640 1681 675 aliam
1697 639 1906 675 ecclesiam
1932 639 2130 675 Rensbur-

1181 695 1219 742 gi
1234 705 1416 738 erexere3
1429 696 1483 730 ita
1497 698 1538 729 ut
1549 692 1689 729 exinde
1704 692 1895 728 stationes
1909 692 2132 729 catholicae

1180 750 1219 784 in
1249 749 1462 796 potioribus
1489 749 1600 794 regni
1637 747 1733 783 locis
1765 747 1913 783 fuerint
1946 747 2131 783 constitu-

1183 807 1259 839 tae.
1289 804 1456 839 Demum
1484 802 1631 838 erectio
1659 801 1886 837 Vicariatus
1913 800 2133 848 Apostolici

1182 869 1250 905 pro
1287 857 1536 893 missionibus
1575 855 1748 891 nordicis
1786 855 1981 902 aptiorem
2016 865 2130 901 regu—

1182 912 1259 947 lam
1288 912 1363 946 illis
1383 910 1628 945 missionibus
1663 908 1782 952 dedit;
1818 913 1857 944 et
1892 907 1959 954 Pp.
1982 907 2130 954 Grego-

1183 965 1263 1001 rius
1290 965 1382 1000 XVI
1410 964 1660 999 Vicariatum
1691 960 1906 997 huiusmodi
1943 960 2135 1007 suffraga-

1184 1030 1256 1055 neo
1285 1017 1515 1064 Osnabrugi
1536 1015 1745 1058 commisit,
1774 1016 1878 1050 facto
1905 1014 1940 1050 ei
1967 1025 2132 1050 munere

1184 1072 1411 1109 consulendi
1440 1073 1540 1107 bono
1568 1068 1762 1117 spirituali
1789 1068 1966 1111 omnium
1981 1067 2134 1105 Daniae

1183 1127 1481 1163 catholicorum.
1499 1124 1576 1161 Sed
1596 1134 1700 1159 nova
1717 1124 1783 1158 lux
1801 1133 1871 1169 pro
1889 1121 2138 1158 missionibus

1186 1181 1356 1217 nordicis
1383 1179 1587 1227 apparuit,
1617 1189 1752 1214 mense
1781 1177 1885 1213 iunio
1913 1177 2005 1213 anni
2031 1176 2139 1222 1849,

1184 1235 1337 1285 quando
1373 1247 1444 1271 rex
1477 1234 1630 1270 Daniae
1658 1231 1887 1269 Fridericus
1925 1233 1973 1269 ΙΙΙ
2008 1238 2138 1269 ratam

1183 1292 1317 1327 habuit
1344 1302 1484 1327 novam
1512 1289 1662 1326 Daniae
1682 1289 2016 1333 constitutionem,
2036 1300 2135 1337 quae

1180 1348 1360 1384 omnibus
1386 1347 1499 1394 regni
1524 1346 1674 1382 civibus
1692 1346 1849 1391 plenam
1868 1345 2071 1392 religionis
2090 1345 2135 1381 li-

1184 1405 1379 1440 bertatem
1397 1402 1657 1443 concessit,et
1671 1402 1908 1449 aequalitate
1925 1402 2068 1438 iurium
2088 1401 2138 1437 ci·

1183 1459 1317 1494 vilium
1346 1457 1438 1495 frui.
1466 1457 1576 1493 Tunc
1603 1456 1758 1504 quidem
1786 1457 1913 1493 soluta
1939 1461 2030 1493 sunt
2057 1459 2140 1492 vin-

1185 1514 1274 1550 cula
1293 1513 1432 1561 quibus
1450 1524 1522 1560 per
1539 1512 1617 1548 tria
1636 1511 1879 1547 continentia
1893 1512 2054 1548 saecula
2068 1511 2139 1548 Ec-

1186 1568 1310 1605 clesia
1336 1568 1386 1603 ibi
1404 1566 1741 1613 obstringebatur;
1753 1570 1793 1601 et
1808 1577 1858 1602 ex
1875 1570 1966 1601 tunc
1982 1565 2134 1602 Daniae

1186 1622 1371 1658 catholici
1399 1621 1522 1658 libere
1542 1621 1743 1668 propriam
1771 1620 2003 1667 religionem
2021 1620 2136 1667 profi-

1188 1681 1336 1713 tentur.

1233 1731 1293 1767 Ob
1326 1731 1427 1767 hanc
1461 1730 1685 1766 libertatem
1719 1729 1814 1777 ipsis
1843 1728 2013 1771 factam,
2035 1739 2138 1765 anno

1187 1785 1280 1822 1869
1310 1786 1529 1833 Episcopus
1556 1784 1837 1831 Osnabrugen,
1866 1783 1990 1830 potuit
2015 1783 2132 1820 visita

1188 1841 1316 1876 tiones
1336 1839 1556 1886 pastorales
1575 1849 1696 1886 penes
1715 1837 1898 1873 nordicas
1925 1837 2134 1874 missiones

1189 1905 1398 1942 peragere.
1428 1893 1520 1929 Pius
1549 1893 1604 1928 IX
1621 1904 1690 1939 per
1717 1891 1922 1938 epistolam
1950 1895 2139 1938 autogra-

1191 1949 1307 1996 pham
1342 1948 1426 1993 regi
1454 1947 1605 1983 Daniae
1634 1946 1784 1993 gratias
1816 1945 1897 1992 egit
1935 1945 1982 1982 de
2024 1945 2142 1982 liber-

1188 2008 1268 2039 tate
1297 2002 1477 2049 religioni
1503 2001 1723 2037 catholicae
1743 2010 1946 2043 concessa,
1975 2003 2016 2035 et
2033 2010 2137 2035 eam-

1188 2056 1278 2093 dem
1316 2056 1612 2092 concessionem
1641 2054 1752 2102 petiit
1780 2065 1847 2101 pro
1874 2053 2137 2090 Sclesvicensi

1190 2111 1422 2158 degentibus
1439 2140 1447 2154 ,
1475 2111 1514 2146 in
1540 2120 1617 2157 qua
1644 2110 1820 2156 regione,
1847 2109 1903 2144 uti
1930 2108 1968 2144 in
1994 2107 2138 2144 ducatu

1192 2166 1411 2207 Holsatiae,
1430 2165 1523 2202 data
1542 2165 1620 2200 iam
1640 2164 1772 2200 fuerat
1798 2162 2001 2210 religionis
2028 2162 2141 2199 liber-

1194 2225 1252 2256 tas
1280 2224 1431 2256 tantum
1460 2231 1529 2267 pro
1557 2219 1752 2255 hebraeis.

1239 2274 1315 2310 Sed
1353 2274 1442 2310 dum
1470 2274 1651 2311 Ecclesia
1675 2273 1858 2309 libertate
1900 2272 2038 2320 gavisa
2079 2276 2141 2309 est

1193 2329 1601 2373 Daniae,servitutem
1623 2333 1754 2364 tamen
1777 2338 1894 2375 passa
1919 2332 1979 2363 est
1999 2327 2038 2362 in
2052 2327 2146 2364 duo-

1195 2384 1264 2419 bus
1300 2383 1512 2419 Ducatibus
1540 2383 1648 2419 Albis
1668 2381 2141 2429 (Holsatiac-Sleswc'yis)

1195 2439 1334 2485 partini
1371 2438 1455 2485 regi
1489 2438 1637 2473 Daniae
1677 2437 1873 2473 subiectis.
1904 2436 1958 2472 lbi
2001 2436 2140 2483 religio

1194 2492 1387 2529 catholica
1408 2496 1560 2528 tantum
1590 2491 1834 2527 tolerabatur
1856 2492 1893 2526 in
1913 2490 2143 2538 quibusdam

1194 2548 1415 2583 constitutis
1433 2547 1541 2590 locis;
1560 2546 1798 2594 prohibitum
1818 2549 1906 2582 erat
1923 2555 2047 2581 novas
2065 2545 2142 2581 cul-

1195 2607 1321 2638 torum
1350 2602 1575 2637 mansiones
1601 2601 1758 2647 erigere
1778 2629 1786 2644 ‚
1821 2610 2036 2647 campanas
2063 2600 2143 2647 pul-

1193 2667 1309 2698 sare,
1337 2661 1377 2692 et
1405 2655 1551 2691 nemini
1587 2667 1636 2691 ex
1666 2654 1907 2702 presbyteris
1941 2653 2145 2690 catholicis

1194 2712 1251 2746 fas
1285 2716 1373 2746 erat
1405 2721 1475 2745 sna
1503 2710 1637 2745 munia
1669 2709 1793 2751 obire,
1823 2708 1914 2755 quin
1946 2708 2054 2755 prius
2081 2719 2145 2744 ve-

1192 2765 1294 2800 niam
1324 2764 1611 2801 etelectionern
1630 2763 1703 2799 loci
1738 2773 1761 2798 a
1786 2762 2028 2800 Consistorio
2056 2773 2143 2810 pro-

1197 2821 1353 2855 testanti
1381 2819 1613 2855 obtinuisset

1244 2874 1394 2910 Bellum
1422 2885 1516 2909 vero
1535 2884 1597 2908 an.
1620 2873 1711 2910 1864
1731 2872 2029 2920 subsequutum,
2057 2871 2145 2908 huic

1197 2940 1326 2965 rernm
1356 2928 1496 2964 rationi
1518 2930 1635 2964 linem
1663 2926 2042 2973 iniposuit31ibertas
2069 2926 2142 2961 Re-

1196 2983 1347 3029 ligionis
1370 2983 1416 3018 ab
1452 2981 1735 3029 imperantibus
1764 2979 1974 3016 Bornssiae
2001 2983 2042 3016 et
2068 2981 2144 3015 Au—

1194 3037 1328 3079 sonio,
1357 3036 1419 3082 qni
1449 3036 1553 3082 ipsos
1579 3034 1742 3070 ducatos
1771 3033 1879 3081 potiti
1906 3036 2027 3075 sunt,
2053 3032 2145 3068 data

1195 3096 1268 3132 ost,
1297 3095 1331 3125 et
1363 3101 1450 3125 mox
1471 3089 1674 3124 Holsatiae
1709 3087 1894 3134 paroecia
1914 3090 2049 3123 erecta
2068 3091 2142 3122 est.

1198 3145 1296 3179 llinn
1315 3143 1388 3177 dno
1412 3144 1582 3179 Ducatns
1601 3145 1608 3166 ¹
1631 3154 1654 3178 a
1674 3141 1984 3188 Borussia‚quae
2006 3146 2143 3187 postea

1243 3236 1248 3256 ¹
1280 3236 1348 3268 vm.
1377 3246 1407 3277 [ι.
1437 3237 1514 3268 3ου.
