2241 3473
754 100 880 133 VSQVE
907 101 960 128 AD
988 100 1270 128 INNOCENTIVM
1302 100 1357 128 111.

1913 88 1962 126 13

95 171 370 218 die23⁰‚quam
381 166 561 206 Pontifex
574 167 721 205 electus
736 168 821 204 erat
834 166 911 203 ¹.In
925 167 1030 202 tem-
1074 165 1213 203 Troiae
1233 166 1270 202 in
1292 164 1452 215 Apulia,
1472 165 1510 202 in
1531 176 1609 214 qua
1628 165 1825 203 decretum
1847 164 2016 202 condidit

96 226 158 276 plo
174 222 346 262 coenobii
359 218 1031 269 Casinensissepnltnsest..FastiBe·
1074 219 1120 255 de
1141 216 1300 256 incestis
1317 218 1504 266 coniugiis
1526 216 1549 254 ¹.
1574 219 1688 255 Anno
1711 217 1812 256 1095
1831 229 1918 255 cum
1937 218 2015 256 200

98 275 282 317 nedictini
303 275 385 312 eius
406 274 631 311 memoriam
652 273 712 310 die
737 273 782 309 16
802 270 1032 320 septembris

97 329 271 370 recolunt
286 328 344 365 his
361 328 499 364 verbis:
514 338 536 363 «
548 328 588 364 In
606 325 840 363 Monasterio
853 324 1032 362 Casinen-

94 384 125 422 si
141 382 269 420 obitus
285 381 392 418 Beati
412 380 579 417 Victoris
598 381 666 428 Pp.
684 378 738 414 111
754 378 964 414 sanctitate
981 376 1032 412 vi-

95 439 172 480 tae,
186 440 226 473 et
246 433 526 471 miraculorum
548 432 672 477 gloria
689 430 890 468 clarissimi
907 441 942 466 ».

152 489 211 526 10.
242 488 430 524 Urbanus
458 487 501 522 II
527 486 722 532 Pontifex
747 484 830 532 (an.
856 481 1032 531 1088)—

99 542 193 580 Post
223 541 366 577 obitum
400 538 566 575 Victoris
595 537 668 581 III,
702 547 818 584 quum
849 536 1034 582 antipapa

98 595 306 632 Gnibertus
328 593 364 629 in
389 593 530 630 Urbem
554 591 733 632 venisset,
750 590 796 626 ad
819 587 1034 624 cardinales

99 647 286 696 aliosque,
307 657 471 694 qnorum
494 644 694 687 intererat,
710 642 894 688 scriptum
910 642 981 684 est,
995 642 1035 677 ut

98 699 354 738 Tarracinam
372 698 408 735 in
419 696 630 745 Campania
645 694 897 732 convenirent
910 693 971 730 vel
985 693 1035 729 Ie-

100 756 210 802 gatos
239 752 441 790 mitterent
460 750 507 786 ad
529 749 752 797 eligendum
779 758 919 784 novum
941 758 1034 795 pon-

98 807 256 845 tificem.
277 804 440 842 Comitia
466 802 645 839 inchoata
665 805 754 838 sunt
776 799 955 848 postridie
972 811 1035 835 110-

100 871 169 897 nas
191 858 318 896 martii
337 856 449 899 1088,
464 859 503 892 et
525 857 665 903 quarto
682 858 768 902 post
787 853 848 890 die
864 853 1035 889 omnium

100 923 286 950 consensu
318 910 466 947 electus
486 907 559 945 fnit
587 907 692 952 Otto,
712 907 868 943 natione
889 905 1037 950 Gallus,

100 977 122 1003 e
142 963 330 1002 monacho
346 961 589 1000 Cluniacensi
609 961 810 1008 episcopus
831 958 1038 996 cardinalis

101 1017 302 1061 Ostiensis,
323 1014 501 1063 Gregorii
522 1014 597 1050 VII
617 1017 656 1050 et
677 1012 846 1050 Victoris
867 1012 920 1049 III
942 1011 1037 1048 iudi-

103 1071 162 1108 cio
179 1069 405 1119 pontificatu
422 1066 649 1116 dignus,qui
662 1077 813 1102 nomem
836 1065 982 1102 Urbani
1001 1065 1036 1101 II

101 1122 310 1171 assumpsit
321 1128 360 1158 et
375 1120 587 1158 Ecclesiam
605 1119 840 1168 gubernavit
857 1129 974 1166 usque
990 1118 1036 1154 ad

101 1188 242 1214 annum
267 1174 377 1212 1099.

154 1229 331 1267 Urbanus
351 1226 581 1264 electionem
601 1236 712 1263 suam
733 1223 941 1273 encyclicis
971 1222 1038 1260 lit-

100 1283 192 1320 teris
206 1280 393 1318 catholico
415 1279 497 1316 orbi
519 1278 778 1324 annuntiavit,
800 1289 968 1325 moxque
985 1276 1037 1312 in-

101 1335 235 1372 cubuit
246 1335 284 1371 in
298 1333 607 1382 componendum
617 1331 870 1368 ecclesiarum
879 1334 1039 1374 statum,

100 1386 329 1437 praesertim
342 1387 380 1423 in
394 1385 623 1423 abolendum
642 1385 818 1429 schisma,
832 1383 1037 1431 extirpan-

100 1442 188 1479 dam
209 1440 411 1478 simoniam
435 1443 474 1476 et
493 1439 775 1476 restituendam
795 1435 1039 1484 disciplinam

100 1491 415 1531 ecclesiasticam.
429 1493 501 1529 An.
517 1492 617 1529 1089
638 1490 830 1539 Melphiae
847 1489 885 1526 in
899 1489 1040 1537 Apulia

101 1547 292 1597 synodum
322 1546 469 1590 habuit,
486 1545 523 1582 in
546 1557 622 1593 qua
647 1544 692 1581 16
714 1555 879 1580 canones
901 1542 1039 1579 sanciti

103 1603 222 1645 sunt,
251 1599 478 1648 praesertim
500 1599 554 1635 de
584 1596 813 1645 praebendis
842 1599 879 1632 et
901 1595 1041 1632 muniis

103 1652 375 1691 ecclesiasticis
387 1650 510 1700 gratis
522 1649 774 1693 conferendis,
783 1649 829 1685 de
847 1648 1039 1685 coelibatu

104 1706 340 1743 clericorum
361 1705 427 1752 qui
449 1704 570 1741 sacris
590 1703 789 1740 ordinibus
810 1701 955 1738 initiati
985 1714 1042 1738 es-

104 1762 202 1805 sent,
223 1759 270 1795 de
292 1769 365 1794 non
390 1757 615 1805 accipienda
637 1770 656 1793 e
679 1767 792 1792 manu
815 1755 902 1791 laici
920 1754 1043 1803 digni-

103 1813 198 1850 tatis
215 1810 505 1848 ecclesiasticae
522 1810 753 1846 investitura
769 1807 795 1844 ².
816 1808 960 1844 Eodem
982 1820 1043 1843 an-

105 1878 153 1902 no
170 1865 352 1902 Urbanus
368 1864 407 1900 in
424 1864 569 1900 Urbem
585 1862 705 1906 venit,
718 1866 756 1898 et
772 1860 938 1898 Romani
955 1860 1043 1897 Gui-

105 1920 260 1956 bertum
289 1916 516 1965 antipapam
546 1917 768 1952 iuramento
797 1914 1041 1959 obstrictum,

105 1983 153 2009 ne
182 1969 347 2018 amplius
377 1969 626 2018 apostolicam
655 1969 792 2005 Sedem
822 1967 1043 2011 invaderet,

104 2025 211 2062 Urbe
227 2023 460 2071 expulerunt
476 2021 501 2059 ³.
519 2022 648 2063 Quum
664 2020 833 2058 an.1090
851 2019 1043 2056 Henricus

106 2077 160 2116 IV
181 2088 267 2114 cum
289 2076 462 2113 exercitu
483 2076 522 2112 in
543 2074 696 2112 Italiam
713 2073 895 2118 venisset,
909 2073 1046 2109 1111161-

104 2131 186 2168 lum
207 2128 370 2166 inferret
379 2127 797 2173 Mathildi,comitissae
807 2126 990 2175 Liguriae
1006 2128 1044 2162 et

105 2183 280 2227 Tusciae,
290 2193 386 2230 qnae
399 2181 600 2218 Pontificis
613 2183 652 2217 et
663 2179 947 2218 Catholicorum
962 2190 1045 2227 par-

106 2239 166 2273 tes
185 2235 222 2272 in
240 2235 356 2273 Italia
372 2236 592 2279 tutabatur,
605 2234 787 2271 Urbanus
806 2234 874 2281 Pp.
887 2232 1046 2270 secessit

107 2288 427 2337 incampaniam,
445 2291 484 2324 61
503 2299 564 2324 an.
589 2287 687 2324 1091
705 2287 893 2335 synodum
911 2285 1046 2323 habuit

109 2341 345 2386 Beneventi,
373 2340 412 2377 in
442 2352 516 2388 qua
545 2340 777 2377 Guibertum
808 2339 1046 2388 antipapam,

108 2394 175 2443 qui
194 2398 281 2443 post
301 2393 383 2430 eius
403 2393 616 2430 discessum
637 2394 803 2431 Romam
825 2392 1047 2441 repetierat,

109 2459 208 2484 novo
229 2446 477 2484 anathemate
498 2447 678 2495 perculit,
693 2449 732 2483 et
753 2447 777 2483 4
793 2457 958 2483 canones
975 2444 1053 2481 edi-

109 2501 179 2543 dit,
210 2499 411 2543 nimirum,
442 2501 486 2536 ut
513 2499 680 2548 episcopi
710 2511 785 2536 non
813 2499 1050 2547 eligerentur

109 2553 181 2590 nisi
212 2564 261 2590 ex
290 2551 422 2588 ordine
448 2553 769 2600 presbyterorum
799 2555 838 2589 et
867 2552 1048 2589 diacono-

110 2617 219 2651 rum3
247 2604 495 2642 matrimonia
536 2617 609 2641 non
649 2605 973 2642 contraherentur
1002 2605 1049 2641 ab

110 2659 295 2697 Adventu
318 2669 438 2706 usque
468 2658 515 2694 ad
545 2660 723 2695 octavam
753 2658 994 2707 Epiphaniae
1015 2659 1053 2693 et

110 2724 133 2749 a
166 2711 466 2760 Septuagesima
506 2722 626 2759 usque
655 2712 701 2748 ad
733 2715 914 2748 octavam
950 2711 1052 2747 Pen-

111 2768 300 2802 tecosteos
330 2764 356 2801 ⁴.
400 2764 510 2800 Anno
542 2763 641 2801 1093
682 2765 876 2813 synodum
923 2763 1053 2813 coegit

149 2872 173 2908 ¹)
190 2873 232 2902 De
255 2872 362 2902 mortis
393 2880 510 2909 genere
533 2881 592 2902 non
618 2873 768 2903 convenit.
796 2873 975 2912 Sigebertns
991 2897 998 2909 ,
1025 2873 1052 2903 111

113 2913 279 2948 Chronico,
296 2913 470 2951 dysenteria
489 2914 660 2944 consectum
678 2913 796 2951 scribit;
813 2915 1006 2948 Trithemius,
1024 2914 1052 2944 in

111 2955 130 2985 Ι.
147 2955 182 2985 IV
199 2953 237 2985 cle
250 2954 328 2984 virts'
352 2954 466 2985 illustr.
491 2953 562 2985 Orci.
586 2953 614 2985 S.
635 2953 796 2985 Benedicti
821 2965 846 2985 c.
870 2954 919 2990 13,
936 2955 1052 2992 tradit,

112 2995 206 3026 fuisse
219 2995 428 3033 suspicionem
441 3019 449 3031 ,
463 3004 530 3025 eum
544 2996 696 3026 sublatum
715 3004 832 3025 veneno
850 3005 906 3034 per
924 2995 1052 3027 insidias

113 3037 235 3067 Henrici
261 3037 295 3066 IV
319 3037 348 3066 in
371 3037 508 3070 calicem„
531 3036 604 3067 dum
626 3036 826 3071 sacrificaret.
850 3037 972 3068 iniecto.

151 3076 166 3098 2
181 3077 291 3111 Labbe.
309 3078 365 3108 loc.
383 3079 433 3108 cit.
450 3087 478 3116 p.
496 3077 565 3108 476.

153 3118 168 3140 3
184 3118 352 3155 8611110111,
372 3118 490 3150 Chrou.
508 3119 546 3149 ad
562 3128 611 3149 an.
632 3117 717 3148 1089.

157 3159 262 3190 ⁴1bid.
279 3160 317 3190 ad
335 3170 382 3190 an.
401 3160 487 3198 109&
503 3160 614 3198 Labbe,
629 3160 684 3190 loc.
701 3160 750 3190 cit.
768 3169 796 3199 p.
819 3158 880 3190 t83.

1075 272 1260 321 episcopis
1280 283 1328 309 ex
1351 271 1477 316 Italia,
1497 271 1626 309 Gallia
1645 273 1684 309 et
1711 270 1921 308 Germania
1942 282 2014 320 sy-

1076 325 1215 361 nodum
1237 325 1452 362 celebravit
1473 324 1695 362 Placentiae
1715 324 1753 361 in
1782 323 2014 372 Longobar-

1075 378 1147 422 dia,
1169 378 1208 414 in
1230 389 1320 425 qua,
1336 378 1628 426 Berengariana
1645 377 1794 414 haeresi
1817 378 2017 422 damnata,

1075 430 1274 468 definitum
1295 435 1365 474 est,
1386 442 1519 478 panem
1540 432 1580 466 et
1599 431 1730 467 vinum
1744 460 1753 476 ,
1769 430 1858 467 dum
1879 441 2017 468 conse-

1075 488 1246 527 crantur,
1263 495 1353 520 vere
1369 487 1407 520 ct
1422 483 1678 520 essentialiter
1690 483 1863 520 converti
1883 482 1921 520 in
1939 495 2019 521 cor-

1075 548 1147 585 pus
1168 540 1206 573 et
1235 536 1461 585 sanguinem
1479 536 1644 583 Christi3
1665 537 1741 573 alia
1757 537 1914 574 decreta
1928 538 2019 574 sunt

1076 592 1211 626 contra
1231 590 1390 626 clericos
1410 589 1691 626 incontinentes
1704 619 1712 633 ,
1734 592 1870 626 contra
1898 590 2019 627 simo-

1077 643 1206 679 niacas
1223 642 1485 679 ordinationes
1497 645 1535 679 et
1549 642 1777 679 Gnibertum
1795 642 2017 692 antipapam

1077 695 1235 743 eiusque
1261 695 1433 732 fautores
1453 693 1478 731 ².
1509 695 1550 732 In
1581 695 1728 743 synodo
1757 697 1891 733 eodem
1919 707 2020 733 anno

1078 748 1209 785 habita
1229 747 1479 785 Claromontii
1499 747 1537 784 in
1559 748 1698 794 Gallia,
1714 759 1789 796 pax
1809 761 1875 786 seu
1899 753 2020 787 trew-

1074 813 1129 849 μα
1150 802 1219 838 Dei
1240 801 1470 839 confirmata
1490 803 1529 837 et
1549 801 1596 838 ab
1618 801 1802 838 Adventu
1824 798 1943 850 usqne
1971 802 2019 839 ad

1079 860 1258 891 octavam
1279 854 1517 903 Epiphaniae
1539 856 1656 902 atque
1685 866 1708 891 a
1727 854 2023 904 septuagesima

1082 919 1198 955 usque
1215 909 1262 945 ad
1279 910 1457 945 octavam
1469 907 1744 944 Pentecosteos
1759 911 1917 945 extensa
1937 907 2022 954 fuit,

1080 961 1230 1009 aliaque
1251 962 1298 998 ad
1327 960 1593 997 reformandos
1625 971 1750 997 mores
1780 960 1818 997 in
1848 960 1950 998 clero
1979 973 2023 998 ac

1080 1016 1117 1052 in
1138 1015 1275 1063 populo
1295 1014 1505 1051 constituta
1525 1011 1551 1050 ³.
1929 1012 1931 1015 ’

1133 1069 1239 1106 Idem
1261 1066 1442 1104 Pontifex
1463 1066 1652 1104 excitavit
1671 1068 1884 1104 cruciatam
1913 1078 2026 1115 expe-

1081 1122 1269 1159 ditionem
1289 1123 1426 1158 contra
1445 1120 1594 1157 'Furcas
1613 1132 1621 1165 3
1641 1119 1841 1157 Bernardo
1869 1120 2024 1157 archie-

1081 1176 1233 1224 piscopo
1253 1174 1442 1211 Toletano
1472 1173 1631 1222 pallium
1661 1175 1699 1210 et
1728 1173 1935 1221 primatum
1963 1176 2022 1210 to-

1082 1229 1157 1266 tius
1180 1227 1388 1276 Hispaniae
1415 1226 1626 1272 concessit;
1655 1226 1842 1271 Daniam,
1870 1228 2026 1275 petente

1081 1293 1174 1330 rege
1191 1281 1318 1325 Erico,
1334 1279 1516 1329 potestati
1538 1279 1815 1328 archiepiscopi
1831 1279 2026 1317 Hambur-

1082 1334 1208 1384 gensis
1223 1333 1419 1371 subtraxit
1427 1336 1465 1370 61
1475 1333 1628 1381 proprio
1641 1333 1905 1381 metropolita,
1917 1333 2026 1370 cuius

1081 1389 1190 1426 sedes
1210 1387 1313 1424 foret
1334 1386 1522 1431 Lundiae,
1543 1386 1729 1432 donavit;
1750 1398 1778 1423 3.
1800 1386 2027 1431 Altmanno,

1083 1441 1260 1490 episcopo
1290 1439 1534 1477 Passaviensi
1551 1469 1560 1484 ,
1590 1441 1629 1476 et
1649 1439 1877 1476 Gebehardo
1893 1469 1903 1485 ,
1923 1439 2027 1477 Con-

1083 1494 1301 1538 stantiensi,
1330 1493 1552 1541 legatorum
1582 1493 1881 1541 apostolicorum
1918 1492 2026 1529 vices

1084 1548 1188 1585 dedit
1206 1547 1244 1583 in
1266 1546 1496 1590 Germania3
1517 1545 1731 1593 Rogerium
1760 1545 1943 1583 comitem
1963 1545 2028 1582 Si-

1085 1601 1209 1645 ciliae,
1230 1600 1292 1648 qui
1310 1599 1430 1648 pulsis
1446 1611 1494 1636 ex
1513 1611 1558 1636 ea
1578 1599 1802 1644 Saracenis,
1830 1598 2030 1648 Religioni

1087 1653 1319 1691 christianae
1349 1652 1615 1689 restituendae
1653 1654 1693 1689 et
1722 1652 1916 1700 erigendis
1945 1652 2032 1700 epi-

1090 1707 1310 1755 scopatibus
1340 1705 1538 1754 egregiam
1567 1717 1677 1754 opem
1707 1705 1820 1750 tulit,
1847 1705 2031 1754 peculiari

1088 1760 1261 1797 amicitia
1281 1762 1505 1808 prosecutus
1521 1763 1592 1804 est,
1612 1760 1665 1804 et,
1680 1758 1711 1795 si
1728 1758 1926 1795 Gaut'redo
1942 1758 2034 1795 Ma-

1088 1813 1270 1857 laterrae,
1290 1812 1332 1849 O.
1358 1812 1396 1848 S.
1426 1812 1468 1848 B.
1499 1812 1700 1857 monacho,
1729 1811 1824 1848 fides
1852 1811 2032 1848 habenda

1089 1866 1151 1911 sit,
1171 1878 1259 1903 eum
1276 1866 1434 1913 eiusque
1450 1865 1638 1902 haeredes
1666 1864 1872 1913 privilegio
1899 1865 2031 1914 Lega-

1089 1919 1203 1956 tionis
1222 1918 1458 1966 apostolicae
1478 1917 1693 1962 investivit,
1723 1918 1818 1954 adeo
1848 1919 1891 1955 ut
1920 1929 2032 1955 eam-

1088 1973 1172 2010 dem
1197 1975 1429 2021 potestatem
1451 1975 1490 2008 et.
1510 1971 1598 2008 iura
1620 1971 1659 2007 in
1678 1970 1811 2008 Sicilia
1829 1971 2032 2016 haberent,

1089 2037 1187 2074 quae
1208 2028 1299 2063 sunt
1319 2026 1559 2073 Legatornm
1581 2036 1603 2061 a
1623 2024 1747 2061 latere
1767 2022 1794 2061 ⁴¹.

1144 2079 1273 2121 Quum
1289 2081 1416 2115 autem
1435 2077 1647 2114 audivisset
1662 2077 1847 2114 Urbanus
1856 2077 1926 2126 Pp.
1943 2076 2034 2114 Phi-

1090 2133 1237 2181 lippum
1261 2143 1393 2180 regem
1413 2130 1578 2175 Galliae,
1598 2130 1805 2179 repudiata
1834 2131 1954 2168 Berta
1972 2130 2029 2166 16-

1091 2186 1228 2234 gitima
1248 2186 1425 2233 coniuge,
1446 2184 1691 2228 Bertradam,
1707 2183 1891 2221 Fulconis
1908 2183 2036 2221 Ande-

1091 2239 1273 2288 gavensis
1293 2237 1444 2275 comitis
1465 2237 1666 2286 conlugem
1683 2267 1690 2282 ,
1710 2236 2034 2286 consanguinita-

1137 2331 1145 2352 1
1163 2331 1274 2368 Labbe‚
1290 2331 1347 2361 loc.
1361 2330 1411 2359 cit.
1427 2338 1454 2367 p.
1471 2326 1538 2369 4⁴82.

1131 2372 1145 2393 2
1163 2373 1276 2409 nabbe,
1293 2371 1364 2402 ibid.
1383 2380 1410 2409 p.
1428 2369 1544 2400 500—
1556 2369 1570 2390 3
1582 2369 1656 2400 Ibid.
1673 2379 1701 2408 p.
1715 2369 1783 2401 506.

1133 2415 1146 2436 4
1164 2415 1195 2445 G.
1213 2414 1388 2449 Malaterra,
1405 2410 1497 2444 Gesta
1509 2410 1769 2442 Normannorum
1794 2410 1825 2440 in
1841 2408 2031 2449 Campania,

1094 2456 1212 2496 Apzelt'a
1229 2457 1258 2486 et
1281 2453 1400 2486 Sicilia.
1418 2453 1459 2483 Vi
1477 2453 1565 2482 huius
1587 2452 1759 2492 privilegii,
1776 2451 1858 2491 quod
1881 2451 1973 2482 Siculi
1988 2459 2039 2488 ap-

1095 2498 1248 2536 pellarunt
1265 2494 1486 2527 inenarchiam
1509 2493 1658 2529 siculam,
1675 2494 1818 2532 quodque
1835 2493 1952 2532 primus
1969 2492 1990 2522 I.
2007 2492 2038 2521 L.

1096 2538 1259 2570 Barberius
1283 2547 1330 2567 an.
1359 2535 1434 2568 1513
1458 2536 1486 2565 in
1510 2535 1609 2565 lucem
1633 2534 1726 2571 dedit,
1743 2542 1831 2573 reges
1856 2533 1986 2570 Siciliae,
2005 2541 2038 2562 se

1096 2589 1166 2611 esse
1182 2578 1372 2618 apostolicae
1389 2576 1476 2608 Sedis
1493 2577 1612 2615 legatos
1626 2580 1712 2605 natos
1728 2574 2038 2606 tenebant.Baronius

1097 2631 1180 2658 vero,
1200 2621 1237 2650 ad
1256 2630 1304 2651 an.
1321 2620 1416 2656 1097,
1433 2618 1548 2652 scribit,
1567 2617 1646 2648 istud
1665 2616 1868 2655 privilegium,
1883 2617 1909 2646 si
1925 2615 1963 2645 ab
1980 2616 2040 2646 Ur-

1097 2664 1177 2693 bano
1199 2663 1287 2693 suerit
1317 2661 1431 2697 datum,
1453 2663 1568 2689 tantum
1599 2667 1667 2689 esse
1697 2666 1878 2688 concessum
1908 2657 2040 2697 Rogerio

1097 2706 1223 2744 eiusque
1238 2703 1359 2740 filiis,et
1383 2703 1471 2732 toties
1495 2700 1687 2739 abrogatum,
1704 2700 1822 2738 quoties
1844 2699 1968 2729 Siciliae
1990 2707 2041 2728 re-

1097 2754 1190 2785 gnum
1213 2745 1251 2775 ad
1276 2753 1385 2775 novam
1408 2740 1551 2772 familiam
1576 2741 1705 2770 devenit.
1723 2741 1894 2778 Caeterum,
1910 2743 1941 2770 ut
1965 2739 2042 2769 inse-

1099 2788 1163 2818 rIus
1179 2787 1289 2817 dicturi
1313 2786 1416 2815 sumus
1432 2783 1572 2821 (Epocha
1590 2781 1652 2815 xil,
1669 2790 1697 2813 n.
1714 2780 1774 2819 35),
1790 2791 1897 2812 omnes
1913 2781 2040 2811 canoni-

1099 2838 1153 2859 cae
1177 2828 1352 2864 facultates,
1369 2825 1478 2865 quibus
1502 2822 1588 2853 index
1614 2822 1830 2859 Monarchiae,
1847 2822 1975 2862 eiusque
1992 2822 2046 2851 tri-

1100 2870 1192 2900 bunal
1206 2871 1236 2899 in
1253 2868 1372 2899 Siciliae
1388 2868 1492 2904 Regno
1510 2864 1587 2894 ultra
1605 2865 1734 2894 Pharum
1750 2865 1938 2903 gaudebant,
1954 2871 2042 2902 prac-

1100 2912 1201 2941 finitae
1225 2912 1344 2940 suerunt
1360 2906 1495 2945 Apostol.
1517 2905 1675 2935 constitut.
1697 2905 1853 2936 Benedicti
1870 2905 1946 2943 xm,
1963 2912 2042 2944 quae

1099 2949 1325 2991 incipit1Fideli
1342 2945 1549 2987 aopi-uzzand,
1562 2955 1617 2976 nec
1640 2955 1700 2976 11011
1725 2947 1843 2977 Litteris
1859 2945 2042 2986 Apostolicis

1101 2993 1238 3032 Gregorii
1253 2992 1324 3027 xvi,
1340 2987 1471 3024 Iamdiu,
1485 2991 1514 3018 et
1527 2988 1569 3017 Pii
1584 2988 1631 3024 lx,
1644 2987 1865 3018 Peculiuribus
1877 2986 2043 3018 adductus.

1101 3036 1186 3064 Anno
1204 3041 1274 3063 vero
1294 3030 1380 3067 1867,
1394 3028 1576 3068 Apostolicis
1592 3028 1700 3059 litteris
1717 3027 1877 3070 Suprema
1894 3027 2041 3063 universi,

1102 3077 1173 3106 Pius
1191 3076 1240 3113 Pp.
1259 3073 1297 3104 IX
1314 3073 1393 3102 hanc
1409 3068 1617 3108 Apostolicam
1642 3070 1826 3110 legationem
1843 3072 1933 3110 plane
1947 3069 2043 3100 abro-

1100 3118 1193 3155 gavit,
1208 3116 1287 3145 sacta
1303 3113 1342 3143 ad
1355 3116 1474 3151 ternpus
1496 3109 1617 3141 Siciliae
1634 3112 1793 3152 Episcopis
1808 3112 1951 3143 facultate
1968 3110 2044 3141 fide-

1101 3159 1172 3189 lium
1189 3154 1421 3187 necessitatibus
1436 3152 1626 3184 occurrendi.
