2241 3473
669 150 795 180 VSQVE
823 151 876 177 AD
904 151 1211 178 coNVERsmm-:M
1238 152 1500 179 CONSTANTINI
1527 153 1570 181 M.

137 219 282 255 starum
319 213 542 263 figmentum
579 215 803 253 habuerunt
820 213 843 253 ¹.
872 215 1069 254 Historica

136 270 217 307 eius
245 266 389 304 veritas
417 278 484 304 seu
514 269 719 306 authentia
747 268 963 306 adstruitur
993 281 1067 305 non

134 323 285 360 tantum
306 332 327 357 e
347 332 375 357 s.
397 320 583 368 Cypriani
603 327 643 359 et
659 321 1070 370 Firmilianiepistolis‚

133 384 227 424 quas
248 372 302 410 illi
323 384 524 422 perperam
546 374 682 412 dicunt
702 387 725 412 a
746 374 956 411 Donatistis
976 386 1070 411 con-

134 427 259 470 fictas,
279 426 345 462 sed
365 426 485 462 etiam
506 439 526 464 e
546 439 576 464 s.
598 427 770 476 Dionysii
790 427 1042 464 Alexandrini
1062 456 1071 472 ,

133 478 302 523 Eusebii,
323 491 350 515 s.
374 479 522 523 Basilii,
542 492 570 517 s.
588 479 808 529 Augustini,
825 491 854 517 s.
870 480 1070 528 Hierony-

131 532 194 576 mi,
210 531 403 568 vincentii
421 532 631 570 Lirinensis
645 532 874 570 testimoniis
887 532 912 569 ².
932 533 1069 570 Adhuc

128 585 201 623 sub
221 584 344 622 iudice
364 585 410 622 lis
427 587 496 622 est.
516 585 566 622 Iis
582 590 713 623 autem
730 597 803 621 non
821 586 1068 632 assentimur,

129 638 192 687 qui
213 643 385 683 censent,
406 638 609 676 Africanos
625 643 662 675 et
679 638 856 684 Asianos,
874 639 1072 687 baptizan-

127 692 185 728 tes
204 691 252 727 ab
273 691 480 728 haereticis
497 692 722 740 baptizatos,
742 703 763 728 a
781 691 980 740 Stephano
1000 692 1068 740 Pp.

127 743 245 781 fuisse
266 745 640 791 excommunicatos3
664 756 752 782 nam
773 744 850 782 sis.
869 745 1067 793 Cypriani,

126 808 155 834 s.
183 797 392 845 Augustini
422 802 460 834 et
489 797 654 834 aliorum
683 798 729 834 de
759 797 831 834 hac
861 809 903 834 re
924 798 1070 846 scripta

125 850 416 899 perpendantur
433 879 442 894 ,
469 850 731 900 intelligitur,
761 851 1068 887 communionem

126 915 201 940 non
231 902 347 940 fuisse
375 907 546 952 ruptam,
567 908 604 941 et
622 903 854 941 Pontificem
869 903 974 940 intra
996 903 1070 940 mi—

126 967 195 993 nas
222 967 263 992 se
294 956 528 993 continuisse
543 955 570 994 ³.
600 957 774 1005 Longius
795 968 817 994 a
837 968 932 993 vero
954 957 1071 993 aber-

126 1013 226 1055 rant,
248 1009 311 1057 qui
333 1009 479 1054 dicunt,
499 1010 740 1058 Stephanum
763 1010 832 1058 Pp.
854 1010 1070 1058 adprobas-

125 1073 166 1100 se
197 1074 481 1111 quemcumque
503 1063 792 1100 haereticorum
815 1063 1048 1111 baptismum
1062 1092 1070 1107 ,

124 1115 243 1152 etiam
282 1116 462 1164 despecto
499 1115 699 1153 Ecclesiae
729 1116 807 1153 ritu
838 1115 1022 1153 colla-tum
1043 1115 1069 1154 ⁴.

125 1168 286 1207 Constat
310 1169 413 1206 enim
433 1180 481 1206 ex
502 1169 680 1206 omnibus
702 1169 815 1206 huius
834 1171 1069 1207 controver-

124 1220 203 1259 siae
233 1221 509 1267 monumentis,
539 1233 622 1258 eam
645 1233 720 1258 non
741 1222 859 1260 fuisse
879 1222 1069 1271 agitatam

124 1274 170 1312 de
199 1274 379 1323 baptismi
395 1275 472 1311 ritu
489 1286 555 1312 seu
578 1275 741 1313 materia
762 1278 829 1312 aut
848 1275 985 1321 forma,
1002 1276 1067 1313 sed

123 1327 171 1365 de
191 1327 273 1365 sola
293 1328 526 1375 baptizantis
545 1328 633 1373 fide,
655 1339 746 1365 num
773 1328 922 1366 scilicet
941 1328 1068 1377 bapti-

123 1392 248 1427 smus,
270 1380 408 1418 unicus
430 1380 469 1418 in
490 1381 678 1427 Ecclesia,
699 1384 813 1419 extra
833 1393 920 1419 eam
942 1382 1069 1419 valide

123 1433 291 1471 conferri
313 1436 442 1482 posset
457 1433 482 1471 ⁵.
509 1434 685 1482 Denique
707 1447 755 1472 ex
778 1435 851 1472 hac
871 1436 953 1483 ipsa
974 1447 1069 1471 con-

121 1487 312 1524 troversia
333 1499 539 1535 perperam
560 1487 644 1535 quis
664 1488 973 1534 concluderem.
990 1488 1068 1536 Cy-

121 1540 299 1589 prianum
320 1543 360 1578 et
378 1552 467 1577 cum
488 1552 533 1577 eo
552 1540 763 1578 sentientes
784 1553 906 1589 neque
922 1541 1066 1589 prima-

120 1597 205 1630 tum
221 1593 270 1631 R.
287 1593 487 1631 Pontificis
505 1605 630 1641 neque
647 1594 729 1632 eius
748 1594 1067 1632 infallibilitatem

120 1646 160 1683 in
192 1646 418 1684 dirimendis
433 1646 543 1684 Fidei
558 1647 831 1685 controversiis
847 1648 1066 1697 agnovisse.

119 1699 222 1737 Nam
243 1700 622 1748 praeterquamquod
638 1712 667 1737 s.
682 1701 904 1749 Cyprianus
920 1701 960 1738 in
979 1701 1066 1738 aliis

119 1752 284 1801 scriptis·
305 1753 354 1790 R.
387 1752 586 1790 Pontificis
614 1753 825 1801 primatum
848 1753 953 1791 clare
975 1766 1068 1803 pro-

118 1805 241 1843 fessus
270 1806 341 1850 sit,
361 1817 410 1843 ex
438 1806 614 1843 omnibus
635 1806 753 1844 huius
775 1807 1064 1844 controversiae

118 1858 326 1904 adiunctis,
346 1859 597 1908 ipsorumque
619 1859 804 1908 Cypriani
821 1862 860 1897 et
876 1860 1066 1897 Firmilia-

118 1911 156 1949 ni
186 1912 358 1961 epistolis
400 1915 534 1961 patet,
567 1924 632 1949 eos
663 1912 909 1950 existimasse
927 1943 936 1959 ,
965 1914 1066 1950 hanc

118 1965 385 2013 quaestionem
418 1977 493 2002 non
524 1966 571 2002 ad
593 1965 707 2003 fidem
729 1966 795 2003 sed
816 1967 864 2003 ad
888 1966 1064 2015 discipli-

118 2029 208 2055 nam
229 2020 438 2068 pertinere,
459 2021 499 2055 et
514 2030 596 2056 esse
617 2031 666 2056 ex
686 2030 822 2056 earum
840 2031 995 2069 genere,
1024 2019 1063 2056 in

116 2071 258 2120 quibus
290 2083 357 2120 pro
389 2076 548 2120 recepto
576 2072 615 2108 in
648 2071 811 2120 singulis
842 2072 1064 2121 regionibus

119 2136 224 2162 more
243 2125 443 2174 episcopis,
459 2124 568 2162 salvo
585 2125 690 2173 pacis
706 2125 878 2171 vinculo,
890 2137 1009 2174 agere
1024 2125 1065 2162 li·

117 2182 222 2215 ceret
237 2176 263 2215 6.
288 2178 494 2216 Concludit
514 2190 543 2215 s.
560 2178 822 2228 Augustinus,
843 2179 888 2216 D.
910 2178 1068 2227 Cypria-

117 2242 220 2276 num,
249 2230 279 2269 si
309 2231 402 2280 quid
432 2232 471 2268 in
503 2231 621 2269 huius
642 2231 935 2280 disceptationis
956 2234 1064 2269 aestu

159 2370 167 2391 ¹
186 2371 221 2401 R.
237 2370 396 2401 Missorius
412 2370 442 2400 in
458 2370 538 2401 libro
555 2370 635 2401 edito
654 2371 758 2402 Venet.
773 2370 867 2409 17333
883 2372 919 2402 M.
933 2372 1066 2403 Molken-

115 2410 211 2449 buhr,
234 2411 483 2443 Dissertation.
507 2412 617 2442 critic.
642 2413 691 2443 VII
715 2415 744 2442 et
767 2414 845 2451 X1V;
869 2414 902 2443 N.
927 2414 1065 2451 Alberus‚

115 2452 262 2483 Dissert.
279 2453 319 2483 in
334 2453 417 2484 hist.
433 2454 507 2484 eccl.
521 2458 540 2484 t.
555 2455 581 2490 l;
596 2454 626 2484 V.
639 2454 773 2491 Tizzani,
785 2453 837 2485 La
850 2455 978 2485 celebre
990 2465 1065 2486 con-

118 2494 743 2573 ‘22‘5‚ffii‘xi'aisci‘ffsaiiisijr‘t‘330⁷'²553&
760 2497 857 2568 ³1³5&
873 2495 975 2575 1ιῆὅῶ
993 2537 1013 2568 1.
1030 2538 1064 2568 n.

115 2576 264 2607 Sbaralea
287 2576 317 2606 in
341 2576 420 2607 libro
443 2578 524 2608 edito
547 2578 663 2608 Bonon.
687 2577 782 2615 174st
799 2579 828 2608 P.
847 2579 876 2609 L.
893 2579 986 2617 Berti,
1005 2579 1067 2609 Di-

114 2617 211 2657 scipl.
227 2617 323 2648 theol.
336 2617 353 2647 l.
371 2618 472 2656 xxxi,
484 2617 741 2657 c.13;Bolland.‚
753 2621 837 2651 Acta
851 2620 911 2651 SS.
926 2622 943 2650 t.
957 2621 981 2651 I.
994 2630 1064 2661 aug.

114 2669 142 2690 S.
156 2659 366 2698 Stephanus,
382 2662 411 2689 et
434 2663 464 2690 t.·
476 2660 512 2690 lV
528 2664 603 2699 sept.
620 2671 646 2691 S.
666 2660 847 2701 Cyprian.;
861 2662 882 2693 Ι.
899 2662 931 2692 B.
949 2662 1066 2700 Palma,

115 2699 232 2731 Praei.
249 2700 330 2730 hist.
347 2700 421 2731 eccl.
438 2704 456 2730 t.
469 2701 489 2738 l,
506 2706 583 2739 part.
600 2702 620 2739 1,
637 2712 662 2732 c.
679 2702 727 2733 28.

156 2741 170 2763 3
186 2742 282 2772 Natal.
303 2741 396 2779 Alex„
414 2741 489 2772 Hist
514 2743 588 2773 eccl.
606 2752 688 2773 saec.
704 2744 757 2779 ΙΙΙ,
777 2743 849 2773 diss.
864 2744 925 2781 xli,
942 2753 967 2774 a.
983 2744 1015 2782 1;
1030 2746 1064 2776 H.

117 2781 224 2821 Vales,
248 2784 354 2814 Annot.
380 2782 418 2813 ad
441 2783 560 2814 Euseb.
583 2784 675 2815 Hist.
691 2785 764 2815 eccl.
788 2785 808 2815 l.
824 2785 883 2823 Vll,
901 2795 925 2816 c.
944 2785 978 2823 5;
994 2787 1014 2817 I.
1032 2787 1063 2817 B.

116 2823 228 2861 Palma,
245 2824 302 2854 loc.
319 2824 367 2856 cit.
914 2851 918 2856 .

119 2905 131 2936 1
154 2865 317 2937 ⁴¹Laupoei3„
340 2866 357 2896 Ι.
375 2865 423 2896 v11
442 2864 552 2904 Epist.
577 2865 630 2903 153
655 2867 762 2906 Dupin,
783 2868 944 2899 Biblioth.
962 2872 982 2901 t.
998 2869 1020 2908 Ι,
1036 2879 1065 2909 p.

139 2907 157 2937 5
199 2910 228 2936 et
266 2907 280 2936 7
307 2932 312 2937 .

155 2947 170 2969 5
185 2948 389 2986 omousiani,
410 2947 625 2978 Dissertatio
641 2949 682 2979 de
698 2959 781 2981 vera
799 2950 970 2990 Stephani
984 2961 1064 2982 sen-

117 2988 244 3027 tentia,
259 2990 288 3020 in
305 2989 412 3029 Epist.
430 2989 504 3019 ΗΒ.
523 2989 658 3027 Pontis.
678 2994 697 3020 t.
714 2991 734 3028 l,
751 3000 780 3029 p.
796 2991 854 3022 227
867 3001 874 3029 ;
889 2993 1066 3023 Schelstra-

115 3032 152 3066 te,
170 3030 339 3070 Antiquit.
355 3031 428 3061 eccl.
447 3031 619 3061 illustrat.
636 3040 663 3069 p.
681 3031 715 3069 ll,
732 3031 807 3064 diss.
823 3033 846 3070 Ι,
863 3043 888 3064 c.
907 3033 942 3069 5;
966 3035 1064 3066 Natat.

116 3070 207 3109 Alex„
222 3071 244 3102 1.
260 3082 285 3102 e.
303 3072 378 3103 diss.
394 3073 471 3109 X1V;
489 3072 625 3110 Sandffli,
645 3071 792 3104 Dissert.
808 3073 888 3104 hist.
906 3075 1017 3113 vl11;1.
1031 3077 1064 3107 Β.

116 3111 229 3150 Palma,
247 3111 264 3142 l.
282 3122 318 3150 c.,
335 3122 360 3143 c.
376 3113 424 3144 29.
508 3146 517 3154 ,

154 3153 168 3176 ⁶
183 3154 279 3184 Natat.
303 3154 401 3192 Alex„
424 3154 494 3185 ibid.
513 3154 586 3185 diss.
603 3154 662 3189 Xll,
682 3163 709 3184 a.
725 3153 761 3191 4;
779 3155 965 3197 Roncaglia,
980 3157 1064 3189 Ani-

116 3194 226 3226 madv.
244 3194 283 3226 in
299 3195 414 3227 Natal.
432 3195 542 3233 Alex.;
558 3196 578 3226 Ι.
595 3195 626 3226 ss.
648 3195 762 3234 Palma,
778 3195 850 3227 ibid.

1955 147 2007 185 67

1115 217 1345 256 humanitus
1364 219 1579 266 admiserit,
1599 219 1692 258 illud
1714 221 1906 271 martyrio
1922 235 2058 261 emen-

1114 270 1225 308 dasse
1245 270 1270 309 ¹.

1167 324 1228 362 80.
1253 326 1486 362 Pei-secutio
1519 326 1624 364 VIII
1636 327 1710 364 sub
1735 327 1956 366 Valeriano
1972 327 2056 379 (an.

1114 376 1208 425 257)
1228 399 1278 404 —-
1295 378 1388 414 Post
1408 378 1509 416 Galli
1531 379 1734 417 interitum
1756 380 1866 431 (253)
1885 381 2059 430 impera-

1115 433 1175 466 tor
1192 430 1454 477 proclamatus
1470 432 1545 469 fuit
1560 433 1825 480 AEmilianus3
1848 446 1922 482 quo
1939 435 2058 472 etiam

1119 482 1225 519 brevi
1249 486 1334 530 post
1354 495 1377 520 a
1396 484 1582 523 militibus
1603 486 1741 532 occiso,
1761 486 1967 535 imperium
1989 500 2058 526 ac-

1115 535 1217 583 cepit
1246 535 1493 574 Valerianus.
1516 538 1587 574 Hic
1606 540 1844 588 principatus
1869 541 1928 578 sui
1948 540 2058 579 initio

1117 599 1190 624 non
1212 591 1366 625 tantum
1385 589 1606 628 christianis
1628 592 1957 640 tranquillitatem
1974 606 2061 632 con-

1116 640 1244 688 cessit,
1265 641 1331 678 sed
1354 642 1473 678 etiam
1494 642 1540 680 iis
1561 643 1672 690 savit,
1689 646 1908 694 multosque
1923 659 2059 685 eorum

1118 694 1220 731 inter
1249 694 1395 732 aulicos
1424 706 1514 733 suos
1542 696 1691 735 habuit.
1722 699 1869 736 Verum
1898 712 1960 738 an.
1981 701 2060 739 257

1118 747 1316 784 Macrinus
1333 747 1504 785 militum
1521 749 1612 794 dux,
1627 751 1690 798 qui
1707 751 1987 800 Imperatorem
2002 756 2058 792 to-

1115 802 1198 837 tum
1215 800 1285 837 sibi
1304 800 1556 847 conciliarat,
1576 803 1751 841 ethnicae
1771 806 2059 854 superstitionis

1115 853 1282 890 maxime
1295 854 1490 892 studiosus
1508 858 1547 892 et
1558 856 1866 895 Christianorum
1880 859 2059 898 inimicus

1117 905 1412 952 infensissimus,
1432 919 1521 945 eum
1542 908 1580 944 in
1602 909 1670 946 hos
1691 911 1786 947 adeo
1801 912 2003 958 excitavit,
2016 916 2060 951 ut

1116 959 1183 996 ille
1208 959 1341 1008 plures
1368 963 1504 998 contra
1524 962 1688 999 eosdem
1708 963 1812 1012 leges
1833 966 2060 1014 promulga-

1118 1012 1180 1049 rit.
1200 1013 1334 1050 Primo
1352 1013 1518 1062 ¹quidem
1547 1014 1859 1053 Christianorum
1889 1029 2059 1056 conven-

1114 1067 1178 1102 tus
1206 1066 1423 1115 prohibuit,
1454 1079 1667 1115 eorumque
1694 1068 1891 1118 episcopos
1919 1075 1957 1108 et
1987 1072 2059 1109 do-

1116 1121 1241 1156 ctores
1271 1119 1311 1156 in
1342 1119 1499 1157 exilium
1521 1120 1612 1169 pelli
1632 1121 1756 1159 iussit.
1780 1122 1927 1160 Deinde
1947 1136 2059 1161 man-

1114 1172 1238 1219 davit,
1259 1175 1302 1210 ut
1322 1184 1456 1210 omnes
1476 1175 1658 1222 episcopi,
1677 1176 1898 1224 presbyteri
1919 1179 1957 1214 et
1973 1177 2059 1214 dia-

1115 1225 1201 1261 coni
1231 1225 1313 1263 sine
1333 1237 1443 1263 mora
1472 1227 1814 1275 interficerentur3
1834 1233 2035 1268 senatores
2051 1259 2060 1275 ,

1115 1278 1287 1326 equites,
1311 1279 1455 1327 aliique
1487 1280 1562 1317 viri
1592 1281 1753 1329 egregii,
1773 1281 1839 1330 qui
1859 1282 2060 1321 christiani

1114 1334 1255 1378 essent,
1274 1332 1531 1381 dignitatibus
1546 1334 1733 1382 bonisque
1749 1335 2012 1383 privarentur,
2022 1340 2061 1373 et

1113 1384 1144 1421 si
1166 1384 1205 1421 in
1228 1385 1444 1423 christiana
1461 1386 1666 1436 Religione
1681 1392 1987 1436 perseverarent,
2003 1401 2062 1426 oc-

1113 1438 1354 1486 ciderentur3
1389 1443 1592 1477 matronae
1612 1452 1683 1477 seu
1704 1441 1887 1479 mulieres
1913 1442 2061 1480 nobiles

1114 1491 1223 1528 bonis
1244 1492 1422 1541 privatae
1444 1493 1482 1530 in
1494 1493 2061 1542 exiliumpellerentur;caesa-

1115 1546 1248 1591 ream‘,
1269 1557 1336 1582 seu
1357 1546 1421 1594 qui
1442 1558 1686 1595 quacumque
1715 1547 1867 1585 ratione
1884 1549 1932 1586 ad
1953 1548 2062 1586 fami-

1114 1597 1207 1635 liam
1227 1598 1476 1648 imperatoris
1497 1600 1752 1648 pertinerent,
1774 1601 1822 1638 ad
1843 1613 2061 1640 caesarea-

1114 1663 1191 1688 ηας
1218 1653 1433 1699 passiones
1465 1665 1533 1690 seu
1563 1653 1807 1691 durissimam
1830 1654 2060 1692 servitutem

1113 1704 1402 1753 redigerentur.
1433 1706 1535 1744 Hinc
1563 1707 1777 1755 persecutio
1805 1707 1845 1744 in
1875 1708 2062 1746 Christia-

1114 1769 1182 1795 nos
1203 1758 1426 1797 instaurata
1446 1762 1516 1797 est.
1539 1761 1589 1797 Et
1610 1760 1788 1808 quamvis
1807 1760 1948 1809 plebeii
1968 1760 2061 1810 legi-

1112 1811 1184 1848 bus
1199 1810 1446 1860 imperatoris
1467 1825 1540 1850 non
1555 1815 1814 1862 tangerentur
1829 1842 1838 1860 ,
1859 1813 2059 1851 nihilomi-

1116 1876 1186 1901 nus
1212 1864 1251 1901 in
1280 1864 1417 1903 multis
1446 1866 1656 1914 provinciis
1686 1866 1814 1904 odium
1845 1867 2059 1916 magistra-

1110 1919 1223 1954 tuum
1262 1920 1397 1955 contra
1435 1918 1693 1957 christianum
1730 1931 1868 1956 nomen
1905 1920 2060 1969 experti

1110 1973 1214 2008 sunt.
1237 1970 1315 2007 Alii
1330 1970 1370 2007 in
1386 1972 1549 2009 exilium
1569 1972 1735 2022 relegati
1749 2003 1758 2020 ,
1779 1971 1845 2009 alii
1864 1972 1903 2009 in
1924 1985 2058 2011 carce-

1109 2035 1170 2060 res
1201 2023 1380 2069 coniecti,
1409 2024 1474 2062 alii
1504 2026 1551 2063 ad
1583 2026 1740 2064 metalla
1768 2026 1964 2073 damnati,
1993 2026 2059 2065 alii

1109 2076 1309 2125 suppliciis
1329 2077 1458 2115 affecti
1477 2077 1668 2117 fuerunt2.

1162 2131 1271 2167 Inter
1290 2131 1434 2168 multos
1453 2131 1548 2170 alios
1563 2132 1626 2181 qui
1647 2132 1686 2170 in
1701 2132 1774 2170 hac
1789 2132 2060 2181 persecutione

1109 2182 1345 2231 martyrium
1365 2184 1592 2232 subierunt,
1613 2188 1870 2223 numerantur
1889 2198 2058 2234 sequen-

1109 2237 1190 2273 tes:
1213 2237 1382 2284 Romae,
1407 2237 1629 2287 Stephanus
1649 2239 1720 2287 Pp.
1741 2240 1766 2277 2
1780 2251 1868 2287 aug.
1898 2251 1960 2277 an.
1981 2239 2060 2277 257

1111 2288 1423 2339 (alz'z',260),eius
1443 2302 1645 2329 successor
1659 2293 1811 2341 Xystus
1826 2292 1864 2330 ΙΙ
1881 2292 1940 2330 die
1956 2292 1980 2330 6
1995 2303 2061 2329 au-

1110 2342 1212 2391 gusti
1233 2355 1295 2380 an.
1315 2344 1393 2381 258
1414 2343 1518 2393 (alii,
1532 2344 1626 2395 261)
1639 2344 1909 2391 3,Laurentius
1925 2345 2057 2382 diaco-

1109 2408 1182 2434 nus
1203 2396 1320 2444 Xysti
1340 2397 1390 2443 ΙΙ,
1407 2398 1601 2435 Eusebius
1616 2399 1834 2448 presbyter,
1849 2398 2058 2436 Marcellus

1109 2449 1313 2496 diaeonus,
1333 2450 1525 2498 Quartus,
1546 2451 1810 2490 Felicissimus
1823 2482 1833 2499 ,
1852 2451 2057 2501 Agapitus,

1151 2577 1160 2598 ¹
1180 2576 1291 2617 Epist.
1308 2576 1348 2608 95
1364 2577 1410 2608 ad
1428 2576 1585 2610 Vincent.
1603 2578 1854 2618 Rogatianum.

1150 2618 1164 2639 2
1180 2619 1264 2650 Acta
1287 2629 1313 2649 s.
1332 2618 1523 2660 Cypriani,
1548 2620 1629 2658 apud
1653 2621 1797 2656 Ruinam·
1820 2618 1930 2659 Epist.
1953 2628 1978 2649 s.
1999 2618 2059 2660 Cy-

1106 2660 1237 2701 priami
1260 2660 1296 2690 77
1321 2662 1366 2692 ad
1388 2659 1495 2691 Mart.
1520 2665 1549 2691 et
1570 2660 1609 2691 82
1631 2662 1676 2692 ad
1692 2661 1907 2698 Successum
1924 2661 2060 2699 Pontius,

1118 2702 1197 2733 Vita
1215 2712 1241 2742 s.
1261 2701 1450 2743 Cypriam}
1467 2702 1589 2740 Euseb„
1607 2702 1692 2734 Ilist.
1709 2702 1782 2732 eccl.
1798 2702 1818 2732 l.
1835 2702 1896 2739 VII,
1909 2710 1935 2732 c.
1953 2701 2058 2739 10-12;

1111 2744 1222 2781 sulpic.
1242 2743 1354 2781 Seven,
1372 2743 1458 2774 Hist.
1474 2753 1588 2779 sacra,
1605 2744 1623 2774 l.
1640 2743 1684 2780 113
1702 2743 1840 2780 Orosius,
1856 2742 1941 2774 Hist.
1958 2742 1976 2773 l.
1994 2743 2057 2774 Vll.

1153 2785 1166 2806 3
1183 2786 1237 2815 Hic
1254 2785 1390 2816 Pontifex
1407 2793 1537 2823 corpora
1554 2784 1762 2824 apostolorum
1779 2784 1859 2814 Petri
1874 2787 1904 2815 et
1920 2783 2005 2814 Pauli
2018 2784 2057 2815 ad

1113 2826 1313 2858 catacumbas
1329 2826 1526 2857 transtulisse
1544 2826 1663 2863 dieitur,
1680 2828 1711 2855 ut
1727 2825 1767 2855 ibi
1784 2826 1941 2856 saeviente
1958 2834 2060 2863 perse-

1113 2869 1235 2899 cutione
1259 2868 1407 2899 stationes
1430 2867 1524 2897 tutius
1549 2867 1745 2897 haberentur.
1769 2867 1914 2904 Pearson,
1929 2867 2057 2898 Annal.

1112 2909 1283 2951 Cypriam.
1306 2909 1344 2939 ad
1361 2917 1408 2938 an.
1427 2907 1500 2945 2583
1517 2907 1653 2945 Sandini,
1672 2907 1770 2939 Vitae
1785 2908 1861 2939 ΒΗ.
1878 2907 2059 2947 Pontis.—

1110 2951 1296 2990 Ducangius,
1319 2951 1349 2980 in
1370 2948 1546 2980 Glossario
1560 2949 1695 2980 mediae
1709 2955 1740 2980 et
1757 2949 1904 2991 infimae
1918 2949 2058 2980 Latini-

1112 2993 1208 3030 tatis,
1222 2995 1240 3023 t.
1254 2993 1300 3029 Vl,
1313 2991 1430 3028 scribit,
1444 2990 1524 3030 quod
1539 2991 1628 3020 statio
1641 2991 1723 3030 apud
1737 2995 1854 3022 veteres
1871 2994 1938 3022 erat
1952 2995 2057 3021 coetus

1111 3035 1176 3064 sive
1192 3035 1362 3063 conventus
1380 3031 1513 3062 fidelium
1530 3031 1559 3061 in
1577 3032 1725 3070 Ecclesia,
1741 3033 1871 3063 maxime
1883 3033 1920 3070 is,
1933 3032 1983 3072 qui
1997 3032 2058 3062 Do-

1111 3075 1223 3106 minico
1248 3073 1340 3103 fiebat
1364 3073 1422 3111 die,
1438 3074 1479 3103 uti
1498 3076 1580 3111 patet
1598 3082 1632 3103 ex
1650 3074 1837 3104 Tertulliano
1854 3073 1916 3113 (De
1931 3083 2058 3109 corona

1110 3115 1260 3155 militis).
1278 3115 1322 3145 Ita
1339 3117 1438 3144 autem
1457 3117 1606 3145 vocantur
1621 3114 1773 3146 eiusmodi
1790 3117 1973 3152 conventus,
1989 3123 2057 3144 me-

1112 3158 1242 3196 taphora
1265 3159 1388 3194 sumpta
1410 3164 1427 3184 a
1442 3155 1598 3194 militibus,
1615 3156 1666 3195 qui
1683 3156 1753 3187 dum
1769 3156 1958 3196 praesidium
1972 3158 2056 3186 certo

1108 3199 1177 3230 loco
1194 3197 1358 3235 collocant,
1375 3197 1537 3239 stationem
1552 3197 1656 3228 facere
1671 3197 1821 3228 dicuntur.

1728 3251 1743 3263 ἰ
