2241 3473
705 143 841 173 VSQVE
862 142 917 170 AD
938 140 1225 169 PRAESENTEM
1249 139 1453 167 AETATEM

1919 120 2000 162 429

111 216 153 252 in
167 224 303 252 eorum
320 215 546 262 populorum
564 215 680 253 fidem
697 227 901 264 moresque
915 215 1052 252 redun-
1102 214 1169 250 sibi
1186 213 1414 262 praestitam
1432 222 1478 248 ac
1493 207 1799 246 munificentiam
1815 207 1855 242 in
1874 217 1916 242 se
1931 204 2052 241 colla-

110 268 264 305 darunt.
291 267 554 305 Nihilominus
581 269 619 305 in
646 281 693 306 ea
712 270 935 306 calamitate
959 274 1051 305 tem-

111 331 252 369 porum
280 320 498 357 luculenter
524 323 661 358 enituit
682 324 766 358 th.
789 322 868 357 ΡΙ).
889 323 995 358 zelus
1012 327 1052 358 et

112 379 279 422 paterna
304 374 522 410 sollicitudo
557 387 603 411 eo
636 381 862 412 constanter
889 376 1052 415 intenta,

109 431 151 464 ut
166 438 215 463 ex
226 438 322 474 agro
333 428 486 463 Domini
499 429 647 465 zizania
661 430 864 471 evelleret,
877 429 1053 464 christia-

112 492 186 517 nae
205 480 293 517 fidei
309 482 487 527 germina
509 488 685 518 tueretur
704 493 749 518 ac.
777 483 916 525 aleret,
940 490 1055 529 atque

113 534 168 570 ita
194 534 373 570 sincerae
394 535 551 582 pietatis
569 536 714 572 cultum
737 536 989 571 instauraret.
1010 536 1056 570 E-

114 588 311 631 nimvero,
332 589 581 635 praecipuam
616 600 663 625 ac
701 589 1058 636 praeclarissimam

113 645 264 689 partem
290 642 463 689 supremi
491 643 699 679 ministerii
717 643 775 678 sui
803 643 948 678 ineam
976 653 1058 678 rem

117 695 367 731 contulerunt
395 696 642 733 Innocentius
669 697 717 732 111
740 724 748 738 ,
775 696 971 731 Honorius
999 695 1059 737 111,

117 748 335 795 Gregorius
354 749 421 791 IX,
443 750 694 786 Innocentius
709 750 775 792 lv,
790 750 975 785 Nicolaus
994 749 1059 792 IV,

116 801 282 838 Ioannes
301 802 432 844 XXII,
451 803 686 839 Benedictus
703 803 993 841 Xll„Urbanus
1011 802 1063 844 V,

119 854 337 901 Gregorius
355 856 425 899 XI,
444 857 642 903 Eugenius
662 857 711 892 lV
740 868 786 892 30
811 856 997 891 Nicolaus
1014 855 1062 898 V,

115 908 179 955 qui
213 909 358 956 partim
385 910 536 945 crebris
562 910 820 957 legationibus
847 914 886 945 et
912 913 1059 956 aposto-

119 960 207 997 licis
233 962 376 998 litteris
395 962 442 998 ad
461 963 664 1010 Principes
683 974 727 998 ac
749 962 956 998 praesules
975 963 1062 997 mis-

115 1015 183 1058 sis,
212 1016 356 1062 partim
383 1017 508 1053 sacris
535 1017 846 1064 expeditionibus
863 1016 1061 1052 hominum

116 1070 439 1116 apostolicorum,
471 1071 533 1118 qui
563 1071 644 1107 zelo
672 1071 889 1117 flagrantes
916 1071 1064 1105 anima-

120 1133 208 1158 rum
235 1123 403 1160 salutem
431 1129 644 1164 curarent,
675 1124 816 1170 partim
842 1124 1063 1170 frequentia

119 1176 364 1212 mansionum
377 1189 446 1224 pro
462 1178 521 1213 his
536 1177 678 1224 passim
692 1177 950 1220 conditarum,
961 1187 1058 1223 quae

116 1228 273 1266 futurae
305 1236 418 1266 erant
452 1231 601 1266 nobiles
628 1230 827 1277 religionis
854 1234 893 1265 et
918 1230 1061 1265 sancti-

121 1283 276 1319 moniae
303 1283 430 1328 sedes,
456 1283 548 1319 illud
575 1285 885 1331 praestiterunt,
910 1288 952 1319 ut
978 1294 1061 1318 cor-

116 1340 254 1382 ruptas
280 1336 480 1373 hominum
507 1342 672 1381 mentes,
700 1337 763 1384 qui
781 1348 940 1373 errores
958 1337 1061 1372 inter

115 1393 156 1424 et
181 1390 284 1425 mala
311 1401 464 1426 morum
491 1391 829 1434 inveteraverant,
849 1390 992 1426 sensim
1013 1390 1061 1426 ad

115 1452 236 1479 suave
262 1443 396 1490 iugum
422 1445 677 1490 evangelicae
702 1445 800 1490 legis
818 1443 1060 1480 subeundum

115 1495 378 1534 inflecterent.
397 1499 516 1536 Cuius
534 1499 591 1535 rei
612 1498 778 1541 laudem,
800 1497 901 1534 haud
920 1499 1063 1544 exigua

117 1560 167 1586 ex
193 1555 327 1597 parte,
353 1553 425 1588 sibi
451 1553 654 1588 vindicant
679 1553 833 1588 sodales
859 1564 879 1588 e
908 1553 1062 1598 religio-

117 1602 169 1639 sis
196 1604 354 1642 familiis
380 1607 450 1642 SS.
479 1607 682 1643 Francisci
710 1612 749 1643 et
775 1606 983 1649 Dominici,
1013 1617 1062 1641 ex

118 1657 255 1703 quibus
281 1670 356 1695 non
382 1661 510 1706 pauci,
531 1662 578 1696 ab
596 1661 808 1697 haereticis
837 1659 956 1703 caesi,
984 1659 1065 1705 glo-

117 1709 264 1746 riosam
295 1724 366 1759 pro
393 1713 536 1751 Christi
564 1715 722 1750 nomine
751 1718 920 1750 mortem
947 1724 1064 1762 oppe-

117 1762 264 1802 tierunt
280 1768 307 1802 1.

166 1817 252 1855 Ne'c
279 1819 428 1857 destitit
454 1821 611 1858 interim
640 1822 680 1858 S.
709 1822 830 1858 Sedes
856 1822 952 1857 duas
979 1821 1065 1856 illas

120 1872 343 1918 provincias
376 1875 462 1911 aliis
495 1881 609 1922 atque
635 1876 721 1911 aliis
747 1876 963 1911 benefactis
989 1874 1067 1909 affi-

124 1936 231 1969 cere,
260 1928 432 1964 maxime
464 1940 511 1964 ex
530 1941 576 1965 eo
597 1934 790 1976 tempore,
809 1941 881 1976 quo
904 1939 1067 1974 regnum

121 1978 356 2016 Bosniacum
384 1982 456 2018 suit
482 1983 750 2019 constitutum.
770 1982 928 2018 Scilicet
953 1992 1068 2028 quum

120 2034 276 2070 saeculo
296 2035 404 2078 XIV,
424 2047 612 2072 concessu
632 2036 814 2072 Ludovici
834 2036 939 2082 regis
965 2036 1070 2070 Hun-

122 2088 701 2136 gariae,StephanusTuartkus
711 2090 772 2137 qui
783 2090 950 2125 Bosniae
961 2099 1073 2136 prae-

122 2146 224 2186 erat,
250 2141 415 2178 Bannus
442 2155 577 2179 eorum
604 2144 741 2190 lingua
761 2144 996 2190 appellatus,
1013 2153 1073 2178 as-

121 2196 353 2243 sumpsisset
380 2198 461 2244 ipse
489 2199 642 2244 regium
671 2209 813 2232 nomen
842 2201 882 2232 et
909 2197 1072 2238 cultum,

123 2247 277 2285 adiecto
303 2249 441 2286 ditioni
466 2261 560 2286 suae
588 2251 808 2297 principatu
834 2249 1010 2285 Culmiae
1034 2250 1072 2284 in

128 2301 468 2349 Herzegovinensi
494 2309 636 2348 tractu,
665 2305 728 2351 qui
752 2305 791 2340 S·
814 2304 941 2339 Sabae
961 2303 1076 2338 duca-

126 2359 187 2391 tus
203 2357 325 2392 etiam
341 2357 557 2402 dicebatur,
573 2370 621 2394 ex
637 2371 682 2394 eo
697 2363 874 2405 tempore
891 2358 974 2392 ΗΒ.
994 2356 1075 2391 PP-

126 2408 270 2454 iugiter
297 2411 502 2457 appellare
529 2423 720 2459 opemque
748 2423 893 2458 rogare
914 2421 1073 2446 consue-

127 2468 272 2499 verunt
299 2464 467 2501 Bosniae
495 2477 610 2511 reges
629 2494 636 2508 ,
664 2467 702 2501 in
729 2466 912 2501 maximis
938 2475 984 2500 ac
1012 2475 1077 2499 ne-

128 2517 312 2553 cessariis
339 2517 396 2554 rei
425 2519 603 2564 publicae
635 2520 891 2566 temporibus,
911 2512 983 2554 nec
1002 2517 1077 2552 illis

127 2581 298 2618 unquam
323 2582 347 2606 a
374 2572 457 2606 RR.
489 2572 566 2607 PP.
593 2573 767 2615 consilia,
797 2571 956 2614 auxilia,
977 2571 1078 2606 sola—

131 2623 207 2668 tia,
234 2625 367 2660 omnia
392 2624 549 2661 demum
577 2631 766 2673 paternae
794 2625 972 2661 caritatis
997 2624 1076 2660 offi-

131 2677 194 2713 cia
219 2676 439 2714 defuerunt.
457 2679 580 2714 Huius
609 2679 665 2715 rei
689 2679 832 2725 insigni
847 2678 1078 2713 documento

131 2735 192 2767 est
206 2731 421 2768 Catharina
439 2732 607 2767 Bosniae
629 2737 767 2778 regina
785 2731 961 2773 illustris,
977 2742 1076 2778 quae

133 2785 284 2831 patrIae
312 2784 463 2820 excidio
490 2785 754 2832 impendente,
784 2791 908 2821 tutum
928 2786 1077 2820 Romae

133 2839 284 2886 asylum
311 2845 351 2874 et
377 2849 401 2874 a
426 2839 616 2875 Romanis
645 2840 898 2875 Pontificibus
917 2839 1076 2885 dignum

132 2902 202 2927 suo
230 2892 386 2938 fastigio
405 2892 552 2927 cultum
571 2898 688 2928 nacta
706 2897 780 2935 est,
799 2903 972 2939 quaeque
992 2903 1077 2939 pro·

135 2948 289 2992 pterea,
304 2950 430 2981 morte
449 2951 675 2993 appetente,
695 2946 731 2981 in
750 2947 946 2992 supremis
965 2950 1078 2982 testa-

135 2999 257 3034 menti
274 2999 429 3042 tabulis,
450 3000 585 3045 quibus
603 3000 824 3035 Romanam
845 2999 986 3035 Sedem
1006 3000 1078 3036 Bo-

137 3051 260 3087 sniaci
289 3052 403 3098 regni
436 3052 620 3089 heredem
640 3053 878 3096 instituebat,
907 3053 1077 3099 gratiam

183 3166 194 3187 ¹
221 3166 290 3198 Vid.
321 3166 333 3198 1
361 3165 506 3198 Romani
525 3165 688 3206 Pentelici
713 3174 728 3197 e
754 3165 898 3206 ipopoli
923 3164 1018 3198 Slavi
1046 3167 1076 3198 in

144 3212 278 3256 Epheni.
299 3211 343 3245 La
371 3210 509 3244 Scienza
534 3220 550 3243 e
564 3213 596 3245 la
610 3210 775 3250 Fede,v01.
793 3219 871 3250 cxx,
890 3220 920 3253 p.
949 3211 989 3243 89
1008 3220 1078 3255 sqq.

1105 274 1183 304 tam
1210 279 1233 304 a
1261 267 1330 302 Pio
1361 266 1426 312 Pp.
1458 265 1486 300 ll
1507 267 1547 300 ot
1564 263 1673 299 Sixto
1703 261 1754 297 IV
1781 259 1928 297 diserte
1946 269 2056 294 com—

1105 320 1398 359 memorandam
1425 318 1590 355 censuit.

1153 375 1227 411 Sed
1256 375 1356 410 inter
1382 372 1538 409 sedulas
1563 380 1691 412 curas,
1710 379 1807 416 quas
1825 365 2054 414 Apostolica

1106 429 1229 465 Sedes
1244 428 1279 463 in
1298 428 1535 462 Bosnienses
1551 424 1728 465 contulit,
1742 421 1934 458 memoria
1944 429 2056 466 prae-

1108 483 1218 529 cipue
1246 481 1405 527 dignum
1434 485 1494 515 est
1519 478 1685 514 studium
1715 475 1819 518 illud,
1847 473 1947 521 quod
1975 473 2055 520 plu-

1110 535 1186 570 ries
1208 534 1376 569 Romani
1399 532 1608 568 Pontifices
1627 529 1865 577 praetulere,
1885 531 1928 563 ut
1945 527 1981 562 in
2003 535 2051 561 ea

1111 588 1272 635 regione
1299 585 1608 623 ecclesiasticam
1628 581 1894 619 hierarchiam
1913 578 2053 615 consti-

1110 646 1280 684 tuerent,
1300 639 1477 686 augendo
1498 649 1636 684 nempe
1657 641 1737 672 tum
1757 635 1958 671 dioeceses
1977 636 2058 668 tum

1109 705 1312 730 sacrorum
1326 693 1555 728 Antistitum
1572 690 1913 735 numerum,prout
1924 696 2056 722 rerum

1111 747 1279 783 conditio
1294 752 1334 783 et
1351 746 1481 782 utilior
1499 745 1554 781 rei
1569 755 1710 780 sacrae
1722 740 1946 790 procuratio
1957 738 2059 787 apud

1110 793 2061 847 Bosniensespostularevidebatur.1ndubiaenim

1112 858 1366 890 monumenta
1405 856 1614 895 testantur,
1642 854 1846 897 postquam
1881 847 2062 884 Slavieae

1111 912 1264 953 gentes,
1292 917 1390 954 quae
1409 905 1623 941 australem
1645 903 1816 950 regionis
1836 906 1990 949 partem
2006 900 2062 935 in·

1110 961 1303 1005 colebant,
1335 960 1550 996 catholicae
1571 959 1724 1005 pietatis
1744 956 1858 992 fidem
1877 965 2059 1001 suscepe-

1112 1026 1179 1057 re,
1218 1026 1282 1050 res
1312 1025 1448 1050 sacras
1475 1014 1511 1048 in
1541 1012 1782 1059 amplissima
1809 1010 1874 1045 illa
1901 1008 2063 1055 regione

1114 1068 1228 1115 longo
1266 1072 1487 1114 temporum
1516 1078 1629 1102 cursu
1655 1064 1770 1100 unius
1796 1067 1946 1099 tanturn
1973 1061 2065 1108 Epi-

1113 1122 1220 1168 scopi
1240 1121 1431 1168 regimine
1450 1120 1568 1156 fuisse
1588 1118 1894 1160 administratas,
1913 1115 1974 1163 qui
1993 1125 2064 1162 pro

1116 1175 1278 1222 publicis
1303 1186 1439 1211 eorum
1466 1175 1643 1210 locorum
1667 1172 1817 1207 vicibus
1841 1168 2065 1216 metropoli·

1115 1229 1215 1264 ticae
1250 1227 1506 1264 iurisdictioni
1531 1226 1644 1262 modo
1672 1225 1925 1261 Salonitanae
1953 1222 2065 1258 Sedis

1114 1287 1181 1318 aut
1207 1282 1464 1329 Spalatensis,
1481 1286 1562 1317 tum
1582 1279 1853 1315 Diocletianae
1872 1281 1940 1313 aut
1956 1276 2066 1312 Anti-

1114 1336 1307 1379 barensis,
1333 1336 1431 1372 alias
1450 1335 1570 1371 etiam
1589 1333 1816 1380 Ragusinae
1836 1336 1876 1367 et
1893 1330 2062 1378 quando-

1114 1401 1186 1436 que
1209 1390 1447 1433 Colocensis,
1473 1394 1674 1436 tamquam
1700 1387 1974 1432 suffraganeus
2000 1385 2065 1419 ob-

1114 1443 1250 1478 noxius
1268 1447 1367 1479 erat.
1384 1443 1481 1480 Cum
1500 1443 1562 1477 hic
1576 1445 1680 1478 esset
1708 1440 1764 1476 rei
1783 1449 1922 1479 sacrae
1939 1442 2064 1473 status

1115 1496 1153 1531 in
1180 1497 1337 1540 Bosnia,
1353 1496 1600 1532 Innocentius
1621 1495 1682 1536 ΙΙΙ,
1710 1493 1774 1540 qui
1800 1491 1958 1529 saeculo
1973 1491 2063 1526 Xlll

1114 1549 1269 1586 ineunte
1296 1550 1420 1586 studio
1446 1550 1628 1585 incensus
1654 1546 1854 1593 religionis
1885 1545 2003 1581 rebus
2023 1544 2061 1579 in

1115 1615 1160 1639 eo
1188 1615 1310 1650 regno
1334 1602 1559 1639 consulendi
1592 1603 1775 1637 loannem
1806 1600 1852 1635 de
1879 1599 2067 1635 Casema-

1118 1657 1171 1692 rio
1186 1669 1299 1692 suum
1314 1661 1353 1693 et
1366 1657 1616 1703 Apostolicae
1632 1654 1744 1691 Sedis
1761 1655 1954 1699 Legatum
1975 1651 2067 1686 illuc

1116 1711 1291 1753 miserat,
1319 1722 1368 1746 ex
1387 1710 1470 1745 eius
1489 1709 1631 1745 litteris
1649 1708 1843 1744 intellexit
1863 1704 2069 1751 religionis

1118 1764 1355 1800 conditiones
1375 1763 1413 1799 in
1437 1763 1708 1800 Bosniensium
1726 1761 1867 1797 finibus
1887 1768 2070 1805 poscere,

1118 1823 1160 1854 ut
1188 1818 1430 1864 episcopales
1448 1817 1561 1853 sedes
1579 1817 1617 1851 in
1637 1816 1682 1852 iis
1701 1815 1858 1851 omnino
1876 1822 2070 1859 augerem·

1121 1876 1196 1906 tur.
1208 1872 1336 1911 Quum
1347 1870 1484 1906 illustri
1497 1870 1678 1905 Pontifici
1687 1869 1819 1904 datum
1829 1879 1905 1903 non
1915 1867 2068 1908 fuisset,

1121 1931 1164 1961 ut
1183 1926 1254 1960 hoc
1271 1925 1373 1972 pium
1393 1931 1432 1961 et
1450 1924 1622 1960 salutare
1637 1923 1839 1959 consilium
1856 1921 1906 1957 ad
1920 1920 2071 1956 exitum

1129 1978 1353 2021 adduceret,
1381 1978 1598 2024 Gregorius
1616 1977 1687 2023 Pp.
1706 1976 1761 2012 IX
1779 1976 1863 2012 eius
1884 1972 2071 2020 implendi

1123 2043 1168 2068 30
1187 2032 1412 2079 perficiendi
1433 2042 1529 2067 eura
1547 2034 1744 2077 suscepta,
1765 2041 1866 2065 311110
1895 2028 1985 2064 1233
2013 2027 2073 2063 lit-

1127 2090 1234 2121 teras
1260 2085 1365 2123 dedit
1389 2084 1440 2121 ad
1467 2085 1647 2121 Iacobum
1667 2083 1783 2120 Card.
1802 2083 1933 2129 Episc.
1953 2082 2070 2118 Prae-

1125 2140 1320 2175 nestinum
1335 2138 1584 2185 Apostolicae
1601 2137 1711 2174 Sedis
1725 2138 1763 2172 in
1777 2136 1982 2172 Pannonia
1998 2137 2072 2173 Le-

1125 2199 1274 2238 gatum,
1307 2192 1467 2238 eiusque
1494 2191 1584 2227 fidei
1606 2196 1646 2227 et
1663 2190 1892 2238 prudentiae
1912 2190 2076 2225 commi-

1126 2247 1187 2289 sit,
1207 2251 1249 2282 ut
1267 2257 1392 2282 novae
1412 2246 1449 2280 in
1469 2245 1616 2280 Bosnia
1633 2245 1877 2292 episcopales
1896 2243 2072 2282 institue-

1127 2304 1263 2336 rentur
1292 2299 1405 2335 sedes
1427 2328 1435 2343 ,
1462 2310 1508 2334 ac
1537 2298 1720 2345 Episcopi
1747 2296 1916 2342 eligendi
1944 2296 2068 2333 solida

1125 2353 1314 2389 scientiae
1347 2358 1386 2389 et
1416 2352 1572 2400 pietatis
1599 2351 1712 2387 laude
1739 2351 1950 2396 fulgerent.
1986 2350 2073 2386 Etsi

1124 2407 1469 2454 flagrantissimum
1496 2407 1607 2441 huius
1626 2406 1748 2441 etiam
1767 2404 1968 2440 Pontificis
1987 2407 2068 2439 stu-

1125 2461 1230 2496 dium
1260 2466 1432 2507 optatum
1461 2460 1606 2495 exitum
1633 2458 1776 2494 habere
1805 2469 1880 2493 non
1910 2458 2033 2505 potuit
2058 2486 2067 2501 ,

1126 2525 1287 2560 operam
1307 2519 1436 2550 tamen
1457 2511 1642 2554 adhibuit,
1659 2517 1700 2547 ut
1717 2511 1871 2557 dignior
1889 2511 2066 2547 Antistes

1126 2568 1350 2604 Bosniensis
1366 2567 1567 2603 Ecclesiae
1582 2566 1705 2600 sacris
1722 2569 1937 2611 praeesset,
1959 2565 2069 2601 cuius

1125 2621 1356 2667 dignitatem
1382 2621 1510 2656 delato
1540 2620 1656 2655 etiam
1684 2618 1897 2664 Apostolici
1924 2618 2064 2665 Legati

1127 2685 1303 2718 munere,
1330 2672 1644 2720 amplificandam
1671 2673 1836 2707 censuit.

1174 2729 1214 2763 In
1241 2727 1490 2774 sequentibus
1517 2731 1648 2762 autem
1675 2725 1915 2771 temporibus
1940 2725 2068 2771 Euge-

1126 2781 1212 2816 nius
1222 2781 1293 2827 Pp.
1305 2781 1368 2823 IV,
1380 2791 1495 2826 quum
1508 2779 1703 2825 Stephano
1716 2778 1888 2814 Thomae
1900 2779 2069 2814 Bosniae

1128 2846 1221 2880 rege
1250 2834 1393 2880 regalis
1424 2843 1593 2868 coronae
1621 2832 1740 2867 decus
1778 2832 1996 2876 tribueret,
2023 2832 2069 2868 de

1126 2899 1264 2923 sacrae
1282 2887 1484 2934 potestatis
1499 2885 1683 2933 gradibus
1698 2885 1734 2919 in
1750 2886 1833 2921 eius
1853 2896 1975 2931 regno
1996 2889 2072 2921 sta-

1126 2941 1303 2978 biliendis
1333 2952 1419 2976 cum
1445 2941 1526 2987 ipso
1553 2939 1745 2987 agendum
1774 2940 1938 2985 putavit.
1970 2940 2067 2977 Cum

1126 2996 1186 3030 hic
1228 2995 1414 3041 Princeps
1456 2998 1561 3029 metu
1595 2993 1858 3039 ingruentium
1896 2993 2066 3029 hostium

1128 3049 1282 3083 oblatae
1309 3048 1503 3083 occasioni
1530 3046 1740 3089 defuisset,
1771 3056 1817 3081 ac
1844 3047 2070 3093 Stephanus

1126 3102 1239 3145 filius,
1252 3101 1313 3148 qui
1330 3101 1429 3147 patri
1443 3101 1480 3135 in
1496 3111 1618 3147 regno
1637 3100 1824 3135 successit
1842 3128 1850 3142 ,
1872 3099 2065 3136 maiorem

1126 3156 1205 3189 vim
1232 3154 1349 3189 animi
1375 3153 1586 3189 ostendens
1603 3181 1611 3196 ,
1641 3152 1689 3188 ad
1715 3153 1986 3200 Apostolicam
2004 3154 2070 3189 Se-

1126 3208 1213 3245 dem
1228 3208 1423 3254 legatione
1443 3207 1575 3250 missa,
1593 3206 1726 3244 oblata
1741 3202 1843 3254 patri
1862 3207 2073 3244 occasione
