2241 3473
579 163 704 195 vsovss
722 163 777 191 AD
796 162 992 191 EXCIDIVM
1012 161 1171 190 IMPERII
1190 159 1472 189 OCCIDENTALIS
1871 145 1947 186 139

51 239 140 274 rus,
155 227 404 273 Anthemius,
428 227 600 272 Anicius,
625 228 813 273 Olibrius,
838 226 1001 264 Flavius
1020 230 1023 292 l
1044 226 1120 263 476
1141 226 1422 272 Odoacar-,dux
1442 223 1681 262 Herulorum
1702 221 2002 272 etTurcelingo-

51 280 266 330 Glycerius,
288 279 410 317 Iulius
428 279 571 328 Nepos,
581 283 621 317 et
640 291 701 318 an.
716 280 793 317 475
806 279 1000 316 Romulus
1021 299 1023 306 ν
1044 290 1128 315 rum
1145 279 1208 326 qui
1227 278 1265 315 in
1282 278 1420 316 castris
1436 278 1702 314 Romanorum
1717 274 1910 322 stipendia
1924 286 2002 312 me-

50 332 303 382 Augustulus.
326 332 401 374 Qui
417 344 549 370 omnes
579 332 704 381 potius
734 343 843 380 reges
861 331 1000 368 Italiae
1045 331 1198 376 rebant,
1228 331 1449 375 rebellavit,
1479 329 1694 367 Romulum
1713 327 2004 375 Augustulum,

51 385 208 423 fuerunt
229 396 344 433 quam
375 386 630 433 imperatores
651 384 893 427 Occidentis;
911 395 1000 420 nam
1044 383 1207 431 imperio
1223 387 1398 427 exutum,
1412 384 1449 419 in
1467 381 1719 430 Campaniam
1735 379 1945 428 relegavit,
1961 381 2001 416 et

50 437 232 481 Vandali,
249 436 434 483 Africam,
447 436 641 485 Visigothi
658 439 698 474 et
717 435 835 473 Suevi
858 436 1000 484 Hispa-
1047 435 1204 472 Italiam
1226 436 1337 472 annis
1359 436 1407 472 17
1427 434 1671 483 gubernavit.
1682 432 1747 470 Sic
1766 431 1807 468 in
1832 431 2002 469 Romulo

50 489 512 538 niam,Anglo-Saxoncs
541 488 1000 536 Britanniam,Burgun-
1022 472 1026 546 l
1047 487 1268 535 Augustulo
1303 488 1507 536 imperium
1542 497 1748 524 romanum
1781 485 2002 522 extinctum

50 542 181 580 diones
197 546 236 579 et
262 542 404 580 Franci
424 542 574 580 Gallias
603 543 858 590 occuparunt.
890 543 1002 578 Anno

1046 543 1117 576 est.

394 924 873 1022 HISTORIAE
927 921 1659 991 EOOLESIASTIOAE

675 1071 1003 1158 EPOCHA

1051 1068 1383 1168 QVARTA

623 1229 657 1266 A
677 1227 805 1265 FINE
825 1226 1033 1264 IMPERII
1053 1224 1431 1263 OCCIDENTALIS

466 1291 639 1334 VSQVE
659 1292 728 1329 AD
748 1289 1308 1329 PSEVDO-PROPHETAM
1328 1287 1594 1326 MAHOMET

566 1357 666 1395 SEV
686 1357 756 1395 AD
777 1355 966 1393 ORTVM
985 1353 1273 1400 ISLAMISMI,
1291 1353 1377 1391 AN.
1398 1352 1488 1390 622.

412 1505 652 1532 PROOEMIVM

105 1599 318 1648 Postquam
350 1599 487 1648 religio
516 1599 731 1636 christiana
757 1608 826 1646 per
853 1596 1031 1640 univer<

54 1665 140 1691 sum
157 1653 596 1700 imperiumRomanum
613 1652 690 1688 iam
707 1653 810 1688 esset
820 1661 1011 1699 propaga·
1030 1675 1032 1702 5

54 1708 118 1751 ta,
145 1705 294 1743 factum
322 1708 401 1750 est,
424 1708 467 1742 ut
488 1705 619 1753 populi
638 1704 797 1741 barbari
820 1715 840 1739 e
861 1705 1032 1750 septen-l

53 1759 182 1796 trione
202 1758 241 1795 in
262 1758 524 1795 Occidentalis
540 1757 692 1805 imperii
712 1756 936 1805 provincias
951 1755 1010 1791 ir-

54 1811 227 1856 ruerint,
252 1822 319 1848 eas
339 1810 581 1859 occuparint,
602 1812 642 1846 et
662 1809 788 1846 deleto
808 1809 1011 1845 Romano-

54 1875 143 1900 rum
164 1863 339 1912 imperio,
360 1875 463 1900 nova
482 1863 521 1899 in
537 1863 674 1899 iisdem
692 1873 816 1909 regna
835 1861 1012 1897 institue-

55 1916 151 1954 rint.
171 1916 242 1953 His
262 1916 522 1953 barbarorum
538 1914 807 1952 invasionibus
822 1913 1010 1961 bellisque
1031 1942 1033 1956 ÷

55 1969 143 2006 inde
174 1969 320 2006 secutis
342 1968 473 2005 clades
493 1979 659 2015 magnae
681 1966 853 2003 ecclesiis
872 1965 1006 2002 illatae

55 2024 156 2067 sunt,
173 2021 267 2058 utin
288 2020 536 2069 praecedenti
551 2020 698 2068 epocha
714 2018 949 2055 notavimus.
967 2018 1009 2054 In

54 2074 255 2122 praesenti
275 2085 368 2110 vero
389 2073 537 2122 epocha
557 2072 794 2117 videbimus,
820 2074 1008 2119 quantum

55 2127 201 2164 bonum
222 2126 313 2164 inde
335 2125 514 2163 elicuerit
534 2125 667 2162 divina
683 2123 949 2161 Providentia.
967 2123 1013 2159 Ε-

55 2179 176 2216 tenim
203 2179 321 2216 iidem
351 2179 407 2215 illi
433 2178 566 2227 populi
594 2177 771 2221 barbari,
800 2179 917 2213 antea
943 2177 1012 2212 aut

56 2231 203 2269 ethnici
224 2233 294 2268 aut
314 2231 619 2268 semichristiani
639 2241 707 2267 seu
729 2229 868 2274 ariani,
893 2228 1011 2264 incul-

54 2284 99 2329 ti,
115 2284 278 2330 feroces,
299 2283 452 2321 Christo
474 2283 634 2320 nomina
649 2283 855 2326 dederunt,
871 2292 1011 2329 super-

57 2336 252 2374 stitionem
283 2339 323 2373 et
353 2348 506 2374 errores
527 2337 779 2379 abiecerunt,
800 2333 1011 2370 veritatem

57 2389 268 2437 amplexati
289 2391 392 2435 sunt,
408 2392 448 2426 et
469 2388 684 2426 secundum
700 2387 901 2435 religionis
917 2385 1012 2422 chri-

59 2442 212 2478 stianae
238 2445 445 2490 praecepta
476 2441 662 2478 incultam
692 2450 929 2486 saevamque
949 2438 1012 2474 vi-

57 2494 176 2530 vendi
204 2493 405 2531 licentiam
434 2506 520 2531 cum
543 2494 692 2530 urbana
712 2491 1011 2538 humaniorique

59 2546 141 2583 vita
157 2550 457 2583 commutarunt.
474 2547 585 2583 Unde
601 2545 785 2582 effectum
801 2548 872 2588 est,
890 2545 932 2580 ut
948 2555 1011 2579 ve-

58 2598 134 2635 teri
150 2598 310 2646 imperio
325 2599 484 2647 eiusque
501 2598 691 2636 institutis
707 2596 917 2645 abrogatis,
932 2607 1012 2633 sen-

57 2651 130 2688 sim
143 2652 405 2688 successerint
415 2651 595 2688 civitates
611 2663 678 2688 seu
694 2652 820 2687 status
836 2648 1013 2685 christia-

61 2703 113 2747 ni,
130 2715 295 2751 quarum
316 2702 440 2740 forma
459 2715 527 2740 seu
548 2704 772 2740 constitutio
792 2702 830 2738 in
851 2703 935 2750 ipsa
955 2712 1014 2737 re-

57 2755 217 2804 ligione,
230 2767 346 2804 quam
367 2767 481 2802 reges
496 2759 535 2792 et
550 2755 694 2793 subditi
715 2755 1011 2803 profitebantur,

58 2811 144 2845 erat
156 2807 422 2845 fundata.Hae
439 2819 562 2844 novae
577 2808 873 2856 civitates,quae
884 2807 1012 2843 media

59 2863 188 2898 aetate
211 2861 249 2897 in
271 2860 480 2897 Occidente
501 2860 767 2904 obtinuerunt,
788 2871 874 2896 cum
897 2859 1012 2896 socie-

57 2914 139 2950 tate
160 2912 339 2961 religiosa
360 2924 427 2949 seu
450 2912 626 2949 Ecclesia
644 2912 702 2948 ita
722 2916 834 2949 erant
853 2912 1008 2948 coniun-

59 2967 165 3011 ctae,
187 2971 230 3002 ut
250 2966 314 3013 qui
341 2966 430 3002 huic
453 2967 661 3011 praeerant
679 2965 765 3001 RR.
788 2964 1009 3008 Pontifices,

59 3016 136 3054 illis
162 3018 309 3066 pariter
330 3017 595 3066 praesiderent
608 3045 617 3061 ,
646 3028 826 3064 supremo
847 3016 1010 3052 arbitrio

61 3069 277 3107 discordias
297 3070 490 3118 principes
506 3069 606 3105 inter
621 3072 661 3105 et
675 3069 846 3106 subditos
863 3080 1012 3116 compo-

61 3124 218 3168 nerent,
238 3123 378 3160 horum
404 3122 665 3158 obedientiam
688 3120 919 3169 illorumque
940 3122 1010 3158 do—

62 3173 314 3213 minationem
330 3175 645 3212 moderarentur.

1030 1857 1033 1875 Ι

1101 1490 1288 1528 Attamen
1309 1487 1634 1538 quemadmodum
1663 1486 1802 1536 religio
1831 1486 2006 1524 christia-

1050 1555 1099 1580 na
1119 1543 1212 1581 olim
1230 1543 1270 1579 in
1292 1554 1362 1580 sua
1382 1553 1449 1590 per
1468 1551 1674 1578 romanum
1698 1540 1906 1588 imperium
1922 1551 2006 1588 pro-

1050 1596 1260 1644 pagatione
1280 1594 1483 1632 obstacula
1502 1593 1718 1641 multigena
1747 1595 1913 1640 experta
1933 1594 2004 1638 est,

1052 1649 1104 1685 ita
1133 1649 1250 1686 etiam
1279 1648 1318 1684 in
1345 1647 1621 1684 convertendis
1643 1645 1755 1682 novis
1775 1645 1834 1682 his
1852 1645 2006 1693 populis

1051 1701 1276 1739 discrimina
1293 1699 1404 1737 varia
1420 1699 1551 1745 subiit;
1569 1699 1636 1736 sed
1654 1700 1697 1735 ut
1713 1698 1818 1743 olim,
1830 1697 1886 1734 ita
1902 1709 2006 1734 nunc

1052 1755 1170 1792 etiam
1201 1753 1334 1790 divina
1362 1764 1433 1789 sua
1467 1751 1643 1788 efficacia
1661 1751 1791 1788 hostes
1811 1750 2009 1787 convertit

1051 1807 1089 1844 in
1119 1806 1306 1844 subditos.
1338 1806 1382 1842 In
1411 1804 1544 1853 primis
1573 1804 1716 1841 Franci
1737 1804 1809 1840 sub
1830 1803 2006 1851 principe

1051 1872 1121 1897 suo
1142 1860 1336 1901 Clodoveo
1353 1857 1517 1894 abiectis
1538 1856 1676 1893 ritibus
1693 1855 1875 1900 ethnicis,
1893 1867 1934 1892 se
1955 1855 2005 1892 ad

1051 1912 1135 1949 veri
1164 1912 1235 1948 Dei
1264 1910 1413 1947 cultum
1443 1910 1748 1953 converterunt„
1767 1910 1807 1944 et
1835 1908 2004 1955 superba

1052 1965 1150 2001 colla
1180 1963 1380 2011 religionis
1410 1961 1649 1998 christianae
1688 1961 1780 2008 iugo
1810 1959 2004 1997 submise-

1052 2018 1157 2054 runt.
1179 2017 1324 2053 Eorum
1345 2015 1568 2062 exemplum
1584 2013 1709 2051 secuti
1725 2016 1817 2050 sunt
1831 2011 1948 2060 Angli
1964 2014 2004 2049 et

1052 2070 1226 2107 Saxones
1246 2068 1287 2105 in
1305 2067 1523 2106 Britannia.
1542 2068 1587 2104 In
1607 2066 1736 2103 Gallia
1751 2065 1884 2102 itidem
1902 2065 2005 2102 Bur-

1052 2122 1268 2171 gundiones
1296 2122 1368 2158 sub
1396 2120 1649 2168 Sigismundo
1676 2130 1790 2167 rege,
1814 2119 1854 2154 et
1873 2117 1913 2154 in
1929 2117 2004 2154 Hi-

1051 2176 1188 2223 spania
1213 2174 1333 2211 Suevi
1362 2173 1434 2210 sub
1456 2171 1715 2209 Theodomiro
1737 2182 1782 2208 ac
1806 2170 2004 2218 Visigothi

1052 2228 1124 2264 sub
1145 2227 1386 2270 Reccaredo,
1406 2225 1558 2262 eiurata
1587 2224 1738 2261 haeresi
1759 2223 1912 2269 ariana,
1933 2234 2002 2259 ca-

1052 2279 1241 2317 tholicam
1262 2278 1480 2315 doctrinam
1500 2277 1671 2326 amplexi
1692 2278 1795 2314 sunt.

1106 2332 1320 2368 Praeterea
1341 2331 1441 2379 apud
1463 2330 1615 2376 Erulos,
1637 2330 1814 2377 Abasgos
1834 2329 1874 2364 et
1892 2327 2002 2364 Mau-

1053 2396 1116 2422 ros
1130 2384 1336 2422 Africanos
1352 2383 1588 2419 christianae
1603 2382 1693 2419 fidei
1722 2380 1908 2430 professio
1937 2391 2003 2416 au-

1054 2441 1118 2475 cta
1138 2439 1219 2483 est;
1240 2436 1278 2472 in
1299 2435 1415 2472 Italia
1434 2446 1530 2472 vero
1551 2438 1591 2472 et
1610 2434 1743 2471 Africa
1764 2434 1835 2470 sub
1865 2432 2003 2469 Gothis

1053 2492 1093 2527 et
1111 2488 1304 2527 Vandalis
1324 2488 1636 2537 persecutionem
1657 2486 1793 2531 subiit3
1812 2485 1851 2521 in
1872 2484 1999 2532 impe-

1053 2543 1110 2580 rio
1131 2541 1324 2579 Orientali
1345 2540 1522 2588 graviter
1542 2540 1771 2588 perturbata
1792 2537 1867 2573 fuit
1882 2538 2004 2585 Euty-

1053 2595 1283 2632 chianorum
1302 2593 1592 2630 haereticorum
1612 2590 1857 2628 tumultibus.

1108 2648 1142 2684 l.
1164 2647 1369 2684 Ecclesiae
1388 2650 1524 2683 status
1555 2647 1598 2681 in
1629 2643 1837 2680 Occidente
1853 2663 1904 2668 ——
1918 2641 2000 2678 De-

1052 2702 1201 2737 structo
1222 2700 1261 2735 in
1283 2698 1490 2735 Occidente
1512 2698 1688 2733 Romano
1717 2694 1899 2742 imperio,
1920 2694 1997 2731 Ec-

1052 2752 1172 2789 clesia
1191 2763 1333 2798 magno
1353 2750 1566 2787 discrimini
1587 2748 1660 2785 fuit
1679 2747 1858 2793 obnoxia,
1878 2758 1899 2783 e
1919 2759 1998 2795 quo

1053 2808 1184 2842 tamen
1207 2804 1351 2840 victrix
1372 2802 1508 2839 evasit.

1106 2858 1150 2894 In
1169 2856 1446 2901 Galh'a,cuius
1478 2855 1628 2900 partem
1654 2851 1999 2900 septentrionalem

1052 2910 1193 2947 Franci
1215 2908 1373 2952 ethnici,
1389 2905 1678 2943 meridionalem
1691 2904 1885 2952 Visigothi
1901 2905 2001 2941 aria-

1054 2963 1106 3005 ni,
1127 2961 1353 2998 orientalem
1377 2958 1673 3006 Burgundiones
1693 2958 1842 3005 pariter
1859 2956 1998 3002 ariani,

1052 3015 1311 3061 occuparunt,
1331 3011 1470 3058 religio
1491 3010 1683 3047 catholica
1712 3010 1815 3046 inter
1844 3012 1998 3045 veteres

1052 3066 1197 3103 incolas
1217 3071 1447 3101 conservata
1468 3062 1564 3108 fuit3
1585 3063 1653 3099 sed
1673 3073 1759 3098 cum
1780 3061 1843 3098 isti
1863 3060 1996 3109 populi

1051 3125 1179 3155 essent
1194 3118 1257 3153 vel
1274 3116 1415 3153 ethnici
1432 3115 1495 3152 vel
1511 3113 1826 3157 semichristiani,
1839 3110 1998 3149 barbari

1050 3171 1239 3219 bellisque
1261 3168 1343 3206 fere
1363 3168 1556 3205 continuis
1584 3168 1688 3205 inter
1716 3179 1756 3204 se
1785 3165 1997 3214 implicati,
