2241 3473
234 140 315 182 390

180 225 354 272 cipatum
373 225 485 261 civile
513 224 626 260 Sedis
645 224 898 270 Apostolicae
917 225 1124 268 evertisse,

179 282 219 315 et
251 279 435 314 indixisse
464 278 565 314 bella
591 281 631 313 et
666 278 963 324 persecutiones
999 278 1038 313 in
1066 290 1127 314 re-

178 343 299 379 gnum
318 331 466 367 Vicarii
492 331 579 366 Iesu
605 330 766 374 Christi,
783 332 822 366 in
841 332 1023 367 omnibus
1051 331 1126 367 fer—

177 397 241 422 me
269 386 443 433 partibus
461 385 567 420 orbis
587 389 800 428 terrarum,
825 397 929 422 nunc
957 390 1127 422 temera-

179 439 236 474 rio
271 450 382 482 ausu,
414 439 451 473 in
480 438 670 486 proximis
703 439 870 475 comitiis
897 443 1128 486 pertentant

177 493 303 539 ipsum
323 492 528 527 Pastorem
557 492 754 538 impetere
780 496 823 528 ut
848 493 1004 529 facilius
1032 504 1127 529 oves

175 547 363 592 dissipent
397 551 436 582 et
470 550 660 582 mactent.
693 546 767 582 Sed
796 546 861 594 qui
894 547 1052 583 habitat
1086 546 1126 582 in

175 599 296 636 coelis
314 599 496 635 irridebit
514 611 592 642 eos,
609 601 645 635 ez}
658 600 851 637 Dominus
870 601 1127 637 subsannabit

175 665 252 690 eos.
266 653 345 689 Iam
366 654 493 689 coacti
513 658 604 690 sunt
624 655 663 689 in
677 654 806 690 lucem
825 655 1008 702 prodere,
1026 666 1124 702 quae

177 706 342 742 consilia
368 707 407 742 in
435 706 610 743 tenebris
636 707 968 744 machinabantur
986 722 1021 743 ».

220 760 317 796 Post
332 761 634 796 conversionem
651 761 846 798 Friderici
865 763 1034 809 Augusti
1053 763 1126 799 Sa-

171 814 317 850 aeoniae
344 815 543 857 electoris,
563 816 633 850 sub
660 815 780 852 finem
798 817 947 852 saeculi
966 817 1076 854 XVII
1097 821 1123 862 ¹,

172 868 353 905 catholici
380 869 419 904 in
446 881 493 905 eo
519 880 639 916 regno
667 870 830 906 tolerati
863 882 951 906 esse
986 882 1125 919 coepe-

171 927 262 958 runt
286 924 313 955 ².
342 923 451 958 Tunc
483 923 653 959 Iesuitae
681 924 733 959 ibi
765 929 1056 971 penetrarunt,
1086 930 1126 962 et

171 977 446 1024 paroeciarum
485 988 620 1013 curam
661 978 860 1022 tulerunt,
901 990 924 1015 a
962 979 1124 1016 Vicario

170 1032 398 1079 Apostolico
434 1032 512 1068 illic
545 1043 569 1068 a
607 1033 646 1068 S.
682 1032 785 1069 Sede
820 1034 1034 1071 constituto
1061 1035 1124 1072 de-

170 1086 396 1131 pendentes.
427 1087 649 1134 Suppressa
679 1087 879 1124 Societate
900 1117 908 1132 ‚
936 1089 1012 1124 viri
1039 1091 1124 1126 reli-

169 1141 267 1187 giosi
282 1141 439 1176 vineam
457 1141 612 1176 Domini
636 1142 767 1178 colere
785 1144 1012 1190 persequuti
1034 1149 1126 1181 sunt

170 1199 370 1242 tamquam
400 1195 622 1243 presbyteri
648 1197 889 1233 saeculares.
913 1198 1037 1234 Huius
1056 1199 1122 1234 Vi-

169 1249 267 1284 carii
301 1249 517 1285 iurisdictio
550 1254 590 1285 et
622 1250 670 1286 ad
703 1262 888 1297 magnum
925 1251 1121 1289 Ducatum,

167 1301 593 1339 saxoniae-Vinariae
613 1304 816 1347 (Weimar)
844 1306 1066 1342 extenditur
1087 1313 1126 1344 et

168 1356 217 1392 ad
235 1356 528 1404 Aldenbarfflun
546 1357 760 1394 Ducenium.
780 1359 967 1396 Undenas
987 1372 1123 1408 paroe-

168 1411 250 1446 cias
277 1411 456 1447 continet
481 1423 570 1447 cum
604 1412 913 1459 vigintiquatuor
940 1416 1126 1464 praesby-

166 1464 263 1500 teris
287 1470 324 1500 et
345 1465 476 1508 13‚000
502 1466 719 1502 catholicis.
742 1468 984 1504 Earumdem
1012 1469 1125 1505 ditio-

167 1529 258 1554 num
286 1530 383 1555 vero
410 1519 475 1554 alii
505 1519 638 1562 24,500
663 1520 801 1557 fideles
830 1533 917 1557 cum
941 1523 987 1560 60
1014 1535 1125 1571 prae-

165 1572 335 1620 sbyteris
369 1573 597 1620 Apostolico
635 1574 848 1611 Praefecto
878 1577 1048 1614 Misniae
1076 1589 1123 1614 ac

167 1627 352 1662 Lusatiae
385 1628 551 1663 subiecti
579 1633 684 1672 sunt,
709 1630 820 1665 cuius
840 1630 1028 1667 Titularis
1047 1643 1122 1667 uno

165 1680 381 1729 eodemque
411 1687 588 1729 tempore
620 1688 681 1719 est
713 1684 895 1721 Decanus
926 1686 1121 1722 ecclesiae

167 1735 397 1772 Budissinae
416 1737 515 1772 Divo
535 1737 656 1773 Petro
675 1737 845 1775 dicatae.
861 1739 978 1776 Nunc
995 1740 1122 1777 Saxo-

167 1787 256 1823 niae
283 1790 424 1837 (regni)
448 1790 632 1827 Vicarius
650 1793 916 1838 Apostolicus‚
943 1805 1018 1830 nec
1045 1806 1120 1830 non

167 1841 349 1878 Misniae
389 1855 436 1878 cic
475 1843 665 1880 chsctct'ae
698 1845 930 1883 Praefectus
955 1848 1122 1894 Aposto-

167 1894 264 1931 licus
283 1902 344 1932 est
369 1897 414 1932 D.
438 1898 676 1935 Franciscus
703 1900 876 1936 Ber-nert
902 1900 1120 1950 Episcopus

168 1948 228 1985 tit.
256 1951 420 1987 Asoten.

216 2004 256 2039 In
288 2003 466 2041 Hassicw
501 2006 847 2044 Darnzscacliensis
881 2011 1122 2056 magno-Du-

167 2062 259 2094 catu
289 2059 546 2106 Maguiitinus
580 2063 841 2110 Episcopatus
872 2065 1005 2101 subest
1037 2066 1120 2101 Fri-

164 2111 330 2159 burgen.
364 2114 663 2163 archiepiscopo
702 2118 1002 2164 Suffraganeus-
1048 2121 1120 2156 Ec-

166 2166 289 2203 clesia
316 2168 552 2215 Maguntina
586 2171 858 2218 antiquissima
889 2184 936 2209 ac
964 2175 1122 2220 perillu-

165 2221 257 2256 stris
284 2226 358 2266 est,
380 2226 616 2270 praesertim
644 2225 691 2261 ob
710 2226 995 2272 vigintinovem
1024 2229 1122 2266 Con—

165 2274 256 2311 cilia
281 2278 319 2311 in
347 2287 396 2312 ea
422 2278 584 2314 civitate
613 2279 660 2315 ab
688 2291 789 2315 anno
815 2281 884 2317 813
904 2281 952 2317 ad
973 2294 1118 2319 annum

167 2329 258 2366 1549
276 2332 566 2368 concelebrata.
585 2333 787 2370 Dioecesis
806 2335 963 2379 250‚000
983 2337 1120 2374 fideles

167 2384 328 2421 circiter
362 2386 611 2423 admunerat.
640 2389 769 2435 Leges
804 2391 861 2425 rei
897 2391 1117 2430 catholicae

165 2437 358 2476 adversae
386 2441 422 2475 in
452 2441 642 2477 Borussia
669 2442 851 2479 conditae
869 2445 987 2480 etiam
1016 2458 1120 2483 nunc

166 2491 204 2526 in
233 2495 549 2541 magno-Ducatu
585 2502 736 2533 extant.
771 2496 927 2534 Pluries
963 2501 1120 2547 Capitu-

169 2546 263 2589 lum,
288 2548 485 2594 sodalitia,
515 2551 725 2597 paroeciae
753 2551 975 2599 Principem
1004 2556 1117 2591 enixe

169 2608 384 2648 rogarunt,
410 2608 453 2639 ut
479 2605 722 2641 Gubernium
750 2607 807 2641 eis
834 2606 1026 2644 tribueret
1052 2611 1118 2645 ali-

168 2662 354 2701 quantum
390 2658 493 2694 illius
527 2660 763 2696 tolerantiae
797 2660 844 2695 de
881 2672 955 2708 qua
990 2668 1120 2709 prote»

170 2713 321 2746 stantes
359 2723 400 2747 se
441 2712 630 2755 laudant,
658 2713 726 2749 sed
766 2714 929 2750 frustra.
959 2716 998 2751 In
1031 2728 1119 2752 con-

166 2768 301 2806 ventu,
318 2766 431 2800 nonis
445 2767 583 2813 aprilis
601 2768 690 2804 1883
708 2768 954 2804 Osl'enbachii
972 2769 1116 2810 habito,

166 2817 348 2854 catholici
375 2821 634 2856 contestando
655 2821 948 2859 denunciarunt
967 2825 1116 2860 tristem

170 2871 396 2918 religiosum
442 2879 587 2910 statum
629 2887 703 2923 quo
745 2877 893 2923 degunt
915 2907 923 2918 ,
964 2878 1120 2913 scholas

163 2924 304 2962 atheas
331 2938 355 2962 a
382 2928 571 2975 gubernio
600 2931 796 2966 Ilassiano
826 2931 874 2967 ibi
904 2932 1117 2976 institutas,

161 2979 391 3017 sacerdotes
418 2982 465 3017 ad
496 2983 677 3019 militiam
705 2990 884 3028 coactos,
915 2986 1117 3023 Ecclesiae

166 3031 389 3071 libertatem
419 3041 459 3072 et
487 3037 587 3082 iura,
608 3049 631 3074 a
657 3040 991 3077 Conventionibus
1017 3042 1117 3078 sole-

208 3188 306 3241 J‘Vinl.
326 3203 357 3235 p.
378 3196 456 3228 151.

209 3244 220 3251 ·
240 3239 371 3278 Legesis
392 3251 444 3283 pp.
468 3243 528 3275 151
553 3248 585 3275 ct
603 3245 678 3277 103.

524 134 689 181 EPOCHA
710 154 797 181 XIII.
822 156 848 180 A
869 154 1053 182 PVBLICA
1075 154 1225 181 RERVM
1249 155 1290 181 IN
1311 155 1483 183 GALLIIS
1502 157 1789 186 SVBVERSIONE

1181 225 1332 262 mnibus
1375 229 1532 270 tutata,
1570 237 1685 263 cassa
1724 231 1841 275 atque
1883 227 2131 264 conculcata.

1180 278 1298 314 Faxit
1324 280 1443 322 Deus,
1473 283 1512 316 et
1537 279 1688 316 iustitia
1713 281 1940 328 triumphet!

1226 333 1265 368 In
1294 334 1468 370 Saxonia
1493 334 1688 381 superiori
1715 335 1948 372 Analthium
1974 338 2058 373 sive
2080 338 2132 373 A-

1180 386 1343 422 nhaitini
1383 389 1652 435 principatus,
1690 388 1758 424 ubi
1799 388 2130 428 lutheranismum

1179 441 1404 489 profitetur,
1431 453 1453 478 e
1480 443 1637 486 200,000
1663 443 1818 486 incolis,
1836 443 1911 479 duo
1931 446 2052 482 millia
2069 457 2133 482 ca-

1179 497 1414 533 tholicorum
1441 501 1666 533 enumerat·
1694 496 1722 532 Ii
1749 497 1904 545 quidem
1931 510 1954 534 a
1971 500 2132 537 Vicat-io

1177 551 1422 598 ApostolicO,
1450 551 1563 587 titulo
1583 550 1763 587 Ducatus
1782 551 1995 589 Anlzaltini
2012 555 2131 599 freto,

1178 605 1467 651 gubernantum
1495 617 1598 640 nunc
1617 616 1714 640 vero
1733 605 1955 652 provisoria
1974 608 2128 645 ratione

1178 658 1494 695 Paderbornens.
1534 660 1753 706 Episcopus
1787 659 2043 697 Vicariatum
2068 662 2132 698 ad-

1178 713 1391 749 ministrat.
1421 714 1547 750 Huius
1566 714 1762 749 Vicariati
1779 715 1892 762 origo
1912 716 2131 763 repetenda

1177 771 1238 803 est
1277 778 1301 803 a
1334 768 1595 804 conversione
1631 769 1872 816 subsequuta
1902 780 2006 806 anno
2040 769 2134 808 1825

1177 821 1288 858 ducis
1320 822 1523 859 Fernandi
1556 822 1604 859 de
1635 823 1786 859 Anhalt
1826 823 2002 861 Coethen
2023 854 2032 869 ,
2065 825 2132 873 qui

1175 887 1254 912 una
1281 888 1367 912 cum
1395 889 1519 913 uxore
1536 877 1700 913 Parisiis
1727 879 2043 925 protestantismi
2069 891 2129 916 er-

1178 941 1290 967 rores
1325 943 1458 967 coram
1482 932 1790 979 Archiepiscopo
1810 932 1912 969 illius
1932 936 2128 981 metropo-

1176 988 1222 1023 lis
1250 986 1460 1022 abiuravit.

1225 1043 1431 1080 Holsatiae
1442 1041 1698 1078 Sleciscensis
1718 1042 1892 1078 Ducatus
1912 1042 1949 1077 in
1965 1041 2131 1090 imperio

1176 1098 1416 1136 Germanico
1445 1107 1468 1132 a
1495 1096 1707 1132 Praefecto
1735 1096 1961 1143 Apostolico
1985 1096 2132 1133 Holsa·

1177 1153 1259 1189 tiae
1286 1150 1485 1197 Sleszeiyis
1513 1150 1551 1185 in
1585 1150 1856 1196 spiritualibus
1890 1150 2130 1187 moderatur.

1179 1207 1238 1242 Ad
1258 1217 1447 1253 praesens
1467 1206 1513 1240 D.
1532 1204 1760 1240 Bernardus
1778 1205 1941 1251 Hoting‚
1962 1205 2132 1241 Osabur-

1179 1261 1311 1307 gensis
1349 1259 1589 1305 Episcopus,
1624 1258 1745 1305 ipsius
1786 1258 1962 1294 Ducatus
1999 1258 2134 1294 Admi-

1177 1315 1459 1351 nistrationem
1493 1313 1762 1360 Apostolicam
1795 1314 1924 1359 gerit,
1953 1312 2067 1349 sicuti
2093 1316 2135 1349 et

1177 1368 1258 1415 ipse
1282 1367 1564 1403 Pro-Vicarius
1603 1366 1859 1414 Apostolicus·
1893 1366 2132 1403 Germaniae

1177 1421 1506 1469 Septentrionaiis
1538 1420 1672 1456 itidem
1702 1430 1725 1455 a
1743 1421 1892 1456 Sancta
1911 1419 2013 1456 Sede
2040 1431 2132 1456 con-

1177 1476 1333 1511 stitutus
1361 1478 1435 1510 est.
1455 1475 1495 1509 In
1515 1478 1595 1509 toto
1615 1474 1781 1520 imperio
1807 1474 2047 1510 Germanico
2067 1484 2129 1510 ca-

1179 1529 1414 1565 tholicorum
1450 1529 1667 1572 15‚000,000
1687 1527 2011 1565 adnumerantur.

1228 1584 1392 1619 Ineunte
1420 1582 1494 1618 hoc
1513 1583 1671 1618 saeculo
1692 1582 1890 1629 principes
1910 1586 2132 1630 protestan-

1178 1642 1236 1674 tes
1262 1638 1358 1673 utile
1385 1637 1456 1673 sibi
1490 1637 1573 1672 fore
1594 1636 1871 1673 adiudicarunt
1888 1636 2024 1673 foedus
2042 1648 2132 1673 cum

1178 1692 1370 1729 Pontifice
1407 1692 1581 1739 pacisci,
1613 1696 1656 1727 ut
1683 1691 1876 1739 quoddam
1903 1691 1964 1728 ius
1990 1693 2030 1727 in
2056 1691 2135 1728 ele-

1177 1747 1306 1783 ctione
1327 1746 1389 1782 vel
1411 1744 1734 1793 praesentatione
1753 1746 2030 1793 episcoporum
2050 1745 2131 1781 adi-

1178 1803 1434 1851 piscerentur.
1466 1800 1598 1835 Primo
1627 1800 1774 1846 Anglia
1800 1811 1892 1836 ann.
1923 1800 2016 1837 1806
2045 1811 2132 1836 rem

1177 1857 1291 1893 inivit
1318 1867 1390 1903 pro
1419 1855 1603 1891 Ecclesia
1630 1854 1878 1899 Hiberniae;
1905 1854 1973 1891 sed
2011 1858 2132 1891 statu-

1179 1917 1259 1948 tum
1289 1910 1360 1946 fuit
1392 1910 1592 1957 principes
1611 1908 1873 1945 heterodoxos
1893 1909 1999 1945 nulla
2018 1919 2134 1956 posse

1178 1965 1397 2002 huiusmodi
1430 1965 1514 2000 iure
1542 1963 1640 2006 frui,
1669 1975 1742 1999 nec
1769 1963 2002 2000 Pontificem
2033 1963 2134 2000 velle

1177 2020 1384 2056 iuridicam
1406 2018 1632 2054 libertatem
1653 2017 1923 2064 Capitulorurn
1944 2021 2133 2054 coercere

1177 2076 1214 2110 in
1227 2074 1512 2121 Episcoporum
1523 2072 2132 2119 electione-Quamobrem‚prin-

1177 2129 1328 2176 cipibus
1363 2127 1672 2174 efflagitantibus
1691 2155 1699 2170 ‚
1727 2138 1798 2173 per
1824 2126 1963 2162 Bullas
1981 2155 1989 2169 ‚
2016 2127 2132 2174 paulo

1175 2188 1265 2219 ante
1287 2187 1622 2219 commemoratas
1640 2184 1666 2224 1,
1688 2180 1736 2216 ad
1756 2181 1981 2226 complures
1997 2181 2132 2218 Status

1176 2236 1566 2284 germanos‚Summi
1583 2234 1809 2277 Pontifices,
1822 2234 1926 2271 inter
1942 2235 2019 2270 alia
2029 2246 2130 2283 quae

1175 2294 1224 2328 ad
1243 2291 1500 2328 ecclesiastici
1518 2289 1721 2337 regiminis
1739 2289 1935 2326 rationem
1956 2289 1994 2324 in
2015 2301 2134 2336 prae-

1175 2346 1266 2382 fatis
1291 2346 1501 2381 ditionibus
1515 2344 1762 2392 spectabant,
1779 2347 1967 2380 accurate
1995 2343 2128 2380 decer-

1177 2400 1599 2447 neruntCapitulorum
1617 2400 1704 2434 iura
1722 2399 1842 2435 libere
1858 2397 2129 2445 eligendiEpi—

1175 2465 1328 2501 scopos.
1358 2453 1533 2501 Denique
1561 2453 1788 2488 conclusum
1817 2456 1903 2496 est,
1932 2453 2131 2500 Apostoli-

1175 2520 1261 2544 cam
1290 2508 1432 2544 Sedem
1463 2507 1705 2554 principibus
1731 2516 2010 2542 concessuram
2045 2509 2129 2543 ceto

1175 2563 1402 2605 limitatum,
1431 2566 1471 2598 et
1498 2561 1640 2597 litteris
1668 2561 1705 2596 in
1734 2562 1863 2596 forma
1881 2560 2037 2604 Brevis,
2055 2561 2128 2598 Ca-

1179 2617 1308 2663 pitulis
1343 2616 1472 2659 datis,
1507 2627 1749 2652 memorasse
1777 2615 1834 2652 eis
1863 2615 2034 2652 officium
2061 2615 2129 2652 eli-

1175 2670 1291 2717 gendi
1317 2670 1439 2713 viros,
1466 2670 1529 2717 qui
1557 2669 1719 2705 minime
1753 2669 1975 2716 potuissent
1994 2669 2127 2705 Eccle-

1174 2725 1272 2760 siam
1302 2725 1406 2761 inter
1433 2730 1473 2760 ct
1499 2725 1654 2759 Statum
1684 2723 2021 2771 perturbationem
2045 2723 2125 2759 affi-

1174 2790 1277 2813 Cssl'O.

1219 2833 1276 2869 82.
1318 2831 1525 2868 Ecclesiae
1564 2834 1692 2868 ..status
1728 2831 1767 2867 in
1807 2831 2127 2868 Austria—Ec·

1173 2887 1316 2923 <zlesiae
1344 2891 1470 2923 status
1497 2898 1570 2922 non
1600 2887 1743 2923 diutius
1770 2887 1806 2922 in
1828 2886 2028 2923 austriaco
2056 2887 2125 2922 im-

1175 2941 1282 2987 perio
1312 2942 1347 2976 in
1379 2942 1518 2977 bonam
1556 2946 1712 2988 partem
1749 2941 1992 2988 perduravit.
2029 2939 2125 2976 Post

1174 3007 1305 3030 rerum
1332 3001 1518 3032 eventum
1540 2995 1576 3030 in
1598 2996 1723 3039 Italia,
1747 3007 1862 3043 quum
1885 2995 2124 3031 Franciscus

1172 3049 1357 3095 Iosephus
1380 3049 1678 3086 pedemontano
1699 3049 1785 3096 regi
1806 3049 2121 3096 Longobardiam

1171 3102 1330 3138 cederet
1352 3132 1360 3147 ‚
1387 3103 1443 3139 sui
1472 3107 1560 3140 erat
1586 3107 1627 3139 ut
1654 3103 1886 3140 Pontificiae
1924 3103 2092 3140 ditiones
2113 3130 2122 3146 ‚

1218 3250 1223 3270 ¹
1254 3249 1327 3288 I'ng.

1355 3250 1430 3284 330.
