2241 3473
282 176 360 214 208

229 253 311 291 illic
330 253 441 290 erant
461 264 604 301 magno
625 262 788 288 numero
801 279 810 295 ,
829 251 869 287 et
897 250 1055 298 praeter
1084 247 1170 297 epi-

229 318 364 354 scopos
392 308 508 354 atque
537 304 847 353 archiepiscopos
875 303 1070 340 habebant
1097 315 1172 351 pa-

229 360 439 397 triarcham
467 359 614 396 dictum
635 357 942 399 Antiochenum,
962 357 1028 393 sed
1057 355 1171 393 Ami-

231 414 301 450 dae
318 424 385 449 seu
402 411 635 448 Diarbekirii
648 410 897 448 residentem.
912 410 973 447 Ex
989 409 1048 446 his
1064 421 1172 457 quos-

229 467 315 503 dam
354 466 425 502 1100
463 465 618 502 30001110
648 465 696 501 ad
727 465 909 501 unionem
939 462 1171 500 catholicam

227 519 382 556 reduxit
403 519 580 556 Andreas
602 517 807 566 Achigian,
830 518 981 554 Romae
1002 516 1170 553 institu—

226 575 289 609 tus
317 574 356 609 et
383 583 406 608 a
435 571 624 608 Pontifice
655 571 878 619 patriarcha
907 569 1171 608 Antiochenus

228 625 439 663 ordinatus.
470 625 599 666 Quum
629 625 711 662 eius
740 636 938 661 successor
965 636 987 661 a
1008 623 1170 669 Turcis,

227 681 368 727 agente
389 679 610 726 patriarcha
632 678 929 727 monophysita,
949 678 984 714 in
1007 677 1168 714 exilium

227 734 327 769 esset
347 731 562 781 relegatus,
585 732 1068 769 Iacobitarum-unitorum
1090 732 1171 767 sta-

223 789 284 823 tus
304 786 457 834 quidem
479 786 675 832 decrevit,
695 785 761 823 sed
782 797 856 822 non
877 785 1075 822 extinctus
1097 786 1167 821 est.

280 840 384 875 Idem
406 839 487 876 fere
509 840 617 876 valet
646 840 692 876 de
717 839 918 885 Armenis‚
940 838 1168 887 praesertim

226 893 264 930 in
280 893 727 931 remotioribusTurciae
745 893 928 930 asiaticae
945 892 1168 941 provinciis,

227 947 263 983 in
282 947 420 994 quibus
443 947 574 995 plures
589 950 850 984 Armenorum
873 946 1068 983 unitorum
1090 957 1173 983 coe-

224 1003 288 1037 tus
313 999 470 1037 formati
491 1003 592 1038 sunt.
614 1001 674 1038 Ex
695 1000 785 1049 ipsis
803 1002 1067 1037 Armenorum
1097 1011 1168 1048 pa-

223 1054 405 1092 triarchis
426 1054 492 1104 Cp.
511 1054 684 1091 nonnulli
707 1053 961 1091 missionariis
984 1053 1171 1091 Romanis

226 1119 321 1145 aure
344 1109 628 1155 praebuerunt,
648 1108 827 1157 plerique
857 1111 989 1144 tamen
1020 1107 1067 1143 iis
1097 1107 1178 1149 ad<

227 1161 374 1198 versati
393 1166 494 1199 sunt.
512 1162 583 1203 Qui
606 1174 701 1199 vero
722 1162 759 1198 in
778 1161 942 1198 Polonia
961 1161 1168 1197 moraban-

226 1219 293 1251 tur
321 1216 520 1262 Armenis,
548 1228 607 1253 an.
639 1216 738 1253 1667
759 1216 808 1252 011
838 1214 1097 1251 obedientiam
1120 1215 1168 1251 R.

226 1269 430 1307 Pontificis
451 1269 708 1315 transierunt3
731 1269 831 1318 quod
852 1268 968 1306 etiam
996 1267 1171 1305 fecerunt

230 1323 452 1360 habitantes
468 1323 647 1361 Venetiis
669 1323 694 1360 ¹.

279 1376 341 1414 89.
364 1378 589 1424 Rehjqiom's
617 1382 751 1413 status
773 1378 818 1413 in
845 1377 1041 1413 America
1059 1375 1168 1412 —In

226 1430 397 1467 subactis
430 1431 693 1479 Hispanorum
723 1433 762 1467 et
782 1431 1060 1467 Lusitanorum
1094 1429 1170 1466 im-

225 1484 332 1532 perio
354 1484 584 1521 vastissimis
618 1484 822 1523 Americae
844 1484 1087 1532 regionibus,
1109 1483 1171 1519 ni-

225 1537 366 1574 mirum
387 1537 425 1574 in
446 1538 599 1575 Mexico
631 1550 698 1575 seu
721 1538 835 1575 Nova
856 1537 1045 1586 Hispania
1062 1567 1071 1581 ,
1094 1537 1171 1573 Pe-

225 1592 363 1637 ruvia,
384 1591 498 1629 Nova
518 1593 709 1637 Granata,
729 1591 916 1637 Brasilia,
943 1591 1081 1639 religio
1103 1602 1170 1627 ca-

225 1644 370 1681 tholica
391 1646 664 1684 dominabatur
683 1660 692 1691 ς
715 1645 902 1682 ecclesiae
923 1644 1001 1682 illic
1022 1644 1171 1681 forma-

226 1701 289 1736 tae
309 1702 400 1736 sunt
419 1699 520 1737 sicut
540 1701 578 1736 in
600 1700 770 1748 Europa,
791 1699 1001 1748 pluresque
1022 1697 1172 1735 archie-

228 1753 449 1801 piscopatus
470 1756 509 1790 et
525 1754 772 1802 episcopatus
793 1752 978 1797 instituti,
995 1752 1170 1800 collegia,

229 1806 439 1844 seminaria
459 1811 498 1843 et
525 1808 761 1844 monasteria
782 1811 925 1844 erecta.
958 1807 1172 1843 Praeterea

227 1859 356 1908 plures
378 1861 576 1898 missiones
598 1861 802 1898 institutae
830 1864 920 1897 sunt
942 1861 1044 1897 inter
1065 1860 1172 1896 indi-

231 1925 360 1961 genas,
394 1915 458 1963 qui
494 1915 541 1951 ad
576 1914 777 1951 vitandum
802 1915 1097 1962 Europaeorum
1119 1913 1172 1950 iu-

229 1979 320 2015 gum
337 1968 372 2004 in
390 1969 596 2006 interiores
615 1971 812 2006 terrarum
835 1973 966 2017 partes
982 1966 1172 2017 confuge-

228 2023 330 2058 rant.

283 2076 390 2112 Inter
409 2076 478 2113 has
500 2076 718 2121 missiones,
739 2087 904 2125 quarum
926 2086 1060 2112 curam
1082 2087 1173 2124 prae

229 2129 317 2166 aliis
345 2129 600 2167 missionariis
633 2131 888 2178 susceperunt
918 2129 1099 2175 Iesuitae,
1119 2141 1174 2165 ce-

229 2183 437 2220 leberrima
458 2183 533 2220 suit
554 2183 892 2231 I‘araqnariensis.
916 2183 995 2220 Has
1016 2183 1171 2220 Ameri-

230 2249 298 2274 cae
320 2236 583 2274 meridionalis
601 2239 730 2274 terras
761 2237 920 2284 Hispani
940 2237 1026 2273 inde
1044 2237 1090 2273 ab
1112 2249 1173 2274 an.

232 2290 332 2328 15:36
353 2302 542 2339 occupare
563 2293 785 2338 coeperunt.
809 2290 923 2327 Initio
943 2291 1173 2327 missionarii

230 2345 267 2381 in
298 2344 574 2382 convertendis
608 2344 802 2393 indigenis
834 2355 973 2392 parum
1008 2343 1174 2392 profece-

229 2402 333 2443 runt,
353 2398 493 2446 partim
525 2402 681 2447 proptor
709 2409 841 2434 corum
873 2398 1088 2442 feritatem,
1109 2398 1174 2446 qui

229 2452 312 2489 sine
329 2452 455 2489 stabili
473 2453 562 2489 sede
578 2463 647 2501 per
663 2452 796 2500 sylvas
814 2452 1071 2499 vagabantur,
1086 2463 1172 2499 par-

231 2506 299 2542 tim
331 2510 492 2555 propter
520 2506 686 2542 alienum
717 2506 937 2542 eorumdem
962 2506 1007 2541 ab
1031 2505 1172 2553 Hispa-

232 2560 290 2596 nis
312 2560 498 2596 animum.
523 2561 633 2597 Anno
654 2559 809 2596 circiter
834 2559 929 2595 1:381
953 2559 1028 2594 duo
1046 2558 1172 2595 Fran-

230 2614 370 2650 ciscani
391 2613 699 2651 ecclesiasticum
722 2613 995 2659 indigenarum
1018 2615 1170 2649 coetum

229 2667 496 2705 efformarunt.
520 2668 608 2705 Istis
628 2670 712 2715 post
727 2666 751 2701 ἴ)
768 2678 886 2703 annos
900 2669 1173 2702 successerunt

231 2721 411 2764 Iesuitae,
439 2722 501 2769 qni
535 2734 554 2758 0
586 2721 713 2757 vicina
744 2719 908 2757 Brasilia
936 2724 975 2756 et
1004 2719 1173 2756 Peruvia

232 2775 267 2810 in
302 2776 578 2823 l'araqnariam
611 2774 820 2823 progressi,
839 2773 875 2809 in
898 2773 1172 2810 convertendis

230 2828 364 2864 incolis
398 2829 559 2865 feliciori
594 2840 712 2877 opera
748 2827 803 2865 usi
833 2829 934 2863 sunt.
957 2827 1172 2863 Converscs

229 2882 274 2917 ad
306 2883 465 2919 stabiles
495 2883 696 2928 eligendas
716 2881 827 2918 301103
846 2880 990 2917 hortati
1011 2882 1114 2925 sunt,
1135 2882 1173 2916 et

231 2936 336 2972 brevi
369 2940 543 2984 tempore
574 2936 804 2980 effecerunt,
827 2938 870 2971 ut
891 2934 913 2970 ii
936 2934 972 2970 in
996 2934 1018 2970 4
1041 2945 1172 2981 pagos,

229 3001 322 3036 quos
346 2991 614 3026 It'mlmflz'ones
636 2990 842 3033 vocabant,
863 2988 1022 3024 coirent.
1045 2990 1171 3028 Quum

230 3048 357 3080 autem
382 3044 632 3091 amplioribus
655 3043 869 3089 Ihffliginnis
891 3041 1171 3091 progressioni—

271 3158 279 3177 ¹
299 3161 334 3188 Ι,1-
352 3160 458 3193 (liiii-n,
475 3160 586 3189 (ir-iane
599 3159 1002 3193 cl11·2·.s·li‹1mm;Ass-omani,
1019 3156 1173 3188 ltihlinth.

230 3201 374 3230 arivntnl.
393 3206 409 3231 ῑ.
430 3202 483 3237 ΙΙΙ;
506 3202 534 3231 1’„
561 3203 676 3235 Simon,
695 3200 831 3230 llis-loire
854 3200 890 3229 (la
915 3201 945 3230 111.
962 3208 1120 3238 mammea
1143 3201 1173 3228 v!

229 3241 281 3269 «lev
297 3245 462 3272 ‹mitum-as
479 3244 532 3271 tlen-
550 3244 678 3273 nuliam»
694 3242 735 3271 «ln
752 3243 884 3278 Lei-nnn
904 3245 930 3272 Ρ.
946 3243 1061 3279 11100111,
1076 3240 1173 3273 Ι,’1ἕΙαΙ

227 3284 354 3324 pinsant
371 3284 422 3315 des·
438 3285 549 3325 stillis-vx
566 3293 700 3326 (Ji-ecque
717 3287 746 3315 cl
760 3284 872 3315 1111111511
880 3285 929 3315 ivn
937 3293 985 3315 nr.

731 186 736 191 ’
783 183 910 214 VSQVE
938 183 990 210 AD
1018 181 1346 217 IANSENISTQRVM
1375 182 1555 209 EXORDIA

1215 249 1287 286 bus
1317 248 1560 297 potissimum
1588 249 1792 288 obstarent
1821 250 1998 298 iniuriae,
2019 251 2160 300 quibus

1215 302 1421 352 indigenae
1442 302 1711 340 afficiebantur
1729 304 1778 340 ab
1794 304 1992 354 Hispanis,
2006 305 2160 342 horum-

1215 368 1290 403 que
1326 368 1448 404 prava
1482 356 1685 405 exempla,
1721 357 1890 395 Iesuitae
1919 370 1981 396 an.
2014 358 2116 398 1610
2137 371 2159 396 0

1217 409 1397 458 Philippo
1427 410 1496 454 III,
1526 421 1619 458 rege
1647 410 1874 458 Hispaniae,
1894 411 2160 461 impetrarunt

1218 465 1258 499 ut
1288 475 1422 500 omnes
1445 463 1636 511 Europaei
1659 476 1679 500 e
1700 463 1945 513 Par-aquaria
1964 466 2156 503 exclude-

1217 520 1363 554 rentur.
1394 517 1505 554 Tunc
1526 517 1694 554 Iesuitae
1713 519 1822 554 tanto
1842 529 2022 556 successu
2044 519 2157 556 inco-

1215 569 1272 607 las
1293 571 1340 607 ad
1362 571 1600 607 deserendas
1619 570 1769 619 sylvas,
1789 572 1836 608 ad
1856 571 2013 619 figenda
2029 572 2158 610 domi-

1214 623 1302 660 cilia
1331 626 1371 661 et
1400 624 1447 661 ad
1469 624 1756 673 suscipiendam
1777 624 2020 674 Religionem
2051 626 2159 663 chri-

1214 677 1382 714 stianam
1413 681 1708 726 permoverunt,
1742 681 1784 714 ut
1812 690 2002 716 numerus
2017 680 2161 716 Redu-

1216 733 1400 768 monum
1448 732 1496 768 ad
1546 731 1596 769 30
1635 732 1884 769 incresceret.
1923 732 2002 770 Hos
2040 744 2162 770 novos

1215 784 1456 822 Christianos
1484 789 1617 833 patres
1647 784 1814 822 Iesuitae
1844 797 1919 822 non
1948 787 2101 823 tantum
2122 786 2159 823 in

1215 838 1352 884 sacris,
1374 839 1438 876 sed
1463 839 1581 875 etiam
1602 838 1640 874 in
1663 838 1845 876 civilibus
1863 839 1982 877 rebus
2011 840 2160 889 dirige-

1214 892 1309 928 bant
1327 906 1334 928 :
1357 904 1422 929 eos
1443 892 1490 929 ad
1513 892 1693 929 colendas
1713 894 1853 939 terras,
1875 893 1924 930 ad
1943 893 2162 930 exercenda

1214 945 1368 995 opificia
1398 948 1437 983 et
1465 949 1583 991 artes,
1615 946 1755 994 quibus
1784 946 1910 983 idonei
1943 949 2076 992 erant,
2096 947 2160 984 in-

1213 1000 1442 1045 stituebant,
1465 1012 1511 1036 ac
1528 999 1741 1045 fructuum,
1758 1011 1852 1047 quos
1875 1000 2161 1049 Paraquarien-

1213 1065 1273 1090 ses
1304 1066 1324 1090 e
1345 1053 1424 1090 suis
1444 1053 1645 1091 laboribus
1666 1056 1705 1090 et
1725 1055 1950 1091 mercatura
1970 1054 2161 1103 percipie-

1213 1107 1320 1153 bant,
1350 1119 1572 1155 supremam
1603 1107 1797 1144 rationem
1820 1108 2020 1156 gerebant.
2041 1109 2075 1145 A
2093 1119 2163 1145 su-

1215 1173 1346 1210 premo
1378 1161 1568 1209 regimine
1599 1161 1865 1198 ecclesiastico
1893 1161 2065 1210 episcopi
2087 1173 2161 1198 non

1216 1217 1331 1251 erant
1360 1214 1521 1260 exclusi,
1550 1214 1589 1251 hi
1619 1215 1720 1251 enim
1752 1215 2027 1252 &ductiones
2047 1226 2163 1264 saepe

1216 1268 1449 1315 visitabant3
1479 1268 1580 1317 quod
1610 1269 1708 1305 idem
1739 1280 1808 1316 pro
1834 1280 1928 1318 rege
1949 1268 2164 1318 Hispaniae

1215 1321 1386 1359 faciebat
1414 1323 1654 1369 gubernator
1682 1321 1822 1359 civilis.
1855 1323 1950 1360 Inde
1977 1321 2162 1360 effectum

1216 1380 1286 1420 est,
1316 1381 1360 1413 ut
1389 1376 1519 1413 missio
1551 1376 1882 1423 Paraquariensis
1913 1388 1986 1412 non
2006 1379 2164 1413 tantum

1214 1429 1424 1467 laetissime
1445 1429 1668 1475 effloruerit,
1688 1431 1752 1467 sed
1767 1429 1887 1466 etiam
1905 1429 2012 1466 vitiis
2027 1431 2067 1467 et
2082 1441 2163 1466 ma-

1216 1483 1277 1529 lis,
1308 1495 1407 1531 quac
1435 1483 1525 1519 inde
1554 1483 1650 1520 oriri
1679 1483 1816 1529 solent,
1837 1483 2031 1529 caruerit;
2053 1495 2162 1520 sum-

1217 1549 1280 1574 ma
1296 1536 1401 1574 inter
1417 1537 1662 1574 Christianos
1684 1537 1843 1586 vigebat
1862 1537 2069 1574 concordia
2083 1536 2165 1585 plu-

1217 1603 1355 1639 resque
1375 1602 1506 1627 eorum
1530 1591 1578 1628 ad
1600 1591 1822 1628 sanctitatis
1842 1590 2042 1640 fastigium
2064 1602 2158 1639 per-

1218 1648 1421 1681 venerunt.

1268 1699 1363 1735 Inde
1403 1710 1426 1735 a
1459 1697 1707 1746 praecedenti
1746 1696 1900 1736 saeculo
1931 1697 2093 1746 Hispani
2126 1700 2165 1735 et

1214 1752 1356 1789 Franci
1373 1752 1424 1789 uin
1446 1751 1687 1788 vastissimas
1707 1752 1912 1789 Americae
1933 1751 2161 1800 septentrio·

1218 1806 1318 1843 nalis
1348 1806 1539 1855 regiones,
1567 1805 1769 1843 Floridam
1798 1807 1838 1843 et
1857 1806 2070 1850 Canadam‚
2092 1817 2163 1853 pe-

1217 1862 1442 1905 netrarunt,
1473 1859 1663 1907 sedesque
1692 1859 1730 1896 in
1753 1859 1799 1898 iis
1836 1859 1957 1909 figere
1987 1861 2028 1896 et
2056 1858 2163 1896 colo-

1219 1914 1302 1951 nias
1331 1914 1535 1951 instituere
1557 1916 1782 1962 coeperunt,
1802 1926 1900 1963 quae
1921 1913 1991 1950 hoc
2010 1912 2164 1950 saeculo

1217 1967 1342 2016 magis
1371 1967 1577 2015 magisque
1598 1971 1733 2004 auctae
1755 1972 1857 2006 sunt.
1881 1966 2080 2005 Floridam
2101 1966 2163 2003 in-

1217 2022 1425 2058 coluerunt
1455 2020 1640 2070 Hispani,
1671 2021 1810 2058 Franci
1844 2033 1934 2058 vero
1953 2020 2164 2065 Canadam,

1218 2087 1316 2123 quae
1344 2075 1434 2112 inde
1464 2086 1603 2112 nomen
1630 2074 1769 2112 Novae
1789 2075 1981 2113 Franciae
2001 2074 2164 2123 accepit.

1220 2130 1296 2166 Per
1326 2129 1394 2166 hos
1423 2128 1581 2166 colonos
1603 2128 1742 2177 religio
1772 2128 1984 2166 christiana
2003 2156 2012 2174 ,
2042 2138 2160 2175 quam

1219 2183 1242 2219 ii
1273 2182 1582 2232 profitebantur,
1612 2181 1649 2218 in
1680 2182 1832 2219 easdem
1855 2181 2031 2230 regiones
2051 2180 2164 2218 illata

1219 2239 1288 2273 est.
1327 2236 1539 2274 Confestim
1584 2235 1622 2272 in
1653 2235 1807 2272 easdem
1838 2239 1966 2272 terras
1994 2234 2164 2272 Iesuitae

1217 2290 1459 2338 aliorumque
1489 2289 1761 2337 religiosorum
1791 2289 1978 2326 Ordinum
2009 2287 2163 2325 missio-

1219 2343 1316 2380 narii
1339 2343 1500 2392 profecti
1524 2345 1627 2386 sunt,
1652 2343 1715 2390 qui
1740 2355 1812 2379 non
1834 2345 1987 2379 tantum
2008 2341 2164 2379 colonos

1218 2397 1440 2445 Europaeos
1468 2397 1506 2433 in
1538 2396 1805 2438 conservanda
1828 2396 1923 2434 Fide
1943 2395 2165 2441 firmabant,

1217 2452 1284 2489 sed
1315 2451 1367 2487 nil
1399 2449 1559 2499 periculi
1593 2449 1722 2495 veriti,
1744 2450 1791 2487 ad
1814 2449 1990 2487 diversas
2008 2448 2163 2498 indige-

1218 2517 1355 2542 narum
1386 2504 1511 2541 tribus
1541 2516 1582 2541 se
1612 2503 1920 2549 transferebant,
1949 2502 1998 2540 iis
2027 2502 2162 2540 Evan-

1218 2558 1361 2608 gelium
1384 2558 1694 2603 annuntiabant,
1716 2569 1928 2606 sacrasque
1961 2556 2164 2594 missiones

1217 2613 1321 2649 inter
1341 2612 1496 2649 easdem
1515 2611 1781 2649 instituebant.
1800 2611 2086 2648 Verumtamen
2105 2609 2164 2648 his

1219 2665 1469 2703 missionariis
1506 2665 1680 2714 pericula
1715 2665 1855 2713 gravia
1892 2668 1932 2702 et
1963 2662 2164 2701 obstacula

1219 2720 1342 2756 multa
1363 2721 1476 2756 eraut
1496 2719 1719 2767 superanda
1733 2732 1741 2763 ;
1757 2717 1928 2755 nonnulli
1948 2729 1995 2755 ex
2014 2716 2060 2754 iis
2075 2729 2162 2766 sup-

1217 2773 1330 2822 plicia
1351 2777 1389 2809 et
1408 2777 1576 2809 mortem
1598 2773 1816 2810 subierunt.

1270 2827 1431 2864 Interim
1463 2826 1664 2863 formando
1694 2826 1731 2863 in
1763 2826 1808 2863 iis
1838 2825 1955 2862 terris
1975 2822 2161 2862 ecclesia-

1218 2892 1301 2916 rum
1330 2881 1450 2917 statui
1481 2884 1520 2917 et
1542 2879 1812 2929 promovendis
1833 2877 2079 2915 missionibus
2098 2888 2162 2914 re-

1216 2946 1284 2979 ges
1315 2934 1525 2982 Hispaniae
1556 2938 1595 2971 et
1623 2933 1774 2971 Galliae
1796 2944 1905 2981 opem
1927 2935 2045 2979 atque
2065 2931 2161 2968 sub-

1215 2988 1312 3024 sidia
1333 2988 1604 3034 <·‹)ntulcrunt;
1628 2987 1769 3035 aliique
1791 2987 1909 3023 etiam
1929 2984 2063 3022 fideles
2079 2995 2156 3021 ma-

1217 3057 1293 3087 gna
1329 3044 1565 3081 liberalitate
1605 3045 1652 3081 ad
1694 3043 1800 3081 Fidei
1841 3040 2161 3092 propagationem

1219 3102 1295 3137 illic
1325 3101 1634 3138 coniriluierunt.
1667 3099 1916 3137 Innocentius
1945 3098 2013 3145 Pp.
2040 3096 2077 3132 X
2106 3096 2162 3133 rei

1217 3158 1503 3194 ecclesiasticae
1536 3158 1571 3193 in
1603 3157 1761 3194 Canada
1791 3155 2077 3204 prospecturus,
2100 3164 2162 3190 au.

1225 3215 1317 3251 lli-37
1349 3214 1602 3250 Franciscuni
1634 3214 1680 3250 110
1712 3212 1833 3250 Laval
1865 3211 2164 3258 Montmorency

1217 3272 1263 3308 110
1295 3271 1515 3319 Montigny,
1545 3270 1608 3319 qui
1631 3282 1670 3308 sc
1691 3269 1891 3319 speciatim
1914 3266 2162 3317 propagando
