2241 3473
245 173 323 214 396

531 189 696 216 EPOCHA
718 189 806 215 X111.
835 191 860 215 A
884 189 1066 216 PVBLICA
1087 189 1236 216 RERVM
1257 191 1300 216 IN
1322 189 1492 217 GALLIIS
1513 189 1805 219 SVBVERSIONE

189 260 296 303 patet
323 269 371 294 ex
398 268 459 300 e0,
486 257 608 304 quod,
639 261 800 304 praeter
841 259 1135 295 Concordatum
1186 262 1264 295 tur.
1284 259 1378 295 Pari
1405 260 1668 297 sollicitudine
1696 262 1780 309 egit
1805 273 1896 298 eum
1917 263 2032 309 paulo
2058 267 2148 310 post

185 322 273 346 eum
300 312 543 358 Imperatore
562 315 768 354 statutum,
785 316 923 359 postea
938 312 1020 358 ipse
1044 313 1137 350 Pius
1185 312 1295 348 novit
1330 313 1460 360 legem
1480 342 1488 354 ,
1516 325 1591 361 qua
1609 315 1816 358 Catholici,
1836 316 1872 351 in
1906 315 2141 363 quibusdam

186 363 255 411 Pp.
286 365 340 400 IX
368 376 454 399 eum
474 364 576 399 illius
603 364 794 411 gubernio
819 366 1134 403 Conventionern

185 417 294 453 fecit..
316 417 441 456 Quum
476 428 573 453 vero
600 417 699 453 haee
726 418 945 455 Conventio
974 419 1135 456 minime

186 469 393 516 complecti
420 470 593 516 potuerit
612 481 659 505 ea
678 471 823 513 omnia,
843 482 942 518 quae
958 483 1136 508 necessa·

186 523 242 557 rio
262 522 306 558 ad
328 533 494 558 examen
512 523 735 559 revocanda
755 535 843 560 esse
857 525 1040 562 Pontifex
1058 526 1135 562 exi-

185 576 372 618 stimavit,
396 576 539 612 idcirco
559 577 682 613 voluit
696 577 780 624 ipse
795 582 838 614 ut
856 580 893 614 in
908 585 1136 627 separatum

186 630 369 667 volumen
388 631 676 678 (protocollum)
698 633 947 669 referrentur
965 645 1056 670 suas
1076 647 1139 681 pe-

185 683 345 720 titiones
383 684 491 720 circa
527 689 765 732 argumenta
792 686 839 722 ab
868 688 1138 735 Imperialibus

185 736 542 785 plenipotentiariis
571 750 817 786 nequaquam
845 740 1033 778 admissa.

236 789 515 828 postulaverat
544 794 646 829 inter
673 794 751 829 alia
769 794 966 839 PontiFex‚
985 801 1030 832 ut
1048 796 1138 832 abo-

188 847 337 882 leretur
366 846 427 882 lex
454 857 516 882 an.
547 847 638 883 1832
655 847 749 890 lata,
771 859 869 895 quae
890 850 1051 886 minime
1080 862 1139 886 re—

186 900 391 947 cognoscit
408 900 538 936 valida
553 901 809 938 matrimonia
827 903 964 946 mixta,
988 904 1061 939 nisi
1089 904 1137 940 ab

184 953 403 989 acatholico
436 954 667 1001 presbytero
700 955 849 992 fuerint
876 956 1085 994 benedicta
1103 959 1137 1002 1;

183 1012 224 1044 ut
249 1007 296 1044 de
322 1007 451 1044 medio
489 1008 724 1045 tollerentur
761 1010 889 1057 leges,
917 1022 1018 1058 quae
1053 1012 1139 1048 reli-

188 1061 320 1108 giosae
352 1061 584 1109 professioni
618 1073 664 1098 ac
696 1062 834 1099 studiis
849 1064 888 1099 in
912 1065 1136 1110 coenobiis,

186 1120 226 1151 et
251 1115 399 1152 liberae
430 1116 691 1162 Regularium
711 1128 798 1152 cum
828 1119 1031 1165 supremis
1057 1120 1138 1156 suis

188 1169 508 1206 Moderatoribus
527 1170 679 1206 Romae
706 1171 940 1218 degentibus
966 1184 1137 1210 commu-

187 1224 371 1260 nicationi
399 1224 677 1268 adversantur;
704 1229 748 1261 ut
775 1226 881 1262 clero
907 1238 979 1263 sua
1006 1228 1138 1264 omnia

187 1279 493 1316 restituerentur
511 1280 626 1323 bona;
652 1285 695 1315 ut
728 1281 912 1329 Episcopi
931 1283 1059 1318 Latini
1088 1283 1134 1318 ri-

187 1337 248 1369 tus
276 1338 437 1381 possent
471 1334 519 1370 ad
545 1339 703 1381 tempus
739 1346 852 1370 suam
889 1336 927 1371 in
963 1338 1138 1374 Graecos

182 1389 313 1424 unitos
331 1388 642 1424 iurisdictionem
670 1399 877 1426 exercere.
895 1391 1059 1438 Insuper
1084 1391 1138 1428 ef-

184 1441 506 1488 flagitaverat‚ut
520 1442 812 1488 abrogarentur
835 1444 958 1490 leges,
976 1456 1076 1491 quae
1097 1446 1138 1481 il-

183 1495 232 1530 lie
259 1500 411 1540 vetant,
436 1496 614 1532 homines
633 1496 679 1532 ad
695 1497 916 1534 catholicae
934 1499 1137 1536 Ecclesiae

181 1549 307 1585 sinum
336 1549 480 1592 redire,
503 1554 542 1585 et
560 1549 699 1597 quibus
719 1551 834 1597 plane
855 1552 1042 1598 congruit
1061 1553 1138 1589 alia

184 1601 248 1637 illa
276 1602 471 1638 ordinatio
506 1603 726 1639 catholicae
763 1603 948 1651 religioni
980 1608 1137 1643 omnino

181 1655 365 1699 adversa,
395 1656 522 1692 saeris
541 1656 735 1703 operariis
753 1661 896 1694 vetans
915 1670 992 1694 non
1009 1661 1136 1696 solum

180 1709 278 1745 alios
305 1710 353 1746 ad
380 1710 638 1755 evangelicae
666 1710 848 1746 veritatis
868 1711 995 1748 lucem
1024 1725 1139 1750 voca-

182 1773 239 1806 re,
261 1775 399 1800 verum
428 1765 547 1799 etiam
576 1763 622 1798 iis
643 1764 850 1801 Ecclesiae
869 1766 1134 1805 Sacramenta

183 1816 403 1863 impertire,
427 1817 491 1864 qui
519 1821 637 1853 antea
667 1817 715 1853 ad
741 1818 978 1855 catholicam
1003 1821 1136 1858 Eccle-

182 1872 281 1906 siam
298 1871 459 1907 minime
476 1871 887 1919 pertinebant-Neque
903 1873 1036 1910 omisit
1051 1875 1135 1922 ipse

185 1922 278 1960 Pius
305 1935 558 1972 summopere
598 1925 787 1971 conqueri
827 1925 874 1962 de
905 1938 1009 1963 nova
1034 1929 1135 1966 iura-

184 1978 306 2014 menti
327 1979 515 2023 formula,
545 1979 643 2025 quod
676 1989 699 2014 a
734 1979 936 2016 catholicis
963 1982 1136 2029 Impera-

182 2032 257 2068 tori
285 2032 518 2068 Russiarum
544 2032 708 2069 subditis
729 2038 818 2069 erat
838 2037 1130 2081 praestandum.

230 2085 358 2126 Quum
374 2098 470 2123 vero
498 2093 607 2122 certo
634 2088 801 2124 sciverit
833 2088 1016 2126 Pontifex
1035 2103 1133 2138 quae

182 2144 414 2186 paterentur
439 2139 600 2176 Puellae
613 2141 792 2177 caritatis
816 2142 857 2177 S.
884 2143 1080 2181 Vincentii
1105 2157 1128 2182 a

182 2193 306 2230 Paulo
322 2194 360 2229 in
371 2194 535 2230 Polonia
550 2195 779 2240 existentes,
799 2208 975 2244 quaeque
993 2201 1134 2246 spolia-

180 2247 296 2285 tionis
315 2248 493 2295 pericula
507 2249 612 2286 Cleri
641 2251 834 2287 secularis
855 2252 963 2287 bonis
981 2253 1129 2301 impen-

180 2301 335 2347 derent,
367 2306 407 2338 et
440 2302 632 2350 quomodo
668 2303 715 2338 ad
744 2303 932 2341 Poloniae
964 2318 1130 2352 regnum

184 2356 340 2393 extendi
357 2356 477 2393 vellet
492 2357 555 2393 lex
570 2357 663 2392 anni
677 2357 767 2394 1833
778 2358 886 2395 circa
902 2360 1025 2396 mixta
1045 2373 1132 2398 con-

182 2410 310 2457 iugia,
330 2410 378 2446 ob
406 2420 523 2457 quam
544 2411 619 2447 iam
647 2418 884 2458 conquestus
906 2422 1005 2455 erat,
1028 2418 1135 2453 nulla

182 2464 415 2512 interposita
441 2475 556 2501 mora
570 2493 578 2509 ‚
598 2466 708 2501 iussit
722 2470 947 2512 opportuna
961 2480 1134 2506 commu-

185 2518 381 2555 nicatione
417 2519 626 2555 Russicum
662 2520 900 2556 Gubernium
936 2521 1065 2566 adiri,
1095 2530 1134 2562 et

182 2573 318 2610 eodem
348 2578 527 2621 tempore
557 2585 678 2621 penes
707 2574 797 2610 illud
825 2575 940 2611 enixe
971 2580 1132 2625 urgeri,

181 2633 222 2664 ut
248 2628 429 2663 omnibus
456 2628 689 2664 Russiarum
718 2634 758 2665 et
783 2628 969 2666 Poloniae
991 2644 1134 2669 vacan-

183 2682 282 2719 tibus
318 2682 574 2718 Dioecesibus
607 2682 665 2718 sui
702 2684 1013 2730 praeficerentur
1046 2689 1132 2736 Epi-

179 2737 301 2784 scopi,
339 2748 557 2784 eorumque
593 2738 847 2785 Suffraganei
878 2739 1132 2787 designaren-

226 2864 233 2885 ¹
257 2867 439 2900 Petiliones
455 2867 570 2908 parlim
591 2874 721 2909 quoquo
747 2876 784 2899 eo
811 2867 1012 2910 spectabant,
1037 2873 1071 2901 ut
1099 2872 1134 2903 n-

179 2911 267 2945 ‹leles
282 2921 352 2945 cum
371 2914 406 2944 S.
426 2913 505 2945 Sede
536 2913 633 2945 libore
659 2915 899 2947 communicare
918 2923 1077 2957 posscnt;
1100 2924 1132 2950 ut

178 2958 214 2990 ab
234 2959 476 3001 episcopalibus
495 2960 700 2992 consistoriis
719 2965 950 2993 amoverentur
977 2962 1131 2995 Procura-

179 3009 229 3036 lor
243 3006 421 3047 imperialis
439 3012 471 3037 et
492 3007 592 3038 laicus
610 3014 627 3037 a
646 3006 793 3045 srcrciis,
815 3008 869 3048 qni
890 3016 904 3038 a
925 3008 1081 3047 gubernio
1100 3019 1133 3041 o-

181 3051 352 3091 ligcbaiur3
375 3057 409 3084 nt
427 3053 577 3085 catholici
600 3053 684 3083 omni
711 3051 861 3085 libertate
879 3055 1132 3088 ailirentcallio-

183 3097 245 3128 lica
275 3098 464 3137 tribunalia,
487 3099 615 3140 illisque
647 3106 762 3129 causas
795 3097 996 3133 subiicrrent
1027 3103 1128 3144 quoad

180 3143 381 3175 matrimonia
418 3144 454 3175 :ih
482 3145 559 3186 ipsis
587 3153 656 3175 cuni
675 3143 866 3176 acatholicis
886 3152 1075 3187 cont1·:icl:i;
1097 3152 1129 3179 ut

182 3187 212 3217 in
235 3186 538 3223 Itiissicisiloniiniis
559 3190 661 3222 locuni
685 3189 841 3221 haberent
857 3190 1095 3226 Instructiones
1113 3203 1127 3225 a

180 3232 214 3262 S.
241 3232 321 3265 sinin
347 3244 403 3276 pro
438 3236 612 3277 hungaria,
640 3235 776 3276 aliisque
805 3236 884 3268 locis
910 3240 1014 3272 editae
1045 3240 1127 3272 circa

182 3278 280 3310 mixta
298 3281 469 3314 connubia.

1191 367 1346 402 casibus
1371 396 1379 410 ‚
1407 368 1655 413 cogebantur
1682 368 1730 403 ad
1758 369 2016 405 instauranda
2042 369 2143 405 schi-

1189 420 1447 456 smaticorum
1465 421 1628 468 templa,
1650 422 1806 468 aliaque
1822 423 2139 459 ecclesiasticam

1190 473 1482 509 immunitatem
1517 474 1720 510 violantia.
1763 476 1879 510 Anno
1918 487 2012 512 vero
2049 476 2140 513 1853

1191 537 1261 572 per
1287 527 1541 563 Cardinalem
1569 538 1592 563 a
1620 528 1780 575 publicis
1808 529 1977 575 negotiis
2009 530 2143 565 Russi-

1191 591 1278 614 eum
1289 580 1530 616 Gubernium
1548 581 1691 617 iterum
1708 592 1754 617 ac
1765 582 2024 618 vehementer
2039 585 2145 618 exci-

1192 633 1303 677 tavit,
1322 638 1366 669 ut
1386 634 1593 682 incoeptae
1620 635 1908 681 perficerentur
1933 636 2140 672 tractatio-

1192 698 1261 722 nes
1276 688 1324 722 ad
1342 688 1614 724 ecclesiastica
1644 689 1917 735 componenda
1948 689 2112 736 negotia
2133 717 2143 732 ‚

1190 743 1230 776 et
1249 740 1388 777 maiori
1417 752 1493 789 qua
1517 742 1605 777 fieri
1632 748 1764 789 posset
1798 743 2004 779 celeritate
2032 742 2144 778 Polo—

1192 794 1281 831 niae
1326 795 1536 832 Dioeceses
1576 796 1722 832 iamdiu
1759 801 1952 834 vacantes
1992 796 2142 833 idoneis

1192 848 1538 885 committerentur
1573 849 1791 898 Episcopis.

1241 902 1396 937 Novam
1412 914 1509 938 vero
1525 902 1572 939 de
1588 903 1793 940 Ecclesiae
1815 904 2032 941 catholicae
2049 915 2139 940 con-

1190 954 1335 992 ditione
1355 956 1391 991 in
1411 956 1646 993 Russiarum
1667 957 1832 1004 imperio
1860 963 1899 995 et
1926 969 2052 1005 regno
2068 958 2145 993 Po-

1191 1009 1321 1045 loniae
1340 1021 1450 1057 spem
1472 1011 1658 1047 Summus
1687 1011 1870 1048 Pontifex
1900 1012 2055 1056 habuit,
2077 1012 2143 1048 ubi

1191 1063 1360 1100 innotuit
1390 1065 1675 1112 Imperatorem
1691 1066 1961 1102 Alexandrum
1988 1067 2034 1110 11,
2072 1066 2146 1102 Ni-

1191 1117 1290 1153 colai
1316 1118 1437 1154 filium
1457 1148 1465 1162 ‚
1482 1123 1638 1166 patrem
1654 1119 1905 1156 demortuum
1927 1121 2030 1156 a'nno
2051 1120 2144 1157 1855

1191 1171 1228 1207 in
1250 1172 1416 1219 imperio
1444 1173 1665 1220 excepisse.
1698 1174 1895 1215 Quocirca
1925 1174 1973 1210 de
2005 1186 2047 1211 re
2081 1186 2144 1211 ca-

1192 1226 1335 1263 tholica
1348 1227 1609 1266 vehementer
1624 1229 1810 1265 sollicitus
1831 1228 1925 1265 Pius
1952 1228 2000 1265 ad
2016 1229 2142 1276 ipsum

1192 1280 1419 1328 Principem
1448 1283 1812 1320 extraordinarium
1838 1283 2049 1320 Oratorem
2076 1284 2146 1320 mi—

1190 1335 1241 1370 sit
1262 1363 1270 1378 ,
1300 1336 1363 1383 qui
1395 1336 1430 1372 ei
1474 1337 1708 1373 Russiarum
1745 1338 1902 1384 imperii
1939 1342 2140 1386 sceptrum

1190 1389 1331 1436 adepto
1351 1390 1474 1426 effuse
1495 1390 1699 1427 Pontificis
1726 1393 1885 1427 nomine
1918 1392 2140 1438 gratulare·

1191 1447 1267 1486 tur,
1296 1447 1337 1479 et
1371 1448 1581 1491 expeteret
1597 1449 1640 1481 ut
1658 1445 1819 1481 tandem
1848 1446 2056 1494 aliquando
2083 1457 2143 1482 as-

1189 1504 1468 1544 sequerentur,
1488 1510 1589 1545 quae
1611 1499 1758 1535 iamdiu
1781 1499 1932 1536 frustra
1957 1507 2141 1547 expecta-

1191 1551 1346 1588 bantur.
1369 1552 1598 1588 Pontificius
1624 1553 1771 1588 Orator
1802 1553 2040 1590 demandato
2067 1554 2142 1591 sibi

1191 1615 1356 1642 munere
1384 1605 1520 1642 sedulo
1547 1606 1735 1654 fungens,
1761 1607 1865 1643 haud
1891 1607 2026 1643 omisit
2053 1619 2143 1644 cum

1190 1659 1273 1706 ipso
1295 1660 1540 1711 Imperassire
1571 1661 1731 1708 eiusque
1755 1661 1948 1709 gubernio
1977 1662 2143 1710 colloqui

1190 1713 1324 1761 eisque
1345 1716 1567 1758 instare‚ut
1597 1720 1713 1762 pacta
1736 1719 1934 1752 conventa
1960 1717 2066 1751 omni
2094 1728 2142 1753 ex

1190 1772 1302 1814 parte
1330 1768 1630 1815 exequutionem
1658 1768 1864 1813 haberent,
1884 1773 1924 1805 et
1941 1779 1990 1806 ea
2012 1770 2144 1806 omnia

1190 1827 1525 1867 componerentur
1543 1850 1551 1865 ‚
1579 1833 1681 1869 quae
1715 1822 1763 1858 ad
1790 1827 1967 1869 optatum
1995 1824 2141 1860 exitum

1189 1873 1329 1910 adduci
1358 1875 1522 1912 minime
1558 1880 1783 1922 potuerant.
1820 1876 1969 1916 Quibus
2006 1881 2141 1913 autem

1188 1927 1235 1964 de
1262 1930 1392 1965 causis
1421 1930 1642 1976 Imperator
1667 1929 1779 1966 iustis
1806 1929 1864 1965 Pii
1890 1929 2142 1976 petitionibus

1189 1987 1269 2018 tum
1291 1984 1451 2019 minime
1471 1984 1621 2026 annuit,
1641 1984 1702 2020 vel
1725 1983 1841 2020 facile
1868 1988 2006 2032 postea
2032 1984 2141 2021 intel-

1189 2037 1257 2084 ligi
1286 2037 1414 2083 potuit
1437 2049 1486 2074 ex
1507 2038 1698 2074 relatione
1730 2037 1856 2074 eidem
1889 2039 2139 2085 Imperatori,

1189 2091 1309 2137 paulo
1337 2098 1428 2128 ante
1457 2091 1660 2127 Pontificis
1692 2091 1874 2128 Oratoris
1900 2091 2114 2129 adventum
2132 2122 2141 2137 ‚

1188 2145 1235 2180 ab
1258 2145 1306 2180 iis
1326 2145 1514 2188 exhibita,
1544 2146 1683 2192 quibus
1716 2157 1856 2182 munus
1887 2146 2141 2183 commissum

1188 2199 1260 2235 fuit
1285 2199 1535 2235 examinandi
1562 2200 1697 2235 varias
1728 2211 1792 2235 res
1827 2199 1875 2235 ad
1908 2200 2141 2237 Conventio-

1192 2264 1279 2288 nem
1309 2253 1566 2299 pertinentes.
1589 2254 1642 2289 Ut
1661 2258 1792 2289 autem
1812 2253 1964 2289 facilius
1983 2264 2142 2292 amove-

1190 2311 1328 2342 rentur
1354 2307 1618 2349 difficultates,
1639 2318 1737 2354 quae
1757 2312 1985 2354 exoptatam
2005 2319 2141 2345 rerum

1187 2360 1551 2396 ecclesiasticarum
1589 2362 1664 2396 illic
1700 2361 2028 2398 instaurationem
2071 2362 2139 2398 im-

1187 2414 1527 2460 pediebant‚omui
1547 2414 1674 2450 studio
1695 2415 1836 2451 iterum
1857 2416 2007 2452 instare
2034 2416 2136 2453 haud

1186 2468 1321 2504 omisit
1351 2468 1547 2511 Pontifex,
1575 2474 1617 2504 ut
1644 2469 1681 2504 in
1704 2470 1938 2506 Russiarum
1971 2470 2141 2518 Impera·

1186 2523 1281 2558 toris
1301 2522 1481 2558 dominiis
1500 2523 1639 2570 aliquis
1656 2524 1954 2560 ecclesiasticus
1974 2525 2034 2560 vir
2052 2525 2140 2561 mis—

1185 2588 1249 2612 sus
1278 2587 1301 2612 a
1329 2577 1521 2614 Pontifice
1543 2577 1749 2620 resideret,
1776 2578 1840 2625 qui
1868 2578 1907 2614 S.
1936 2579 2048 2616 Sedis
2073 2590 2141 2615 no·

1186 2631 1290 2668 mine
1319 2632 1590 2668 ecelesiastica
1618 2633 1776 2680 negotia
1804 2632 2008 2669 tractando
2027 2643 2140 2669 cura-

1187 2691 1259 2721 ret.
1283 2687 1412 2733 Atque
1432 2686 1533 2722 hunc
1554 2687 1589 2722 in
1610 2689 1726 2723 linem
1748 2687 1976 2723 Pontificius
1991 2687 2139 2724 Orator

1185 2739 1278 2775 nihil
1308 2740 1542 2776 intentatum
1573 2742 1741 2788 reliquit,
1757 2746 1800 2778 ut
1818 2741 1946 2778 eidem
1967 2742 2137 2789 Impera-

1186 2794 1284 2837 tori,
1319 2794 1477 2841 eiusque
1513 2795 1704 2841 gubernio
1739 2795 1946 2837 suaderet.
1975 2797 2136 2834 iustissi-

1185 2858 1287 2883 mam
1315 2859 1400 2885 esse
1429 2849 1623 2897 planeque
1657 2855 1918 2898 opportunam
1939 2850 2138 2888 huiusmo—

1183 2901 1218 2936 di
1247 2902 1395 2938 Summi
1425 2903 1626 2940 Pontilieis
1655 2905 1972 2951 postulationem.

1232 2955 1483 3002 Deploranda
1503 2957 1623 2994 etiam
1641 2959 1826 3003 conditio,
1846 2960 1894 2996 ad
1914 2971 2028 3007 quam
2049 2970 2136 3007 per—

1182 3009 1284 3045 ducti
1305 3015 1419 3046 erant
1440 3011 1608 3048 Rutheni
1631 3019 1670 3049 et
1696 3015 1859 3051 Armeni
1888 3014 2068 3050 catholici
2097 3013 2134 3050 in

1183 3063 1325 3099 lzussia
1368 3074 1664 3103 commorantes
1687 3096 1695 3110 ‚
1739 3080 1814 3103 non
1858 3072 2014 3116 poterat
2057 3079 2132 3103 non

1181 3117 1441 3154 veliementer
1469 3130 1722 3158 commovere
1749 3128 1788 3158 et
1822 3123 1997 3159 excitare
2030 3123 2133 3168 Apo-

1181 3172 1362 3207 stolicam
1392 3173 1600 3210 caritatem
1633 3181 1672 3211 et
1705 3177 2003 3212 sollicitudinem
2033 3175 2132 3211 Pon-

1181 3225 1308 3261 tilicis.
1328 3225 1475 3261 Idcirco
1490 3227 1584 3263 die3
1608 3229 1684 3264 iulii
1701 3231 1789 3267 1848
1806 3230 1896 3265 Pius
1913 3229 1984 3276 Pp·
2001 3229 2053 3265 IX
2070 3229 2132 3266 de-

1178 3279 1226 3314 ‹lit
1257 3279 1404 3315 litteras
1423 3280 1469 3315 ad
1493 3282 1841 3331 Archiepiscopuni
1866 3283 2127 3319 lvlohilowien-

2233 3118 2241 3204 ἱ

2223 3207 2241 3331 l

2211 3342 2241 3473 l
