2241 3473
236 134 311 174 154

178 211 301 248 sticus
321 222 474 259 quoque
494 211 534 246 et
548 209 815 252 Sebastianus,
831 207 881 243 R.
898 206 943 243 E.
961 205 1128 250 diaconi,

177 275 220 301 se
249 275 273 300 a
291 263 427 312 Vigilii
458 260 730 299 communione
750 260 1006 308 separarunt,
1027 257 1128 294 scri-

179 317 332 364 ptisque
379 324 694 362 quaquaversum
733 311 877 349 litteris
913 310 1129 348 Chalcedo-

177 380 295 405 nense
325 367 532 404 concilium
553 379 576 403 a
596 364 742 413 Vigilio
763 364 965 413 proditum
986 375 1131 412 quere-

180 421 336 458 bantur.

230 472 400 520 Vigilius
420 471 469 508 ad
491 469 760 519 componenda
780 469 939 508 dissidia
958 472 998 507 et
1020 469 1067 506 ad
1089 480 1132 505 a-

181 526 418 562 movendum
435 523 746 560 Occidentalium
762 526 909 560 metum
925 524 965 560 et
981 521 1132 559 dubita-

177 578 338 622 tionem,
359 587 448 613 cum
465 576 704 625 imperatore
720 576 801 624 egit
817 577 863 613 de
880 574 1132 612 convocando

177 629 515 677 Constantinopoli
552 628 727 678 generali
762 629 938 666 concilio.
968 628 1133 665 Interim

177 683 419 720 Iudz‘catum
438 693 551 718 suum
573 681 646 719 sibi
667 693 690 718 a
710 681 855 719 Menna
876 681 986 719 reddi
1006 680 1132 726 iussit,

178 739 217 772 et
241 736 311 772 sub
332 734 596 772 anathematis
618 746 742 783 poena
762 746 919 772 omnem
940 734 1133 781 discepta-

178 788 322 825 tionem
344 788 390 824 de
406 787 549 825 Tribus
564 787 767 836 Capitulis,
787 788 909 825 donec
925 786 1134 824 concilium

179 841 406 887 haberetur,
424 839 655 888 prohibuitl.

234 892 375 932 Plures
404 893 572 942 episcopi
594 893 735 930 Graeci
756 891 1132 941 Constantinopolim

177 950 461 992 convenerunt,
486 946 601 995 pauci
616 957 711 983 vero
729 946 870 983 Latini.
888 946 985 983 Cum
1002 947 1133 982 autem

177 1000 392 1048 praecipue
414 1000 454 1036 in
472 1001 641 1048 gratiam
664 999 978 1036 Occidentalium
995 997 1134 1035 Ponti-

178 1052 241 1089 fex
254 1051 793 1098 conciliumindixisset,illud
810 1064 899 1089 cum
914 1052 1004 1089 solis
1016 1051 1135 1088 Grae-

179 1105 235 1143 cis
264 1106 452 1142 inchoare
481 1104 619 1142 noluit.
641 1105 883 1142 Iustinianus
903 1116 1038 1142 morae
1058 1104 1136 1140 im-

180 1159 332 1207 patiens
348 1160 388 1195 et
404 1158 641 1196 aTheodoro
658 1157 910 1195 Caesareensi
925 1157 1136 1201 excitatus,

180 1223 283 1248 anno
303 1211 379 1249 551
398 1211 568 1249 alterum
586 1214 724 1248 contra
740 1210 835 1247 Tria
852 1210 1034 1259 Capitula
1050 1209 1136 1246 edi-

180 1267 287 1302 ctum
308 1264 589 1313 promulgavit.
611 1263 782 1311 Vigilius
802 1263 841 1300 id
858 1275 976 1311 aegre
992 1263 1137 1306 ferens,

181 1317 371 1366 episcopis
401 1316 849 1354 excommunicationem
878 1315 1138 1352 comminatus

182 1378 255 1415 est,
280 1370 312 1407 si
333 1370 582 1418 imperatoris
604 1369 730 1406 edicto
753 1368 1017 1414 assentirent3
1038 1380 1137 1415 qua-

184 1425 343 1471 propter
371 1426 525 1460 tantam
556 1422 806 1470 imperatoris
827 1421 1139 1470 indignationem

181 1476 220 1512 in
241 1487 281 1512 se
302 1477 514 1521 convertit,
538 1478 583 1512 ut
603 1475 704 1512 clam
720 1474 1006 1511 Chalcedonem
1022 1474 1061 1510 in
1078 1474 1139 1510 ba—

179 1528 331 1565 silicam
351 1540 380 1566 s.
397 1528 639 1577 Euphemiae
661 1527 878 1576 confugere
901 1527 1022 1564 fuerit
1043 1539 1137 1563 coa-

181 1584 277 1619 ctus.
292 1582 531 1619 Iustinianus
549 1581 751 1618 Pontificis
765 1581 986 1618 constantia
1002 1580 1139 1625 vietus,

179 1634 348 1671 edictum
377 1646 494 1671 suum
521 1634 695 1681 sustulit,
716 1639 754 1671 et
774 1633 970 1683 integram
1000 1645 1140 1670 causae

181 1687 440 1736 cognitionem
460 1688 593 1724 futuro
612 1687 775 1724 concilio
788 1687 958 1735 reliquit.
968 1686 1140 1735 Vigilius

181 1740 567 1789 Constantinopolim
589 1751 814 1789 regressus,
836 1740 992 1777 concilii
1014 1751 1140 1788 gene-

179 1793 274 1830 ralis
296 1793 549 1831 celebrationi
572 1793 740 1830 assensit
758 1805 805 1830 ea
823 1793 932 1841 lege,
958 1796 1002 1830 ut
1021 1794 1081 1830 tot
1103 1792 1137 1829 ei

181 1846 422 1884 interessent
442 1846 614 1895 episcopi
635 1847 770 1884 Latini
791 1850 886 1895 quot
903 1846 1046 1883 Graeci
1063 1843 1089 1883 ².

237 1899 300 1937 35.
326 1899 555 1937 Concilium
589 1900 656 1947 Cp.
688 1898 754 1945 II,
772 1901 970 1947 yenerale
1004 1900 1039 1935 V
1054 1898 1141 1948 (an.

184 1950 592 2001 553)—Iustinianus,
612 1952 705 1990 licet
726 1954 838 2000 pauci
860 1954 1040 1990 adessent
1061 1952 1146 2001 epi-

184 2006 290 2052 scopi
306 2005 514 2049 Latini,1v⁰
531 2017 650 2042 nonas
667 2006 760 2042 maii
774 2018 834 2044 an.
847 2007 924 2045 553
940 2003 1148 2044 concilium

185 2058 448 2095 inchoandum
468 2058 601 2095 voluit.
615 2058 886 2096 Interfuerunt
900 2060 1056 2097 circiter
1073 2059 1148 2097 165

185 2111 363 2160 episcopi,
376 2112 648 2160 praeseditque
658 2112 878 2160 Eutychius
891 2113 970 2161 Cp.,
984 2113 1148 2152 Mennae

185 2175 398 2201 successor.
415 2163 584 2211 Vigilius
601 2164 718 2209 enim,
735 2165 782 2201 ob
800 2177 875 2202 non
893 2166 1144 2214 adimpletam

186 2218 234 2254 de
256 2216 412 2265 aequali
431 2217 662 2253 Latinorum
678 2221 717 2254 et
738 2218 981 2255 Graecorum
1006 2220 1148 2267 episco-

186 2281 326 2319 porum
343 2281 505 2307 numero
522 2270 970 2316 conditionem,concilio
986 2272 1148 2310 interes-

184 2335 225 2360 se
245 2323 455 2360 recusavit.
474 2323 642 2360 Habitae
663 2327 752 2361 sunt
773 2331 859 2361 octo
881 2325 1086 2362 sessiones:
1106 2326 1147 2362 1³

183 2378 223 2413 et
242 2374 289 2412 2³
310 2375 525 2413 honorifica
545 2376 688 2424 legatio
705 2377 753 2413 ad
772 2376 1005 2414 Pontificem
1026 2378 1146 2415 missa

186 2426 278 2473 fuit,
309 2433 354 2466 ut
383 2440 565 2477 praesens
597 2441 680 2466 esse
701 2430 864 2466 concilio
885 2430 1143 2478 dignaretur3

186 2481 232 2520 3²²
253 2481 370 2519 Fides
400 2482 448 2519 ab
477 2482 674 2531 Apostolis
704 2482 850 2519 tradita
870 2486 909 2519 et
931 2495 953 2520 a
974 2486 1144 2531 quatuor

187 2534 364 2572 conciliis
379 2534 553 2579 definita,
569 2534 801 2572 confirmata
817 2539 886 2581 cst,
903 2539 942 2572 et
959 2537 1146 2575 haeretici

185 2589 234 2625 ab
262 2587 398 2625 iisdem
428 2587 603 2625 conciliis
633 2588 822 2633 damnati,
844 2600 944 2625 novo
966 2591 1136 2627 anatlie-

187 2643 292 2677 mate
321 2640 492 2688 percussi
522 2642 633 2686 sunt3
664 2640 723 2686 4⁶²,
753 2640 799 2678 5a
829 2647 869 2678 et
897 2641 944 2678 (5³
966 2642 1141 2680 discussa

190 2696 283 2731 sunt
312 2693 406 2730 Tria
435 2693 631 2742 Capitula,
663 2696 703 2731 et
731 2694 953 2742 probatum,
972 2698 1146 2732 mortuos

190 2758 346 2793 quoque
376 2747 629 2784 anathemate
658 2746 776 2795 plecti
807 2758 944 2794 posse3
974 2746 1020 2783 7a
1040 2754 1080 2784 et
1100 2747 1145 2784 82

191 2798 305 2835 lectis
326 2799 385 2844 iis,
400 2811 500 2847 quae
520 2799 690 2848 Vigilius
707 2799 788 2847 ipse
805 2803 942 2836 contra
956 2799 1050 2837 Tria
1067 2800 1144 2837 Ca-

190 2851 315 2900 pitula
334 2852 544 2900 scripserat
565 2859 604 2890 et
620 2855 770 2901 egerat,
787 2852 993 2889 concilium
1012 2853 1146 2889 defini-

192 2904 315 2941 tivam
347 2905 579 2942 sententiam
603 2910 740 2942 contra
760 2905 855 2942 Tria
875 2905 1058 2954 Capitula
1079 2908 1144 2942 tu-

192 2957 250 3001 lit,
270 2960 310 2994 ct
336 2957 380 2993 14
404 2958 767 2995 Anathcrnatisinos
787 2958 923 3003 edidit,
947 2959 984 2994 in
1006 2958 1146 3006 quibus

193 3009 420 3047 Theodorus
455 3009 754 3059 Mopsuestcnus
785 3010 944 3059 eiusque
973 3011 1144 3060 scripta,

237 3135 246 3156 ¹
266 3136 378 3174 Lahlnc,
396 3136 520 3167 Ccmcil.
539 3140 557 3167 t.
576 3138 606 3167 V.

237 3176 250 3196 ¹²
267 3178 379 3215 Labbc,
397 3178 489 3217 ibid.;
509 3179 617 3209 Ιὲιιιόιι,
635 3182 663 3209 el
681 3180 766 3220 rugi,
783 3180 821 3210 ad
840 3189 888 3211 an.
903 3180 1054 3213 552-553.

683 144 840 172 EPOCHA
868 145 921 170 IV.
951 145 979 170 A
1006 142 1107 169 FINE
1134 140 1296 170 IMPERII
1324 141 1609 170 OCCIDENTALIS

1171 206 1409 244 Theodoreti
1434 207 1523 243 libri
1549 208 1687 244 contra
1707 207 1902 256 Cyrillum
1921 210 1962 246 et
1980 208 2075 246 Ibae
2093 219 2138 245 c-

1173 259 1314 307 pistola
1334 260 1382 296 ad
1406 258 1565 305 Marim,
1581 259 2141 307 AriuS,Eunomius,Macedo-

1174 312 1275 357 nius,
1299 311 1554 360 Apollinaris,
1578 311 1803 358 Nestorius,
1819 314 2033 362 Eutyches,
2048 313 2141 351 Ori-

1173 376 1305 413 genes,
1330 364 1508 402 damnati
1529 366 1621 401 sunt
1646 367 1686 402 et
1707 366 2028 404 anathematizati
2047 365 2071 404 ¹.

1227 417 1387 455 Interea
1405 417 1590 455 Pontifex
1609 418 1658 454 ad
1679 417 1957 466 imperatorem
1975 419 2142 467 dederat

1172 470 1384 518 scriptum,
1413 470 1699 507 Constitutum
1723 471 1980 519 appellatum,
2001 473 2041 509 in
2061 484 2140 521 quo

1174 524 1430 571 querebatur,
1450 522 1716 560 conditionem
1737 523 1891 560 concilii
1914 524 2140 563 celebratio-

1175 575 1213 612 ni
1234 578 1466 624 appositam,
1487 588 1564 613 non
1603 574 1722 613 fuisse
1764 576 1965 624 impletam
1982 590 1992 623 ;
2036 589 2138 626 quae

1174 628 1213 665 in
1233 628 1428 666 Theodori
1450 628 1713 677 Mopsuesteni
1734 629 1898 677 scriptis,
1914 629 1957 666 in
1977 630 2076 667 Ibae
2090 642 2137 668 e-

1174 681 1315 730 pistola
1336 685 1376 719 et
1391 681 1629 719 Theodoreti
1644 681 1768 727 libris,
1785 682 2008 731 Evangelii,
2033 682 2140 731 Apo-

1175 734 1380 781 stolorum,
1400 735 1658 772 conciliorum
1679 738 1718 771 et
1740 735 1993 782 Apostolicae
2020 735 2135 774 Sedis

1176 788 1363 825 doctrinis
1380 790 1511 825 essent
1526 787 1739 832 contraria,
1759 787 1990 833 damnabat;
2013 787 2136 826 Theo-

1176 840 1259 877 dori
1288 842 1442 886 tamen,
1471 841 1563 888 quia
1585 839 1651 876 diu
1674 839 1819 877 mortui
1838 843 1878 877 et
1898 840 1939 877 in
1963 840 2048 878 vita
2067 852 2138 879 sua

1178 905 1252 929 non
1275 894 1550 937 condemnati,
1571 892 1719 929 nomini
1740 894 1991 942 parcendum,
2018 894 2139 931 nihil-

1177 957 1253 994 que
1282 946 1321 982 in
1352 958 1471 983 causa
1499 945 1736 983 Theodoreti
1758 949 1798 984 et
1819 946 1912 983 Ibae
1937 947 2137 984 innovan-

1177 999 1269 1036 dum
1299 999 1554 1044 decernebat,
1584 999 1674 1046 quia
1693 998 1963 1037 Theodoretus
1987 1001 2028 1036 et
2049 999 2139 1037 Iba-S

1178 1052 1215 1088 in
1247 1063 1387 1100 magno
1417 1052 1583 1088 concilio
1605 1051 1910 1089 Chalcedonensi
1937 1052 2137 1099 restituti,

1178 1116 1304 1141 novae
1334 1104 1579 1152 inquisitioni
1608 1116 1684 1140 non
1715 1107 1829 1141 erant
1862 1105 2092 1143 subiiciendi
2107 1103 2136 1143 ².

1179 1157 1262 1194 Hoc
1301 1157 1567 1195 Constitutum
1596 1157 1814 1204 imperator
1847 1157 1896 1194 ad
1928 1158 2138 1196 concilium

1182 1222 1257 1247 non
1287 1210 1439 1256 detulit,
1471 1212 1603 1247 utrum
1623 1221 1672 1247 ex
1693 1210 1899 1256 industria,
1932 1223 1979 1248 ne
1999 1211 2139 1249 Trium

1181 1262 1449 1311 Capitulorum
1465 1263 1667 1300 damnatio
1684 1262 1958 1311 impediretur,
1977 1276 2026 1301 an
2043 1275 2137 1302 vero

1180 1316 1273 1364 quia
1301 1315 1396 1352 illud
1427 1328 1503 1353 non
1525 1316 1597 1353 nisi
1618 1319 1704 1364 post
1723 1316 1941 1354 concilium
1971 1328 2138 1366 accepe-

1183 1369 1247 1414 rit,
1277 1380 1340 1406 res
1361 1369 1481 1406 dubia
1501 1372 1572 1406 est.

1236 1422 1426 1464 Quamvis
1442 1424 1578 1459 autem
1591 1421 1760 1470 Vigilius
1773 1422 1936 1460 concilio
1954 1422 2143 1460 interesse

1182 1477 1415 1520 recusasset,
1435 1487 1524 1512 cum
1540 1477 1673 1512 tamen
1694 1474 1790 1512 Tria
1807 1475 1989 1524 Capitula
2004 1475 2145 1513 merito

1183 1530 1222 1566 et
1241 1529 1387 1576 absque
1408 1528 1735 1566 Chalcedonensis
1765 1529 1921 1566 concilii
1941 1528 2084 1566 iniuria
2103 1528 2144 1565 in

1185 1594 1230 1618 eo
1259 1584 1391 1619 essent
1420 1582 1626 1625 damnata,
1647 1582 1784 1618 eodem
1813 1593 1916 1619 anno
1936 1581 2144 1619 concilium

1185 1636 1257 1672 hoc
1286 1635 1538 1672 confirmavit
1557 1632 1584 1671 ³.
1615 1633 1717 1671 Illud
1747 1645 1899 1706 quq'que
1930 1634 2144 1672 confirma-

1186 1691 1278 1725 runt
1299 1687 1497 1736 Pelagius,
1515 1687 1731 1735 Gregorius
1751 1686 1819 1732 M.·,
1845 1687 1991 1736 aliique
2011 1687 2145 1726 Ponti-

1185 1741 1290 1786 fices,
1313 1743 1352 1778 et
1372 1744 1562 1789 tanquam
1579 1741 1876 1778 oecumenicum
1894 1742 1943 1778 ab
1960 1740 2148 1782 universa

1190 1793 1371 1832 Ecclesia
1392 1796 1593 1842 receptum
1617 1795 1676 1830 est
1695 1792 1721 1830 ⁴.

1241 1847 1304 1884 36.
1329 1847 1517 1897 Schisma
1537 1847 1734 1884 Isto-ieme
1752 1846 1992 1895 —Episcopi
2011 1846 2149 1896 plures

1189 1900 1229 1937 in
1258 1900 1469 1937 Occidente
1499 1899 1702 1937 concilium
1733 1899 1770 1937 V
1795 1899 1966 1949 recipere
1986 1901 2145 1938 metue-

1190 1956 1295 2000 runt,
1308 1965 1356 1990 ne
1368 1965 1485 2002 quam
1501 1952 1688 1990 iniuriam
1703 1952 2011 1990 Chalcedonensi
2022 1952 2147 1990 infer-

1191 2009 1291 2044 rent.
1323 2006 1451 2048 Quum
1480 2010 1612 2043 tamen
1640 2006 1736 2042 illud
1766 2017 1842 2043 non
1870 2006 2150 2055 impugnarent

1192 2059 1422 2108 procaciter,
1443 2070 1568 2106 neque
1590 2070 1680 2096 cum
1697 2059 1744 2096 R.
1767 2058 1960 2096 Pontifice
1981 2059 2148 2107 aliisque

1191 2112 1399 2150 concilium
1429 2112 1465 2148 V
1494 2111 1807 2160 suscipientibus,
1829 2112 2146 2150 communionem

1190 2168 1431 2214 rumperent,
1447 2165 1515 2202 sed
1533 2165 1694 2203 unitatis
1710 2165 1909 2202 vinculum
1928 2167 2149 2210 servarent,

1192 2230 1313 2267 quum
1342 2218 1502 2266 insuper
1540 2218 1579 2254 in
1613 2217 1772 2255 concilio
1793 2217 1830 2255 V
1861 2229 1935 2255 non
1953 2218 2001 2256 de
2020 2216 2147 2263 Fidei,

1190 2273 1256 2309 sed
1272 2272 1319 2308 de
1340 2282 1597 2320 personarum
1630 2282 1748 2308 causa
1769 2273 1901 2308 actum
1922 2272 2037 2317 esset,
2057 2270 2149 2308 RR.

1193 2324 1400 2362 Pontifices
1417 2336 1505 2361 cum
1522 2323 1598 2360 illis
1614 2323 1800 2372 episcopis
1812 2323 2062 2361 oeconomica
2077 2334 2147 2361 seu

1190 2376 1425 2426 prudentiali
1446 2378 1616 2424 quadam
1638 2376 1777 2425 agendi
1790 2377 1943 2414 ratione
1960 2376 2018 2414 usi
2037 2378 2145 2422 sunt,

1191 2432 1309 2467 donec
1339 2441 1511 2466 errorem
1540 2429 1655 2476 facti,
1686 2429 1724 2466 in
1755 2442 1832 2478 quo
1867 2430 2146 2475 versabantur,
2201 2470 2211 2482 ,

1232 2524 1240 2545 ¹
1257 2525 1370 2562 Labbe,
1388 2523 1505 2556 Concil.
1526 2527 1545 2555 l.
1563 2524 1594 2554 V.

1230 2566 1244 2587 *2
1263 2566 1373 2601 Labbc,
1391 2567 1461 2596 ibid.

1230 2608 1243 2628 3
1261 2609 1456 2643 Anastasius,
1469 2610 1496 2637 ex
1514 2608 1583 2645 post
1601 2615 1669 2636 cum
1684 2606 1789 2645 plui-cs
1813 2606 1864 2638 alii
1881 2606 2084 2645 scripserunt,
2096 2604 2145 2635 Vi-

1190 2649 1295 2686 gilium
1314 2649 1398 2679 initio
1416 2649 1553 2679 noluisse
1573 2648 1758 2678 consu-marc
1776 2648 1944 2680 Concilium
1961 2647 1993 2685 V,
2011 2646 2145 2686 ideoque

1190 2691 1219 2720 in
1241 2690 1363 2720 exilium
1382 2689 1580 2720 amandatum
1599 2698 1615 2718 :i
1634 2689 1822 2726 liistininno;
1841 2690 1964 2719 demum
1981 2688 2063 2719 exilii
2081 2691 2147 2718 tae-

1191 2731 1240 2760 dio
1258 2735 1285 2760 ct
1303 2731 1491 2768 repetendae
1507 2730 1592 2760 urbis
1605 2730 1706 2760 studio
1721 2731 1759 2760 :id
1775 2730 1848 2761 illud
1863 2729 2058 2769 probandum
2073 2728 2145 2759 suis-

1189 2782 1222 2801 sc
1239 2771 1405 2802 :iddnctnni
1430 2771 1490 2802 Sed
1510 2771 1597 2801 third,
1617 2771 1706 2801 Not-is
1730 2771 1830 2807 (Diss.
1848 2771 1889 2802 de
1903 2770 2034 2809 synodo
2056 2768 2103 2807 V,
2120 2777 2149 2800 c.

1190 2813 1220 2845 8>
1239 2812 1524 2850 ‹›s101111it‚11:111t·de
1540 2813 1641 2851 vigilii
1657 2813 1746 2843 exilio
1760 2813 1970 2843 narrationem
1985 2819 2054 2842 esse
2067 2818 2148 2841 com·
2198 2810 2209 2835 ⁴

1191 2854 1368 2883 mriilitinni.

1233 2895 1245 2916 ⁴
1263 2895 1434 2925 ‹loni-ilium
1453 2896 1504 2933 Cp.
1523 2895 1556 2930 Η,
1577 2895 1725 2933 generale
1743 2895 1775 2933 V,
1791 2903 1860 2925 esse
1878 2902 1949 2923 vere
1967 2891 2151 2924 oecumeni-

1191 2945 1258 2965 cum
1277 2940 1303 2965 οι
1321 2936 1360 2964 nl»
1380 2937 1516 2966 Ecclesia
1535 2939 1563 2965 nt
1582 2936 1642 2965 tale
1661 2939 1829 2974 receptum,
1846 2935 1919 2965 Tria
1937 2934 2077 2973 Cnpitula
2095 2942 2148 2964 es-

1191 2987 1222 3005 si·
1241 2978 1316 3007 insu»
1331 2980 1359 3005 rt
1376 2979 1495 3016 :ubsque
1514 2977 1779 3007 ‹that-‹ulonensis
1796 2975 1919 3007 concilii
1935 2975 2046 3005 iniuria
2058 2975 2150 3005 (lam-

1192 3022 1275 3053 nam,
1295 3022 1323 3047 et
1349 3019 1491 3057 Vigiliinn
1511 3020 1561 3057 l‘p.
1580 3019 1608 3048 in
1627 3027 1663 3048 ca
1680 3017 1895 3048 controversia
1914 3025 2015 3055 neque
2031 3015 2148 3046 erroris

1192 3069 1291 3098 nvqnc
1315 3062 1412 3098 tin-pis
1439 3059 1669 3089 inconstantiae
1686 3059 1828 3089 accusari
1844 3066 1954 3097 posse,
1971 3058 2052 3087 inter
2068 3056 2147 3087 alios

1192 3100 1390 3131 ostendo-run!
1418 3101 1534 3131 Natalis
1553 3100 1635 3130 Alex.
1650 3124 1657 3136 ‚
1676 3099 1762 3130 llisc.
1778 3099 1851 3130 eccl.
1870 3099 1951 3129 Diss.
1968 3097 1986 3129 3
2004 3097 2045 3128 in
2062 3107 2149 3129 saec.

1201 3142 1261 3177 1'l,·
1287 3142 1375 3172 ‹nn-d
1401 3143 1508 3179 Novis,
1535 3141 1617 3171 mss.
1642 3141 1679 3171 dc
1703 3140 1839 3180 synodo
1867 3138 1907 3177 V;
1932 3140 1952 3170 Ι.
1975 3139 2008 3171 Β.
2033 3139 2151 3176 Palma,
2196 3141 2210 3175 «ζ

1194 3183 1352 3214 Praestet.
1374 3183 1463 3213 IIisc.
1480 3183 1553 3213 eccl.
1575 3186 1592 3213 t.
1611 3183 1644 3220 ll,
1662 3192 1728 3221 par.
1746 3182 1770 3221 1,
1787 3191 1812 3212 c.
1829 3180 1904 3212 4-7.

2196 2884 2211 3021 3

2176 3194 2213 3473 ἑ

2226 227 2241 268 Ξ
