2241 3473
621 193 748 225 VSQVE
776 195 829 222 AD
858 191 1168 221 CONVERSIONEM
1195 191 1458 220 CONSTANTINI
1485 190 1529 220 M.

110 256 479 302 consubstantialia
491 267 514 293 a
525 256 709 295 Patribus
720 257 838 295 fuisse
851 255 1047 301 reiectam,

110 326 155 354 eo
173 311 273 362 quod
301 309 741 348 PaulusSamosatenus
758 321 843 348 earn
864 309 964 346 male
985 320 1048 346 ex-

108 366 279 417 plicaret,
301 359 722 411 suaque'explicatione
738 363 786 400 ad
816 362 911 400 alios
941 362 1047 399 deci-

107 418 262 470 piendos
293 417 527 453 abuteretur.
563 416 639 454 Sed
667 416 760 453 illud
783 415 966 464 gravibus
1002 414 1048 451 de

109 471 234 510 causis
254 470 398 518 negant
422 468 550 517 plures
572 469 645 505 viri
670 469 812 506 eruditi
840 466 865 505 ¹.

159 522 307 562 Paulus
329 534 437 566 vero,
460 521 639 570 quamvis
659 522 697 558 in
719 521 865 569 synodo
895 520 1049 568 deposi-

105 579 180 622 tus,
199 575 321 613 fultus
341 575 529 623 praesidio
551 574 708 622 reginae
727 574 936 620 Zenobiae,
952 585 1050 622 quae

105 633 198 668 tunc
218 629 402 677 temporis
420 628 536 676 Syria
551 628 783 676 potiebatur,
800 639 922 675 neque
939 627 1051 664 domo

105 682 310 732 episcopali
332 681 498 718 excessit
518 691 642 729 neque
672 680 935 717 functionibus
964 679 1050 728 epi·-

105 735 323 784 scopalibus
348 733 546 771 abstinuit.
567 735 619 770 At
638 734 754 782 paulo
774 737 860 782 post
878 733 1053 770 Aurelia-

105 800 177 826 nus
196 788 427 837 imperator,
453 787 607 824 devicta
627 786 793 823 Zenobia
806 817 814 832 ,
836 789 875 824 et
895 798 917 823 a
938 786 1051 823 Chri-

105 842 240 880 stianis
260 839 527 888 interpellatus
540 869 549 883 ,
569 839 698 876 locum
719 839 957 876 adiudicavit
975 839 1029 876 illi
1042 869 1051 885 ,

105 905 271 945 quocum
294 893 459 942 episcopi
477 893 565 930 Itali
584 895 622 930 et
639 893 676 929 in
695 893 829 941 primis
851 893 1050 930 Romanus

107 947 452 985 communicarent.
466 946 575 983 Tunc
593 946 738 983 Paulus
749 946 896 983 Domno
913 946 1051 983 cedere

106 1002 259 1039 coactus
279 999 354 1037 fuit
369 998 395 1037 ².
418 999 510 1036 Eius
529 1002 662 1036 autem
682 999 949 1050 sectatoribus,
970 999 1052 1036 dic-

106 1054 158 1092 tis
183 1052 515 1091 Samosatenianis
543 1055 582 1089 et
611 1052 873 1096 paulianistis,
895 1056 1051 1101 praeter

106 1110 340 1145 memoratos
365 1117 539 1149 errores,
565 1105 716 1142 crimini
743 1105 928 1151 vertitur,
951 1106 1051 1154 quod

106 1165 290 1209 corrupta
308 1159 488 1208 baptismi
508 1158 645 1204 forma,
662 1171 738 1196 non
754 1158 997 1207 baptizarent
1013 1159 1049 1195 in

107 1212 261 1252 nomine
282 1213 413 1249 Patris
443 1215 483 1249 et
510 1212 598 1249 Filii
629 1214 668 1249 et
695 1211 866 1261 Spiritus
895 1213 934 1249 S.
961 1211 1051 1249 Ideo

105 1265 307 1304 concilium
326 1265 540 1303 Nicaenum
561 1265 599 1310 Ι,
619 1277 702 1302 can.
724 1266 769 1310 9,
791 1265 1050 1302 Paulianistas

107 1320 155 1358 ad
176 1319 386 1357 Ecclesiam
406 1319 623 1365 venientes,
644 1330 782 1356 rursus
801 1318 1050 1368 baptizandos

108 1384 192 1411 esse
211 1373 413 1411 constituit
433 1370 459 1410 ³.

159 1426 221 1464 84.
254 1426 534 1475 Porphyrius,
574 1425 878 1470 Philostratus,
913 1425 1052 1462 I-Iz'ero-

108 1479 339 1517 cles—Hoc
366 1479 448 1528 ipso
477 1481 650 1528 tempore
676 1478 795 1516 etiam
815 1491 837 1516 a
858 1478 1052 1516 nonnullis

107 1532 340 1582 philosophis
359 1532 521 1570 ethnicis
541 1532 675 1581 religio
691 1532 902 1569 christiana
921 1532 1050 1580 impu-

107 1588 227 1636 gnata
250 1586 334 1623 fuit.
357 1586 416 1623 Ex
438 1586 496 1622 his
516 1588 601 1623 erat
622 1585 879 1635 Porphyrius,
900 1586 997 1634 Tyri
1012 1585 1052 1622 in

109 1639 320 1677 Phoenicia
335 1639 536 1687 natus,qui
552 1639 600 1676 ab
621 1639 791 1688 Origene
807 1639 854 1676 ad
870 1639 1051 1677 christia-

108 1703 158 1730 na
178 1704 289 1730 sacra
305 1692 530 1741 perductus,
551 1692 689 1729 deinde
710 1692 846 1729 eadem
866 1692 1049 1738 deseruit,

108 1746 352 1795 Romamque
371 1744 577 1794 profectus,
595 1745 747 1782 Plotino
764 1745 803 1782 in
820 1745 1050 1783 addiscenda

108 1798 347 1848 philosophia
375 1798 562 1848 magistro
592 1810 684 1836 usus
703 1800 773 1836 est.
794 1798 957 1848 Scripsit
977 1799 1049 1836 ad-

107 1854 247 1889 versus
263 1852 500 1890 Christianos
515 1851 632 1888 libros
643 1852 704 1897 15,
717 1851 781 1901 qui
797 1854 931 1901 postea
946 1853 1051 1890 Chri-

108 1905 323 1943 stianorum
352 1906 632 1954 imperatorum
661 1905 812 1954 legibus
831 1905 1049 1955 proscripti,

107 1959 318 2007 perierunt,
339 1961 496 2007 praeter
516 1958 663 2006 aliquot
677 1957 899 2007 fragmenta
915 1959 962 1996 ab
978 1959 1051 1996 Eu-

107 2011 223 2058 sebio,
243 2024 273 2050 s.
295 2011 534 2060 Hieronymo
554 2011 714 2060 aliisque
735 2015 976 2049 conservata.
990 2013 1050 2049 Ex

107 2065 154 2102 iis
173 2067 295 2114 patet,
317 2067 519 2102 auctorem
537 2065 576 2102 in
595 2065 727 2114 primis
748 2077 792 2102 eo
812 2066 1023 2103 tetendisse
1041 2095 1050 2112 ,

108 2121 152 2157 ut
178 2131 208 2157 s.
237 2118 463 2167 Scripturae
491 2118 766 2156 auctoritatem
796 2119 1047 2156 convelleret.

109 2172 301 2214 Quocirca
316 2172 520 2209 ostendere
535 2174 694 2209 conatus
711 2174 782 2217 est,
793 2172 936 2210 multas
950 2172 989 2209 in
1004 2184 1050 2209 ea

109 2225 298 2264 contineri
317 2225 653 2271 contradictiones,
673 2224 890 2273 librumque
906 2226 1050 2263 Danie—

108 2278 156 2317 lis
175 2278 326 2316 nonnisi
340 2277 524 2316 Antiochi
539 2278 750 2328 Epiphanis
764 2280 938 2327 tempore
955 2279 1049 2316 fuis-

109 2344 148 2371 se
165 2331 435 2381 conscriptum.
446 2332 657 2369 Praeterea
669 2331 822 2381 scripsit
836 2332 959 2369 vitam
975 2332 1051 2381 Py-

109 2386 296 2435 thagorae
311 2397 354 2422 eo
371 2385 594 2431 consili0,ut
609 2385 954 2431 ostenderet,inter
970 2385 1053 2435 phi-

109 2437 287 2488 losophos
319 2438 437 2476 etiam
457 2438 631 2476 extitisse
657 2438 896 2476 mirabilium
912 2441 1048 2488 patra-

111 2494 228 2538 tores,
242 2491 373 2540 qualia
393 2491 440 2529 de
460 2491 611 2529 Christo
632 2494 671 2529 et
691 2492 887 2541 Apostolis
901 2493 1051 2541 praedi-

111 2545 251 2583 cabant
266 2544 485 2583 Christiani.
501 2547 555 2583 At
569 2556 668 2593 quae
689 2545 735 2582 de
753 2545 980 2595 Pythagora
996 2557 1051 2583 re-

109 2597 187 2636 fert
206 2597 457 2647 Porphyrius,
478 2610 552 2635 non
569 2601 721 2635 tantum
737 2601 872 2636 carent
887 2599 1050 2637 internis

111 2650 388 2690 miraculorum
404 2650 781 2697 characteribus,sed
795 2653 917 2689 multa
933 2652 1050 2690 etiam

112 2706 202 2742 sunt
228 2704 396 2742 absurda
412 2733 421 2751 ,
451 2704 580 2742 omnia
605 2716 697 2742 vero
717 2705 883 2743 testibus
903 2705 1050 2743 idoneis

113 2757 313 2795 destituta.

155 2811 310 2848 'Eodem
329 2808 502 2855 consili0‚
523 2821 598 2847 non
619 2810 682 2848 diu
698 2813 788 2849 ante
807 2824 907 2857 eum,
923 2811 1052 2848 Philo-

112 2865 269 2910 stratus,
288 2862 551 2908 Atheniensis,
571 2864 725 2912 scripsit
745 2865 868 2903 vitam
888 2865 1049 2913 Apollo-

111 2917 162 2955 nii
182 2916 370 2966 Tyanaei,
387 2915 453 2964 qui
474 2918 559 2964 post
578 2917 750 2954 medium
771 2917 884 2967 primi
905 2917 1051 2956 saeculi

113 2969 224 3018 vixit,
245 2973 284 3008 et
312 2981 336 3008 a
362 2968 600 3007 Philostrato
630 2970 836 3009 exhibetur
862 2972 1052 3021 tanquam

152 3086 163 3108 ¹
180 3089 210 3118 P.
227 3088 342 3126 Maran,
358 3086 539 3118 Divinitas
556 3086 592 3116 D⁴
610 3084 649 3117 N.
666 3085 694 3116 I.
714 3086 743 3117 G.
760 3087 994 3128 manifestata
1009 3087 1049 3118 in

115 3128 312 3169 scripturis
334 3134 366 3160 et
387 3128 592 3166 tradicione,
615 3127 632 3158 l.
655 3126 706 3166 IV,
730 3138 754 3158 c.
774 3129 828 3167 293
850 3130 871 3160 1.
890 3130 920 3160 B.
939 3130 1054 3168 Palma,

115 3169 279 3201 Praelect.
295 3169 384 3200 Hist.
401 3170 474 3201 eccl.
492 3174 510 3200 t.
528 3171 549 3206 I,
568 3178 633 3206 par.
650 3169 672 3204 Ι,
689 3178 715 3200 c.
732 3169 778 3201 30.

153 3210 168 3232 2
181 3212 301 3248 Euseb,
317 3211 406 3242 Hisc.
423 3211 496 3242 eccl.
513 3211 532 3242 l.
549 3211 610 3248 vn,
627 3220 650 3240 c,
668 3209 715 3241 30.

154 3251 169 3273 3
182 3253 211 3284 S.
227 3254 394 3293 Augustin,
412 3253 460 3283 De
475 3253 608 3284 haeres.
624 3262 649 3284 c.
666 3251 712 3282 u.

1935 179 1988 219 69

1091 255 1168 302 vir,
1188 256 1254 305 qui
1274 256 1378 294 vitae
1405 267 1499 294 suae
1521 254 1672 293 ratione
1691 253 1891 292 hominum
1912 254 2040 292 admi-

1090 309 1280 346 rationem
1319 309 1556 358 captavisset
1594 310 1634 346 et
1662 309 1804 346 natura
1830 307 2040 346 humanam

1091 366 1300 410 superante
1329 363 1530 411 praeditus
1559 361 1707 399 fuisset.
1738 359 1904 406 Contra,
1935 360 2035 398 scri-

1092 418 1221 463 ptores
1239 416 1370 452 coaevi
1388 415 1450 452 vel
1467 415 1620 464 penitus
1636 414 1683 452 de
1700 413 1902 462 Apollonio
1919 413 2033 451 silent

1093 467 1153 504 vel
1173 468 1220 504 de
1240 469 1374 505 eodem
1393 469 1505 505 velut
1524 469 1730 517 impostore
1751 467 1980 515 loquuntur.

1145 521 1239 558 Post
1258 521 1407 569 aliquot
1427 522 1647 570 annos,sub
1665 520 1904 558 Diocletiano
1921 520 2034 568 impe-

1093 576 1245 620 ratore,
1266 574 1383 612 Hiero
1394 574 1484 618 les,
1507 574 1611 623 prius
1640 573 1873 622 Bithyniae,
1895 573 2034 610 deinde

1093 627 1355 664 Alexandriae
1371 626 1603 677 praefectus,
1616 626 1893 664 infensissimus
1912 625 2032 664 hostis

1093 679 1402 718 Christianorum
1419 710 1428 727 ,
1462 691 1558 728 quos
1593 680 1792 717 horrendis
1830 679 2037 717 tormentis

1093 733 1268 778 subiecit,
1297 733 1336 770 in
1365 734 1514 771 duobus
1542 733 1650 770 libris
1670 733 1876 771 virulentis
1897 735 2034 770 contra

1094 786 1336 823 Christianos
1354 786 1520 835 scriptis,
1541 786 1784 834 Apollonium
1805 787 2036 835 Tyanaeum

1094 839 1245 877 Christo
1262 839 1627 888 aequiparavit,imo
1645 840 2037 888 praetulit,asserens,

1095 892 1299 941 Apostolos
1324 897 1363 930 et
1382 892 1666 941 Evangelistas,
1687 892 1749 940 qui
1772 892 1913 930 Christi
1930 894 2040 941 gesta

1095 946 1421 995 conscripserunt,
1445 945 1564 983 fuisse
1594 945 1769 983 homines
1786 946 1902 983 rudes
1923 948 1961 982 et
1981 945 2042 981 de-

1096 1002 1293 1047 ceptores3
1319 999 1515 1049 Apollonii
1536 1010 1631 1036 vero
1651 998 1857 1036 historiam
1882 1010 1905 1035 a
1923 997 2018 1035 viris
2032 1027 2041 1045 ,

1095 1052 1359 1101 philosophiae
1380 1055 1419 1090 et
1438 1051 1618 1090 veritatis
1640 1064 1774 1089 amore
1795 1051 1913 1088 claris
1927 1081 1936 1098 ,
1957 1063 2040 1088 esse

1095 1105 1237 1143 litteris
1254 1105 1500 1153 mandatam3
1521 1105 1678 1154 aliaque
1699 1106 1816 1154 plura
1835 1104 2040 1153 impuden-

1095 1161 1155 1196 ter
1175 1159 1335 1197 effutiit.

1150 1212 1359 1261 Porphyrii
1379 1211 1595 1249 calumnias
1614 1211 1810 1260 falsasque
1828 1209 2042 1249 ratiocina-

1096 1265 1219 1303 tiones
1240 1266 1383 1315 scripto
1404 1264 1626 1303 confutavit
1645 1277 1673 1303 s.
1695 1264 1940 1310 Methodius,
1969 1264 2042 1301 hac

1095 1319 1177 1368 ipsa
1205 1321 1333 1357 aetate
1362 1319 1565 1368 episcopus
1593 1317 1690 1367 Tyri
1719 1320 1931 1366 auctorque
1952 1316 2042 1366 plu-

1095 1372 1195 1409 rium
1214 1372 1415 1416 librorum,
1435 1372 1503 1409 sed
1524 1371 1587 1420 qui
1608 1383 1751 1421 magna
1773 1384 1822 1409 ex
1844 1372 1956 1420 parte
1974 1370 2043 1407 de-

1095 1425 1236 1474 perditi
1253 1429 1342 1464 sunt
1353 1424 1376 1463 ¹.
1393 1425 1583 1463 Hieroclis
1599 1424 1799 1463 mendacia
1815 1427 1930 1473 atque
1946 1423 2044 1460 blas·

1095 1478 1268 1527 phemias
1288 1479 1476 1529 peculiari
1493 1478 1589 1515 libro
1606 1477 1822 1517 confutavit
1837 1476 2043 1524 Eusebius,

1095 1531 1297 1582 episcopus
1313 1532 1591 1570 Caesareensis.
1892 1531 1895 1535 ”

1148 1585 1210 1623 85.
1238 1586 1444 1624 Ecclesiae
1471 1590 1604 1623 status
1631 1586 1871 1623 exterz'or—
1888 1583 2039 1621 Gallie-

1097 1651 1200 1685 num,
1219 1639 1341 1687 patris
1361 1639 1419 1677 sui
1436 1638 1636 1676 Valeriani
1652 1650 1713 1676 an.
1730 1638 1808 1676 260
1823 1637 1863 1675 in
1877 1636 2040 1685 imperio

1093 1691 1603 1738 successorem,Christianis
1613 1691 1940 1740 tranquillitatem
1954 1690 2040 1727 red-

1094 1745 1234 1783 didisse
1250 1745 1563 1786 vidimus.Quum
1578 1757 1671 1783 vero
1688 1743 1946 1794 reprimendis
1955 1743 2039 1780 bar-

1094 1799 1276 1836 barorum
1286 1798 1549 1836 invasionibus
1561 1801 1600 1836 et
1610 1798 1772 1836 internis
1786 1796 2041 1835 seditionibus

1094 1852 1219 1901 impar
1245 1855 1359 1898 esset,
1375 1851 1525 1889 an.268
1545 1851 1774 1890 interfectus
1794 1850 1880 1892 fuit,
1900 1851 1939 1887 et
1959 1860 2043 1886 suc-

1093 1917 1285 1943 cessorem
1301 1904 1435 1942 habuit
1451 1904 1654 1942 Claudium
1670 1904 1719 1942 II.
1737 1904 1809 1942 Hic
1828 1904 2041 1941 Germanos

1092 1959 1409 2007 subegit,Gothos
1424 1957 1570 2006 ingenti
1584 1960 1716 2007 strage
1734 1959 1781 1995 ad
1798 1955 2041 2003 Martinopo-

1092 2012 1159 2049 lim
1175 2011 1351 2057 concidit,
1372 2011 1467 2048 nihil
1487 2011 1716 2049 Christianis
1738 2010 1891 2048 adversi
1909 2009 2042 2046 decre-

1093 2066 1161 2112 vit,
1191 2064 1478 2114 imperavitque
1509 2076 1631 2113 usque
1661 2065 1708 2102 ad
1736 2076 1798 2102 an.
1819 2062 1908 2101 270.
1931 2061 2042 2113 Tunc

1093 2119 1298 2167 imperium
1315 2119 1477 2166 adeptus
1497 2121 1554 2155 est
1569 2118 1821 2163 Aurelianus,
1843 2115 2042 2165 gessitque

1092 2184 1213 2221 usque
1231 2172 1277 2209 ad
1289 2184 1349 2209 an.
1362 2171 1449 2209 275.
1463 2172 1499 2208 Is
1518 2172 1641 2209 etiam
1652 2172 1798 2209 Gothos
1821 2169 1929 2214 vicit3
1942 2167 2042 2205 Mar-

1092 2224 1519 2270 comannos,Vandalos
1537 2228 1575 2263 et
1590 2225 1791 2262 Sarmatas
1811 2220 2043 2266 debellavit3

1092 2278 1301 2316 Zenobiam
1317 2277 1647 2326 Palmyrenorum
1668 2278 1848 2327 reginam
1859 2276 1898 2313 in
1910 2274 2044 2312 Orien-

1090 2335 1129 2371 te
1146 2332 1358 2381 superavit‚
1371 2331 1656 2380 imperiumque
1674 2332 1722 2368 ad
1742 2329 1925 2380 pristinos
1946 2326 2041 2364 fines

1092 2385 1404 2435 perduxitAnno
1417 2396 1510 2421 vero
1524 2385 1583 2421 sui
1595 2384 1796 2433 regiminis
1809 2382 1863 2420 IV
1872 2381 2042 2419 edictum

1093 2440 1138 2476 de
1153 2437 1426 2488 persequendis
1455 2437 1690 2475 Christianis
1712 2433 1988 2486 promulgavit,
2003 2434 2043 2469 at

1095 2505 1168 2530 non
1181 2492 1302 2529 multo
1314 2493 1399 2540 post
1411 2490 1576 2528 Mnestei
1593 2490 1722 2528 liberti
1736 2489 1874 2528 fraude
1887 2484 2043 2524 interfe-

1092 2548 1176 2584 ctus
1197 2548 1265 2583 est.
1281 2556 1304 2582 «
1324 2544 1511 2581 Processu
1530 2544 1717 2593 temporis
1738 2543 1851 2580 aliter
1867 2541 1912 2578 de
1929 2539 2038 2576 nobis

1092 2599 1275 2642 sentiens,
1294 2598 1421 2645 inquit
1433 2597 1636 2642 Eusebius,
1649 2595 1900 2646 quorumdam
1921 2591 2042 2629 consi-

1093 2652 1154 2690 liis
1170 2651 1292 2701 coepit
1303 2650 1462 2699 impelli,
1479 2653 1522 2688 ut
1534 2649 1840 2699 persecutionem
1854 2647 2040 2684 adversus

1094 2708 1243 2743 nost-ros
1263 2706 1537 2741 commoveret.
1559 2704 1717 2751 Iamque
1738 2714 1784 2739 ea
1805 2701 1851 2738 de
1867 2711 1909 2738 re
1935 2697 2040 2736 mul-

1093 2762 1158 2797 tus
1180 2757 1321 2807 ubique
1341 2768 1473 2807 rumor
1488 2758 1755 2806 spargebatur.
1777 2754 1853 2791 Sed
1871 2763 1962 2790 eum
1979 2763 2041 2800 pa-

1096 2815 1224 2850 ratum
1243 2811 1319 2848 iam
1341 2812 1380 2848 et
1400 2810 1618 2858 compositis
1638 2811 1774 2846 contra
1794 2818 1862 2844 nos
1883 2805 2039 2851 edictis,

1095 2867 1138 2904 ut
1157 2866 1213 2903 ita
1229 2863 1406 2909 dixerim,
1426 2862 1742 2906 subscribentem,
1765 2860 1846 2898 ulta
1865 2861 1924 2897 est
1947 2857 2042 2895 divi-

1096 2931 1147 2956 na
1165 2917 1333 2963 iustitia,
1356 2916 1465 2964 quasi
1484 2914 1688 2953 constricto
1710 2913 1838 2963 gladio
1857 2913 2044 2950 conatum

1096 2971 1177 3010 eius
1198 2969 1425 3019 reprimens,
1445 2968 1631 3016 simulque
1652 2967 1827 3005 omnibus
1847 2963 2044 3015 apertissi-

1095 3037 1157 3063 me
1177 3022 1392 3069 ostendens,
1409 3021 1505 3059 nihil
1521 3033 1691 3070 unquam
1706 3019 1926 3058 huiusmodi
1943 3017 2043 3067 prin-

1139 3129 1148 3150 ¹
1166 3130 1193 3160 S.
1206 3129 1338 3166 Hieron„
1354 3126 1474 3164 Catal.;
1487 3127 1582 3164 Phot,
1596 3125 1758 3157 Biblioth.
1772 3125 1839 3156 cod.
1853 3123 1915 3155 224
1932 3126 1960 3154 et
1972 3121 2043 3154 237.

1096 3174 1179 3210 Quae
1194 3179 1210 3201 e
1227 3170 1351 3208 scriptis
1374 3178 1398 3199 s.
1415 3167 1557 3198 Methodii
1580 3171 1754 3207 supersunt,
1779 3165 1904 3206 collegit
1926 3164 2040 3194 edidit-

1097 3223 1154 3253 que
1176 3213 1205 3243 F.
1222 3210 1384 3249 Combetis,
1407 3210 1500 3241 Paris.
1524 3208 1740 3249 164‡,111-s01.;
1765 3209 1876 3248 Migne‚
1899 3205 2037 3237 Patrol.

1093 3263 1205 3295 yraec.
1226 3257 1246 3284 t.
1263 3251 1369 3283 XVIII.
