2241 3473
252 117 328 155 166

201 189 399 235 inclusus,
419 186 578 237 spiculis
598 185 800 223 confossus
831 184 905 222 fuit
933 196 1034 222 anno
1063 185 1153 222 628.

724 123 881 151 EPOCHA
910 124 948 149 V.
982 123 1010 149 A
1038 122 1404 151 PSEVDOPROPHETA
1424 124 1626 151 MAHOMET

1200 185 1408 224 haereticis
1434 185 1672 233 tradiderat,
1699 185 1907 224 Catholicis
1934 186 2150 239 reddet-efn-

202 242 334 279 Siroes
349 253 485 291 pacem
498 239 588 277 iniit
604 250 693 275 cum
710 237 910 284 Heracli03
924 237 1152 275 Zachariam
1198 240 1266 276 tur
1287 238 1310 278 ¹.

199 295 464 344 patriarcham
496 292 671 340 aliosque
692 290 869 339 captivos
889 292 930 328 et
949 302 1153 328 sacrosan-

1254 293 1405 330 Verum
1426 292 1499 329 hoc
1517 291 1600 341 ipso
1619 293 1793 340 tempore
1811 292 2015 329 Mahomet
2036 293 2152 329 teter-

199 350 302 384 ctam
315 347 483 384 Crucem
491 345 602 382 restit
610 345 787 392 uit,quae
799 355 900 380 anno
913 343 990 380 629
1000 355 1154 381 summa
1175 385 1176 389 Ἰ
1198 346 1341 383 rimam
1352 347 1498 383 sectam
1509 344 1696 388 instituit,
1708 357 1807 393 quae
1819 357 2002 394 magnam
2016 356 2148 382 rerum

201 412 286 437 cum
309 411 450 448 pompa
471 398 509 434 in
526 397 646 446 priori
658 397 742 433 loco
759 396 961 434 recondita
976 396 1064 434 fuit.
1083 397 1154 433 Eo·
1175 392 1176 417 ¹
1197 398 1493 436 subversionem
1514 400 1553 436 et
1572 397 1837 435 confusionem
1857 399 2054 447 produxit.

199 454 286 489 dem
304 464 403 489 anno
421 450 628 488 Heraclius
648 449 783 496 iussit,
805 452 849 487 ut
867 449 999 487 Iudaei
1017 462 1152 487 omnes

197 504 479 553 Hierosolymis
496 503 753 549 discederent,
765 514 837 540 nec
853 503 1044 540 auderent
1059 503 1151 540 illuc
1173 532 1175 554 3

195 559 244 595 ad
265 557 342 594 tria
363 556 549 593 milliaria
569 557 776 604 accedere3
797 559 1004 605 praeterea
1023 556 1150 605 impe-

193 611 318 656 ravit,
341 612 383 646 ut
403 609 593 647 ecclesiae
608 639 617 656 ,
638 621 734 658 quas
754 610 945 647 Chosroes
965 610 1002 647 in
1031 609 1150 658 Syria

1236 578 1247 599 ¹
1267 578 1451 611 Clu-onicon
1478 578 1666 617 Alexandr„
1682 579 1872 618 Theophan„
1891 578 2148 620 Clzronoqraph.;

1194 620 1307 653 Baron.
1324 625 1352 653 et
1369 622 1455 662 Pagi,
1473 621 1510 651 ad
1529 630 1579 651 an.
1595 619 1724 652 614—029.

610 1150 1050 1236 HISTORIAE
1084 1150 1758 1237 ECCLESIASTlCAE

822 1322 1178 1389 ErocHA
1214 1321 1545 1404 QVINTA

462 1479 493 1514 A
519 1478 1014 1517 PSEVDOPROPHETA
1036 1480 1301 1518 MAHOMET
1320 1480 1420 1517 SEV
1441 1480 1586 1518 ORTV
1607 1478 1883 1518 ISLAMISMI

648 1556 826 1598 VSQVE
847 1557 916 1593 Al)
937 1556 1190 1594 AETATEM
1213 1556 1405 1593 CAROLI
1427 1556 1477 1593 M.
1501 1556 1585 1594 AN.
1608 1557 1698 1594 771.

508 1849 825 1877 PROOEMIVM

246 1943 432 1985 Quintam
466 1944 567 1981 hanc
603 1946 794 1994 epocham
836 1945 1070 1983 inchoamus
1105 1946 1153 1983 ab

189 1997 340 2034 exitiali
365 1997 478 2043 bello,
500 1999 600 2045 quod
624 1999 863 2036 christianae
886 1999 1083 2047 Religioni
1102 1999 1153 2035 in-

187 2051 279 2087 tulit
316 2051 682 2100 pseiulo-propheta
716 2052 941 2097 Mahomet,
973 2053 1152 2100 quodqiic

188 2103 272 2140 eius
290 2116 534 2141 successores
550 2106 629 2141 tam
649 2105 1030 2153 feliciterprosecuti
1049 2108 1153 2152 sunt,

187 2160 230 2192 ut.
251 2157 475 2194 labentibus
496 2159 747 2207 temporibus
767 2159 1051 2195 mahometicae
1068 2159 1154 2195 reli-

186 2209 311 2257 gionis
335 2213 548 2247 sectatores
573 2223 617 2248 ea
641 2213 724 2260 ipsa
741 2212 825 2248 loca
843 2212 1096 2258 obtinuerint,
1115 2212 1151 2248 in

187 2262 327 2310 ‹piibus
349 2264 506 2311 Religio
527 2265 750 2301 christiana
771 2268 888 2302 antea
906 2265 1076 2302 maxime
1092 2266 1155 2302 sso-

187 2319 336 2353 ruerat.
367 2316 456 2353 Non
481 2317 604 2354 solum
633 2318 797 2364 Arabia,
818 2319 880 2355 sed
904 2321 942 2355 et
970 2318 1153 2364 Perside,

188 2369 318 2416 Syria,
342 2369 583 2416 Palaestina,
610 2371 804 2420 slssgypto,
826 2371 964 2409 Afric-a
985 2372 1154 2420 ipsisque

190 2422 386 2470 Hispaniis
408 2423 595 2460 Saraceni
621 2425 694 2461 ha(-
715 2425 861 2473 epocha
890 2425 1002 2473 potiti
1033 2430 1126 2462 sunt
1145 2456 1153 2472 ,

190 2475 460 2524 maximasque
482 2477 614 2515 clades
638 2478 836 2516 Ecclesiae
854 2490 899 2514 ac
918 2478 1152 2527 reipublicae

191 2528 426 2567 intulerunt.

247 2582 319 2622 Qui
344 2585 478 2620 autem
507 2584 680 2621 animum
703 2584 918 2622 attendemt
935 2585 981 2621 ad
1001 2585 1153 2622 dissen—

191 2634 343 2681 siones,
365 2636 580 2674 schismata
602 2641 641 2674 et
663 2638 856 2684 haereses,
876 2638 1016 2686 quihus
1037 2639 1073 2675 in
1096 2639 1151 2675 (ἶ)-

190 2688 327 2733 riente,
346 2688 572 2727 faventibus
592 2691 1150 2740 plerumqueimperatoribus,

192 2740 367 2778 Ecclesia
392 2742 465 2779 suit
487 2750 633 2781 vexata
654 2747 774 2792 atque
796 2756 1005 2789 concussa,
1036 2744 1150 2781 far-ile

190 2793 396 2841 intelliget,
408 2807 591 2843 magnam
610 2799 725 2834 istam
742 2810 872 2834 rerum
888 2798 1147 2835 mutationem
1169 2833 1171 2849 γ

189 2857 234 2882 ac
255 2847 552 2886 sulmersionen'i
575 2862 598 2887 a
620 2850 914 2888 Mahometanis
931 2851 1046 2888 fuisse
1063 2853 1149 2888 etl'c-
1170 2889 1171 2895 ,

190 2901 308 2945 ctam,
329 2902 581 2947 permittente
605 2916 788 2952 supremo
817 2916 946 2941 rerum
973 2905 1146 2941 omnium
1169 2912 1170 2948 l

1198 1839 1383 1877 ctandum
1401 1839 1477 1877 fuit
1493 1840 1685 1878 adversus
1700 1839 2062 1886 Monothelitarum‚
2078 1838 2157 1876 Ico-

1200 1892 1464 1930 noclastarum
1480 1923 1488 1939 ,
1509 1893 1754 1941 aliorumque
1775 1892 2009 1930 obscurioris
2025 1893 2154 1930 nomi-

1200 1946 1258 1983 nis
1279 1947 1498 1984 haereticas
1519 1948 1656 1984 sectas.
1679 1946 1948 1983 Monothelitis
1964 1945 2065 1984 favit
2081 1947 2155 1984 He-

1197 1999 1344 2036 raclius
1358 2029 1367 2045 ,
1388 2000 1591 2048 magisque
1611 1999 1797 2037 faverunt
1815 1999 2005 2036 Constans
2033 2002 2154 2049 atque

1199 2052 1439 2101 Philippicas
1474 2054 1753 2102 imperatores,
1787 2053 2030 2090 orthodoxae
2063 2052 2153 2090 fidei

1198 2105 1425 2143 defensores
1445 2106 1637 2143 acerrime
1658 2106 1889 2144 insectando
1907 2135 1916 2152 ,
1946 2106 2154 2154 omniaque

1197 2159 1416 2206 moliendo,
1447 2163 1489 2197 ut
1518 2160 1711 2196 haeresim
1744 2160 1888 2208 ubique
1919 2159 2154 2197 stabilirent.

1198 2212 1527 2250 Iconoclastarum
1550 2213 1792 2262 impietatem
1814 2215 1988 2250 sectatus
2009 2215 2070 2250 est
2087 2212 2158 2250 im-

1196 2267 1356 2313 perator
1382 2267 1459 2303 Leo
1490 2267 1671 2313 Isaurus,
1700 2277 1900 2303 sacrarum
1932 2265 2154 2314 imaginum

1197 2330 1377 2362 eversor,
1399 2331 1443 2356 ac
1464 2322 1692 2368 persecutor
1713 2330 1871 2366 eorum,
1901 2319 1967 2367 qui
1998 2318 2153 2356 illarum

1198 2371 1346 2408 cultum
1371 2373 1643 2411 defendebant..
1676 2373 1771 2410 Eius
1800 2372 1966 2421 vestigia
1996 2383 2154 2421 presse-

1197 2427 1289 2462 runt
1309 2426 1587 2463 Constantinus
1608 2427 1882 2475 Copronymus
1907 2427 1946 2463 et
1976 2425 2055 2463 Leo
2083 2425 2154 2472 IV,

1196 2479 1261 2526 qui
1294 2480 1484 2517 adversus
1523 2480 1764 2518 orthodoxos
1798 2478 2025 2517 immaniter
2061 2490 2152 2516 sac-

1196 2531 1365 2570 vies-unt.

1248 2585 1529 2623 Verumtamen
1561 2585 1694 2623 divina
1732 2584 1988 2624 Providentia
2016 2584 2151 2622 Eccle-

1195 2637 1275 2675 siae
1297 2651 1408 2687 opem
1430 2639 1533 2676 tulit..
1552 2639 1730 2688 Utraque
1746 2638 1936 2685 haeresis,
1952 2637 2153 2676 Monothe-

1195 2692 1354 2729 litarum
1376 2695 1415 2730 et
1447 2693 1782 2730 Ieouoclastarum
1800 2721 1810 2739 ,
1839 2704 1862 2730 a
1892 2691 2152 2740 scriptoribus

1194 2745 1470 2783 ecclesiasticis
1498 2745 1571 2783 fuit
1593 2746 1795 2783 confutata
1816 2748 1856 2782 et
1881 2745 1920 2782 in
1949 2744 2152 2792 Conciliis,

1193 2799 1259 2846 Cp.
1283 2799 1337 2835 ΙΙΙ
1361 2811 1405 2836 ac
1427 2799 1601 2836 Nicaeno
1623 2800 1681 2845 ΙΙ,
1702 2798 1931 2836 solemniter
1950 2797 2149 2835 damnata.

1193 2851 1439 2889 Detrimenta
1461 2864 1554 2889 vcro
1575 2864 1675 2900 quae
1696 2853 1767 2889 sub
1791 2850 2054 2888 mahometica
2082 2853 2151 2900 ty·
2188 2871 2190 2874 f

1191 2905 1353 2941 rannide
1375 2907 1415 2942 et
1435 2905 1739 2954 imperatoribus
1769 2904 1980 2942 haereticis
2010 2903 2150 2941 catho-

189 2951 452 3000 Μωάονειῐωνο,
474 2956 537 3002 qui
555 2963 692 2994 muta!
712 2963 910 3006 rempora,
927 2962 964 2993 et
979 2963 1146 3005 (wlede-5¹,
1168 2958 1170 3019 ἶ
1192 2957 1289 2994 lirae
1310 2958 1399 2994 fidei
1423 2958 1610 3006 professio
1632 2958 1765 3002 subiit,
1786 2957 1896 2995 novis
1919 2956 2150 3007 populorum

190 3010 393 3054 transfert
412 3020 557 3055 reflua,
578 3016 702 3058 alque
720 3012 939 3048 namatus!
961 3010 983 3048 ¹.

242 3058 407 3108 insuper
430 3061 596 3100 durante
617 3064 689 3101 hae
711 3064 858 3112 epocha
880 3063 1076 3102 Ecclesiae
1094 3064 1147 3101 lu-

229 3176 237 3196 ¹
259 3177 375 3210 tinniet.
395 3179 426 3216 ll,
443 3178 493 3209 031.

1168 3022 1170 3031 ’
1190 3011 1510 3048 conversionibus
1531 3011 1719 3048 resarcita
1742 3010 1863 3048 fuere.

1244 3064 1536 3101 Duranteenim
1555 3065 1628 3102 hac
1645 3064 1791 3113 epocha
1814 3063 2071 3101 christianam
2094 3073 2152 3100 re·
2198 3071 2199 3075 ’
2224 3113 2225 3121 ¹

1188 3115 1373 3164 ligionem
1389 3118 1559 3166 amplexi
1577 3120 1679 3162 sunt,
1696 3116 2012 3166 praeterAnglos
2027 3117 2068 3154 et
2082 3115 2150 3153 Sa-

1189 3181 1329 3217 xones,
1349 3171 1412 3219 qui
1441 3170 1478 3207 in
1500 3170 1638 3209 insulis
1657 3169 1891 3208 Britannicis
1911 3169 2025 3208 sedes
2043 3168 2146 3207 fixe·
2193 3203 2198 3210 .
