2241 3473
223 128 304 166 210

869 135 1026 163 EPOCHA
1053 134 1108 162 VI.
1138 133 1166 160 A
1195 133 1352 160 CAROLO
1381 132 1425 160 M.

225 205 264 244 5.
283 205 469 242 Avarum
489 199 902 239 conversio—Victor
922 199 1040 237 etiam
1060 210 1127 236 ex·
1173 199 1244 236 sub
1264 199 1374 236 euius
1390 197 1576 236 cervicali
1589 198 1781 248 imagines
1797 201 2120 252 deprehenderat,

171 258 272 296 stitit
292 257 453 295 Carolus
472 255 523 292 M.
546 254 592 290 de
611 253 820 298 Avaribus,
841 252 938 290 alias
958 252 1127 297 Hunnis,

170 310 430 348 incolentibus
466 307 671 354 antiquam
706 306 952 357 Pannoniam
984 307 1023 343 in
1053 305 1126 342 ho-

172 365 310 402 dierna
330 360 535 409 Hungaria
555 362 594 396 et
612 359 774 396 Austria
801 359 904 397 infra
931 361 1122 405 Anasum,

172 430 246 464 quo
266 429 289 454 a
307 414 473 452 Bavaris
493 413 787 462 separabantur.
809 413 906 450 Cum
927 412 984 449 illi
1003 412 1122 450 etiam

172 471 413 508 Francorum
433 467 531 504 fines
550 465 807 510 infestarent,
821 466 981 504 Carolus
1000 466 1054 503 M.
1076 466 1124 502 ab

174 535 273 560 anno
294 521 369 558 791
402 525 539 557 contra
570 520 726 556 eosdem
756 519 902 556 bellum
933 519 1053 568 gessit
1082 531 1127 556 eo

173 587 369 619 successu,
391 577 433 610 ut
452 573 558 610 intra
578 572 603 610 6
623 584 743 609 annos
763 584 897 610 eorum
917 577 1045 610 terras
1066 584 1131 609 us-

175 641 250 677 que
269 628 317 664 ad
343 627 568 664 Arabonam
593 629 634 663 et
656 626 833 663 Dravum
859 626 933 664 sibi
963 625 1133 663 subiece-

174 682 238 719 rit.
273 680 471 718 Sollicitus
506 680 552 717 de
588 680 698 717 novis
737 679 903 717 subditis
940 680 988 716 ad
1025 679 1132 716 chri-

176 734 346 772 stianam
360 733 603 782 Religionem
617 733 866 779 adducendis,
882 734 1134 782 presbyteros

175 789 225 825 ad
245 800 310 825 eos
332 787 519 825 destinari
546 786 721 832 curavit,
748 786 812 835 qui
834 787 987 824 eosdem
1008 787 1134 824 erudi-

172 844 273 879 rent.
286 842 437 878 Avares
449 840 590 890 passim
606 840 743 877 Fidem
761 844 800 877 et
814 840 1053 889 baptismum
1069 852 1128 877 su-

172 897 391 943 sceperunt.
409 894 563 943 Optime
574 895 619 931 de
631 905 762 930 eorum
775 893 1027 931 conversione
1039 906 1124 930 me-

172 949 251 986 ruit
271 951 391 994 Arne,
412 948 614 997 episcopus
636 946 968 995 Salisburgensis,
989 947 1050 985 cui
1069 949 1125 985 A—

176 1014 314 1039 varum
336 1001 445 1050 regio
472 1001 511 1038 in
543 1000 813 1049 spiritualibus
842 1001 1018 1038 subiecta
1038 1000 1133 1047 fuit,

176 1055 367 1104 cuiusque
387 1055 499 1092 sedes
529 1055 614 1092 ideo
637 1054 926 1102 metropolitica
954 1054 1042 1092 iura
1071 1066 1135 1092 ac—

174 1110 289 1157 cepit.
320 1110 426 1146 Arno
457 1121 533 1146 non
563 1110 719 1145 tantum
746 1108 944 1153 Avarum,
970 1107 1133 1145 Francis

174 1163 442 1208 subditorum,
462 1162 529 1200 sed
549 1161 668 1199 etiam
689 1160 896 1198 Slavorum
918 1161 1133 1199 Carinthio-

174 1228 275 1261 rum,
292 1216 430 1265 quibus
451 1215 529 1253 iam
550 1216 620 1253 sub
638 1216 840 1252 decessore
861 1227 942 1262 sue,
959 1227 988 1253 s.
1006 1215 1133 1264 Virgi—

173 1269 510 1318 lio,Evangelium
537 1268 668 1306 fuerat
686 1269 962 1306 annuntiatum
976 1299 986 1315 ,
1005 1271 1132 1307 terras

177 1324 418 1372 peragravit,
439 1323 581 1371 ubique
598 1322 736 1360 Fidem
757 1323 999 1371 praedicans,
1015 1323 1135 1360 eccle-

179 1377 256 1414 sias
273 1377 438 1425 erigens,
459 1380 499 1413 et
519 1377 769 1425 presbyteros
790 1376 1042 1414 constituens.
1064 1376 1135 1413 At-

177 1443 252 1479 que
272 1430 327 1468 ita
349 1429 564 1467 christiana
580 1428 736 1478 Religio
754 1429 834 1466 illic
851 1430 965 1478 longe
980 1430 1135 1478 lateque

177 1484 252 1521 fuit
278 1486 513 1532 propagata,
543 1486 582 1521 et
610 1483 699 1520 inde
729 1482 848 1520 etiam
877 1484 926 1521 ad
948 1483 1043 1521 alios
1063 1495 1134 1532 po-

180 1537 291 1587 pulos
312 1537 451 1574 Slavos
474 1536 734 1574 conterminos
757 1536 890 1573 delata
912 1536 937 1575 ¹.

233 1591 270 1628 6.
292 1591 497 1629 Ecclesiae
516 1595 651 1628 statas
672 1592 716 1628 in
737 1591 959 1628 Oriente—
973 1590 1137 1628 Interim

182 1646 221 1683 in
238 1644 368 1694 Syria,
385 1644 599 1690 Palestina,
615 1646 809 1692 Aegypto,
829 1643 994 1692 aliisque
1009 1644 1137 1690 terris,

179 1700 470 1737 Saracenorum
483 1697 739 1735 dominationi
751 1697 1136 1744 subiectis,Christia-

179 1753 218 1790 ni
238 1764 350 1790 suam
372 1751 621 1800 Religionem
641 1751 797 1800 quidem
831 1763 1015 1789 exercere
1046 1764 1135 1801 per-

179 1805 519 1851 mittebantur,sed
532 1806 601 1843 sub
615 1805 712 1842 dura
724 1808 839 1842 erant
857 1805 1137 1844 servitute.Va-

180 1861 265 1898 rius
287 1860 361 1897 fuit
383 1871 516 1897 eorum
539 1861 666 1897 status
695 1859 911 1896 secundum
942 1859 1136 1897 diversam

181 1913 388 1951 ealifarum
406 1943 415 1959 ,
446 1913 585 1961 quibus
615 1913 822 1961 parebant,
853 1912 1044 1960 indolem3
1072 1914 1137 1951 alii

181 1967 305 2005 exilis
321 1979 385 2004 eos
402 1966 574 2015 gravius,
587 1966 654 2004 alii
671 1966 797 2004 minus
821 1972 1032 2005 vexarunt:
1050 1980 1139 2004 non-

183 2020 280 2059 nulli
301 2021 457 2058 eosdem
481 2024 642 2058 cruento
664 2020 777 2057 modo
799 2020 979 2058 insectati
1003 2025 1093 2058 sunt
1112 2019 1137 2059 ².

184 2076 400 2113 Praeterea
420 2077 534 2123 rupta
554 2074 632 2111 iam
653 2073 742 2110 inde
763 2086 786 2110 a
805 2074 958 2111 saeculo
979 2075 1054 2112 VII
1080 2075 1138 2112 in-

184 2132 246 2166 ter
267 2128 566 2165 Mahomctanos
588 2124 772 2175 religiosa
791 2130 831 2165 et
861 2127 1017 2176 politica
1048 2129 1137 2166 uni-

185 2184 279 2228 tate,
299 2181 485 2219 continua
506 2181 579 2218 fuit
598 2182 699 2230 apud
721 2193 786 2219 eos
807 2182 853 2218 de
873 2181 1036 2219 califatu
1056 2195 1140 2219 con-

186 2235 366 2280 certatio,
389 2239 428 2272 et
448 2234 638 2272 factiones
659 2237 822 2272 exertae
842 2238 934 2272 sunt
954 2236 1025 2273 sibi
1046 2236 1140 2273 invi-

186 2302 271 2328 cem
298 2288 586 2326 infensissimae
605 2317 614 2333 ‚
644 2288 745 2325 unde
766 2288 1084 2337 frequentissima
1103 2294 1141 2327 et

187 2343 367 2382 exitialia
396 2341 518 2387 bella;
540 2353 640 2390 quae
670 2342 799 2379 omnia
825 2342 1140 2380 Christianorum

186 2399 224 2435 in
249 2396 404 2434 illorum
426 2395 543 2432 terris
565 2395 826 2432 conditionem
849 2396 1058 2433 admodum
1078 2397 1142 2434 in-

186 2451 363 2500 quietam
384 2449 612 2496 tristemque
635 2449 863 2486 reddebant.

241 2505 284 2542 ln
320 2503 482 2552 imperio
516 2505 667 2539 Graece
697 2502 972 2540 Constantinus
993 2503 1141 2552 Cepre-

189 2570 331 2607 nymus
365 2556 669 2606 persecutionem
706 2561 841 2592 eontra
871 2569 1071 2594 sacrarum
1102 2558 1142 2595 1-

188 2612 393 2661 maginum
427 2610 577 2647 cultum
606 2609 864 2656 continuavit,
892 2616 933 2646 ut
953 2610 1142 2657 diximus,

190 2679 310 2715 usque
339 2665 385 2702 ad
425 2676 571 2701 annum
608 2663 708 2708 775,
737 2675 812 2710 quo
847 2664 1043 2701 extinctus
1072 2670 1142 2702 est.

190 2720 234 2757 Ei
266 2720 305 2756 in
335 2717 496 2767 imperio
530 2716 714 2754 successit
738 2716 816 2753 Leo
838 2717 906 2762 IV,
928 2717 1008 2754 eius
1029 2718 1143 2764 lilius,

191 2772 254 2821 qui
279 2772 401 2821 patris
421 2776 461 2808 ct
488 2771 551 2808 avi
580 2771 639 2807 sui
670 2769 814 2807 bellum
845 2779 982 2808 contra
1012 2784 1143 2809 sacras

193 2826 385 2873 Imagines
404 2829 631 2873 prosecutus
649 2826 720 2868 est,
737 2823 872 2861 leniori
890 2827 1018 2861 tamen
1033 2825 1143 2862 ratio-

191 2892 238 2917 ne
255 2910 264 2923 ,
285 2880 351 2917 scd
374 2891 434 2916 an.
456 2880 551 2925 779,
571 2890 687 2927 quum
712 2877 898 2925 imagines
926 2878 963 2915 in
993 2879 1143 2916 occulto

192 2934 263 2970 celi
292 2933 537 2978 rescivisset,
564 2933 602 2969 in
630 2932 666 2968 i‹l
698 2930 885 2969 facientes
910 2944 1042 2970 severe
1068 2934 1146 2970 ani-

192 2985 425 3031 madvertit,
446 2985 645 3035 ipsamque
676 2997 836 3022 uxorem
862 2998 972 3023 suain
994 2987 1143 3023 Irenem

232 3092 242 3113 ¹
261 3094 418 3124 Annales
432 3093 648 3123 Franz-erum
665 3095 694 3122 et
718 3091 974 3131 ch⁷1⁷·i.s·scuse.c;
991 3092 1071 3129 ili-m,
1090 3093 1144 3123 Vi-

196 3141 233 3207 ΙῖιΙ
247 3145 269 3165 s.
287 3135 470 3206 liudberti,
487 3135 745 3173 apudeanisiu111,
766 3134 917 3166 Lot-eima.
942 3135 1108 3176 antiquie.
1126 3140 1142 3166 l.

192 3177 205 3208 1
236 3177 446 3258 ἂι’)Ι’”Ιιο1ι).μ1ι;ηι.
467 3217 723 3259 Clirenoyraplz.

1173 251 1404 300 repudiavit.
1425 250 1573 290 Verum
1590 253 1700 290 brevi
1719 258 1828 302 post,
1849 268 1949 293 anno
1975 256 2127 295 seilicet

1174 304 1251 342 780
1269 334 1278 351 ,
1306 305 1435 342 Leone
1451 305 1507 341 IV
1535 309 1710 352 mortuo,
1738 307 1948 356 imperium
1976 309 2126 358 aceepit

1174 357 1448 395 Constantinus
1463 358 1534 404 VI,
1549 359 1650 396 filius
1665 359 1747 397 eius
1767 361 1960 408 decennis,
1977 363 2049 400 sub
2068 366 2128 400 tu-

1171 411 1251 448 tela
1269 411 1407 449 matris
1426 423 1521 449 suae
1542 413 1667 451 Irenis
1681 442 1689 458 ,
1710 424 1808 461 quae
1828 427 1964 464 pacem
1985 416 2125 454 Eccle-

1171 464 1248 501 siae
1274 465 1558 502 restituendam
1579 467 1746 504 curavit.

1224 518 1260 555 7.
1283 518 1510 556 Concilium
1527 519 1762 558 Nz'eaenum
1777 520 1834 566 II,
1845 523 2038 568 ⁸qemi-ale
2051 522 2133 560 VII

1175 569 1269 620 (an.
1290 571 1525 622 786-87)—
1541 572 1675 611 Irenes
1701 576 1891 621 augusta,
1917 576 2030 613 rebus
2049 576 2127 613 im-

1175 624 1273 672 perii
1301 625 1546 673 aliquantum
1571 626 1812 675 compositis,
1837 638 1926 664 cum
1949 627 2029 665 filio
2058 641 2128 667 suo

1175 677 1383 725 Tharasio‚
1414 690 1516 715 anno
1542 679 1619 716 784
1646 681 1694 717 ad
1725 684 1857 717 sedem
1885 682 1951 729 Cp.
1972 684 2129 729 evecto,

1175 731 1345 769 contulit
1364 732 1411 768 de
1441 732 1582 781 aptiori
1611 733 1676 771 via
1705 733 1960 782 extirpandae
1987 735 2130 773 haere-

1177 797 1258 822 seos
1288 785 1587 823 Iconoclastieae
1607 793 1647 824 et
1676 787 1909 824 restituendi
1939 788 2132 837 dogmatis

1178 838 1370 876 catholici.
1390 838 1547 876 Placuit
1567 839 1632 877 via
1647 840 1806 878 Concilii
1825 841 2033 889 generalis.
2054 841 2133 879 Un-

1178 892 1224 929 de
1258 892 1414 929 litteras
1453 892 1644 941 supplices
1683 895 1872 932 dederunt
1903 895 1953 932 ad
1986 894 2132 932 Adria-

1179 958 1273 983 num
1289 946 1359 994 Pp.
1377 946 1407 991 Ι,
1425 950 1469 983 ut
1489 948 1809 985 convocationem
1830 948 2026 996 generalis
2047 960 2134 986 con-

1178 999 1255 1036 cilii
1277 999 1533 1048 adprobaret,
1552 999 1726 1048 illudque
1745 1001 1964 1049 praesentia
1983 1013 2056 1039 sua
2075 1014 2134 1039 co-

1178 1053 1418 1090 honestaret.
1436 1053 1622 1091 Pontifex
1640 1054 1793 1091 concilii
1810 1053 2062 1092 celebrationi
2078 1067 2135 1093 as-

1178 1107 1297 1144 sensit
1313 1106 1413 1144 datis
1437 1107 1485 1144 ad
1506 1119 1569 1144 eos
1593 1107 1749 1153 litteris,
1771 1107 1811 1144 in
1832 1108 1972 1156 quibus
1990 1107 2132 1146 lauda-

1177 1165 1218 1198 ta
1237 1160 1460 1198 eorumdem
1481 1172 1574 1210 erga
1594 1161 1858 1209 Apostolicam
1878 1161 2017 1199 Sedem
2037 1162 2132 1199 obe-

1178 1214 1338 1259 dientia,
1357 1226 1405 1251 ss.
1424 1215 1648 1263 Imaginum
1664 1215 1813 1252 cultum
1829 1214 1984 1263 egregie
2004 1215 2133 1252 vindi-

1178 1268 1295 1305 cavit.
1309 1268 1522 1305 Praeterea
1539 1268 1700 1306 Petrum
1722 1269 1993 1317 presbyterum
2008 1272 2049 1306 et
2063 1269 2134 1306 Pe·

1177 1328 1284 1359 trum
1306 1322 1488 1358 abbatem
1505 1321 1880 1371 Constantinopolim
1901 1321 2072 1371 legavit,
2092 1323 2137 1360 ut

1184 1375 1267 1413 vice
1288 1375 1345 1412 sui
1367 1375 1528 1412 concilio
1549 1376 1817 1424 praesiderent
1837 1373 1862 1413 ¹.

1231 1428 1445 1467 Concilium
1465 1428 1692 1466 inchoatum
1724 1433 1784 1467 est
1804 1428 2136 1478 Constantinopoli

1179 1495 1240 1520 an.
1262 1482 1361 1529 7863
1381 1483 1445 1520 sed
1468 1483 1629 1520 suborta
1657 1482 1996 1532 praetorianorum
2024 1482 2133 1520 mili-

1179 1541 1285 1582 tum,
1320 1536 1473 1573 haeresi
1502 1536 1754 1582 infectorum,
1789 1536 2002 1582 seditione,
2029 1535 2134 1574 illius

1180 1589 1391 1627 celebratio
1417 1590 1539 1627 dilata
1567 1594 1625 1627 est
1652 1590 1692 1627 in
1722 1601 1865 1627 annum
1895 1591 2134 1638 sequentem.

1181 1643 1324 1681 Turbis
1345 1647 1477 1681 autem
1497 1643 1733 1692 compositis,
1749 1655 1810 1681 an.
1827 1643 1904 1680 787
1926 1642 2136 1680 concilium

1183 1702 1423 1746 resumptum
1443 1697 1520 1734 fuit
1539 1697 1709 1735 Nicaeae
1725 1697 1764 1734 in
1789 1696 1987 1746 Bithynia.
2013 1696 2136 1733 Inter-

1182 1750 1344 1788 fuerunt
1363 1751 1440 1789 350
1459 1750 1649 1800 episcopi,
1672 1750 1786 1788 multi
1807 1751 1966 1788 abbates
1985 1751 2025 1787 et
2044 1761 2137 1798 pro-

1181 1817 1297 1842 ceres.
1320 1804 1540 1842 Politianus
1569 1804 1794 1853 patriarcha
1828 1803 2138 1850 Alexandrinus,

1182 1858 1410 1896 Theodorus
1429 1858 1696 1896 Antiochenus
1717 1861 1756 1895 et
1776 1855 1886 1896 Elias
1905 1856 2138 1906 Hierosoly-

1185 1912 1372 1958 mitanus,
1392 1911 1602 1960 tyrannide
1623 1911 1909 1949 Saracenorum
1935 1909 2139 1960 praepedi-

1183 1966 1232 2012 ti,
1252 1966 1400 2014 legatos
1420 1965 1630 2012 miserunt,
1651 1965 1716 2014 qui
1736 1965 1783 2002 de
1803 1965 2014 2002 traditione
2043 1975 2138 2001 sua-

1184 2031 1271 2057 rum
1292 2019 1547 2057 ecclesiarum
1563 2019 1666 2056 circa
1682 2031 1731 2056 ss.
1752 2019 1971 2068 Imaginum
1989 2017 2140 2055 cultum

1185 2070 1727 2111 testarentur.Praesederunt
1739 2073 1812 2110 duo
1820 2071 2067 2121 Apostolicae
2076 2070 2140 2108 Se—

1185 2127 1242 2164 dis
1254 2127 1384 2175 legati,
1399 2129 1442 2164 ut
1453 2138 1502 2164 ex
1515 2127 1610 2163 actis
1622 2126 1781 2163 Concilii
1801 2128 1911 2175 patet
1925 2123 1952 2163 ².
1973 2124 2141 2163 Habitae

1184 2184 1274 2219 sunt
1289 2179 1459 2218 Nicaeae
1472 2181 1495 2216 7
1511 2180 1682 2217 actiones
1698 2192 1762 2217 seu
1780 2179 1982 2225 sessiones;
1999 2181 2141 2216 octava

1185 2246 1277 2272 vero
1294 2238 1332 2271 et
1354 2233 1488 2271 ultima
1514 2232 1862 2281 Constantinopoli.
1889 2232 2060 2270 Actione
2087 2231 2142 2278 1³,

1186 2291 1271 2337 post
1290 2287 1508 2335 elegantem
1522 2286 1701 2324 Tliarasii
1714 2287 1782 2335 Cp.
1799 2286 2025 2334 orationem,
2044 2283 2139 2323 reci-

1186 2345 1290 2378 tatae
1303 2340 1563 2379 suntlitterae
1579 2339 1823 2377 Constantini
1843 2339 2091 2389 imperatoris
2103 2340 2144 2376 et

1186 2395 1309 2432 Irenis
1325 2398 1531 2443 augustae,
1544 2394 1683 2442 quibus
1704 2394 1806 2430 inter
1826 2392 1904 2430 alia
1925 2393 2142 2431 mandaba-

1184 2452 1261 2494 tur,
1281 2451 1323 2485 ut
1342 2448 1556 2485 secundum
1572 2447 1900 2485 consuetudinem
1916 2446 2142 2496 synodicam

1186 2503 1338 2539 litterae
1348 2501 1538 2538 Hadriani
1549 2501 1776 2550 l'p.publicc
1789 2499 2145 2549 legerentur.Dein-

1187 2557 1230 2593 do
1251 2556 1382 2604 plures
1402 2554 1582 2603 episcopi,
1599 2555 1753 2592 eiurata
1772 2553 1926 2592 haeresi
1945 2557 1986 2592 et
2005 2552 2140 2603 poeni-

1189 2610 1313 2647 tentia
1341 2608 1535 2654 exhibita,
1561 2609 1598 2645 in
1632 2619 1785 2646 sacrum
1815 2618 2036 2645 consessum
2067 2606 2139 2643 ad-

1189 2663 1292 2700 missi
1315 2667 1416 2700 sunt.
1440 2664 1524 2699 Act.
1542 2663 1587 2699 2³²
1604 2662 1730 2699 lectae
1747 2664 1837 2700 sunt
1857 2659 2049 2698 Hadriani
2071 2659 2140 2708 Pp.

1189 2717 1366 2762 litterae;
1388 2715 1526 2763 quibus
1555 2729 1602 2753 ss.
1628 2716 1847 2765 imaginum
1877 2725 1994 2752 causa
2013 2713 2142 2762 expli-

1188 2771 1360 2814 cabatur,
1381 2774 1419 2805 et
1439 2769 1579 2817 legatis
1600 2768 1897 2818 postulantibus,
1930 2779 2023 2804 num
2043 2778 2139 2804 san-

1188 2829 1251 2861 cta
1266 2824 1448 2873 Synodus
1463 2836 1528 2862 eas
1539 2821 1943 2873 reciperet,respondit
1957 2820 2142 2870 synodus:

1230 2968 1238 2989 ¹
1259 2968 1370 3003 talum,
1389 2965 1511 2998 concil.
1530 2969 1549 2996 l.
1564 2966 1626 3005 vn,
1647 2975 1676 3005 p.
1695 2964 1732 2996 32
1749 2963 1846 2995 0199.

1229 3009 1398 3040 ἵ(“,1’Ν;ιΙ.·ιῙ.
1419 3009 1499 3039 Alex.
1521 3008 1603 3039 [lise.
1621 3008 1694 3038 ecel.
1713 3015 1793 3037 saec.
1813 3004 1979 3042 v1![‚‹1iss.
2004 3003 2032 3035 3.
2051 3005 2143 3036 Errat

1189 3053 1326 3091 proli-clo
1343 3051 1476 3086 l’liotius,
1493 3050 1562 3080 «lum
1579 3050 1596 3080 l.
1615 3049 1664 3080 Vll
1690 3049 1737 3078 De
1758 3047 1903 3088 synodis
1920 3046 2037 3084 scribit,
2057 3047 2141 3077 'slia-

1190 3095 1303 3124 rasinni
1326 3093 1394 3123 liuic
1412 3091 1543 3122 concilio
1567 3090 1776 3130 praesedissm
1794 3090 1818 3120 is
1835 3090 1943 3125 solnm,
1961 3089 2034 3129 quia
2049 3096 2137 3118 exer-

1189 3135 1388 3165 citatissimus
1406 3138 1434 3164 cl
1452 3133 1656 3172 peritissimus
1671 3131 1794 3170 linguae
1811 3140 1956 3168 graecae,
1971 3130 2008 3161 de
2025 3129 2139 3169 legato-

1190 3187 1259 3207 rum
1278 3186 1406 3207 assensn
1425 3176 1585 3206 concilium
1603 3174 1742 3206 oratione
1758 3172 1914 3204 inchoavit
1928 3170 2140 3204 etinterlocu-

1190 3218 1324 3250 tionibus
1341 3218 1458 3249 direxit.
