2241 3473
750 111 874 142 VSQVE
901 111 953 137 AD
982 110 1254 138 INNOCENTIVM
1282 111 1338 138 111.

88 191 173 218 ram
209 177 451 216 infirmorum
484 176 676 226 gerebant
713 176 777 213 vel
811 175 958 224 equites
986 175 1024 212 in

87 232 186 270 bello
205 231 501 269 comitabantur.
519 229 673 267 Ordinis
686 229 833 277 insigne
850 231 936 266 erat
956 241 1024 265 ve-

87 286 156 323 stis
183 283 319 322 coloris
348 283 465 332 nigri,
494 282 655 320 candida
685 294 798 319 cruce
828 282 1025 330 insignita,

87 338 242 386 eiusque
263 337 442 385 superior
464 337 584 384 primo
606 336 790 383 magister
811 335 946 372 deinde
967 347 1023 372 su-

88 401 240 440 premus
271 390 457 438 magister
477 388 753 438 appellabatur.
777 387 847 424 Hie
868 387 971 424 Ordo
1001 399 1023 424 a

86 444 174 481 RR.
196 443 450 480 Pontificibus
471 442 717 490 approbatus,
734 440 926 488 variisque
947 440 1024 488 pri-

85 495 240 545 vilegiis
255 503 429 535 ornatus.
440 496 546 532 brevi
565 498 737 542 tempore
753 495 792 530 et
809 505 970 530 numero
986 496 1025 530 et

86 548 233 586 viribus
252 553 389 586 auctus
405 551 464 586 est
486 546 508 585 ¹.

139 601 284 639 Eodem
304 602 385 638 sere
401 605 574 650 tempore
591 599 706 648 Hugo
723 598 769 635 de
790 599 961 647 Paganis
976 610 1022 636 a-

87 654 207 704 liique
236 655 380 692 nobiles
419 654 520 691 Galli
555 652 808 689 instituerunt
840 652 1020 689 Ordinem

85 708 405 756 'l‘emplariorunr
423 707 482 744 Illi
498 718 558 743 an.
580 705 679 742 1118
695 716 823 741 coram
841 705 1021 742 Patriar-

85 761 158 798 cha
174 760 526 808 Hierosolymitano
546 770 586 795 se
607 758 800 794 consuetis
820 758 944 795 tribus
960 770 1022 794 vo·

85 814 134 851 tis
154 814 375 851 monasticis
395 812 584 860 simulque
601 810 723 848 officio
744 810 824 858 pios
844 810 1020 859 peregri-

85 870 241 904 natores
269 870 404 904 contra
434 865 646 914 praedones
675 867 715 901 et
748 864 876 901 hostes
905 864 1021 901 armis

84 919 312 957 defendendi
351 918 659 956 obstrinxerunt.
699 916 892 965 Appellati
931 921 1022 954 sunt

83 971 293 1021 Templarii
324 983 346 1008 a
374 971 582 1031 domicilio,
613 971 714 1018 quod
744 969 1021 1018 Hierosolymis

82 1037 200 1074 prope
219 1025 360 1071 locum,
382 1025 419 1062 in
440 1035 516 1072 quo
544 1023 671 1060 fuerat
690 1022 877 1071 templum
909 1023 1021 1060 Salo-

83 1078 289 1124 monicum,
318 1079 565 1126 acceperunt
586 1077 696 1113 Auno
728 1076 840 1121 1128,
862 1077 1018 1124 petente

80 1132 304 1180 patriarcha
323 1129 703 1179 HierosolymitanO,
727 1129 900 1178 synodus
919 1129 1016 1166 Tre-

80 1184 204 1222 censis
218 1184 287 1221 sub
308 1183 506 1222 Matthaeo
527 1158 751 1228 Albanerisi,
771 1182 1015 1230 Apostolicae

79 1236 189 1274 Sedis
208 1237 335 1286 legato
349 1266 359 1282 ,
379 1236 564 1274 Ordinem
585 1234 845 1281 confirmavit,
863 1234 1014 1272 firmam

80 1289 262 1339 regulam
290 1302 376 1327 cum
397 1289 634 1337 obligatione
655 1287 860 1325 dimicandi
881 1292 1016 1326 contra

78 1343 255 1381 infideles
270 1343 307 1380 in
325 1343 548 1381 Palaestina
569 1341 829 1391 praescripsit,
846 1344 885 1378 et
900 1342 1011 1379 habi-

78 1400 161 1434 tum
189 1396 267 1434 albi
286 1396 423 1434 coloris
452 1395 744 1440 determinavit,
764 1407 878 1444 quem
899 1395 1013 1432 habi-

76 1452 160 1487 tum
176 1452 308 1498 postea
323 1449 524 1498 Eugenius
535 1449 604 1497 Pp.
615 1448 671 1486 Ill
687 1449 854 1486 mutavit
870 1448 908 1485 in
927 1449 1013 1497 pal-

76 1502 173 1540 lium
193 1503 402 1540 candidum
419 1514 506 1539 cum
528 1513 639 1539 cruce
659 1502 780 1538 rubea
796 1513 862 1550 pro
879 1501 1016 1550 equiti-

77 1556 160 1602 bus;
188 1555 329 1594 fratres
358 1555 500 1604 quippe
528 1554 680 1604 plebeii,
710 1555 923 1592 militantes
950 1555 1014 1592 vel

77 1620 188 1646 arma
216 1612 426 1656 portantes,
447 1608 563 1657 pallia
583 1608 659 1645 atri
678 1607 742 1645 vel
762 1608 847 1644 cani
876 1607 1015 1645 coloris

77 1662 317 1700 deferebant.
338 1661 441 1699 Ordo
460 1662 571 1698 brevi
591 1664 765 1709 tempore
785 1664 825 1698 et
853 1673 1015 1698 numero

77 1717 117 1752 et
144 1714 290 1753 divitiis
309 1715 450 1752 mirum
470 1715 507 1751 in
529 1715 684 1752 modurn
705 1715 841 1761 crevit,
863 1714 1015 1752 multis-

78 1779 151 1817 que
172 1768 281 1806 annis
304 1767 501 1816 praeclara
520 1768 624 1805 fama
643 1767 772 1805 floruit
792 1766 818 1805 2.

128 1821 191 1859 29.
215 1821 254 1859 S.
275 1821 521 1859 Bernardus
536 1821 645 1858 —In
674 1820 877 1858 Occidente
914 1819 1016 1858 Ordo

77 1873 402 1918 Cisterciensium,
414 1874 607 1923 prioribus
622 1873 736 1911 huius
747 1874 889 1911 saeculi
905 1873 1016 1911 annis

76 1926 279 1965 institutus
300 1926 326 1974 ³,
347 1928 417 1965 sub
437 1939 466 1965 s.
487 1927 685 1965 Bernardo
714 1930 870 1965 tantum
899 1927 1017 1964 decus

75 1983 260 2030 tantaque
280 1981 522 2018 incrementa
540 1980 717 2029 sumpsit,
731 1983 773 2018 ut
787 1981 819 2018 is
835 1981 1019 2029 quodam-

77 2033 188 2070 modo
209 2034 307 2071 alter
336 2033 491 2071 Ordinis
509 2033 619 2072 istius
640 2045 790 2082 parens,
809 2037 848 2071 et
868 2033 1015 2071 Cister-

76 2087 223 2124 cienses
243 2086 362 2124 etiam
377 2087 643 2124 Bernardz'm‘
657 2087 839 2136 appellati
856 2086 1014 2124 fuerint.

75 2139 300 2178 Bernardus
317 2152 377 2177 an.
402 2140 499 2177 1091
521 2140 708 2178 Fontanis
728 2140 767 2177 in
787 2140 1016 2189 Burgundia

80 2193 272 2230 nobilibus
292 2194 518 2242 parentibus
540 2193 668 2239 natus,
685 2205 707 2230 a
723 2194 867 2230 teneris
883 2194 944 2242 pie
961 2193 1016 2230 vi-

75 2245 148 2292 xit3
167 2257 228 2284 an.
251 2246 351 2284 1113
370 2247 648 2284 monasterium
669 2246 925 2284 Cistereiense
952 2247 1014 2283 in-

76 2310 244 2347 gressus,
263 2299 405 2337 fratres
434 2312 524 2337 suos
550 2300 768 2348 multosque
789 2300 885 2338 alios
906 2312 926 2337 e
946 2312 1013 2337 co-

77 2352 208 2400 gnatis
227 2355 267 2389 et
282 2352 387 2390 claro
407 2364 550 2401 genere
571 2353 825 2400 oriundos,ad
842 2353 943 2390 idem
960 2353 1014 2390 vi-

75 2407 140 2442 tae
159 2416 282 2454 genus
302 2405 478 2451 attraxit3
497 2418 583 2443 cum
599 2406 754 2443 biennio
769 2409 854 2455 post
870 2407 1014 2444 consti-

75 2459 186 2495 tutus
205 2459 306 2495 esset
325 2458 444 2496 abbas
460 2459 682 2496 monasterii
701 2459 1012 2505 Claravallensis,

75 2510 348 2560 quamplurimi
365 2523 413 2548 ex
430 2512 603 2549 omnibus
619 2512 838 2560 regionibus
853 2513 901 2550 ad
922 2524 1012 2550 eum

75 2563 344 2609 confluebant,
373 2565 444 2601 sub
471 2565 554 2602 eius
582 2565 769 2613 regimine
798 2566 962 2611 victuri,
991 2578 1012 2602 e

76 2617 218 2666 quibus
237 2617 365 2665 plures
385 2621 516 2665 postea
536 2618 583 2654 ad
612 2618 841 2666 dignitatem
860 2619 1011 2667 episco-

74 2669 202 2719 palem
223 2670 262 2706 in
283 2669 424 2715 Gallia,
439 2670 662 2716 Germania,
674 2671 816 2720 Anglia
830 2676 869 2709 et
883 2672 1012 2718 Italia,

76 2724 117 2760 et
137 2734 238 2760 unus
269 2723 339 2760 sub
360 2724 513 2760 nomine
534 2723 697 2772 Eugenii
724 2725 780 2761 III
810 2726 857 2762 ad
886 2725 1010 2774 ipsam

73 2775 182 2813 Petri
202 2775 439 2822 cathedram,
459 2776 583 2812 evecti
603 2780 702 2814 sunt.
724 2777 945 2816 Bernardus
964 2791 1009 2816 e-

74 2828 194 2866 ximia
214 2840 286 2865 sua
305 2828 464 2877 pietate,
484 2829 699 2866 eruditione
721 2833 761 2868 et
788 2831 1010 2879 eloquentia

74 2881 272 2930 ingentem
281 2881 445 2919 nominis
453 2881 596 2918 famam
605 2894 674 2930 per
681 2885 802 2920 totam
810 2883 1009 2921 ecelesiam

75 2933 270 2981 Latinam,
288 2937 516 2984 tantamque
528 2935 629 2983 apud
644 2947 776 2973 omnes
793 2937 1010 2974 veneratio-

113 3016 125 3037 ¹
143 3015 219 3046 Guil.
234 3016 353 3055 Tyrius,
369 3015 414 3047 De
430 3015 510 3046 bello
527 3015 772 3054 sacr0;11elyot,
790 3013 934 3048 Histoire
957 3016 1010 3048 des

74 3055 333 3129 Ogdlzcilsnreliyq
361 3058 483 3095 Verlot,
510 3056 651 3088 Histoire
679 3055 731 3087 des
757 3056 938 3088 chevaliers
973 3058 1011 3090 de

113 3137 128 3160 2
143 3139 216 3179 Hely
219 3143 260 3177 ot,
273 3139 330 3171 100.
344 3141 404 3177 cit.;
418 3140 446 3170 P.
460 3139 500 3170 du
518 3140 591 3177 Puy,
604 3138 744 3170 Histoire
755 3138 808 3170 des
824 3139 1008 3181 Templiers3

71 3180 194 3219 wilker,
206 3182 286 3218 item,
303 3182 492 3221 germanice.
508 3198 546 3204 -
563 3180 654 3211 ³vid
672 3189 701 3219 p.
722 3180 771 3210 15.

1900 99 1951 137 27

1067 188 1152 212 neni
1176 178 1215 213 et
1235 175 1508 213 auctoritatem
1530 175 1666 213 nactus
1685 175 1755 220 est,
1772 175 1815 211 ut
1834 174 1999 211 Pontifi-

1065 240 1141 273 ces,
1162 229 1344 278 episeopi,
1365 241 1474 278 reges
1508 231 1547 267 et
1575 227 1765 277 principes
1794 227 1831 264 in
1852 227 1997 275 gravis-

1065 281 1170 318 simis
1192 282 1358 329 negotiis
1379 281 1538 319 consilia
1558 281 1639 319 eius
1660 279 1902 329 postularent
1924 279 1946 317 ¹.

1120 335 1159 371 S.
1182 335 1404 373 Nor-bertus
1426 335 1846 372 Praemonstratensis
1862 354 1910 361 —
1926 333 2000 370 Eo-

1066 387 1150 424 dem
1172 390 1346 436 tempore
1367 388 1639 425 canonicorum
1661 386 1914 435 Regularium
1932 387 1999 423 In-

1065 440 1245 477 stitutum
1277 441 1512 478 instauravit
1533 452 1560 477 s.
1583 440 1810 478 Norbertus.
1834 439 1876 476 In
1910 439 2002 477 mul-

1066 493 1114 529 tis
1135 493 1272 542 quippe
1295 493 1501 541 provinciis
1518 493 1688 530 canonici
1708 505 1730 530 a
1747 492 1871 541 prisca
1886 493 1998 530 disci-

1065 545 1167 593 plina
1187 546 1445 591 deflexerant3
1469 546 1622 583 deserta
1641 546 1723 583 vita
1743 546 1958 591 communi,
1978 557 1999 583 e

1064 598 1170 635 bonis
1186 599 1457 636 ecelesiasticis
1477 599 1682 647 separatim
1705 602 1743 636 et
1762 599 1843 636 sine
1865 599 1999 648 regula

1065 651 1261 689 vivebant.
1284 651 1421 688 Plures
1441 652 1605 700 episcopi
1636 664 1699 689 eos
1720 652 1767 688 ad
1797 651 1997 700 pristinam

1064 704 1240 751 regulam
1277 705 1460 741 reducere
1495 705 1619 741 conati
1655 707 1766 751 sunt,
1786 705 1851 741 sed
1886 717 1999 742 nemo

1064 757 1210 794 meliori
1240 769 1326 794 cum
1356 768 1533 794 successu
1564 758 1600 793 id
1632 756 1723 794 fecit
1751 769 1864 805 quam
1891 757 1997 795 Nor-

1062 811 1202 847 bertus.
1234 810 1268 848 Is
1298 822 1358 847 an.
1383 810 1482 847 1082
1502 809 1622 847 Xanti
1652 810 1688 846 in
1720 810 1843 847 Clivia
1871 815 1998 858 natus,

1061 863 1186 911 primo
1202 863 1470 909 subdiaconus,
1487 862 1731 911 pluriumque
1746 864 1997 902 ecclesiarum

1061 916 1267 954 canonicus
1301 920 1339 954 et
1373 915 1531 953 Henrici
1563 915 1811 964 imperatoris
1830 916 1866 954 V
1901 929 1997 966 eap-

1060 969 1264 1018 pellanus,
1295 981 1356 1007 an.
1380 969 1480 1006 1114
1517 981 1539 1006 a
1567 969 1708 1006 laxiori
1742 970 1790 1006 ad
1823 970 1996 1008 severio-

1062 1033 1142 1059 rem
1163 1023 1284 1060 vitam
1306 1027 1512 1060 revocatus
1542 1024 1613 1067 est3
1634 1022 1839 1070 presbyter
1858 1022 1996 1070 factus,

1058 1087 1146 1112 cum
1163 1087 1362 1124 perperam
1380 1075 1523 1112 clerum
1544 1074 1715 1123 patrium
1731 1075 1778 1112 ad
1796 1075 1997 1114 meliorem

1059 1128 1162 1165 vitae
1184 1130 1377 1167 rationem
1393 1129 1586 1165 adducere
1607 1130 1810 1174 tentasset,
1831 1128 1997 1168 dimissis

1058 1182 1236 1219 omnibus
1258 1181 1513 1231 dignitatibus
1543 1183 1582 1218 et
1601 1181 1710 1218 bonis
1730 1181 1808 1218 suis
1822 1210 1830 1226 ,
1851 1193 1898 1220 ex
1920 1194 1995 1220 au-

1056 1235 1236 1272 ctoritate
1271 1235 1415 1272 Gelasii
1444 1235 1513 1283 Pp.
1535 1234 1572 1271 II
1594 1234 1812 1283 provincias
1834 1235 1996 1282 Galliae,

1058 1288 1336 1336 poenitentiam
1376 1288 1618 1336 praedicans,
1647 1287 1884 1336 peragravit.
1923 1291 1996 1327 An.

1059 1341 1159 1379 1120
1179 1354 1202 1379 a
1229 1342 1527 1379 Bartholomaeo
1549 1341 1725 1389 episcopo
1746 1341 1995 1379 Laudunensi

1055 1398 1240 1432 evocatus
1268 1395 1316 1432 ad
1347 1395 1552 1432 canonicos
1581 1394 1695 1431 huius
1715 1395 1899 1432 eeclesiae
1929 1407 1994 1433 re-

1056 1448 1290 1495 formandos,
1302 1448 1438 1485 deinde
1455 1460 1541 1485 eum
1558 1448 1705 1496 aliquot
1719 1448 1868 1485 clericis
1883 1450 1995 1487 sociis

1054 1502 1211 1540 secessit
1229 1502 1268 1538 in
1287 1501 1427 1539 vallem
1438 1513 1693 1546 nemorosam,
1704 1502 1994 1540 Praemonstra-

1055 1559 1136 1593 tum
1155 1556 1310 1601 dictam;
1321 1555 1385 1591 ubi
1403 1554 1577 1591 habitum
1593 1554 1723 1592 album
1739 1566 1759 1591 e
1771 1566 1889 1592 manu
1902 1556 1992 1593 Bar-

1057 1608 1269 1645 tholomaei
1299 1610 1567 1657 susceperunt,
1599 1608 1703 1644 vitae
1734 1608 1927 1645 asceticae
1956 1610 1996 1646 et

1059 1662 1246 1699 habendis
1266 1673 1335 1710 per
1355 1661 1575 1709 provincias
1595 1660 1741 1698 vicinas
1760 1661 1879 1698 sacris
1901 1673 1994 1699 000-

1059 1715 1233 1752 cionibus
1254 1716 1456 1751 vacarunt.
1477 1715 1588 1751 Anno
1607 1717 1792 1762 sequente
1818 1714 1994 1752 Norber-

1058 1771 1122 1805 tus
1144 1768 1342 1816 discipulis
1362 1768 1453 1813 suis,
1466 1767 1543 1804 iam
1561 1778 1720 1804 numero
1736 1767 1872 1814 auctis,
1884 1779 1994 1817 regu-

1059 1821 1134 1859 lam
1153 1821 1436 1859 Canonieorum
1456 1819 1713 1870 Regularium
1735 1832 1764 1858 s.
1785 1821 1995 1870 Augustini

1059 1875 1342 1912 observandam
1362 1874 1650 1923 proposuit3sed
1665 1885 1754 1910 eum
1770 1885 1903 1911 eorum
1921 1875 1995 1912 offi-

1059 1928 1145 1975 ciis,
1166 1940 1265 1977 quae
1295 1927 1334 1964 in
1355 1927 1641 1976 praedicatione
1664 1927 1786 1964 divini
1814 1928 1935 1975 verbi,
1955 1929 1994 1966 in

1059 1981 1310 2019 conversione
1329 1980 1541 2018 infidelium
1573 1982 1612 2017 et
1635 1979 1933 2028 haereticorum,
1955 1982 1994 2019 in

1059 2046 1155 2072 eura
1174 2034 1393 2072 animarum
1414 2038 1453 2072 et
1467 2035 1505 2071 in
1521 2034 1647 2072 studio
1662 2033 1865 2071 literarum
1881 2036 1994 2074 theo-

1058 2088 1273 2137 logicarum
1294 2088 1568 2133 consistebant,
1580 2087 1779 2124 coniunxit
1798 2088 1995 2138 obligatio-

1060 2153 1126 2179 nes
1157 2141 1390 2179 monasticas
1420 2142 1468 2178 ad
1491 2143 1756 2189 paupertatem
1775 2169 1784 2187 ‚
1811 2141 1994 2180 obedien-

1057 2195 1173 2242 tiam,
1198 2195 1456 2240 solitudinem,
1485 2194 1704 2239 silentium,
1732 2194 1851 2231 vilem
1880 2195 1992 2233 habi-

1058 2251 1155 2295 tum,
1186 2248 1462 2286 abstinentiam
1491 2260 1514 2284 a
1540 2247 1739 2291 carnibus,
1774 2246 1994 2296 frequentes

1059 2313 1190 2350 preces
1211 2304 1249 2339 et
1277 2302 1460 2339 lectiones
1485 2312 1625 2338 sacras.
1652 2301 1794 2337 Eodem
1822 2303 1993 2350 tempore

1057 2358 1116 2393 tot
1135 2355 1281 2393 nobiles
1300 2354 1468 2392 feminae
1484 2355 1531 2391 ad
1553 2353 1866 2402 amplectendum
1887 2354 1992 2391 Nor-

1057 2409 1156 2446 berti
1177 2409 1400 2446 institutum
1428 2411 1538 2445 erant
1565 2409 1740 2455 paratae,
1772 2409 1814 2443 ut
1842 2418 1910 2455 pro
1939 2407 1993 2446 eis

1057 2462 1174 2499 etiam
1196 2461 1474 2499 monasterium
1498 2461 1695 2498 eonditum
1717 2459 1847 2497 fuerit.
1869 2460 1992 2498 Paulo

1057 2518 1142 2564 post
1170 2527 1297 2553 comes
1326 2515 1372 2552 de
1401 2514 1653 2563 Cappenberg
1679 2513 1717 2550 in
1747 2512 1992 2561 Westphalia

1055 2581 1185 2606 arcem
1206 2569 1468 2616 ditionemque
1485 2579 1593 2604 suam
1609 2578 1677 2615 pro
1694 2565 1940 2612 monasterio,
1952 2566 1990 2603 in

1056 2634 1130 2670 quo
1146 2621 1335 2660 Norberti
1357 2620 1585 2658 Institutum
1612 2620 1901 2665 observaretur,
1922 2620 1992 2656 de-

1056 2676 1212 2713 dicavit.
1233 2674 1409 2712 Victoria
1428 2673 1558 2718 etiam,
1573 2683 1690 2720 quam
1707 2671 1923 2710 Norbertus
1943 2673 1989 2711 de

1055 2728 1295 2766 Tanchelino
1322 2726 1518 2764 haeretico
1552 2726 1711 2772 eiusque
1740 2725 1916 2762 sectariis
1949 2726 1989 2763 in

1056 2782 1271 2819 Brabantia
1291 2781 1436 2825 retulit,
1459 2780 1505 2816 ad
1526 2777 1817 2826 multiplicanda
1837 2777 1990 2816 Ordinis

1055 2834 1139 2873 eius
1155 2834 1390 2871 monasteria
1410 2831 1584 2869 contulit.
1606 2830 1757 2868 Maiora
1772 2831 1898 2868 adhuc
1923 2831 1989 2868 in·-

1055 2890 1254 2925 crementa
1273 2886 1374 2923 Ordo
1394 2885 1467 2930 hic,
1481 2885 1547 2932 qui
1565 2895 1587 2920 a
1601 2883 1684 2920 loco
1700 2883 1992 2922 Praemonstra-

1054 2944 1106 2987 to,
1124 2952 1234 2989 quem
1270 2938 1447 2987 primitus
1479 2936 1641 2973 incoluit
1673 2937 1990 2974 Praemonstra-

1056 2995 1230 3032 tensium
1262 2992 1336 3029 fuit
1366 2990 1609 3040 appellatum,
1634 2990 1673 3026 in
1706 2989 1835 3027 Gallia
1873 2993 1989 3038 atque

1053 3045 1262 3084 Germania
1280 3044 1395 3092 cepit,
1415 3046 1617 3092 postquam
1635 3054 1696 3080 an.
1717 3042 1816 3080 1126
1836 3043 1885 3080 ab
1905 3043 1989 3081 Ho-

1055 3117 1105 3160 l
1122 3138 1273 3175 valerem,
1294 3135 1350 3168 Vie
1371 3134 1408 3166 de
1428 3145 1451 3167 s.
1467 3134 1624 3173 Bet-nard,
1642 3133 1722 3166 1701
1743 3133 1821 3172 10-4;
1846 3133 1988 3166 Bolland.

1054 3181 1134 3214 Acta
1149 3178 1205 3211 SS.
1219 3177 1260 3210 ⁶20
1275 3181 1399 3218 august.
