2241 3473
259 159 338 202 398

201 245 291 282 laici
318 247 357 282 in
385 246 542 282 exilium
569 245 676 280 missi
704 245 811 280 omni
855 244 1078 290 Religionis
1097 254 1156 279 so-

201 300 311 343 latio,
344 298 616 346 praesidioque
639 309 778 334 carere
800 297 1008 340 debebant,
1035 298 1154 333 immo

202 352 435 388 Lithuaniae
475 351 678 386 catholicis
719 351 825 397 optio
869 350 960 386 data
989 350 1063 386 fuit
1093 352 1155 387 vel

204 407 340 442 exules
367 405 532 441 abeundi
552 404 588 439 in
609 404 935 440 disiunctissimas
956 404 1154 451 regiones,

199 459 262 494 vel
287 458 494 493 deficiendi
521 468 544 492 a
570 457 764 493 catholica
800 457 1008 504 religione.
1032 458 1153 494 Prae-

202 517 312 547 terea
329 510 643 546 Varsaviensem
669 510 1023 558 Archiepiscopum
1043 522 1063 547 e
1083 523 1153 547 suo

198 575 322 611 grege
348 563 541 598 divulsum
562 563 600 598 in
620 563 856 610 longinquas
880 565 1065 610 regiones
1086 576 1155 611 gu-

200 616 378 653 bernium
408 616 598 651 russicum
618 616 828 663 relegavit,
849 617 1097 664 eundemque
1117 629 1155 654 e-

204 670 391 717 piscopali
403 671 637 706 auctoritate
650 675 688 706 et
698 670 968 708 iurisdictione
978 683 1064 708 esse
1080 672 1154 719 pri-

202 728 335 760 vatum
355 728 395 759 et
413 723 611 760 neminem
632 735 652 760 e
671 735 743 760 sua
757 724 938 761 Dioecesi
959 737 1047 760 cum
1068 726 1152 773 ipso

203 789 320 824 posse
340 777 637 813 communicare
673 777 863 814 decrevit.
883 778 1152 820 Quamobrem

202 831 388 867 Pontifex
427 831 471 867 x⁰
499 830 651 867 calend.
676 831 768 867 maii
803 832 919 875 1863,
955 833 1043 868 dum
1083 833 1153 869 Po-

200 885 308 920 lonia
348 886 552 921 turbarum
592 885 773 921 fluctibus
812 886 1018 930 fervebat,
1049 887 1152 923 datis

201 939 380 986 epistolis
407 939 455 974 ad
474 939 744 975 Alexandrum
765 939 796 974 Il
816 939 1050 976 Russiarum
1082 941 1153 976 Im-

199 992 644 1040 peratorem,eiusmodi
668 993 911 1039 turbationes
931 1005 978 1030 ex
997 994 1152 1031 damnis

195 1046 392 1093 Religioni
420 1047 539 1082 illatis
566 1052 766 1094 tamquam
797 1059 817 1084 e
845 1059 914 1083 suo
934 1048 1042 1085 fonte
1061 1060 1152 1085 exo-

195 1101 266 1136 riri
278 1101 775 1148 demonstrabat,{eumque
792 1102 1153 1149 deprecabatur‚ut

194 1166 264 1203 pro
294 1155 482 1191 Poloniae
503 1166 601 1202 pace
621 1166 668 1191 ac
687 1157 989 1202 tranquillitate,
1009 1157 1148 1194 adver-

194 1221 259 1246 sus
275 1210 511 1246 catholicam
525 1209 757 1256 religionem
775 1210 927 1247 iniuriis
943 1211 1062 1247 finem
1080 1212 1148 1247 im-

196 1268 376 1312 poneret.
395 1263 627 1300 Urbaniano
648 1264 686 1299 in
706 1264 884 1312 Collegio
905 1265 1146 1303 christianae

195 1319 284 1355 fidei
302 1317 665 1366 propagandae,die
681 1318 727 1354 24
742 1319 879 1365 aprilis
897 1320 1148 1364 1864‚inviet0

196 1373 341 1410 Christi
370 1371 538 1420 martyri
557 1371 598 1407 S.
619 1371 746 1408 Fideli
774 1383 796 1408 a
812 1372 1071 1421 Sigmaringa
1090 1385 1149 1410 sa-

199 1438 281 1470 cro,
311 1426 569 1462 vehementer
595 1425 836 1462 lamentatus
856 1432 916 1463 est
936 1430 1016 1474 ipse
1049 1428 1146 1463 Pon-

195 1481 291 1517 tifex
317 1481 504 1516 miseram
532 1483 572 1516 et
590 1491 805 1527 numquam
825 1481 923 1516 satis
940 1481 1144 1529 deploran-

194 1535 284 1571 dam
300 1534 491 1570 Poloniae
508 1533 622 1581 regni
637 1533 915 1570 conditionem.
934 1536 1148 1584 Encyclica

197 1588 272 1625 Ubi
286 1588 519 1625 Urbaniano
538 1588 600 1624 die
619 1588 664 1625 30
683 1588 764 1624 iulii
797 1589 887 1625 1864
918 1589 966 1625 ad
986 1590 1149 1627 Archie-

193 1642 373 1689 piscopos
408 1646 447 1678 et
484 1642 701 1688 Episcopos
741 1641 930 1679 Poloniae
970 1645 1082 1690 regni
1108 1649 1149 1680 et

192 1696 324 1732 Russii
351 1696 507 1743 Imperii
533 1694 639 1737 data,
659 1694 839 1741 graviter
866 1701 1054 1743 quaestus
1087 1703 1148 1734 est

191 1749 239 1785 de
259 1750 562 1796 omnibuS,quae
582 1749 621 1784 in
642 1748 829 1785 Poloniae
843 1761 966 1797 regno
983 1751 1147 1798 aliisque

192 1803 347 1839 Russici
376 1803 536 1849 Imperii
565 1802 791 1848 regionibus
823 1808 963 1839 contra
989 1804 1149 1841 catholi-

190 1868 276 1893 cam
304 1856 524 1892 Ecclesiam
542 1885 551 1900 ‚
569 1856 728 1903 eiusque
747 1867 954 1893 sacrorum
983 1859 1146 1894 Ant1sti-

189 1914 268 1953 tes,
290 1911 494 1946 ministros
508 1939 516 1954 ‚
537 1910 641 1953 iura,
662 1911 959 1957 patrimonium,
980 1923 1027 1948 ac
1055 1912 1146 1949 fide—

190 1965 249 2000 les
283 1970 397 2012 gesta
430 1969 533 2007 sunt;
570 1970 706 2011 postea
740 1965 839 2001 haec
867 1966 1011 2003 habet:
1041 1981 1060 2001 «
1098 1968 1148 2003 Et

191 2019 310 2054 etiam
349 2024 465 2066 atque
492 2019 612 2054 etiam
656 2019 861 2065 querimur
907 2021 1146 2066 persecutio-

191 2084 424 2119 nem,quam
437 2073 643 2108 Russicum
655 2073 889 2119 gubernium
911 2078 1051 2110 contra
1075 2076 1145 2110 Ec-

191 2126 354 2162 clesiam
373 2137 515 2173 gerere
553 2138 628 2161 non
664 2126 828 2171 desinit;
856 2128 972 2171 absit,
998 2133 1042 2164 ut
1068 2129 1145 2165 ullo

191 2180 305 2217 modo
318 2181 487 2229 probare
519 2180 685 2216 velimus
713 2182 816 2217 male
845 2183 1044 2218 consultos
1065 2195 1145 2219 mo·

192 2240 253 2271 tus
280 2235 317 2270 in
349 2234 514 2270 Polonia
534 2234 676 2270 misere
697 2235 904 2270 excitatos.
936 2236 1087 2273 Omnes
1106 2250 1143 2275 e-

193 2289 272 2324 nim
300 2292 443 2324 norunt
460 2293 605 2336 quanto
623 2289 753 2324 studio
785 2289 982 2325 catholica
1010 2291 1144 2328 Eccle-

191 2344 249 2379 sia
264 2354 423 2390 semper
437 2342 710 2385 inculcaverit,
722 2354 768 2379 ac
783 2343 974 2387 docuerit,
987 2356 1143 2382 omnem

196 2398 368 2434 animam
397 2396 592 2433 subditam
620 2408 707 2432 esse
737 2398 997 2444 potestatibus
1030 2400 1143 2435 subli-

193 2452 379 2487 mioribus
400 2480 408 2494 ,
437 2462 651 2497 omnesque
673 2450 775 2487 civili
795 2451 1022 2488 auctoritati
1057 2454 1142 2489 sub-

192 2507 315 2542 iectos
333 2517 435 2549 esse,
465 2504 712 2552 debitamque
733 2505 997 2541 obedientiam
1032 2519 1142 2554 prae-

191 2565 298 2596 stare
325 2560 482 2595 omnino
510 2558 654 2594 debere
684 2559 722 2594 in
749 2559 796 2594 iis
823 2560 1020 2602 omnibus,
1041 2573 1142 2608 quae

194 2614 279 2655 Dei,
300 2614 460 2660 eiusque
490 2613 692 2649 Ecclesiae
721 2613 872 2660 legibus
902 2625 977 2649 non
1005 2614 1144 2651 adver-

188 2672 341 2703 santur.
358 2666 545 2714 Equidem
567 2676 817 2714 summopere
837 2667 1060 2711 dolendum,
1079 2673 1142 2704 hu-

190 2721 355 2757 iusmodi
396 2726 524 2757 motus
564 2721 728 2756 Russico
776 2722 966 2768 gubernio
1003 2733 1142 2759 ansam

189 2775 342 2812 dedisse
371 2775 419 2810 ad
441 2774 674 2810 catholicam
696 2774 866 2821 quotidie
894 2777 1021 2821 magis
1040 2776 1142 2812 dive-

191 2830 376 2871 xandam,
405 2835 445 2866 et
471 2829 773 2876 opprimendam
805 2830 1076 2866 Ecclesiam».

238 2884 312 2919 Sed
334 2884 496 2920 Litteris
517 2883 718 2919 pontificis
734 2883 780 2919 ad
801 2884 1027 2931 Principem
1049 2886 1142 2920 seri-

194 2938 268 2984 ptis
289 2938 431 2973 nullum
457 2938 611 2985 quidem
644 2938 777 2973 datum
800 2938 872 2973 fuit
891 2950 1142 2985 responsum;

191 2992 364 3037 quinimo
393 2993 492 3029 idem
512 2993 743 3040 gubernium
764 2992 968 3028 maiorem
988 2992 1070 3029 dies
1090 2994 1142 3028 in-

192 3046 408 3083 sectatione
433 3047 909 3093 catholicamoppugnans
922 3047 1140 3083 Ecclesiam

191 3110 348 3145 semper
383 3101 611 3146 impedivit,
652 3099 859 3147 quominus
899 3100 1143 3136 Chelmensis

193 3152 408 3200 Episcopus
438 3166 460 3190 a
487 3155 556 3189 Pio
588 3154 836 3189 renuntiatus
863 3164 927 3189 an.
951 3154 1040 3190 1863
1067 3154 1141 3201 epi-

190 3208 388 3252 scopalem
432 3208 622 3254 potuisset
658 3206 844 3253 accipere
879 3208 1142 3244 consecratio-

194 3270 296 3294 nem.
318 3260 490 3297 Praeter
516 3273 610 3298 vero
627 3260 977 3307 Archiepiscopum
997 3261 1142 3298 Varsa-

548 175 713 201 EPOCHA
737 173 825 200 xm.
851 176 877 200 A
898 174 1080 201 PVBLICA
1100 174 1250 200 RERVM
1271 174 1313 200 IN
1335 173 1503 201 GALLus
1523 174 1812 202 SVBVERSIONE

1205 244 1398 286 viensem,
1415 244 1534 280 etiam
1561 244 1745 280 Vicarius
1771 245 1856 280 eius
1874 243 2076 291 generalis
2091 244 2160 280 mi-

1206 297 1312 332 litari
1328 308 1447 333 manu
1463 297 1775 345 comprehensus
1790 298 1996 334 inexilium
2007 297 2159 334 eiectus

1203 354 1277 391 est,
1308 354 1522 397 propterea
1548 350 1650 398 quod
1669 351 1716 387 de
1736 351 2019 387 ecclesiasticis
2038 362 2158 397 nego-

1207 403 1272 438 tiis
1290 405 1486 450 rescripta
1505 415 1528 439 a
1543 403 1734 440 Pontifice
1754 407 1860 439 motu
1888 404 2049 452 proprio
2064 403 2158 440 data.

1207 456 1255 492 ad
1287 456 1387 492 alios
1420 457 1608 493 Poloniae
1643 457 1878 493 Ordinarios
1920 457 2158 505 perferenda

1207 515 1436 547 curaverat.
1470 510 1556 547 Nec
1587 511 1779 546 dubitavit
1798 510 1922 546 civilis
1936 511 2156 547 Varsaviae

1207 574 1372 610 praeses
1408 564 1590 611 Capitulo
1619 564 1925 611 metropolitano
1958 565 2156 612 praecipe-

1207 628 1262 658 re,
1291 622 1334 654 ut
1361 618 1566 654 Vicarium
1595 617 1864 665 Capitularem
1892 628 1916 653 a
1942 629 1984 654 se
2015 629 2153 665 propo-

1206 670 1324 706 situm
1356 671 1539 718 eligeret.
1579 671 1728 712 Quibus
1763 671 1914 706 iniustis
1959 670 2156 707 mandatis

1205 724 1394 761 Canonici
1430 725 1572 761 merito
1604 725 1852 761 obstiterunt.
1880 725 2045 772 Insuper
2077 723 2157 761 alia

1208 780 1463 827 promulgata
1481 780 1591 816 fuere
1611 779 1787 822 decreta,
1806 779 1942 826 quibus
1961 778 2154 815 catholica

1205 833 1402 876 Ecclesia,
1429 834 1590 881 eiusque
1619 833 1851 882 auctoritas,
1880 834 2001 879 leges,
2031 843 2078 868 ac
2104 831 2156 867 di-

1205 886 1372 933 sciplina
1388 887 1732 934 proculcabantur;
1753 887 1885 922 omnia
1901 898 2000 934 pene
2025 886 2157 932 Regu-

1205 940 1350 976 larium
1377 942 1582 988 utriusque
1609 953 1726 978 sexus
1747 941 1938 977 Ordinum
1966 939 2157 976 coenobia

1204 994 1251 1030 de
1281 995 1410 1031 medio
1437 996 1613 1038 sublata;
1641 995 1828 1042 cuiusque
1856 994 2067 1041 Regularis
2086 993 2158 1029 Or-

1205 1048 1305 1084 dinis
1333 1049 1436 1084 bona
1464 1049 1617 1096 publico
1652 1049 1809 1085 aerario
1840 1047 2089 1091 adiudicata,
2117 1051 2157 1084 et

1203 1104 1465 1150 paucissimae
1494 1104 1719 1150 Religiosae
1748 1103 1934 1145 familiae,
1952 1113 2064 1150 quae
2091 1102 2154 1138 ad—

1202 1157 1275 1193 huc
1302 1162 1555 1206 supererant,
1575 1169 1599 1193 a
1626 1169 1785 1193 suorum
1805 1167 2052 1193 summorum
2072 1156 2154 1191 Mo-

1203 1212 1433 1249 deratorum
1448 1212 1657 1260 *regimine
1685 1213 1912 1248 abstractae
1931 1215 1971 1247 et
1987 1210 2158 1262 Ordina7

1205 1266 1353 1302 riorum
1390 1267 1651 1303 iurisdietioni
1683 1266 1898 1303 subiectae.
1933 1265 2156 1303 Universus

1203 1320 1418 1357 catholicus
1445 1322 1583 1358 Clerus
1612 1325 1691 1356 tum
1720 1321 1759 1356 in
1786 1320 1951 1356 Polonia
1968 1348 1976 1363 ‚
2007 1324 2088 1356 tum
2114 1321 2154 1356 in

1201 1373 1434 1410 Russiarum
1456 1374 1624 1421 Imperio
1643 1374 1822 1410 omnibus
1840 1374 1921 1410 suis
1941 1374 2051 1411 bonis
2069 1386 2154 1422 spo-

1202 1427 1333 1470 liatur,
1355 1432 1394 1463 et
1412 1428 1642 1464 eorumdem
1678 1428 1869 1464 bonorum
1906 1428 2056 1465 reditus
2087 1440 2154 1476 pu-

1202 1480 1291 1517 blici
1319 1482 1423 1518 aeris
1452 1482 1571 1518 alieni
1608 1482 1941 1518 administrationi
1977 1483 2154 1518 commit—

1203 1539 1353 1571 tuntur.
1382 1538 1512 1583 Atque
1539 1535 1689 1572 eisdem
1715 1536 1889 1573 decretis
1915 1540 2056 1572 contra
2081 1537 2154 1573 Ec—

1201 1589 1446 1626 clesiasticas
1464 1591 1590 1637 leges,
1611 1593 1749 1626 contra
1776 1601 2003 1638 supremam
2023 1592 2064 1627 S.
2084 1592 2154 1628 Se-

1202 1643 1259 1678 dis
1286 1645 1566 1681 auctoritatem
1585 1673 1593 1687 ‚
1624 1648 1662 1680 et
1688 1644 1823 1680 omnia
1849 1643 1950 1688 iura,
1968 1644 2156 1681 statuitur

1202 1708 1304 1733 nova
1343 1697 1525 1734 catholici
1565 1697 1674 1736 Cleri
1712 1697 1936 1745 dispositio,
1976 1709 2080 1734 nova
2116 1698 2155 1734 in

1200 1752 1378 1788 omnibus
1416 1752 1671 1788 Dioecesibus
1712 1752 1898 1800 cuiusque
1937 1752 2155 1790 Canonico-

1201 1816 1286 1840 rum
1315 1806 1484 1853 Collegii
1512 1805 1705 1842 existendi
1733 1806 1858 1849 ratio,
1885 1816 1989 1842 nova
2015 1816 2154 1854 paroe-

1199 1860 1349 1896 ciarum
1373 1859 1529 1903 divisio,
1549 1860 1640 1895 dum
1658 1860 1843 1906 Capitula
1877 1860 2153 1907 Collegialium

1200 1913 1471 1949 Ecclesiarum
1511 1914 1747 1957 abolentur,
1788 1918 1827 1950 et
1864 1913 2151 1961 Episcoporum

1201 1967 1316 2014 plane
1344 1967 1562 2004 destruitur
1582 1968 1709 2003 omnis
1735 1967 1954 2003 auctoritas
1973 1978 2020 2004 ac
2038 1967 2151 2004 liber-

1200 2026 1271 2057 tas.
1293 2022 1606 2059 Cameniciensis
1625 2021 1820 2058 catholica
1847 2020 2040 2058 dioecesis
2064 2033 2152 2070 sup-

1198 2087 1360 2122 pressa,
1390 2087 1435 2112 ac
1464 2077 1627 2123 proprio
1655 2075 1842 2123 adempta
1877 2075 2042 2123 pastori,
2063 2087 2151 2112 cum

1198 2131 1487 2173 Luceoriensis,
1507 2135 1547 2166 et
1574 2130 1884 2178 Zytomeriensis
1910 2129 2151 2166 dioecesium

1196 2184 1541 2221 administratione
1585 2184 1659 2220 suit
1700 2184 1923 2220 coniuncta.
1967 2183 2153 2231 Legitimi

1196 2238 1515 2275 Sandomirensis
1542 2242 1582 2274 et
1608 2238 1889 2275 Cracoviensis
1914 2238 2153 2285 praesertim

1198 2292 1442 2329 Dioecesium
1473 2292 1634 2340 parochi
1653 2292 1701 2328 ad
1721 2292 1910 2328 Gubernii
1943 2292 2153 2329 arbitrium

1195 2345 1241 2381 de
1270 2358 1347 2382 una
1373 2347 1420 2382 ad
1449 2347 1569 2382 aliam
1598 2346 1829 2393 parochiam
1867 2345 2069 2388 traducti,
2105 2346 2152 2383 de

1197 2400 1357 2447 proprio
1385 2400 1510 2447 gradu
1538 2399 1756 2443 deturbati,
1776 2400 1919 2447 aliique
1947 2400 1985 2435 in
2013 2411 2151 2436 eorum

1196 2454 1322 2489 locum
1351 2454 1520 2490 suffecti.
1549 2453 1754 2489 Plocensis
1789 2464 1885 2490 vero
1919 2453 2147 2491 dioeceseos

1195 2508 1406 2544 Seminarii
1434 2508 1554 2544 aedes
1581 2509 1822 2544 confiscatae
1841 2508 1965 2552 suere,
1985 2513 2026 2544 et
2045 2508 2147 2544 illius

1196 2562 1410 2609 Episcopus
1438 2562 1613 2598 Clericos
1640 2562 1821 2598 alumnos
1841 2563 1879 2598 in
1912 2563 2145 2600 coenobium

1195 2616 1287 2651 olim
1324 2616 1591 2651 Franciscalis
1625 2616 1786 2653 Ordinis
1820 2622 1936 2654 extra
1977 2618 2149 2655 civitatis

1196 2671 1351 2706 moenia
1380 2671 1598 2707 transferre
1629 2678 1808 2715 coactus;
1829 2677 1946 2719 atque
1968 2673 2148 2709 omnibus

1194 2725 1476 2760 ecclesiasticis
1499 2725 1597 2760 viris
1628 2730 1878 2762 commeatus
1911 2726 2143 2773 denegatus.

1197 2790 1243 2813 ne
1275 2779 1380 2814 ultra
1407 2779 1511 2814 mille
1534 2790 1717 2825 passuum
1745 2779 1914 2827 spatium
1935 2791 1957 2816 a
1986 2780 2148 2828 propria.

1197 2831 1408 2867 residentia
1436 2832 1657 2876 discedere,
1678 2836 1717 2869 et
1744 2833 1847 2869 inter
1873 2845 1915 2869 se
1937 2835 2148 2871 communi-

1195 2897 1286 2921 care
1318 2887 1478 2933 possint.
1510 2886 1666 2922 Illorum
1697 2893 1830 2925 autem
1859 2889 2029 2926 fidelium
2058 2901 2146 2926 cum

1195 2941 1423 2987 Apostolica
1450 2940 1551 2977 Sede
1589 2943 1894 2980 communicatio
1928 2955 1952 2980 a
1982 2945 2148 2981 Russico

1195 2994 1386 3040 gubernio
1407 3005 1553 3042 magna
1571 2998 1789 3034 severitate
1819 2999 1891 3035 fuit
1921 2998 2139 3036 interdicta.

1197 3048 1413 3095 Episcopus
1457 3060 1553 3085 vero
1589 3051 1834 3089 Chclmensis
1877 3058 1918 3089 et
1958 3052 2145 3090 Canonici

1196 3102 1345 3137 maiore
1373 3114 1419 3138 cx
1441 3107 1553 3148 parte
1573 3104 1621 3139 ad
1651 3107 1846 3153 repositas
1867 3110 1999 3143 terras
2021 3111 2146 3143 trans-

1196 3156 1301 3191 missi
1320 3161 1423 3191 sunt.
1445 3157 1637 3194 Assiduae
1657 3165 1788 3197 autem
1816 3165 1932 3198 erant
1957 3161 2144 3208 cuiusque

1194 3210 1352 3255 generis
1381 3209 1566 3254 insidiae,
1594 3217 1703 3249 artes
1729 3219 1769 3250 et
1796 3219 1981 3257 conatus,
2005 3214 2145 3261 quibus

1193 3263 1431 3298 Gubernium
1469 3264 1687 3303 catholicae
1724 3268 1927 3305 Ecclesiae
1961 3268 2061 3303 tilios
2093 3268 2143 3304 ab
