2241 3473
279 144 358 183 200

231 235 350 272 super
371 221 559 266 confecto,
581 218 779 268 proprium
803 217 958 266 Pragae
984 216 1175 253 consisto-

231 278 348 322 rium,
369 288 391 312 a
413 287 489 323 quo
517 284 649 310 eorum
681 274 856 319 pastores
886 270 1177 315 ordinarentur,

231 341 425 368 novarum
449 326 700 364 ecclesiarum
720 324 759 360 in
788 323 917 361 fundis
947 335 1081 359 eorum
1103 334 1175 360 ex-

232 384 380 421 tructio
402 384 440 417 et
470 379 716 416 defensorum
747 377 939 414 libertatis
968 388 1174 414 concessae

234 435 459 474 constitutio
483 434 529 470 iis
548 432 874 469 concedebantur.
905 430 1050 467 Eodem
1073 442 1175 467 anno

232 491 495 539 protestantes
514 486 552 523 in
573 486 748 532 Austria,
772 485 939 522 dissidiis
964 484 1065 521 inter
1084 484 1172 520 Ru-

233 542 414 591 dolphum
436 541 712 588 imperatorem
736 540 775 576 et
794 538 990 576 Mathiam
1011 537 1172 574 fratrem

230 597 314 633 eius
336 594 403 639 usi,
425 594 693 642 posteriorem,
713 593 779 641 qui
800 604 935 629 eorum
964 603 1035 639 ope
1056 590 1171 628 adiu-

228 654 304 694 tus,
315 660 416 685 anno
427 646 528 684 1608
539 646 793 695 Rudolphum
810 646 857 682 ad
874 645 1090 682 cedendam
1101 644 1171 681 sibi

226 701 485 750 Hungariam,
506 700 707 738 Austriam
728 702 766 736 et
784 699 1003 737 Moraviam
1025 698 1170 746 adege-

225 760 300 802 rat3
322 756 369 792 ad
400 754 661 803 ampliandam
691 753 862 802 priorem
893 751 1094 801 religionis
1120 751 1170 788 li-

227 811 435 854 bertatem,
456 820 478 845 a
497 807 773 845 Maximiliano
795 818 1032 851 concessam,
1052 805 1118 842 sed
1150 817 1171 842 a

224 862 431 910 Rudolpho
451 862 556 899 intra
576 860 771 910 praefixos
790 860 936 898 limites
952 861 1170 906 reductam,

224 929 286 954 an.
310 915 412 953 1609
432 915 718 964 compulerunt.

275 970 338 1007 79.
381 970 485 1007 Unio
526 969 771 1017 evanyelz'ca.
814 968 922 1016 Lz'ycz
961 967 1169 1005 catholica

222 1023 316 1073 (cm.
341 1021 467 1072 1609)
489 1044 538 1050 —
560 1023 602 1059 In
632 1022 782 1070 reliqua
810 1022 929 1058 etiam
959 1021 1170 1058 Germania

225 1077 385 1116 dissidia
402 1077 508 1114 inter
516 1076 737 1114 Catholicos
752 1079 790 1112 et
802 1075 1072 1113 Protestantes
1088 1075 1170 1112 sub-

223 1132 310 1168 inde
339 1131 599 1179 augebantur.
621 1131 733 1167 Anno
771 1129 871 1166 1608
892 1132 1051 1166 auctore
1076 1128 1168 1166 Fri-

223 1185 365 1230 dericO,
385 1185 552 1222 electore
574 1183 838 1229 Palatinatus,
858 1182 1056 1232 principes
1077 1194 1168 1231 pro-

220 1242 411 1277 testantes
432 1250 575 1275 novum
590 1236 738 1284 foedus,
759 1237 859 1286 quod
875 1236 977 1273 Unio
993 1248 1167 1285 evange-

223 1293 300 1330 lica
321 1293 467 1330 dictum
498 1294 569 1337 est,
596 1291 702 1328 inter
728 1302 769 1328 se
789 1290 976 1328 inierunt.
998 1290 1092 1328 Eius
1121 1289 1167 1326 fi-

223 1359 308 1384 nem
333 1346 452 1383 solam
475 1346 631 1393 quidem
651 1344 844 1382 libertatis
864 1356 959 1382 suae
986 1343 1167 1392 politicae

224 1404 263 1438 et
283 1399 488 1448 religiosae
509 1398 772 1436 defensionem
794 1410 877 1435 esse
897 1399 1081 1435 dicebant
1097 1427 1105 1443 ,
1126 1402 1166 1435 at

222 1455 331 1491 brevi
354 1456 439 1502 post
459 1456 519 1490 sat
548 1452 818 1498 ostenderunt,
845 1451 916 1489 sibi
945 1453 992 1489 de
1023 1464 1068 1489 eo
1089 1452 1165 1499 agi,

223 1514 265 1545 ut
293 1507 457 1556 praelati
488 1506 709 1555 caeterique
746 1506 943 1555 principes
983 1505 1163 1542 catholici

222 1563 338 1600 terris
370 1561 449 1598 suis
479 1560 744 1610 privarentur.
775 1559 879 1596 Huic
910 1559 1041 1596 unioni
1069 1559 1163 1596 sub-

221 1615 463 1664 scripserunt
497 1614 600 1651 inter
629 1611 726 1651 alios
764 1612 912 1651 elector
946 1613 1164 1659 Palatinus,

221 1667 469 1717 lantgravius
503 1667 881 1705 Hassiae-Cassellae
895 1696 903 1712 ,
938 1667 1018 1704 dux
1051 1666 1163 1704 Wir-

222 1722 526 1770 tembergensis,
556 1722 730 1758 marchio
759 1720 1024 1766 Dur-lacensis,
1055 1720 1163 1769 prin·

222 1789 312 1825 ceps
323 1775 570 1822 Anhaltinus,
587 1775 794 1824 pluresque
810 1775 990 1812 civitates
1005 1775 1165 1812 liberae.

277 1828 469 1867 Catholici
492 1830 566 1866 hac
587 1828 931 1866 confoederatione
953 1827 1165 1877 perterriti,

222 1885 449 1921 societatem
464 1884 565 1921 inter
576 1895 616 1920 se
628 1883 838 1920 ineundam
852 1885 1054 1931 putarunt:
1072 1881 1166 1919 haec

223 1938 387 1975 societas
409 1937 514 1975 dicta
534 1937 605 1974 fuit
626 1936 732 1984 Liya
753 1936 965 1973 calholica.
987 1936 1090 1973 Huic
1106 1947 1168 1972 no-

221 1991 328 2028 mina
340 1992 533 2028 dederunt
550 1990 845 2028 Maximilianus
861 1990 938 2027 dux
957 1990 1167 2035 Bavariae,

220 2050 301 2082 tres
323 2045 473 2093 imperii
494 2044 682 2081 electores
711 2043 974 2089 ecclesiastici,
1010 2043 1165 2080 archie-

225 2099 404 2148 piscopus
425 2097 748 2146 Salisburgensis,
779 2097 946 2146 episcopi
976 2097 1167 2134 Bamber-

224 2153 365 2201 gensis,
379 2151 723 2201 wirceburgensis
737 2151 1170 2198 etAiehstadiensis,a1·-

224 2205 406 2243 ehiduces
426 2206 623 2250 Austriac,
646 2205 853 2253 pluresque
881 2205 946 2241 alii
973 2205 1168 2254 principes

223 2265 308 2296 turn
331 2263 456 2305 extra,
476 2263 560 2297 turn
581 2257 687 2296 intra
708 2258 916 2306 imperium
942 2257 965 2296 ¹.
990 2258 1085 2296 Post
1106 2270 1169 2295 an-

225 2325 293 2351 nos
312 2325 453 2362 paucos
469 2313 613 2350 bellum
632 2312 735 2349 inter
747 2311 1043 2349 confoederatos
1060 2324 1170 2349 exor-

222 2373 304 2404 tum
328 2371 400 2412 est,
420 2379 494 2416 quo
516 2366 729 2403 Germania
754 2366 991 2402 horrendum
1016 2366 1051 2402 in
1082 2378 1168 2402 mo-

222 2421 314 2458 duni
336 2421 411 2458 fuit
431 2422 634 2470 exagitata
655 2425 692 2456 et
712 2419 898 2456 universa
916 2420 1070 2468 Europa
1087 2431 1169 2468 per-

223 2476 382 2512 turbata
396 2486 465 2524 per
476 2486 599 2512 annos
615 2473 666 2510 30
686 2485 806 2521 usque
823 2473 871 2509 ad
889 2485 1023 2521 pacem
1042 2473 1171 2510 XVest-

223 2528 431 2577 phalicam,
454 2532 495 2565 ut
515 2527 616 2569 infra
637 2526 864 2563 videbimus.

277 2582 339 2619 80.
372 2582 412 2620 S.
444 2582 695 2619 Franciseus
725 2580 970 2617 Salesz'us—
988 2580 1043 2617 De
1075 2593 1171 2617 eon-

224 2636 405 2673 versione
428 2648 520 2672 vcro
543 2635 832 2672 haereticorum
860 2633 906 2670 ad
937 2634 1169 2671 catholicam

223 2688 338 2726 fidem
377 2690 664 2738 preclarissime
700 2687 843 2725 meruit
872 2700 901 2725 s.
939 2687 1171 2725 Fraus-iscus

223 2743 410 2787 Salesius,
433 2745 613 2793 inclytae
631 2742 867 2779 semctc'tatls
887 2742 1114 2789 exemplar,
1135 2746 1172 2777 et

226 2809 346 2834 verae
363 2799 536 2846 piaeque
555 2797 771 2833 doctrinae
791 2797 1000 2842 massi-ster,
1021 2796 1096 2843 qui
1123 2807 1173 2832 ne

223 2851 325 2887 dum
355 2863 470 2895 voce,
500 2851 568 2887 sed
596 2856 635 2887 et
668 2846 839 2898 scriptis
870 2849 1173 2885 immortalshus

227 2906 537 2953 insumentum
558 2915 750 2941 errorum
773 2908 961 2939 monstra
976 2902 1171 2949 confodit,

222 2958 343 3006 fidem
365 2961 557 3001 asseruit,
578 2960 689 2994 ritis-s·
709 2958 854 2995 eversis
882 2968 1014 2993 mores
1033 2967 1170 2992 emen-

222 3012 350 3055 demur,
371 3015 532 3049 camellis
548 3014 741 3060 pervium
762 3012 920 3048 coelum
950 3008 1126 3046 ostendit
1145 3007 1170 3046 ².

225 3066 260 3101 ls
287 3077 386 3103 anno
411 3066 510 3103 1507
533 3066 672 3103 illustri
692 3066 774 3102 loco
791 3076 907 3113 propo
923 3062 1114 3101 Aneciuin
1135 3063 1170 3099 in

266 3159 273 3178 ¹
294 3136 451 3197 Spondan,
469 3158 506 3187 ad
525 3167 573 3187 an.
597 3156 720 3188 1608-9.

260 3202 273 3221 2
293 3202 361 3230 Pius
382 3202 433 3230 ΙΨ.
454 3200 489 3230 lx
510 3199 619 3230 [Alter.
639 3200 752 3239 Aliost.
772 3197 808 3228 10
828 3197 983 3228 novembr.
1005 3195 1094 3235 1877,
1114 3195 1171 3227 m-

222 3252 272 3274 ves·
289 3253 320 3272 ιιι
339 3242 574 3272 misericordia.

871 150 1025 178 EPOCHA
1054 148 1111 176 XI.
1139 148 1192 175 AB
1222 148 1362 176 INITIIS
1388 150 1564 177 LVTHERI

1217 215 1415 254 Sabaudia
1430 220 1560 263 natus,
1575 229 1599 255 a
1613 216 1756 254 teneris
1772 218 1884 255 annis
1899 217 2067 266 insignia
2082 217 2157 267 pie-

1219 268 1312 306 tatis
1344 273 1384 307 et
1411 270 1560 319 ingenii
1589 270 1802 319 specimina
1830 272 1957 318 dedit3
1986 271 2159 320 philoso-

1218 322 1331 369 phiae
1361 325 1402 360 et
1430 323 1649 373 theologiae
1678 324 1818 362 studiis
1848 325 2007 362 Parisiis
2037 324 2160 363 confe-

1217 375 1303 421 ctis,
1324 377 1420 414 iuris
1440 377 1615 414 lauream
1635 377 1801 425 adeptus
1821 382 1879 415 est
1895 378 2063 416 Patavii.
2081 378 2158 416 Sa-

1218 431 1389 467 cerdotio
1410 433 1450 468 et
1470 431 1660 468 ecclesiae
1691 431 1931 469 Genevensis
1958 431 2158 481 praeposi-

1216 484 1308 521 tura
1328 486 1481 530 auctus,
1502 497 1524 522 a
1545 484 1737 522 Granerio
1758 484 1933 533 episcopo
1959 485 2161 523 Geneven-

1217 536 1262 582 si,
1283 537 1350 586 qui
1371 550 1418 575 ex
1449 550 1526 587 quo
1558 550 1581 575 a
1601 537 1822 575 Calvinistis
1846 538 1979 587 religio
2001 539 2160 577 catholi-

1216 602 1262 627 ca
1281 590 1414 628 fuerat
1433 592 1619 629 Genevae
1635 592 1864 641 proscripta,
1880 592 2048 642 degebat
2062 593 2162 630 Ane-

1215 644 1275 690 cii,
1297 645 1342 682 ad
1365 645 1647 683 convertendos
1663 644 1974 683 Caballiacenses
1989 645 2159 695 aliosque

1215 698 1389 747 populos,
1410 699 1594 736 Genevae
1614 699 1813 745 finitimos,
1834 698 2053 737 destinatus
2067 699 2154 738 fuit.

1216 751 1462 790 Laboriosam
1483 754 1584 790 hanc
1613 752 1837 790 missionem
1866 765 1927 790 an.
1959 752 2061 790 1594
2089 765 2160 791 su-

1212 806 1334 855 scepit
1350 807 1489 855 grandi
1506 807 1647 844 animo.
1665 806 1845 843 Adversa
1861 806 1985 844 multa
1999 809 2041 844 et
2055 818 2162 856 aspe-

1213 871 1257 896 ra
1277 864 1477 909 expertus,
1493 860 1723 909 saepiusque
1737 860 1785 897 ab
1802 859 2012 898 haereticis
2032 860 2080 898 ad
2096 872 2161 898 ne·

1214 925 1299 950 cem
1319 914 1520 963 quaesitus
1547 916 1618 959 est,
1647 914 1715 951 sed
1743 913 1816 951 Dei
1845 925 1916 962 ope
1945 915 2161 963 protectus,

1212 969 1324 1004 tanta
1345 980 1434 1005 cum
1453 967 1673 1005 constantia
1693 970 1733 1005 et
1761 979 1940 1005 successu
1969 967 2162 1005 haeresim

1212 1021 1454 1070 oppugnavit
1473 1033 1518 1059 ac
1533 1021 1648 1059 fidem
1665 1021 1895 1059 catholicam
1908 1021 2163 1070 praedicavit,

1215 1079 1258 1112 ut
1290 1087 1503 1124 paucorum
1541 1087 1731 1113 annorum
1771 1074 1894 1124 spatio
1922 1075 2010 1124 plus
2044 1087 2163 1124 quam

1211 1128 1389 1166 70millia
1408 1129 1693 1167 haereticorum
1711 1129 2044 1166 converterit.An.
2059 1129 2162 1167 1602

1214 1188 1299 1231 post
1318 1183 1497 1220 Granerii
1517 1183 1682 1229 obitum,
1702 1182 1940 1220 Genevensis
1960 1178 2162 1232 episcopus

1212 1241 1476 1283 consecratus,
1497 1237 1637 1274 maiori
1657 1248 1744 1274 cum
1771 1236 1911 1274 ardore
1939 1236 2161 1274 haeretico-

1213 1302 1301 1327 rum
1323 1290 1579 1337 conversioni,
1593 1290 1715 1328 divini
1736 1290 1845 1328 verbi
1868 1289 2166 1338 praedicationi,

1214 1355 1364 1381 morum
1386 1344 1661 1391 emendationi,
1680 1343 1908 1393 disciplinae
1929 1344 1968 1381 in
1989 1343 2092 1382 clero
2122 1346 2163 1381 et

1211 1398 1249 1434 in
1263 1398 1461 1435 coenobiis
1475 1398 1749 1435 instaurationi
1772 1398 2042 1435 adlaboravit:
2063 1397 2161 1436 adeo

1213 1454 1254 1489 ut
1288 1452 1470 1489 Genevae
1498 1455 1537 1489 et
1565 1452 1604 1489 in
1632 1452 1727 1489 locis
1759 1451 1935 1489 finitimis
1963 1451 2162 1501 religionis

1211 1505 1425 1543 catholicae
1449 1505 1644 1555 professio,
1661 1507 1786 1555 pietas
1805 1505 1844 1542 in
1865 1504 1990 1551 clero,
2010 1505 2162 1555 regula-

1211 1559 1262 1597 ris
1284 1559 1486 1608 disciplina
1506 1559 1545 1596 in
1566 1559 1938 1606 coenobiis,morum
1954 1559 2162 1609 integritas

1210 1613 1249 1650 in
1272 1613 1412 1662 populo
1441 1613 1753 1651 reflorescerent.
1781 1617 1855 1651 An.
1887 1612 1989 1650 1610
2018 1624 2163 1650 novum

1211 1667 1567 1705 sanctimonialium
1588 1666 1773 1704 Ordinem
1795 1666 1976 1705 instituit.

1265 1721 1410 1770 Magno
1440 1721 1482 1758 in
1513 1721 1664 1770 praetio
1693 1719 1898 1759 Francisci
1932 1719 2164 1766 doctrinam,

1211 1775 1302 1812 dum
1324 1775 1362 1812 in
1384 1775 1485 1813 vivis
1514 1778 1662 1824 ageret,
1691 1775 1865 1812 habitam
1894 1785 1993 1821 esse,
2021 1773 2087 1812 vel
2114 1785 2164 1812 ex

1211 1841 1256 1866 eo
1278 1829 1463 1878 colligere
1483 1829 1586 1874 licet,
1609 1834 1703 1877 quot
1722 1841 1743 1866 e
1763 1831 1823 1866 tot
1851 1829 2023 1867 strenuis
2052 1827 2163 1866 veri-

1211 1883 1304 1920 tatis
1325 1883 1541 1920 catholicae
1561 1882 1846 1928 defensoribus,
1875 1881 1939 1931 qui
1970 1886 2066 1920 tunc
2084 1881 2160 1919 fio-

1214 1937 1363 1983 rebant,
1385 1949 1505 1974 unum
1526 1937 1800 1974 Genevensem
1831 1936 2064 1974 Praesulem
2084 1934 2166 1972 Cle-

1212 2003 1322 2028 mens
1356 1991 1454 2028 VIII
1489 1990 1654 2039 elegerit
1671 2020 1680 2034 ,
1715 2002 1835 2039 quem
1870 1991 1979 2028 adire
2012 1990 2165 2028 iuberet

1211 2045 1457 2082 Theodorum
1489 2045 1633 2082 Bezam
1662 2044 1915 2082 Calvinianae
1934 2043 2052 2094 pestis
2076 2053 2164 2092 pro-

1212 2102 1468 2148 pugnatorem
1491 2099 1741 2136 acerrimum.
1762 2098 1872 2139 Quod
1906 2109 2047 2135 munus
2067 2097 2164 2134 adeo

1212 2153 1352 2190 eximie
1372 2152 1622 2198 Franciscus,
1645 2163 1720 2189 non
1741 2151 1823 2189 sine
1845 2151 1953 2190 vitae
1979 2162 2075 2189 suae
2095 2162 2163 2199 pe-

1213 2206 1345 2253 riculo,
1368 2206 1557 2254 implevit,
1578 2211 1621 2243 ut
1639 2205 1863 2243 haereticus
1884 2205 1998 2242 homo
2019 2216 2068 2242 ex
2084 2215 2165 2241 rne-

1212 2260 1286 2297 rito
1308 2259 1534 2297 confutatus
1560 2259 1771 2296 veritatem
1793 2258 1920 2297 fassus
1935 2259 1997 2304 sit,
2010 2258 2102 2296 licet
2116 2269 2166 2295 ex

1211 2314 1368 2358 scelere,
1392 2325 1535 2350 arcano
1557 2312 1627 2350 Dei
1649 2313 1808 2358 iudicio,
1828 2313 2011 2362 indignus
2031 2311 2168 2350 extite-

1213 2369 1277 2412 rit,
1297 2367 1364 2415 qui
1385 2367 1434 2404 ad
1455 2366 1654 2404 Ecclesiae
1674 2367 1803 2403 sinum
1824 2367 1984 2404 rediret.
2001 2365 2085 2404 Nec
2100 2364 2168 2402 mi-

1215 2421 1297 2458 nori
1320 2420 1432 2469 plane
1468 2421 1737 2458 aestimatione
1757 2432 1786 2458 s.
1808 2420 2043 2470 Episcopum
2061 2418 2166 2468 gavi—

1213 2487 1299 2512 sum
1321 2474 1439 2512 fuisse
1461 2474 1602 2511 exinde
1625 2476 1790 2519 constat,
1807 2473 1908 2522 quod
1926 2473 2076 2512 Paulus
2092 2472 2163 2521 Pp.

1213 2528 1247 2566 V
1270 2529 1362 2566 dum
1383 2527 1545 2566 celebris
1566 2528 1796 2576 disceptatio
1825 2528 1872 2565 de
1895 2528 2072 2566 auxiliis
2091 2526 2166 2564 Ro-

1216 2594 1300 2620 mae
1331 2587 1529 2631 ageretur,
1563 2581 1679 2619 huius
1714 2581 1902 2630 praesulis
1930 2579 2163 2619 sententiam

1214 2650 1260 2674 ea
1281 2648 1399 2685 super
1421 2648 1462 2672 re
1485 2635 1636 2683 exquiri
1660 2635 1842 2681 voluerit,
1864 2636 2022 2683 eiusque
2041 2632 2165 2671 consi-

1216 2691 1266 2728 lio
1287 2691 1509 2735 obsecutus,
1532 2689 1825 2726 subtilissimam
1848 2701 1894 2727 ac
1910 2686 2073 2738 periculi
2089 2687 2165 2736 ple·

1217 2756 1305 2781 nam
1319 2743 1587 2793 quaestionem
1607 2743 1673 2779 diu
1691 2743 1896 2791 acriusque
1911 2741 2166 2791 exagitatam,

1216 2799 1359 2835 indicto
1381 2797 1557 2846 partibus
1586 2797 1739 2834 silentio
1768 2796 2067 2846 consopiendam
2096 2793 2163 2831 iu-

1215 2852 1418 2896 dicaverit,
1444 2850 1500 2888 uti
1531 2850 1714 2888 diximus.
1746 2850 1854 2887 Haec
1892 2848 2167 2899 praecellentis

1215 2906 1415 2943 doctrinae
1432 2904 1559 2953 opinio
1572 2908 1657 2953 post
1674 2903 1779 2941 illius
1796 2903 1942 2941 obitum
1958 2901 2165 2940 imminuta

1218 2973 1291 2996 non
1313 2962 1382 3004 est,
1405 2959 1481 2995 imo
1503 2958 1757 2996 vehementer
1777 2960 1913 3004 aucta,
1943 2955 2095 3004 virique
2115 2965 2165 2992 ex

1215 3013 1317 3050 omni
1340 3012 1475 3050 ordine
1497 3011 1717 3057 clarissimi,
1739 3011 1889 3060 ipsique
1905 3009 2049 3047 summi
2067 3009 2166 3046 Pon-

1215 3067 1338 3104 titices
1366 3066 1604 3103 eminentem
1636 3065 1740 3102 illius
1772 3065 1973 3102 scientiam
2010 3062 2164 3111 magnis

1216 3121 1396 3158 laudibus
1418 3118 1680 3157 extulerunt&
1700 3118 1819 3156 Plura
1835 3117 1978 3166 scripta
1995 3114 2164 3164 reliquit,

1222 3181 1226 3183 ⁵
1256 3192 1263 3212 ¹
1283 3179 1432 3230 Tempore
1450 3188 1580 3220 Com-ilii
1599 3188 1735 3219 Vaticani
1765 3188 1848 3219 multi
1881 3195 1917 3218 cx
1940 3185 2002 3217 illis
2019 3185 2162 3216 Patribus

1217 3236 1299 3266 t‘iuin
1319 3235 1369 3273 ΙῚ).
1387 3232 1425 3263 tx
1447 3232 1544 3263 enixis
1574 3231 1653 3262 votis
1679 3230 1836 3262 communi
1854 3237 1928 3261 vocc
1945 3230 2108 3269 rogarunt,
2132 3229 2164 3257 ut
