2241 3473
217 132 297 173 322

162 212 461 251 Ferdinandum
488 221 623 257 regem
651 210 719 252 IV,
748 211 788 245 et
812 208 1033 255 episcopos,
1053 207 1114 254 qui

160 268 201 304 in
227 268 314 304 istis
340 266 507 302 duritiae
535 264 687 300 actibus
706 265 861 309 partem
878 261 1117 304 habuerant,

164 321 342 358 censuris
362 318 544 366 perculit.
565 318 757 354 Caeteras
775 314 890 351 huius
912 314 1115 350 Pontificis

164 387 229 412 res
256 377 386 421 gestas
413 372 492 407 suis
518 371 614 406 locis
638 371 873 405 referemus.

210 429 266 464 13.
286 427 519 473 Bonaparte
539 424 561 459 I
582 423 819 460 Consul-ln
846 421 976 458 Gallia
995 421 1114 458 etiam

162 486 288 518 status
314 489 447 516 rerum
475 481 649 514 mutatus
675 480 748 512 est.
780 476 909 517 Quum
929 475 1034 512 enim
1055 486 1114 510 re-

162 535 293 582 gimen
329 531 542 568 Directorii
569 532 673 567 intus
701 530 751 566 ad
783 529 912 565 diram
940 528 1115 578 tyranni·

158 589 246 624 dem
271 617 278 631 ‚
306 587 402 622 foris
429 586 478 621 ad
505 596 716 621 commune
744 583 875 619 odium
910 587 950 620 et
977 583 1113 629 despe-

160 647 267 678 ctum
294 644 401 677 esset
428 640 638 687 dilapsum,
667 639 898 684 Bonaparte
926 636 1112 679 bellidux,

158 707 261 732 anno
291 696 382 732 1799
408 706 456 731 ex
476 695 650 741 AEgypto
670 693 807 736 redux,
827 693 870 728 νο
890 696 931 728 et
949 691 1008 727 1v⁰
1027 690 1114 726 idus

158 750 386 787 novembris
425 748 692 785 Directorium
719 746 896 790 evertit,
933 746 1116 792 regimen

159 804 367 841 consulare
380 801 622 850 proclamari
637 802 850 845 curavit,et
865 801 1033 846 ipsemet
1048 799 1117 834 idi-

159 859 230 895 bus
243 857 464 894 decembris
478 856 629 903 primus
637 855 782 893 Consul
798 855 1025 891 declaratus
1040 858 1114 890 est.

159 913 263 948 Illico
290 911 340 947 ad
366 910 638 947 conciliandos
664 909 736 945 sibi
764 909 1015 944 Francorum
1036 907 1118 943 ani-

160 977 260 1009 mos,
287 965 403 1012 plura
430 964 565 1011 iniqua
583 962 801 999 Directorii
821 962 985 998 decreta
1003 961 1117 996 abro-

159 1019 282 1066 gavit,
310 1018 578 1066 deportationi
603 1017 723 1053 finem
752 1015 969 1058 constituit,
990 1015 1116 1051 eccle-

157 1072 328 1109 siasticis
342 1072 439 1108 viris
453 1083 500 1108 ac
513 1071 670 1119 publico
684 1081 850 1107 munere
861 1068 1116 1116 fungentibus

157 1126 372 1174 imperavit
411 1126 538 1162 solam
573 1125 880 1172 promissionem
913 1122 1116 1159 fidelitatis

157 1191 286 1216 novae
313 1179 602 1221 constitutioni,
630 1179 735 1214 intus
761 1177 904 1214 bellum
924 1176 1038 1212 civile
1057 1187 1116 1212 so-

158 1234 257 1283 pivit
274 1263 282 1279 ,
309 1234 404 1270 foris
432 1244 624 1281 prospero
651 1236 782 1267 marte
810 1234 953 1267 contra
985 1229 1115 1266 foede-

158 1294 267 1326 ratos
294 1288 480 1325 certavit.
510 1288 651 1324 Mense
679 1287 783 1322 maio
809 1286 902 1324 1800
920 1285 1114 1321 selectum

157 1345 376 1383 exercitum
394 1355 462 1391 per
482 1343 604 1390 Alpes
625 1341 815 1385 traduxit,
836 1341 1114 1389 superatisque

156 1400 379 1437 Austriacis
405 1399 553 1436 celebri
580 1398 735 1445 praelio
763 1397 868 1445 apud
896 1397 1113 1443 Marengo,

158 1456 310 1503 recepit
343 1454 524 1503 quidquid
551 1465 652 1490 anno
680 1453 940 1501 praecedenti
968 1452 1114 1488 Franci

157 1511 235 1547 illic
250 1511 484 1547 amiserant.
496 1510 526 1546 E
543 1509 718 1545 subactis
733 1507 1115 1555 septentrionalibus

157 1564 294 1602 Italiae
321 1564 535 1612 provinciis
560 1567 601 1601 et
620 1563 743 1599 tribus
761 1563 969 1599 Romanae
988 1562 1116 1599 eccle—

157 1619 240 1656 siae
269 1618 534 1667 legationibus
560 1617 803 1654 Bononiensi
825 1646 833 1661 ,
861 1617 1114 1653 Ferrariensi

159 1678 198 1710 et
223 1672 541 1716 Ravennatensi,
568 1671 808 1709 instauravit
826 1670 1113 1718 rempublicam

158 1727 402 1775 Cisalpinam
420 1755 428 1770 ,
456 1726 549 1763 dein
578 1726 773 1767 italicam,
801 1725 912 1762 cuius
939 1725 1113 1772 seipsum

159 1793 261 1818 anno
277 1781 371 1819 1802
385 1780 622 1828 praesidium
640 1780 751 1816 dixit·
767 1779 916 1816 Eodem
935 1782 1114 1826 tempore

160 1835 305 1872 Franci
330 1835 504 1871 victores
538 1835 576 1870 in
598 1833 829 1877 Germania,
848 1834 1020 1869 Domum
1038 1835 1115 1869 Au-

159 1890 347 1926 striacam
375 1893 415 1925 et
440 1889 652 1936 imperium
683 1888 731 1924 ad
750 1887 1028 1935 postulandam
1050 1898 1116 1935 pa-

161 1955 246 1980 cem
281 1943 589 1990 compulerunt,
624 1953 724 1989 quae
759 1941 871 1977 initio
903 1940 997 1977 anni
1025 1941 1114 1978 1801

160 1996 417 2033 Lunaevillae
445 1996 616 2043 signata,
636 1999 798 2043 praeter
817 1996 1018 2032 cessiones
1037 1995 1116 2031 iam

161 2055 254 2087 ante
273 2050 413 2093 factas,
435 2051 638 2086 Gallorum
658 2049 829 2085 dominio
849 2049 993 2086 adiecit
1011 2049 1118 2096 quid-

161 2104 250 2152 quid
277 2104 325 2141 ad
352 2105 506 2141 laevam
533 2103 807 2154 Rheni-situm
834 2107 910 2140 est.

211 2159 270 2194 14.
297 2158 592 2195 Concordatzcm
619 2154 700 2201 (an'.
730 2157 835 2200 1801)
853 2178 892 2184 —
910 2157 1117 2205 Napoleon

162 2214 393 2260 Bonaparte
421 2212 571 2260 primus
597 2212 802 2247 Gallorum
830 2211 979 2255 consul,
999 2211 1116 2258 pluri-

162 2278 317 2303 morum
344 2266 528 2313 religioni
552 2266 770 2302 catholicae
788 2265 961 2302 fideliter
981 2266 1115 2303 inhae-

163 2322 333 2359 rentium
362 2320 601 2358 desiderium
629 2331 902 2367 cognoscens,
931 2326 1116 2368 ratusque

162 2377 233 2413 sibi
260 2376 469 2413 admodum
490 2376 740 2423 profuturum
762 2374 810 2410 ad
830 2376 1116 2420 capessendum

164 2431 264 2479 quod
291 2431 507 2474 ambiebat,
525 2441 722 2467 summum
743 2429 968 2476 imperium,
990 2430 1021 2465 si
1041 2431 1118 2466 Ro-

162 2497 323 2522 manum
352 2485 584 2522 Pontificem
612 2483 681 2520 sibi
708 2483 951 2526 conciliaret,
980 2483 1115 2520 iamin

165 2551 307 2588 campo
334 2539 381 2577 de
409 2540 606 2586 Marengo
635 2539 965 2574 manifestaverat
992 2539 1117 2574 eonsi-

167 2596 259 2631 lium
303 2594 501 2630 tractandi
537 2604 627 2631 cum
668 2592 857 2637 Pontifjce
889 2591 935 2628 de
973 2593 1118 2629 instau-

166 2649 288 2684 rando
317 2649 523 2696 religionis
549 2647 771 2684 catholicae
800 2646 836 2681 in
857 2646 988 2682 Gallia
1006 2658 1116 2683 exer-

165 2704 271 2739 citio.
304 2703 417 2744 Quod
453 2714 540 2738 cum
578 2702 648 2737 Pio
675 2701 744 2737 Vll
775 2711 845 2748 pro
874 2705 985 2747 parte
1014 2701 1116 2737 illius

165 2758 396 2793 nunciatum
415 2762 535 2800 esset,
556 2756 740 2792 Pontifex
759 2759 1114 2803 quantumcumque

168 2816 380 2854 metueret,
411 2823 458 2848 ne
486 2812 601 2848 homo
629 2809 873 2853 ambitiosus,
893 2810 954 2856 qui
985 2809 1023 2844 in
1052 2811 1116 2845 sli-

165 2871 286 2913 gypto
313 2866 556 2902 Maliometis
584 2875 824 2912 praeconem
852 2870 1009 2911 agerat,
1036 2865 1117 2899 suis

167 2920 296 2966 potius
323 2932 438 2967 quam
467 2920 671 2967 religionis
691 2917 907 2955 commodis
926 2917 1116 2961 studeret,

167 2975 417 3021 perpendens
445 2980 592 3019 tamen,
614 2974 714 3010 hane
734 2973 840 3008 viam
862 2973 996 3009 forsan
1024 2983 1047 3007 a
1065 2972 1117 3008 di-

168 3029 265 3064 vina
293 3029 549 3066 Providentia
578 3033 822 3068 assumptam
844 3027 892 3063 ad
913 3027 1117 3064 restituen-

166 3080 257 3117 dum
288 3082 322 3117 in
352 3083 481 3119 Gallia
508 3083 626 3119 divini
648 3082 775 3117 cultus
793 3082 1044 3124 exercitium,
1064 3081 1118 3117 Io-

166 3136 328 3181 seplium
342 3138 465 3184 Spina
481 3137 824 3184 arehiepiscopum
837 3135 1015 3172 Corinthi
1031 3146 1116 3171 cum

167 3188 327 3232 Casani,
356 3191 548 3237 quondam
578 3190 757 3236 generali
785 3190 1031 3225 Servitarum
1050 3190 1118 3224 mi-

169 3241 308 3288 nistro,
336 3244 510 3282 Parisios
537 3244 750 3292 ablegavit.
779 3244 854 3286 Qui
874 3255 963 3281 cum
982 3255 1118 3282 mense

496 143 663 172 EPOCHA
683 129 774 170 xm.
801 142 828 169 Α
848 139 1034 168 PVBLICA
1055 139 1205 168 RERVM
1227 139 1270 167 IN
1293 126 1777 169 GALLnS'SVBVERSIONE

1170 207 1322 243 octobri
1349 207 1442 245 1800
1461 207 1638 254 Parisios
1656 208 1922 252 advenissent,
1945 218 2035 244 cum
2054 218 2123 255 gu-

1171 261 1308 297 bernio
1334 261 1381 298 de
1410 262 1698 299 conditionibus
1725 263 1870 310 pacisci
1889 264 2123 309 coeperunt3

1170 315 1238 351 sed
1257 315 1361 351 irriti
1380 316 1542 352 fuerunt
1560 327 1699 352 eorum
1717 321 1897 360 conatus,
1918 317 2044 353 donec
2063 327 2126 352 su-

1170 369 1408 416 perveniens
1421 371 1497 406 xn⁰
1517 370 1672 406 calend.
1699 370 1781 406 iulii
1801 371 1890 409 1801
1909 369 2124 407 cardinalis

1169 423 1358 459 Consalvi
1380 452 1389 468 ,
1418 423 1543 460 idibus
1570 423 1746 460 eiusdem
1771 425 1920 460 mensis
1952 435 2123 460 conven-

1169 476 1318 512 tionem
1351 489 1420 514 seu
1457 470 1963 524 concordatum‘signavit
1995 476 2124 513 condi-

1170 530 1341 567 tionibus
1374 531 1529 579 quidem
1564 531 1785 567 durissimis
1802 559 1811 574 ‚
1839 530 1908 567 sed
1933 541 2031 578 quae
2058 542 2126 566 ne-

1169 586 1370 622 cessariae
1406 586 1516 622 visae
1552 591 1644 622 sunt
1677 585 1727 621 ad
1761 584 2033 621 redimendum
2069 587 2125 620 tot

1168 638 1272 675 inter
1290 640 1577 676 commotiones
1592 639 1762 675 liberum
1777 638 1979 685 religionis
1994 637 2126 674 catho-

1170 693 1267 729 licae
1294 694 1543 732 exercitium.

1217 747 1458 784 Continebat
1497 746 1789 784 Concordatum
1828 747 1872 783 17
1910 746 2122 790 articulos,

1168 811 1332 848 quorum
1351 813 1505 837 summa
1524 801 1624 837 haec
1642 805 1743 838 erat:
1764 801 1902 838 Cultus
1920 799 2126 848 religionis

1171 853 1839 902 Catholico-apostolico-Romanae
1853 854 1893 889 in
1909 854 2035 890 Gallia
2049 852 2127 890 erit

1171 908 1270 944 liber
1296 913 1338 945 et
1366 910 1559 957 publicus,
1583 909 1717 945 habita
1736 914 1871 946 tamen
1891 908 2047 945 ratione
2065 918 2127 943 or-

1171 962 1431 1007 dinationum,
1459 975 1556 1011 quas
1585 964 1836 1010 gubernium,
1862 966 2052 1010 quantum
2077 961 2127 998 ad

1170 1017 1348 1063 politiam
1369 1018 1555 1064 pertinet,
1573 1029 1644 1065 pro
1663 1018 1821 1064 publica
1839 1016 2126 1064 tranquillitate

1170 1072 1422 1108 necessarias
1437 1072 1692 1108 existimabit.
1705 1070 2126 1119 Suppressisantiquis

1169 1124 1415 1162 dioecesibus
1446 1131 1487 1162 et
1516 1125 1713 1174 parochiis
1733 1154 1742 1170 ,
1769 1124 1955 1161 Pontifex
1979 1134 2126 1160 novam

1168 1179 1421 1224 dioeceseon,
1437 1184 1475 1217 et
1490 1181 1665 1228 episcopi
1682 1180 1963 1228 parochiarum
1979 1178 2126 1215 facient

1169 1234 1601 1283 circumscriptionem,
1631 1246 1655 1271 a
1682 1236 1875 1283 gubernio
1904 1234 2126 1283 approban-

1168 1288 1272 1324 dam.
1293 1289 1453 1326 Primus
1479 1291 1615 1326 consul
1643 1291 1693 1326 ad
1720 1300 1848 1326 novae
1876 1287 2123 1326 circumscri-

1170 1344 1313 1390 ptionis
1340 1345 1545 1382 dioeceses
1563 1349 1603 1382 et
1621 1345 1809 1392 deinceps
1828 1342 2047 1380 nominabit
2064 1354 2126 1379 ar-

1169 1399 1440 1448 chiepiscopos
1468 1405 1509 1437 et
1535 1400 1757 1447 episcopos,
1785 1399 1923 1447 quibus
1941 1397 2128 1433 Pontifex

1167 1453 1461 1491 institutionem
1503 1453 1740 1491 canonicam
1778 1453 1959 1489 conferet
1987 1461 2125 1488 secun-

1167 1507 1258 1544 dum
1287 1508 1458 1544 formam
1475 1537 1483 1551 ‚
1514 1512 1604 1544 ante
1632 1507 1836 1555 regiminis
1862 1506 2121 1542 mutationem

1168 1563 1207 1599 in
1235 1563 1366 1600 Gallia
1401 1567 1620 1611 receptam.
1656 1561 1840 1610 Episcopi
1866 1560 2126 1598 nominabunt

1169 1618 1378 1666 parochos,
1405 1618 1475 1654 sed
1502 1616 1695 1665 gubernio
1723 1620 1922 1663 acceptos.
1940 1613 2126 1662 Episcopi

1169 1683 1303 1709 coram
1325 1673 1454 1720 primo
1482 1671 1642 1708 consule
1663 1675 1703 1707 et
1723 1669 1886 1718 parochi
1905 1678 2040 1705 coram
2059 1667 2124 1705 de-

1168 1727 1311 1774 legatis
1338 1726 1519 1774 gubernii
1555 1725 1817 1772 praestabunt
1842 1724 2126 1767 iuramentum,

1168 1781 1269 1829 quod
1295 1781 1484 1828 sequitur:
1514 1794 1534 1816 <c
1562 1781 1646 1827 Ego
1675 1780 1760 1815 iuro
1789 1783 1829 1815 et
1857 1778 2046 1826 promitto
2074 1776 2123 1813 ad

1168 1839 1308 1871 sancta
1334 1834 1407 1871 Dei
1436 1834 1659 1881 Evangelia
1687 1832 1953 1869 obedientiam
1974 1835 2015 1868 et
2031 1831 2124 1868 fide-

1169 1890 1323 1926 litatem
1352 1889 1547 1936 gubernio
1576 1899 1646 1936 per
1666 1886 1987 1923 constitutionem
2006 1884 2124 1921 Galli-

1168 1954 1294 1980 canae
1321 1943 1561 1991 reipublicae
1589 1941 1814 1978 constituto.
1837 1940 1943 1976 Idem
1963 1938 2124 1987 promit-

1169 2002 1207 2033 to
1226 2026 1234 2041 ,
1262 2009 1324 2033 me
1352 1997 1498 2033 nullam
1536 1994 1940 2032 communicationem
1972 1993 2125 2029 habitu-

1169 2062 1272 2095 rum,
1287 2051 1382 2087 nulli
1401 2050 1563 2086 consilio
1582 2049 1877 2092 interfuturum,
1895 2047 2123 2093 nullamque

1169 2109 1395 2152 suspectam
1409 2103 1597 2141 unionem
1612 2114 1741 2150 neque
1752 2103 1857 2138 intra
1866 2111 1993 2148 neque
2008 2105 2124 2136 extra

1170 2163 1517 2202 conservaturum,
1533 2168 1635 2206 quae
1655 2154 1928 2203 tranquillitati
1944 2153 2122 2201 publicae

1172 2217 1342 2257 noceat;
1368 2216 1408 2248 et
1434 2212 1466 2248 si
1501 2216 1579 2247 tam
1608 2211 1645 2246 in
1681 2210 1853 2246 dioecesi
1886 2218 1977 2244 mea
2004 2217 2122 2255 quam

1171 2266 1261 2303 alibi
1301 2266 1481 2302 noverim
1521 2264 1666 2312 aliquid
1707 2264 1743 2299 in
1778 2267 1902 2300 status
1935 2261 2123 2298 damnum

1169 2320 1349 2360 tractari,
1379 2320 1572 2366 gubernio
1600 2319 1862 2355 manifestabo
1881 2332 1915 2353 ».
1938 2317 2125 2366 Episcopi

1169 2376 1204 2410 in
1232 2374 1414 2411 ecclesiis
1449 2374 1742 2411 cathedralibus
1768 2374 1991 2422 Capitulum
2020 2377 2061 2410 ct
2086 2372 2126 2408 in

1167 2429 1415 2465 dioecesibus
1442 2428 1523 2464 suis
1552 2429 1819 2465 Seminarium
1840 2429 1999 2475 erigere
2019 2431 2126 2475 pote-

1169 2488 1285 2526 runt,
1313 2483 1397 2519 sine
1427 2482 1647 2519 dotationis
1682 2483 1924 2530 obligatione
1963 2493 1986 2518 a
2012 2483 2125 2529 parte

1167 2537 1364 2585 gubernii.
1396 2537 1541 2573 Omnia
1570 2539 1717 2586 templa
1743 2550 1820 2574 non
1848 2537 2044 2578 alienata,
2071 2534 2126 2570 di-

1166 2593 1260 2627 vino
1289 2591 1408 2628 cultui
1436 2593 1680 2636 necessaria,
1701 2593 1977 2640 episcoporum
1997 2589 2122 2637 dispo-

1166 2647 1301 2684 sitioni
1324 2647 1545 2684 tradentur.
1561 2647 1804 2685 Gubernium
1823 2655 2040 2693 congruam
2059 2654 2122 2680 su-

1166 2702 1451 2739 stentationem
1481 2702 1697 2748 assignabit
1723 2700 1917 2749 episcopis
1942 2703 1982 2736 et
2009 2708 2122 2745 paro-

1167 2757 1249 2792 chis
1278 2766 1405 2792 novae
1434 2756 1831 2804 circumscriptioniS,
1854 2753 2120 2800 concedatque

1167 2811 1347 2847 fidelibus
1384 2810 1469 2858 pias
1506 2810 1544 2846 in
1572 2811 1834 2848 ecclesiarum
1862 2810 2040 2846 favorem
2066 2808 2120 2843 fa-

1168 2877 1259 2901 cere
1287 2864 1554 2901 fundationes.
1585 2866 1627 2910 li,
1647 2866 1709 2914 qui
1729 2866 1832 2901 bona
1848 2862 2121 2902 ecclesiastica

1169 2921 1340 2955 alienata
1368 2919 1655 2967 acquisierunt,
1681 2920 1785 2956 nullo
1813 2919 1927 2956 modo
1946 2931 1967 2955 a
1987 2919 2120 2955 Ponti-

1170 2976 1240 3009 lice
1269 2974 1403 3010 eiusve
1439 2975 1737 3011 suecessoribus
1772 2974 2117 3023 inquietabuntur;

1170 3033 1285 3074 atque
1302 3028 1399 3064 adeo
1420 3029 1648 3065 eorumdem
1670 3030 1859 3065 bonorum
1881 3028 2117 3077 proprietam

1170 3083 1318 3117 reditus
1345 3087 1384 3118 et
1413 3083 1498 3119 iura
1528 3083 1573 3119 iis
1603 3083 1866 3127 inhaerentia,
1895 3082 1996 3131 apud
2032 3083 2119 3118 illos

1170 3141 1285 3183 atque
1315 3136 1362 3172 ab
1389 3137 1434 3172 iis
1463 3148 1624 3173 «eausam
1652 3138 1844 3175 habentes
1863 3137 2120 3176 immutabilia

1170 3196 1300 3225 erunt.
1330 3190 1512 3228 Pontifex
1541 3191 1578 3227 in
1608 3193 1736 3239 primo
1755 3192 1916 3229 consule
1935 3191 2118 3239 reipubli-

1170 3256 1240 3282 cae
1280 3245 1456 3283 Gallicae
1495 3251 1757 3295 recognoscet
1793 3245 1932 3285 eadem
1965 3246 2052 3284 iura
2076 3251 2118 3286 et
