2241 3473
589 134 714 165 VSQVE
742 135 794 162 AD
821 134 949 162 FINEM
979 134 1133 161 IMPERII
1162 134 1309 162 GRAECI

4 204 120 250 tione,
148 213 359 251 vocemque
386 201 586 250 Filioque,
606 201 782 239 veritatis
804 200 936 237 decla-

2 257 148 296 randae
163 254 294 305 gratia
309 259 349 291 et
367 254 591 292 imminente
608 254 849 300 necessitate,
861 254 939 291 lici-

2 312 42 348 te
58 321 102 348 ac
117 307 399 347 rationabiliter
413 307 588 356 symbolo
603 306 721 344 fuisse
737 308 936 352 insertum3

0 363 68 409 2⁰,
87 373 225 412 corpus
245 360 387 398 Christi
409 363 492 398 sive
508 360 546 397 in
563 372 697 409 azymo
713 360 848 397 sivein
866 359 938 397 fer—

1 416 173 454 mentato
203 426 300 463 pane
321 414 476 451 triticeo
495 424 589 450 vere
610 412 755 457 confici,
777 415 815 449 et
835 413 934 449 alte-

0 470 153 507 rutrum
175 479 198 506 a
217 467 482 506 sacerdotibus
509 466 721 504 secundum
743 465 936 502 Ecclesiae

0 532 107 567 suae,
128 521 212 558 sive
235 520 487 558 occidentalis
506 520 588 556 sive
608 518 827 563 orientalis,
848 530 934 555 con·

0 574 245 612 suetudinem
263 573 535 618 adhibendum3
551 573 606 616 3⁰,
621 571 770 608 animas
789 582 934 617 eorum,

0 627 64 676 qui
85 626 122 664 in
145 627 215 665 Dei
237 628 400 665 caritate
420 625 668 670 decesserint,
683 624 749 661 sed
765 634 834 672 pro
851 636 932 671 pee-

0 680 97 718 catis
117 680 198 718 suis
219 693 292 718 non
317 679 478 718 fecerint
497 678 590 716 satis
604 707 613 723 ,
633 677 765 726 poenis
785 688 933 725 purga·

0 733 112 771 toriis
132 734 308 783 purgari,
328 735 451 781 iisque
472 731 689 776 animabus,
710 735 754 767 ut
772 730 821 766 ab
838 730 934 767 eius—

0 786 103 824 modi
132 787 266 836 poenis
285 787 514 824 releventur
529 814 539 830 ,
562 783 741 833 prodesse
761 782 930 820 fidolium

0 839 179 877 vivorum
209 839 396 888 suffragia
411 867 421 884 ,
453 838 656 875 missarum
685 836 832 875 scilicet
866 847 931 873 sa-

0 892 160 938 crificia,
180 893 387 937 orationes,
406 891 671 940 eleemosynas
690 893 729 926 et
749 889 827 926 alia
847 889 932 937 pie-

0 947 92 983 tatis
111 945 250 993 officia3
270 945 422 983 illorum
443 944 602 989 animas,
623 943 686 992 qui
709 945 793 992 post
812 942 932 991 bapti-

0 1010 122 1036 smum
151 999 259 1036 nulla
279 997 426 1048 peceati
444 996 638 1034 maculam
666 995 935 1034 contraxerint

0 1052 59 1089 vel
73 1054 314 1090 contractam
330 1051 438 1100 plene
454 1051 671 1099 purgarint,
687 1061 778 1087 mox
794 1049 834 1086 in
849 1060 933 1085 coe-

0 1103 78 1142 lum
106 1105 247 1154 suscipi
274 1107 315 1142 et
332 1104 437 1141 clare
453 1103 595 1140 intueri
616 1103 740 1140 Deum
761 1113 828 1151 pro
849 1113 932 1138 mc-

0 1157 162 1195 ritorum
195 1158 443 1203 diversitate3
477 1156 627 1194 animas
655 1167 749 1193 vero
777 1166 912 1192 eorum
924 1183 934 1201 ,

0 1211 62 1259 qui
91 1211 129 1248 in
157 1211 299 1249 actuali
325 1214 482 1260 peceato
512 1209 666 1246 mortali
695 1208 756 1245 vel
786 1207 866 1245 solo
887 1220 932 1244 o-

0 1263 149 1313 riginali
167 1264 370 1310 decedunt,
389 1275 477 1300 mox
499 1263 537 1300 in
558 1261 751 1299 infernum
773 1261 931 1299 descen·

0 1317 100 1362 dere,
121 1317 250 1366 poenis
264 1318 394 1354 tamen
411 1315 626 1365 disparibus
642 1314 874 1364 puniendas3
890 1314 932 1351 4⁰

0 1370 43 1407 R.
81 1369 308 1408 Pontificem
328 1370 366 1407 in
389 1369 613 1407 universum
642 1369 773 1405 orbem
801 1370 933 1405 tenere

0 1423 223 1472 primatum,
261 1426 302 1460 et
328 1423 451 1472 ipsum
485 1434 568 1460 esse
596 1432 858 1459 successorem
888 1421 931 1458 B.

0 1475 103 1514 Petri
119 1476 304 1525 principis
323 1476 595 1525 Apostolorum
612 1505 622 1522 ,
641 1486 777 1512 verum
793 1473 933 1512 Christi

1 1529 208 1575 vicarium,
220 1530 418 1579 totiusque
447 1528 645 1567 Ecclesiae
665 1531 782 1577 caput
800 1530 840 1565 et
854 1539 933 1565 om-

0 1582 104 1620 nium
124 1582 431 1621 Christianorum
443 1585 594 1632 patrem
611 1593 655 1618 ac
666 1582 876 1628 doctorem,
895 1582 934 1617 et

0 1635 67 1684 ipsi
87 1635 126 1672 in
147 1635 192 1673 B.
209 1635 328 1672 Petro
343 1635 538 1684 pascendi,
552 1634 712 1684 regendi
732 1645 777 1671 ac
795 1634 933 1682 guber-

0 1688 115 1726 nandi
143 1689 407 1726 universalem
427 1688 641 1726 Ecclesiam
661 1699 684 1724 a
704 1688 749 1725 D.
769 1687 818 1725 N.
839 1687 869 1724 Ι.
890 1686 930 1724 C.

0 1741 150 1790 plenam
161 1743 393 1791 potestatem
402 1742 586 1779 traditam
596 1753 680 1778 esse
699 1738 721 1778 ¹.

49 1794 241 1832 Posthaec
287 1794 530 1844 imperator,
566 1794 749 1844 episcopi,
785 1792 945 1841 aliique,

0 1847 135 1885 Graeci
153 1847 358 1885 Florentia
375 1848 556 1897 digressi,
576 1847 614 1884 in
636 1846 799 1896 patriam
820 1856 930 1884 suam

0 1900 209 1938 redierunt.
227 1900 351 1938 Paulo
367 1906 456 1939 ante
471 1912 604 1939 eorum
621 1900 831 1937 discessum
847 1899 932 1937 Flo·

0 1953 161 1991 rentiam
181 1953 426 1991 advenerunt
445 1954 565 2004 legati
584 1953 829 2001 patriarchae
849 1956 929 1990 Ar-

0 2017 198 2044 menorum
214 2036 223 2053 ,
251 2006 430 2044 unionem
451 2019 539 2045 eum
559 2007 740 2044 Romana
763 2005 929 2044 ecclesia

0 2061 36 2097 et
54 2059 163 2097 Fidei
181 2060 457 2098 rectitudinem
479 2059 733 2110 postulantes.
761 2059 930 2108 Quapro-

0 2115 84 2161 pter
110 2111 293 2150 Pontifex
315 2113 417 2150 viros
436 2113 557 2151 divini
577 2113 815 2161 humanique
834 2112 929 2149 iuris

0 2165 249 2215 peritissimos
277 2167 510 2213 nominavit,
540 2167 603 2216 qui
624 2177 711 2203 cum
731 2166 777 2203 iis
796 2165 843 2203 de
862 2177 928 2203 re-

0 2219 67 2256 bus
85 2218 194 2256 Fidei
213 2223 387 2268 agerent.
409 2219 504 2257 Post
523 2220 761 2257 Graecorum
783 2219 929 2257 disces-

0 2283 83 2309 sum
124 2271 322 2321 Eugenius
359 2273 428 2322 Pp.
468 2273 674 2310 concilium
709 2272 930 2310 Florentiae

0 2324 238 2362 continuavit
274 2337 394 2373 usque
422 2326 470 2363 ad
500 2333 570 2363 vim
599 2326 778 2364 calendas
808 2325 930 2363 maias

1 2377 116 2422 1442,
136 2377 345 2426 habuitque
364 2378 491 2416 adhuc
510 2379 534 2416 5
551 2379 764 2426 sessionem
784 2379 820 2416 in
838 2391 931 2427 qua-

0 2441 87 2467 rum
108 2428 160 2477 Ia,
182 2430 304 2479 pridie
324 2443 445 2468 nonas
465 2433 694 2481 septembris
716 2432 816 2471 1439
835 2432 935 2469 Pon-

0 2482 108 2529 tifex,
124 2483 362 2532 approbante
377 2485 550 2532 coneilio‚
563 2485 778 2524 declaravit
787 2497 932 2531 omnes,

0 2537 62 2585 qui
81 2535 258 2574 Basileae
276 2540 361 2585 post
375 2538 611 2576 translatum
625 2538 829 2576 concilium
837 2538 931 2576 Fer-

0 2588 143 2627 rariam
184 2590 356 2628 actiones
397 2591 618 2628 conciliares
645 2592 932 2637 continuat-int,

0 2653 79 2680 esse
99 2643 468 2689 excommunicatos,
479 2644 580 2681 omni
595 2645 786 2694 dignitate
801 2657 846 2683 ac
862 2645 931 2682 be-

0 2694 135 2733 neficio
169 2695 344 2744 privatos
357 2725 366 2742 ,
404 2696 669 2736 schismaticos
699 2701 736 2736 et
755 2697 932 2744 rebelles,

0 2759 211 2797 eorumque
232 2751 321 2786 acta
340 2751 379 2786 et
399 2749 568 2795 decreta,
588 2751 758 2788 maxime
779 2752 817 2789 in
839 2763 931 2789 sess.

0 2800 173 2839 XXXIII
189 2804 228 2838 et
239 2802 414 2839 XXXIV
430 2802 547 2849 edita,
562 2804 675 2841 irrita
690 2815 772 2841 esse
787 2807 826 2841 et
840 2816 929 2853 per-

0 2853 153 2892 niciosa.
170 2854 270 2892 Sess.
289 2855 338 2902 11,
354 2855 397 2892 κο
413 2855 594 2894 calendas
610 2857 929 2901 decembris,eum

0 2911 84 2954 post
102 2907 331 2956 diligentem
366 2908 470 2945 inter
489 2910 744 2946 Armenorum
766 2913 804 2948 et
823 2910 930 2947 Pon-

0 2959 110 2997 tificis
129 2960 335 3009 deputatos
354 2961 633 2999 discussionem
652 2992 661 3007 ,
680 2963 929 3001 consentien-

0 3012 97 3050 tibus
125 3013 218 3063 ipsis
238 3014 439 3061 Armenis,
462 3014 585 3052 visum
617 3019 721 3053 esset
741 3016 930 3054 conficere

36 3139 48 3161 ¹
66 3141 177 3179 Labbe,
203 3139 322 3173 Concu.
345 3144 364 3170 t.
389 3140 469 3175 x111.
493 3150 519 3180 p.
545 3140 680 3180 1418&
704 3142 880 3182 Raynaldus
903 3147 934 3175 ct

0 3181 194 3223 spondanus,
209 3183 248 3214 ad
265 3191 314 3213 an.
332 3182 480 3214 1138—39.

1790 122 1863 160 123

978 200 1168 248 quoddam
1198 200 1435 238 orthodoxae
1463 198 1568 245 fidei,
1595 208 1712 247 quam
1740 197 1916 236 Romana

979 252 1231 300 profitebatur
1251 253 1436 298 Ecclesia,
1455 251 1740 300 compendium3
1755 251 1916 300 amplis-

977 306 1117 342 simum
1140 307 1334 343 decretum
1357 317 1425 354 pro
1448 305 1586 343 unione
1602 308 1642 342 et
1657 304 1917 342 instructione

977 359 1234 396 Armcnorum
1257 359 1546 408 promulgatum
1574 359 1614 396 et
1638 358 1686 395 ab
1702 357 1841 394 horum
1857 357 1916 394 le-

977 412 1078 459 gatis
1109 412 1267 449 dimisso
1297 412 1424 449 animo
1453 415 1673 460 susceptum
1705 412 1775 448 est.
1805 409 1917 447 Tune

979 464 1216 502 Florentiam
1246 465 1406 502 advenit
1434 465 1610 502 Andreas
1637 464 1756 501 abbas
1773 493 1782 507 ,
1803 474 1915 512 quem

978 517 1143 555 Ioannes
1172 518 1432 555 Iaeobitarum
1464 529 1531 554 seu
1552 516 1915 566 Menophysitarum

976 571 1144 619 AEgypti
1166 571 1401 620 patriarcha,
1416 571 1464 608 ab
1487 569 1662 619 Eugenio
1676 570 1746 618 Pp.
1759 570 1808 607 ad
1823 581 1916 607 con-

976 624 1106 661 cilium
1135 623 1326 661 invitatus
1340 653 1348 667 ,
1369 635 1439 661 suo
1459 635 1696 671 suorumque
1717 623 1916 671 episcopo-

977 688 1062 713 rum
1085 677 1239 714 nomine
1260 676 1497 714 Florentiam
1518 676 1722 725 legaverat
1741 687 1826 713 cuni
1848 675 1916 712 lit·-

977 730 1068 766 teris
1097 729 1338 767 obedientiae
1375 727 1628 778 plenissimis,
1666 728 1804 777 quibus
1843 739 1915 777 pa-

975 782 1147 820 triarcha
1181 783 1361 820 unionem
1378 793 1463 819 cum
1483 782 1660 820 Romana
1676 781 1853 819 Ecclesia
1877 783 1918 818 et

975 835 1229 873 orthodoxam
1250 835 1368 872 fidem
1385 835 1618 884 postulabat.
1636 835 1735 872 Sess.
1762 834 1832 880 III,
1848 846 1914 882 po-

974 889 1110 926 stridie
1130 888 1280 925 calend.
1301 889 1508 937 septembr.
1535 888 1648 933 1441,
1667 888 1841 925 Andreas
1861 887 1917 925 Ia-

974 941 1191 979 cobitarum
1221 942 1373 990 legatus
1402 941 1558 978 litteras
1586 940 1829 989 patriarchae
1856 940 1917 978 sui

975 995 1166 1041 exhibuit,
1183 995 1321 1032 deinde
1339 1006 1407 1032 suo
1424 997 1625 1039 eteorum,
1639 1006 1663 1030 a
1677 993 1812 1042 quibus
1828 994 1918 1031 mis-

974 1061 1038 1086 sus
1059 1051 1157 1094 erat,
1173 1048 1324 1085 nominc
1341 1046 1535 1096 professus
1554 1049 1624 1089 est,
1640 1058 1682 1084 se
1703 1047 1862 1084 eredere
1877 1049 1917 1083 et

974 1104 1109 1139 tenere
1127 1102 1312 1150 quidquid
1328 1101 1491 1138 docebat
1506 1103 1545 1138 et
1559 1101 1718 1137 tenebat
1737 1100 1915 1137 Romana

975 1155 1171 1201 Ecclesia,
1195 1158 1310 1202 atque
1332 1154 1541 1203 reprobare
1571 1152 1758 1202 quidquid
1784 1164 1831 1190 ea
1850 1163 1915 1190 re-

977 1208 1134 1257 probat3
1155 1220 1232 1256 quo
1251 1207 1355 1245 facto
1385 1208 1583 1245 decretum
1611 1206 1698 1244 fidei
1722 1216 1789 1255 pro
1815 1205 1918 1242 unio-

980 1274 1026 1298 ne
1048 1261 1303 1298 Iacobitarum
1323 1260 1610 1310 promulgatum
1628 1263 1700 1306 est,
1715 1259 1817 1307 quod
1834 1259 1915 1297 An-

977 1316 1089 1352 dreas
1117 1314 1271 1351 dimisse
1291 1314 1474 1362 suscepit.
1495 1314 1596 1351 Sess.
1620 1313 1690 1358 IV,
1710 1311 1833 1361 pridie
1853 1324 1916 1348 no-

977 1379 1045 1405 nas
1065 1367 1254 1404 februarii
1279 1367 1393 1413 1442,
1414 1367 1537 1404 lectae
1556 1369 1650 1404 sunt
1670 1366 1824 1403 litterae
1841 1365 1914 1402 Ni-

974 1421 1124 1459 comedi
1153 1420 1304 1457 abbatis
1332 1419 1564 1468 AEthiopum
1595 1431 1664 1457 seu
1693 1419 1912 1467 Abyssino—

975 1485 1088 1520 rum,
1131 1473 1197 1522 qui
1236 1472 1517 1522 Hierosolymis
1547 1472 1914 1517 commorabantur,

974 1527 1116 1576 quibus
1142 1528 1175 1564 is
1195 1525 1453 1576 significabat,
1472 1525 1682 1574 Abyssinos
1701 1535 1914 1573 eorumque

975 1592 1106 1629 regem
1122 1580 1216 1617 nihil
1237 1579 1361 1628 magis
1382 1590 1496 1628 quam
1519 1579 1698 1616 unionem
1720 1589 1808 1615 cum
1830 1578 1914 1616 Ro·-

975 1645 1091 1671 mana
1125 1633 1290 1670 ecelesia
1318 1633 1560 1679 desiderare3
1590 1632 1749 1680 ipseque
1778 1642 1914 1668 eorum

973 1698 1045 1724 rex
1063 1685 1341 1724 Constantinus
1361 1697 1430 1723 seu
1450 1685 1548 1723 Zara
1567 1685 1683 1723 Iacob
1698 1684 1852 1722 litteras
1866 1684 1915 1723 de

974 1740 1106 1777 eodem
1138 1739 1289 1777 unionis
1317 1739 1472 1788 negotio
1501 1739 1548 1776 ad
1575 1738 1793 1787 Eugenium
1814 1737 1916 1776 scri-

974 1793 1051 1842 psit
1083 1794 1123 1830 et
1158 1792 1307 1841 legatos
1344 1793 1510 1830 Romam
1553 1791 1776 1830 destinavit.
1806 1791 1916 1832 Quae

973 1858 1061 1883 cum
1091 1845 1278 1883 Pontifex
1305 1857 1398 1884 sess.
1428 1845 1478 1891 V,
1506 1844 1566 1883 v1⁰
1586 1844 1769 1883 calendas
1789 1843 1911 1882 maias

977 1899 1077 1937 1442
1107 1899 1267 1945 habita,
1299 1898 1458 1936 concilio
1492 1897 1787 1943 annuntiasset,
1814 1897 1910 1935 illud
1940 1937 1943 1940 Δ

973 1952 1175 1990 transtulit
1208 1953 1374 1989 Romam
1401 1952 1439 1990 in
1469 1952 1628 1990 basilica
1655 1950 1913 1989 Lateranensi

973 2005 1280 2044 continuandum
1309 2004 1334 2043 ¹.

1025 2058 1153 2101 Quum
1190 2058 1376 2096 Pontifex
1414 2070 1499 2096 cum
1537 2058 1689 2095 concilii
1725 2057 1911 2095 Patribus

973 2113 1140 2150 Romam
1155 2111 1339 2157 venisset,
1367 2112 1417 2148 ibi
1446 2111 1598 2160 excepit
1617 2112 1790 2148 oratores
1810 2111 1912 2159 regis

973 2165 1203 2214 AEthiopum
1225 2177 1293 2202 seu
1315 2165 1610 2214 Abyssinorum,
1626 2164 1804 2202 unionem
1825 2175 1911 2200 cum

973 2220 1151 2256 Romana
1171 2218 1334 2256 ecclesia
1352 2218 1606 2267 postulantes,
1622 2218 1743 2266 iisque
1762 2217 1912 2254 unionis

973 2275 1012 2309 et
1031 2272 1141 2309 Fidei
1161 2271 1358 2310 decretum
1393 2283 1459 2310 seu
1493 2271 1765 2320 compendium
1786 2270 1911 2308 tradi-

973 2326 1042 2363 dit.
1063 2325 1206 2362 Eodem
1249 2327 1424 2374 tempore
1461 2325 1650 2374 Ignatius‚
1689 2323 1914 2372 patriarcha

974 2377 1306 2427 Eutychianorum
1344 2377 1484 2427 Syriae
1521 2380 1562 2416 et
1598 2376 1911 2426 Mesopotamiae,

974 2433 1142 2469 Romam
1174 2430 1323 2480 legavit
1354 2431 1547 2469 Abdalam
1581 2430 1910 2478 archiepiscopum

973 2485 1225 2531 Edessenum,
1245 2484 1310 2533 qui
1329 2485 1448 2522 totius
1483 2483 1649 2522 nationis
1671 2483 1823 2520 nomine
1843 2493 1910 2519 re-

971 2539 1103 2587 gulam
1122 2537 1246 2584 Fidei,
1266 2549 1382 2586 quam
1403 2538 1582 2576 Romana
1603 2535 1764 2573 ecclesia
1786 2534 1907 2584 profi-

974 2592 1144 2636 tebatur,
1161 2591 1301 2628 devote
1320 2591 1441 2639 petiit.
1465 2589 1663 2639 Eugenius
1681 2589 1765 2638 Pp„
1779 2587 1912 2625 habita

975 2644 1097 2694 pridie
1119 2643 1299 2682 calendas
1319 2644 1485 2681 octobris
1504 2644 1602 2680 1444
1619 2642 1802 2687 sessione,
1822 2641 1909 2678 illos

973 2698 1022 2735 ad
1043 2697 1221 2734 unionem
1255 2697 1413 2734 admisit
1431 2700 1467 2734 et
1488 2695 1596 2733 Fidei
1628 2695 1826 2732 decretum
1846 2694 1908 2733 le-

972 2753 1064 2800 gato
1090 2750 1265 2788 tradidit.
1295 2750 1423 2787 Etiam
1451 2748 1678 2786 Timotheus
1707 2747 1911 2785 Tarsensis

973 2804 1255 2842 Chaldaeorum
1277 2802 1586 2840 nestorianorum
1602 2801 1910 2850 archiepiscopus

973 2857 1136 2894 Romam
1158 2856 1278 2902 venit,
1299 2858 1338 2892 et
1358 2855 1462 2892 Elias
1479 2853 1764 2892 Maronitarum
1784 2865 1913 2892 mono-

972 2910 1200 2947 thelitarum
1229 2909 1428 2957 episeopus
1456 2907 1626 2956 legatum
1655 2907 1786 2951 misit,
1818 2919 1913 2956 quos

973 2964 1119 3012 pariter
1147 2973 1234 2998 cum
1263 2973 1396 2998 eorum
1425 2960 1599 3006 subditis,
1619 2963 1701 3009 pest
1734 2971 1909 2997 errorum

973 3015 1227 3054 ejurationem
1245 3019 1283 3051 et
1299 3013 1385 3050 fidei
1402 3013 1613 3050 catholicae
1626 3012 1912 3062 professionem,

974 3068 1172 3118 Eugenius
1211 3067 1280 3115 Pp.
1301 3066 1468 3104 sessione
1506 3066 1643 3112 altera,
1681 3066 1814 3104 habita
1834 3065 1911 3103 vu⁰

1016 3184 1024 3205 ¹
1044 3183 1155 3220 tanne,
1171 3182 1228 3213 100.
1246 3181 1294 3213 cit.
1313 3191 1342 3223 p.
1360 3181 1545 3215 lise-1218.
