2241 3473
722 133 849 164 VSQVE
879 133 932 159 AD
962 131 1237 158 lNNOCEN'HVM
1267 132 1321 158 111.

35 198 260 240 summatim
280 197 567 247 praescribebat
602 207 736 244 preces
764 196 925 233 diurnas
945 198 983 230 ct
1002 209 1005 261 Ι

36 255 243 292 nocturnas
258 280 268 295 ,
289 250 476 287 ieiunium
507 249 676 298 rigidum
706 261 728 285 a
751 248 849 286 festo
871 248 983 284 Exal-
1003 265 1005 293 2

34 304 197 345 tationis
215 303 254 341 S.
275 303 410 341 Crucis
447 312 571 351 usque·
602 303 650 339 ad
686 301 851 343 Pascha„
891 299 1005 348 per-3

36 363 195 408 petuam
215 357 265 394 ab
285 368 353 393 esu
376 355 553 392 carnium
584 354 877 396 abstinentiam,
898 353 983 389 obe-
1004 374 1005 386 2

35 410 222 449 dientiam
243 409 384 458 priori,
407 410 677 457 paupertatem
693 436 702 448 ,
722 406 983 450 solitudinem,

33 463 231 502 silentium
253 492 262 504 ,
291 473 478 498 manuum
508 461 678 497 laborem
697 488 706 504 ,
737 458 806 495 otii
837 458 981 505 fugam.

34 515 230 565 Regulam
262 515 375 551 istam
397 525 458 550 au.
484 512 584 550 1226
605 511 839 560 approbavit
859 511 982 547 Hono-

33 569 117 606 rius
148 568 217 616 Pp.
239 567 317 611 111,
337 565 661 612 confirmavitque
691 563 904 611 Gregorius
928 562 983 598 IX

33 633 96 659 an.
135 620 248 659 1230.
287 621 454 668 Propter
492 617 651 654 hostiles
686 617 985 653 mahumetano-

34 685 122 711 rum
143 674 323 711 incursus
339 670 495 709 Ordinis
515 670 666 707 sodales
683 680 745 706 an.
767 668 881 713 1238,
900 667 985 705 reli-

33 731 96 764 cto
126 731 257 764 monte
279 724 458 763 Carmelo
476 752 485 768 ‚
506 722 746 760 domicilium
782 721 987 758 transtule-

34 782 127 817 runt
146 780 184 817 in
207 778 371 816 insulam
392 777 577 825 Cyprum,
599 774 737 812 deinde
758 775 795 810 in
812 774 985 811 Siciliam

35 832 207 881 aliasque
227 831 406 878 Europae
440 829 630 876 regiones.
655 828 696 864 In
718 827 874 875 Europa
893 838 985 863 con-

33 886 162 923 stituti
183 884 346 933 priscam
369 883 489 919 vitam
519 880 762 918 eremiticam
785 891 872 916 cum
896 891 987 916 coe-

35 938 204 975 nobitica
234 937 537 985 permutarunt,
570 935 726 970 favente
760 933 986 969 Innocentio

33 990 104 1038 Pp.
127 989 193 1036 IV,
213 990 278 1037 qui
299 1000 360 1026 an.
383 987 482 1024 1246
502 997 635 1023 eorum
656 986 832 1033 regulam
855 985 988 1021 nonni-

33 1043 88 1080 hil
121 1042 330 1091 mitigavit.
355 1041 564 1089 progressu
599 1038 789 1086 temporis
810 1038 913 1075 Ordo
942 1050 987 1074 e-

32 1096 126 1133 tiam
162 1096 210 1132 ad
240 1094 403 1132 feminas
431 1092 673 1135 translatus,
694 1091 885 1136 latissime
915 1102 985 1139 per

34 1148 230 1197 Europam
262 1146 424 1185 diffusus
444 1149 503 1182 est
522 1144 545 1182 ¹.
569 1144 681 1181 Haud
704 1144 897 1181 mediocre
918 1145 984 1180 de-

33 1213 100 1239 cus
120 1202 154 1238 ei
175 1200 336 1238 accessit
356 1211 404 1236 ex
431 1209 506 1246 quo
529 1198 571 1234 B.
589 1197 721 1234 Simon
743 1197 887 1242 Stock,
909 1209 983 1233 an-

31 1254 133 1303 glus,
149 1254 383 1300 Ordinisque
403 1251 581 1288 minister
599 1250 794 1298 generalis
815 1251 862 1287 ab
883 1261 983 1287 anno

37 1307 138 1345 1245
157 1318 277 1355 usque
298 1305 346 1342 ad
366 1315 511 1342 annum
537 1303 637 1341 1265
653 1332 661 1348 ,
682 1303 853 1340 instituit
874 1305 981 1340 soda-

33 1360 159 1397 litium
179 1371 209 1397 s.
230 1358 455 1407 Scapularis
469 1386 477 1402 ,
498 1356 552 1401 ei,
575 1361 618 1393 ut
647 1356 800 1400 dicitur,
822 1367 845 1393 a
866 1356 909 1392 Β.
932 1356 979 1392 V.

31 1413 86 1450 M.
107 1415 147 1450 in
168 1413 317 1450 visione
339 1410 556 1448 revelatum
574 1438 583 1454 ‚
610 1419 649 1446 et
669 1420 691 1446 a
711 1409 798 1446 RR.
822 1408 981 1445 Pontifi-

31 1466 140 1503 cibus
173 1465 434 1514 approbatum
473 1466 590 1510 atque
629 1461 884 1509 indulgentiis
915 1473 981 1498 au-

32 1524 138 1556 ctum
154 1517 182 1556 ².
210 1517 447 1556 Carmelitae
480 1519 630 1553 tantam
666 1515 853 1563 pietatem
883 1527 980 1563 erga

33 1571 241 1621 Virginem
262 1571 430 1608 Mariam
451 1569 657 1605 coluerunt
671 1596 680 1610 ,
706 1571 755 1621 ut
778 1579 818 1604 se
840 1566 981 1604 fratres

32 1623 77 1661 B.
99 1624 152 1662 M.
169 1624 217 1661 V.
240 1624 287 1661 de
309 1624 442 1661 Monte
464 1620 642 1658 Carmelo
663 1620 847 1657 dicerent.

86 1677 148 1714 50.
175 1676 347 1714 Ordines
368 1675 571 1711 militares
591 1675 635 1710 m
652 1673 980 1721 Hispania—Ad

34 1728 258 1778 exemplum
280 1728 468 1766 Ordinum
485 1727 739 1774 equestrium,
754 1737 849 1773 quos
865 1737 981 1774 supra

34 1783 74 1820 in
93 1783 318 1820 Palaestina
338 1781 571 1818 constitutos
594 1779 762 1815 vidimus
777 1777 806 1823 3,
822 1783 908 1826 post
927 1779 983 1815 di-

33 1835 196 1872 midium
226 1835 341 1872 huius
368 1832 514 1870 saeculi
543 1833 582 1868 in
601 1832 792 1880 Hispania
810 1831 982 1868 instituti

34 1891 125 1926 sunt
139 1888 305 1925 Ordines
325 1887 516 1924 militares
532 1885 781 1929 Calatravae,
799 1896 827 1921 s.
846 1884 984 1921 Iuliani

34 1941 82 1978 de
103 1941 263 1978 Peirero
289 1942 329 1976 et
349 1951 377 1976 s.
400 1938 542 1976 Iacobi.
563 1940 678 1976 Anno
698 1937 798 1974 1147
819 1937 987 1984 Alphon-

33 2005 100 2032 sus
123 2004 195 2030 rex
215 1992 408 2031 Castellae
431 1991 565 2028 urbem
589 1993 630 2028 et
653 2001 784 2027 arcem
804 1989 984 2027 Calatra-

33 2057 139 2092 vam,
157 2046 293 2083 eiectis
313 2045 403 2082 inde
424 2044 588 2089 Mauris,
609 2043 771 2081 dederat
787 2042 984 2090 equitibus

33 2111 104 2138 seu
124 2099 314 2136 militibus
335 2097 583 2146 Templariis,
605 2097 671 2134 sed
692 2107 779 2133 cum
801 2107 862 2133 an.
882 2095 985 2132 1158

35 2152 165 2190 Mauri
186 2151 361 2189 Africani
383 2151 584 2198 ingentem
606 2149 893 2198 expeditionem
911 2160 984 2196 pa-

34 2207 170 2242 rarent
198 2205 246 2242 ad
265 2203 575 2252 recuperandam
595 2202 859 2246 Calatravam,
879 2201 984 2237 mili-

35 2259 94 2295 tes
123 2257 276 2305 Templi
304 2268 391 2294 eam
419 2255 578 2293 Sanctio
608 2255 664 2292 III
684 2255 770 2302 regi
790 2254 983 2291 Castellae

35 2310 304 2355 reddiderunt,
322 2309 389 2357 qui
411 2320 497 2346 eam
518 2308 629 2346 cessit
645 2307 895 2356 Raymundo,
912 2307 985 2343 ab-

37 2362 118 2400 bati
137 2362 276 2399 Fiterii
297 2362 453 2399 Ordinis
473 2360 756 2399 Cisterciensis.
774 2360 986 2408 Raymun-

35 2415 109 2452 dus
137 2426 215 2452 una
243 2426 333 2452 cum
360 2415 506 2451 Didaco
535 2413 755 2461 Velasquez
773 2442 783 2457 ,
811 2413 984 2450 eiusdem

35 2467 204 2514 Ordinis,
224 2467 262 2504 in
282 2467 493 2504 Calatrava
510 2466 681 2504 instituit
697 2465 885 2502 Ordinem
906 2466 984 2502 mi-

36 2521 191 2558 litarem
220 2521 434 2557 secundum
452 2519 629 2568 regulam
649 2518 983 2562 Cisterciensium,

36 2573 170 2610 habitu
199 2575 239 2610 et
266 2573 354 2610 aliis
383 2572 575 2609 nonnullis
601 2571 848 2620 temperatis,
869 2574 986 2619 prout

34 2626 289 2674 requirebant
321 2625 475 2662 Ordinis
509 2636 648 2673 scopus
683 2626 724 2661 et
751 2623 879 2661 officia
915 2635 985 2661 seu

35 2678 347 2716 Christianorum
359 2680 494 2715 contra
502 2677 661 2714 Mauros
669 2676 987 2717 defensio.Quum

35 2731 213 2775 Ioannes,
233 2731 421 2768 ecclesiae
437 2730 651 2767 Toletanae
672 2729 987 2778 archiepiscopus

35 2786 76 2822 et
95 2784 308 2833 Hispaniae
328 2784 489 2832 primas,
508 2783 686 2820 omnibus
705 2782 895 2820 auxilium
917 2782 986 2818 mi-

76 2896 88 2916 ¹
105 2898 138 2928 A.
163 2898 308 2933 miraeus,
333 2896 381 2926 De
405 2893 533 2933 oriyine
558 2891 687 2925 Ordinis
713 2892 866 2930 Carmel.;
884 2893 986 2930 Pape-

37 2938 142 2968 broch.
168 2938 386 2971 commentar.
413 2936 485 2966 hist.
512 2933 552 2964 ad
576 2936 674 2964 vitam
698 2934 731 2965 B.
749 2933 888 2969 eilberti,
906 2933 986 2964 Aeta

37 2977 94 3010 SS.
109 2983 128 3009 t.
146 2979 156 3010 Ι
172 2979 278 3019 april.;
293 2978 410 3017 ilelyot,
426 2976 508 3007 [list.
526 2975 579 3005 des
599 2973 713 3006 ordi-es
726 2975 815 3013 reliq.
834 2978 852 3004 t.
871 2974 891 3004 1.

77 3019 93 3040 ²
108 3019 262 3051 Benedici.
286 3020 358 3055 XIV,
382 3018 426 3049 De
442 3016 546 3054 beatis.
565 3018 595 3046 el
611 3024 724 3046 canon.
742 3019 762 3046 t.
779 3017 822 3052 iv,
845 3017 923 3054 part.
943 3015 987 3052 ΙΙ,

38 3069 65 3091 c.
85 3059 121 3098 9;
145 3061 187 3092 De
209 3061 347 3096 villiers,
371 3058 520 3091 Biblioch.
542 3056 704 3088 Carmeltt.
723 3059 742 3087 t.
759 3057 781 3087 Η
796 3082 803 3093 ,
819 3065 848 3095 p.
865 3054 938 3092 753;
957 3057 986 3086 P.

38 3102 202 3140 Raynaud‚
217 3100 398 3142 Scapulam
412 3099 615 3135 Marianum,
634 3096 726 3137 Oper.
744 3101 764 3127 t.
782 3098 842 3128 vn.
868 3096 989 3126 videsis

1875 118 1921 154 41

1024 194 1132 230 litiae
1184 193 1418 230 Calatravae
1462 191 1675 229 ferentibus
1713 189 1978 238 indulgentias

1024 246 1287 289 concessisset.
1305 246 1371 283 vix
1389 249 1474 282 erat
1490 246 1555 294 qui
1573 244 1633 281 vel
1651 243 1732 292 ipse
1752 254 1828 279 non
1849 243 1925 280 iret
1940 243 1978 279 in

1025 300 1215 336 auxilium
1239 298 1302 335 vel
1322 310 1456 347 equos,
1475 309 1586 335 arma
1611 302 1680 334 aut
1700 295 1883 345 pecunias
1904 307 1978 332 non

1025 353 1247 400 largiretur.
1279 352 1387 393 Quod
1420 352 1480 387 ubi
1512 350 1720 387 audierunt
1748 347 1889 390 Mauri,
1908 360 1979 385 ex-

1027 405 1211 454 peditioni
1228 416 1322 441 suae
1335 404 1518 440 nuncium
1536 403 1737 439 miserunt.
1751 402 1862 438 Anno
1880 401 1978 438 1164

1026 458 1252 495 Alexander
1276 458 1343 504 Pp.
1368 456 1422 493 111
1445 456 1627 492 Ordinem
1650 453 1879 503 approbavit
1902 451 1924 491 ¹.

1080 511 1185 548 Idem
1219 509 1403 546 Pontifex
1428 507 1659 557 approbavit
1679 508 1773 544 alios
1793 507 1890 544 duos
1909 506 1980 543 Or-

1025 564 1133 600 dines
1169 561 1588 610 religioso-militares,
1623 572 1760 608 nempe
1789 572 1817 597 s.
1850 558 1979 597 Iacobi

1027 628 1087 653 an.
1109 615 1210 653 1175
1225 621 1307 652 ets.
1327 614 1464 651 Iuliani
1483 625 1544 650 an.
1566 613 1678 658 1177,
1697 624 1861 660 quorum
1879 613 1980 649 idem

1027 681 1072 706 ac
1095 668 1256 705 militiae
1281 667 1516 704 Calatravae
1537 677 1674 713 scopus
1696 668 1782 702 erat
1802 664 1830 702 ².

1080 722 1142 758 51.
1179 721 1469 768 Beyqe'narzmz
1500 718 1854 756 institutio—Ad
1884 718 1981 755 haee

1028 775 1109 823 ipsa
1129 776 1308 822 tempora
1328 773 1438 809 multi
1456 772 1664 820 scriptores
1681 770 1857 808 referunt
1875 771 1980 820 Beg-

1027 827 1208 876 ginarum
1230 826 1268 862 in
1284 825 1420 873 Belgio
1437 824 1717 867 fundationem,
1735 835 1903 871 quarum
1920 823 1981 860 in-

1028 880 1212 916 stitutum
1237 882 1276 916 et
1299 889 1439 914 nomen
1461 877 1681 914 attribuunt
1702 877 1910 913 Lamberto
1928 877 1982 913 Le

1028 934 1196 981 Begues,
1211 943 1276 969 seu
1299 932 1448 978 Beguo,
1469 931 1530 978 pio
1550 929 1737 966 ecclesiae
1758 929 1983 966 Leodiensis

1026 985 1233 1029 sacerdoti,
1264 996 1324 1021 an.
1351 983 1450 1020 1177
1480 981 1663 1019 defuncto
1685 980 1711 1018 ³.
1736 982 1882 1018 Verum
1905 982 1982 1018 iam

1028 1051 1087 1076 an.
1113 1038 1214 1075 1065
1246 1036 1513 1085 Begginarum
1544 1038 1781 1071 conventum
1804 1034 1982 1071 extitisse

1027 1091 1254 1128 Vilvordiae
1276 1090 1314 1126 in
1338 1089 1573 1132 Brabantia,
1593 1099 1613 1123 e
1634 1087 1899 1124 monumentis
1920 1099 1982 1124 au-

1026 1144 1214 1181 thenticis
1230 1142 1439 1179 evincitur.
1470 1140 1659 1178 Nonnulli
1681 1140 1835 1176 illarum
1859 1140 1982 1187 origi-

1029 1210 1117 1235 nem
1141 1201 1180 1234 et
1202 1207 1342 1233 nomen
1373 1195 1570 1232 deducunt
1598 1205 1620 1230 a
1650 1204 1679 1230 s.
1700 1192 1834 1240 Begga
1854 1192 1983 1240 Pipini

1026 1250 1244 1288 Iiandensis
1265 1249 1347 1285 filia
1369 1253 1407 1284 et
1437 1259 1466 1285 s.
1498 1246 1707 1283 Gertrudis
1733 1257 1878 1282 sorore.
1902 1245 1984 1282 Hoc

1024 1305 1249 1342 institutum
1273 1313 1342 1350 per
1363 1301 1541 1348 Belgium
1559 1299 1770 1347 plurimum
1790 1309 1983 1346 propaga-

1023 1364 1107 1395 tum
1129 1362 1200 1402 est,
1222 1360 1261 1393 et
1280 1354 1488 1391 hodiedum
1506 1354 1542 1389 in
1565 1352 1735 1400 pluribus
1756 1352 1983 1388 civitatibus

1022 1412 1149 1449 adhuc
1170 1412 1291 1457 viget.
1312 1407 1420 1448 Quae
1453 1406 1549 1443 illud
1585 1405 1829 1453 profitentur,
1849 1404 1887 1441 in
1909 1405 1983 1441 do-

1023 1464 1176 1502 miciliis
1196 1463 1267 1500 sibi
1298 1460 1455 1504 iunctis,
1490 1470 1588 1506 quae
1618 1458 1739 1503 curia,
1769 1460 1984 1495 conventus

1021 1521 1059 1555 et
1078 1515 1344 1566 begginasium
1362 1512 1620 1575 appellantur,
1632 1511 1780 1556 vivunt3
1794 1515 1884 1547 vota
1903 1521 1985 1558 per-

1022 1573 1140 1619 petua
1157 1581 1230 1606 non
1253 1568 1452 1610 emittunt,
1470 1568 1740 1602 verumtamen
1762 1563 1984 1601 castitatem

1023 1628 1061 1661 et
1077 1620 1340 1660 obedientiam
1358 1618 1503 1663 colunt,
1515 1617 1670 1666 pietat-is
1685 1616 1883 1654 exercitiis
1901 1627 1982 1652 ma·

1026 1687 1224 1723 nuumque
1246 1673 1368 1710 labori
1392 1676 1534 1708 vacant
1557 1670 1584 1706 ⁴.

1077 1730 1140 1767 52.
1164 1728 1258 1764 Pam·
1279 1728 1390 1762 inter
1409 1723 1685 1760 sacerdotium
1701 1727 1743 1759 et
1757 1723 1984 1771 imperium

1026 1782 1113 1832 (cm.
1139 1777 1548 1830 1177)—Fridericus
1571 1777 1587 1813 I
1610 1776 1810 1812 interdum
1831 1775 1868 1811 in
1889 1775 1985 1812 schi-

1027 1837 1152 1873 smate
1182 1836 1221 1871 et
1252 1830 1421 1870 dissidiis
1435 1860 1444 1875 ,
1471 1841 1590 1878 supra
1610 1829 1791 1865 excitatis
1812 1827 1839 1874 5,
1859 1839 1985 1876 perse-

1025 1889 1202 1933 verabat,
1232 1898 1293 1923 an.
1326 1884 1428 1921 1174
1454 1893 1591 1919 rursus
1620 1881 1839 1918 exercitum
1870 1881 1982 1917 duxit

1026 1941 1065 1978 in
1096 1941 1250 1979 Italiam
1267 1969 1275 1983 ,
1292 1941 1336 1975 ut
1356 1937 1403 1973 de
1429 1934 1734 1983 Longobardicis
1754 1933 1983 1970 civitatibus

1027 1999 1066 2031 et
1093 1994 1141 2031 R.
1166 1991 1357 2030 Pontifice
1378 1988 1648 2026 ulcisceretur.
1671 1987 1818 2024 Verum
1840 1986 1981 2023 Veneti

1026 2047 1171 2096 aliique
1204 2045 1293 2082 Itali
1324 2055 1364 2081 se
1400 2053 1489 2078 cum
1509 2040 1775 2089 Longobardis
1814 2039 1983 2076 coniun—

1028 2102 1186 2145 xerunt,
1205 2101 1245 2135 et
1260 2095 1499 2139 Fridericus,
1517 2093 1720 2130 commisso
1741 2104 1802 2130 an.
1824 2092 1924 2129 1176
1936 2092 1984 2129 ad

1029 2154 1249 2201 Lignanum
1270 2149 1430 2199 praelio,
1459 2149 1571 2185 tanta
1591 2146 1700 2183 clade
1721 2145 1882 2182 affectus
1903 2148 1984 2190 est,

1027 2210 1070 2243 ut
1104 2205 1172 2242 vix
1204 2205 1287 2253 ipse
1316 2201 1521 2239 incolumis
1557 2198 1738 2236 evaserit.
1762 2198 1871 2234 Tunc
1893 2198 1982 2235 ani-

1026 2270 1133 2296 mum
1168 2258 1218 2295 ad
1247 2256 1459 2293 ineundam
1480 2252 1733 2290 concordiam
1755 2251 1922 2296 inflexit,
1945 2260 1985 2287 et

1028 2324 1088 2349 an.
1124 2311 1222 2348 1177
1249 2321 1325 2359 pax
1354 2309 1457 2345 inter
1484 2304 1740 2350 Pontificem,
1770 2304 1983 2351 imperato-

1027 2376 1122 2411 rem,
1144 2363 1325 2400 civitates
1345 2358 1658 2409 Longobardicas
1679 2359 1718 2394 et
1739 2367 1870 2404 regem
1890 2355 1984 2392 Sici-

1026 2418 1119 2463 liae,
1138 2415 1314 2455 Venetiis
1344 2413 1495 2452 sancita
1525 2413 1642 2458 atque
1670 2408 1889 2456 conscripta
1909 2412 1979 2445 est.

1027 2472 1246 2518 Imperator
1276 2466 1475 2505 schismati
1496 2462 1767 2507 renuntiavit,
1806 2463 1846 2497 ct
1879 2460 1980 2497 Ale-

1026 2524 1175 2561 xandro
1205 2522 1261 2559 ΙΙΙ
1290 2518 1553 2558 obedientiam
1575 2514 1772 2564 professus
1791 2515 1860 2550 est.
1883 2513 1979 2550 Ale-

1029 2577 1178 2614 xander
1206 2575 1276 2623 Pp.
1294 2572 1538 2610 Fridericum
1561 2569 1611 2606 ad
1641 2567 1755 2616 pedes
1775 2577 1864 2603 suos
1886 2577 1978 2613 pro-

1028 2630 1210 2667 volutum
1231 2631 1270 2664 et
1285 2626 1440 2663 veniam
1459 2623 1667 2673 petentem,
1698 2619 1860 2656 elevans
1890 2630 1977 2654 cum

1027 2681 1234 2730 lacrymis,
1265 2679 1421 2727 excepit
1443 2675 1575 2713 osculo
1606 2675 1645 2710 et
1665 2672 1713 2708 ab
1747 2682 1978 2708 excommu-

1028 2734 1233 2772 nicationis
1265 2744 1313 2769 ac
1355 2726 1621 2769 anathematis
1656 2724 1825 2761 vinculis
1856 2724 1979 2761 absol-

1071 2850 1081 2871 1
1101 2848 1217 2887 llelyot,
1232 2847 1289 2877 loc.
1308 2845 1358 2875 cit.
1373 2861 1411 2865 —
1423 2841 1527 2872 Ξ111111.
1649 2879 1653 2884 ι

1069 2890 1082 2911 ³
1097 2889 1239 2929 AEgidius
1254 2885 1435 2921 monachus,
1453 2882 1496 2913 De
1512 2880 1669 2920 episcopis
1684 2878 1775 2911 Leod.
1791 2888 1816 2910 c.
1831 2878 1870 2909 5⁶2
1882 2888 1891 2917 3
1905 2879 1981 2910 Cha-

1029 2932 1171 2971 peaville,
1192 2929 1284 2961 Gesta
1301 2925 1480 2965 episcopor.
1498 2921 1589 2953 Leod.
1608 2920 1626 2951 1.
1645 2920 1680 2951 11.

1069 2972 1082 2994 4
1107 2972 1169 3001 Hae
1201 2977 1294 3008 porro
1319 2967 1476 3005 Begginae
1500 2963 1624 2993 minime
1647 2960 1886 2992 confundendae
1909 2964 1981 2991 sunt

1029 3022 1097 3044 cum
1110 3011 1274 3042 haereticis
1291 3007 1441 3046 Beguinis
1455 3006 1485 3035 in
1501 3003 1693 3039 Memmium,
1710 3002 1747 3032 de
1765 3002 1876 3041 quibus
1892 3011 1922 3040 p.
1938 3001 1978 3032 85

1029 3062 1175 3094 agemus;
1201 3050 1260 3080 vid.
1278 3049 1399 3079 interim
1417 3045 1540 3085 Ryckel,
1558 3043 1674 3074 Hister.
1692 3041 1979 3082 Beqqinasiorum;

1029 3097 1049 3126 1.
1073 3093 1262 3131 Ghesquiere
1287 3093 1316 3120 et
1343 3090 1372 3119 C.
1400 3087 1506 3119 Smet,
1532 3086 1611 3116 Aeta
1636 3083 1689 3116 SS.
1708 3083 1813 3121 Belqiz·
1834 3083 1972 3122 selena,

39 3142 96 3172 sub
111 3142 219 3173 Pontis.
235 3142 344 3174 IOANN.
359 3140 463 3175 xxn,
476 3149 505 3179 p.
522 3138 574 3177 88,
587 3144 617 3169 et
633 3139 729 3169 ΡΑ111,.
747 3138 768 3167 V
786 3140 814 3169 in
832 3137 987 3176 Epoc.XI.
1029 3140 1048 3168 t.
1068 3137 1100 3174 V,
1117 3144 1144 3172 p.
1162 3133 1201 3164 93
1219 3139 1288 3170 sqq.

84 3182 98 3204 3
113 3183 185 3223 Pag.
203 3182 256 3215 ⁶3ss.

1071 3178 1085 3197 Γ»
1102 3175 1166 3205 Viri.
1184 3184 1212 3212 p.
1230 3170 1335 3202 fii-20.
