2241 3473
451 133 590 164 VSQVE
610 136 665 163 An
687 135 903 163 PVBLICAM
925 137 1072 165 RERVM
1094 138 1137 165 IN
1159 136 1327 165 GALLIIS
1346 138 1669 167 SVBVERSIONEM

98 208 163 240 tra
194 201 486 240 incredulorum
522 207 563 240 et
597 203 767 240 Iansenii
801 204 1044 240 asseclarum

99 257 137 293 in
164 267 253 294 eam
287 255 597 292 coniurationem
632 257 788 293 fortiter
815 257 935 293 tuitus
961 261 1043 299 est,

98 316 141 346 ut
166 310 268 345 infra
301 309 492 347 dicemus.
527 310 666 346 Plures
697 311 734 346 in
764 312 979 347 Beatorum
1008 315 1047 347 et

100 364 238 400 Ssrum
265 375 472 399 numerum
500 365 644 400 retulit.
666 365 849 412 Optimus
867 364 1047 401 Pontifex

97 417 300 453 variorum
329 419 549 465 principum
577 418 862 465 oppositionem
896 423 934 454 et
961 430 1047 466 gra-

99 472 263 507 vitatem
292 478 480 519 expertus
505 477 577 508 est.

148 524 188 559 In
216 525 354 571 primis
389 532 595 572 postquam
621 526 734 562 Corsi
762 525 893 572 iugum
922 526 1049 571 reipu-

99 576 226 614 blicae
252 578 473 615 Genuensis
498 579 756 621 abiecissent,
782 590 900 626 seque
928 579 975 614 ab
1002 590 1049 614 ea

100 630 409 679 independentes
423 632 900 675 constituissent,Pasclial
909 632 940 668 is
951 631 1050 667 Pao-

102 684 141 727 li,
161 696 299 721 eorum
319 685 410 730 dux,
429 697 451 722 a
473 685 660 722 pontifice
678 686 940 721 visitatorem
960 696 1048 731 apo-

101 738 284 774 stolieum
313 740 438 787 petiit,
456 740 518 786 qui
546 751 609 776 res
628 739 933 782 ecclesiasticas,
953 739 1049 775 inte-

102 792 218 828 stinis
250 792 455 829 discordiis
490 794 691 837 turbatas,
719 793 945 829 absentibus
972 794 1052 839 epi-

101 846 233 894 scopis
251 853 521 893 componeret.
542 848 725 885 Clemens
742 847 846 890 XIII,
865 847 1050 895 requisito

102 898 251 936 frustra
283 906 446 936 senatus
468 901 699 937 *Genuensis
725 911 919 937 consensu
937 929 945 944 ,
974 901 1053 947 epi-

102 964 262 1000 scopum
291 954 521 990 Visitatoris
547 954 752 1002 apostolici
778 966 942 990 munere
968 954 1052 990 fun-

102 1012 263 1053 gentem
291 1007 329 1042 in
355 1008 557 1045 Corsicam
585 1008 812 1054 ablegavit,
838 1009 902 1055 qui
929 1009 1051 1044 eccle-

102 1062 182 1097 sias
208 1061 357 1098 insulae
387 1063 580 1104 visitaret,
609 1062 861 1108 episcopatus
889 1063 1052 1098 rectori-

103 1114 174 1151 bus
199 1115 404 1152 destitutos
429 1116 739 1159 administraret,
760 1115 974 1151 monachos
993 1127 1051 1151 re-

103 1168 297 1206 formaret
322 1170 699 1217 invigilaretque‚ne
719 1169 808 1216 quid
827 1169 1051 1206 detrimenti

104 1233 168 1258 res
193 1223 412 1259 christiana
438 1228 614 1270 caperet.
644 1224 812 1259 Senatus
832 1223 1052 1259 Genuensis

103 1276 256 1323 publico
283 1277 444 1313 decreto
471 1277 691 1324 praemium
720 1277 924 1313 constituit
949 1277 1051 1320 illis,

103 1329 167 1376 qui
185 1332 411 1378 episcopum
430 1331 690 1367 Visitatorem
702 1331 990 1378 interciperent
1008 1331 1054 1367 si-

105 1382 216 1429 bique
244 1384 461 1428 traderent,
481 1384 597 1420 simul
623 1384 721 1420 duas
750 1395 872 1420 naves
891 1384 929 1419 in
949 1395 1057 1420 eum-

103 1436 193 1472 dem
220 1436 339 1473 finem
366 1437 564 1477 instruxit,
591 1437 659 1473 sed
685 1439 847 1480 frustra;
867 1437 929 1472 ille
949 1437 1054 1473 enim

104 1490 143 1525 in
170 1491 373 1528 Corsicam
400 1491 568 1528 feliciter
594 1491 791 1539 pervenit,
811 1502 957 1537 suoque
977 1502 1055 1526 mu-

105 1555 201 1582 nere
234 1545 272 1580 in
311 1556 358 1581 ea
393 1557 464 1592 per
491 1546 625 1592 plures
652 1556 776 1580 annos
801 1545 956 1580 functus
983 1549 1053 1580 est.

108 1596 289 1635 Pontifex
313 1605 474 1635 senatus
500 1599 720 1642 decretum,
737 1604 923 1645 tanquam
942 1598 1057 1633 liber-

107 1654 179 1689 tati
207 1654 503 1690 ecclesiasticae
524 1659 564 1690 et
583 1654 857 1700 episcoporum
876 1652 1056 1699 dignitati

106 1718 260 1744 summe
287 1708 533 1751 iniuriosum,
561 1707 723 1744 rescidit
748 1711 788 1743 et
814 1707 993 1753 graviter
1010 1706 1056 1742 de

107 1761 244 1798 eodem
286 1761 335 1798 ad
360 1767 542 1798 senatum
580 1761 859 1808 expostulavit.
888 1761 1059 1796 Senatus

108 1827 206 1852 vero
233 1827 344 1852 suam
372 1816 514 1862 agendi
543 1816 736 1851 rationem
764 1814 978 1850 defendere
998 1825 1059 1849 co-

108 1874 225 1905 natus
251 1875 325 1913 est,
351 1881 440 1913 nec,
466 1869 540 1905 nisi
566 1879 731 1916 egresso
750 1879 772 1904 e
792 1868 955 1904 Corsica
973 1868 1059 1903 visi-

106 1928 250 1966 tatore,
279 1930 442 1971 pacatus
468 1923 552 1958 fuit.

155 1978 293 2014 Eidem
328 1977 511 2014 Pontifici
539 1977 740 2024 negotium
771 1977 934 2012 facessit
959 1976 1059 2012 Iose-

107 2032 207 2079 phus
232 2033 261 2074 Ι,
290 2044 361 2068 rex
388 2032 638 2075 Lusitaniae,
666 2031 729 2078 qui
747 2059 756 2074 ,
784 2042 874 2066 cum
903 2031 1060 2066 nuntius

108 2086 351 2134 apostolicus
370 2086 408 2121 in
427 2087 518 2121 aula
533 2085 860 2133 Ulyssipponensi
880 2096 1002 2132 aeque
1013 2096 1060 2121 ac

108 2140 406 2188 Torreggianus
425 2169 433 2182 ,
460 2139 674 2186 primarius
708 2138 912 2174 Pontificis
951 2138 1060 2174 mini-

108 2199 191 2230 ster
210 2222 220 2237 ,
247 2194 483 2230 lesuitarum
509 2205 530 2229 e
558 2193 762 2228 Lusitania
787 2192 1059 2239 expulsionem

109 2247 365 2294 improbaret,
393 2259 416 2283 a
441 2247 632 2283 Pontifice
661 2246 789 2293 petiit,
816 2250 859 2281 ut
876 2245 1060 2281 nuncium

111 2305 335 2344 revocaret,
361 2305 402 2337 et
419 2301 696 2348 Torreggiano
718 2300 754 2334 in
777 2299 943 2345 negotiis
962 2310 1061 2346 quae

111 2353 160 2391 ad
187 2365 352 2400 regnum
372 2354 597 2390 Lusitaniae
618 2355 865 2402 spectabant,
883 2365 960 2388 non
979 2358 1061 2389 ute-

111 2413 236 2445 retur.
271 2407 402 2449 Quum
433 2419 528 2444 vero
561 2408 745 2444 Clemens
778 2407 866 2442 XIII
902 2408 1059 2454 procaci

113 2462 198 2509 regi
217 2472 293 2497 non
313 2460 538 2502 assentiret,
558 2460 621 2496 hic
639 2471 743 2496 anno
764 2460 856 2497 1760
876 2460 1061 2495 nuncium

112 2514 371 2562 apostolicum
399 2524 468 2560 per
496 2513 639 2550 milites
657 2526 678 2550 e
699 2525 821 2560 regno
841 2512 990 2556 eduxit,
1009 2513 1060 2549 le—

110 2574 246 2616 gatum
274 2579 386 2603 suum
405 2567 507 2614 apud
522 2568 789 2614 Apostolicam
810 2567 953 2602 Sedem
973 2578 1060 2602 cum

111 2622 292 2659 omnibus
317 2620 480 2657 subditis
505 2623 586 2656 suis
613 2621 739 2656 Roma
758 2620 956 2662 avocavit,
975 2620 1061 2655 sub-

111 2676 212 2712 ditos
232 2674 450 2722 pontificios
464 2685 486 2710 e
504 2675 710 2710 Lusitania
723 2674 886 2716 amovit,
904 2684 1059 2709 merces

112 2741 134 2766 e
160 2729 306 2765 ditione
331 2728 511 2763 Romana
538 2728 576 2763 in
603 2739 769 2775 regnum
795 2738 906 2762 suum
927 2726 1059 2763 invehi

113 2783 322 2832 prohibuit,
337 2782 503 2830 denique
521 2782 700 2818 omnibus
719 2781 874 2817 clericis
892 2785 931 2817 et
952 2781 1062 2818 laicis

113 2896 198 2924 stum
217 2890 275 2924 SS.
296 2889 408 2922 Cordis
423 2890 495 2921 lesu
512 2889 542 2920 in
560 2888 708 2920 universa
725 2887 870 2920 Ecclesia
884 2887 1060 2929 quotannis

113 2936 270 2970 celebrari
282 2936 452 2968 mandavit.
467 2934 522 2966 Die
533 2943 607 2966 vero
621 2934 639 2964 2
655 2934 766 2975 aprilis
781 2933 961 2971 1875,aliis
978 2942 1060 2974 pene

114 2983 293 3015 innumeris
318 2982 548 3023 Episcoporum
575 2985 607 3011 et
630 2979 894 3011 christifidelium
915 2979 1063 3019 postula-

116 3027 273 3066 tionibus,
302 3027 381 3059 idem
410 3025 559 3058 Pontifex
577 3025 613 3056 ad
633 3025 797 3057 fovendam
817 3024 1059 3066 augendamque

115 3075 265 3117 pietatem
293 3082 367 3112 erga
391 3070 650 3104 sacratissimum
677 3070 749 3102 Iesu
776 3068 852 3107 Cor,
872 3069 1056 3102 universum

116 3119 268 3152 mundum
295 3118 402 3151 Eidem
430 3118 520 3150 Ssmo
539 3116 633 3148 Cordi
651 3116 864 3153 consecravit,
885 3120 915 3146 et
934 3115 1061 3148 Oratio-

116 3174 201 3204 nem,
218 3165 413 3196 recitandam
438 3164 476 3195 iis
503 3162 653 3195 omnibus
674 3162 729 3203 qui
747 3160 804 3194 SS.
822 3160 917 3193 Cordi
934 3161 1006 3194 lesu
1024 3171 1058 3194 se

116 3211 202 3253 ipsos
227 3210 386 3243 devovere
404 3209 580 3249 voluerint,
597 3207 794 3250 approbavit.

1908 128 1988 170 293

1100 203 1315 249 interdixit,
1335 217 1383 242 ne
1401 206 1484 243 sine
1503 206 1662 243 licentia
1681 206 1859 254 primarii
1878 207 2046 244 ministri

1098 258 1414 305 dispensationes
1452 265 1520 296 aut
1558 258 1850 297 concessiones
1871 260 1974 297 ullas
1999 261 2048 296 ab

1098 312 1187 347 aula
1228 314 1427 359 pontificia
1464 315 1648 361 peterent
1685 314 1748 350 vel
1777 314 1983 362 pecuniam
2010 314 2047 349 in

1101 366 1342 401 territorium
1370 367 1596 403 Romanum
1624 368 1841 404 mitterent.
1859 368 1948 404 Non
1974 367 2050 404 nisi

1099 419 1168 453 sub
1183 419 1386 456 Clemente
1403 419 1474 466 Pp.
1492 421 1584 456 XIV
1603 421 1798 458 discordia
1815 422 1971 458 sublata
1989 425 2050 458 est

1100 483 1203 508 anno
1224 474 1328 516 1770,
1348 485 1421 520 quo
1443 485 1511 510 rex
1531 486 1673 510 novum
1689 477 1875 511 nuncium
1892 475 2051 512 admisit

1100 532 1140 562 et
1166 527 1564 564 communicationem
1594 540 1680 564 cum
1701 530 1926 576 Apostolica
1945 529 2048 566 Sede

1103 581 1282 616 restituit.
1326 581 1452 617 Huius
1491 586 1530 617 et
1562 582 1731 619 aliarum
1759 583 2050 620 dissensionum

1101 639 1239 669 auctor
1266 634 1337 670 suit
1355 635 1551 672 Carvallio
1569 636 1816 680 de-Pombal,
1835 637 2048 683 primarius

1102 688 1206 733 regis
1234 689 1425 734 minister,
1453 701 1528 737 quo
1556 697 1643 738 post
1669 697 1837 727 mortem
1863 691 2014 739 Iosepbi
2036 691 2049 727 I

1102 741 1218 784 (1777)
1244 752 1267 777 a
1298 743 1430 779 Maria
1470 744 1684 780 Francisca
1722 745 1862 792 regina
1890 749 2022 781 amoto
2040 773 2050 789 ,

1101 796 1314 832 concordia
1332 798 1434 833 inter
1452 798 1582 834 aulam
1602 799 1867 836 Lusitanicam
1888 803 1928 836 et
1947 800 2052 847 Apo-

1102 849 1283 898 stolicam'
1307 851 1451 887 Sedem
1478 851 1679 898 integrata
1705 857 1777 889 est-

1150 903 1235 949 Ipse
1262 904 1339 940 dux
1367 904 1607 948 Parmensis,
1637 906 1816 952 quamvis
1843 906 1891 942 R.
1919 906 2052 943 Ponti-

1102 957 1180 1000 fici,
1206 961 1250 992 ut
1275 969 1460 1004 supremo
1482 958 1652 995 Parmae
1673 959 1846 1003 domino,
1862 960 2051 1004 subditus,

1103 1010 1347 1047 Clementem
1362 1012 1451 1047 XIII
1469 1012 1649 1059 graviter
1667 1013 1838 1049 offendit.
1861 1013 1930 1050 Ille
1948 1024 2051 1049 anno

1106 1065 1196 1100 1764
1230 1066 1382 1109 vetuit,
1417 1078 1466 1102 ne
1501 1066 1682 1103 ecclesiis
1707 1072 1774 1103 aut
1800 1067 2052 1104 monasteriis

1105 1118 1190 1164 plus
1208 1130 1324 1166 quam
1339 1120 1531 1167 vigesima
1551 1121 1670 1156 totius
1689 1120 1944 1157 haereditatis
1961 1132 2053 1168 pars

1106 1177 1341 1208 testamento
1369 1174 1596 1220 legaretur3
1617 1175 1834 1221 praecepit,
1862 1178 1904 1210 ut
1929 1175 2054 1222 quivis

1106 1231 1197 1261 ante
1214 1226 1497 1273 professionem
1515 1228 1739 1275 religiosam
1756 1228 1935 1264 omnibus
1945 1228 2055 1264 bonis

1108 1280 1392 1326 temporalibus
1404 1282 1552 1329 scripto
1565 1282 2054 1329 renuntiaret;statuitque,

1106 1339 1150 1369 ut
1174 1334 1297 1377 fundi,
1325 1339 1442 1371 antea
1469 1335 1624 1372 tributis
1650 1336 1829 1380 subiecti,
1857 1336 1997 1372 iisdem
2017 1347 2058 1372 e-

1108 1388 1201 1423 tiam
1217 1400 1240 1424 a
1259 1389 1365 1425 clero
1384 1389 1579 1436 acquisiti,
1599 1390 1818 1426 subessent.
1840 1389 2058 1437 Postquam

1109 1441 1291 1479 Pontifex
1317 1443 1455 1479 ducem
1490 1443 1537 1479 ad
1571 1444 1796 1480 revocanda
1822 1455 1870 1480 ea
1896 1443 2060 1479 decreta

1109 1495 1259 1532 frustra
1277 1497 1414 1533 fuisset
1432 1497 1624 1541 hortatus,
1639 1497 1753 1534 editis
1772 1509 1875 1534 anno
1892 1497 1984 1534 1768
2001 1497 2060 1533 lit-

1111 1549 1204 1585 teris
1222 1578 1230 1593 ,
1257 1550 1323 1586 illa
1357 1552 1574 1587 temeraria
1601 1555 1640 1587 et
1673 1552 1787 1587 irrita
1812 1551 2059 1591 declaravit,

1110 1602 1350 1641 Parmenses
1365 1605 1413 1640 ab
1427 1605 1652 1641 obedientia
1666 1604 1804 1641 iisdem
1820 1604 2060 1652 praestando

1110 1657 1291 1702 absolvit,
1318 1658 1455 1695 ducem
1477 1663 1516 1695 et
1533 1670 1685 1702 omnes,
1706 1659 1767 1706 qui
1787 1659 1837 1694 ad
1856 1657 2062 1695 condenda

1111 1711 1184 1747 ista
1202 1712 1364 1748 decreta
1382 1713 1582 1760 cooperati
1603 1712 1780 1755 fuissent,
1795 1712 2062 1749 excommuni-

1112 1765 1272 1810 cationi,
1285 1766 1324 1801 in
1342 1766 1509 1802 diversis
1527 1766 1805 1810 decretalibus,
1825 1767 2064 1814 praesertim

1111 1819 1148 1854 in
1176 1820 1289 1856 Bulla
1315 1820 1356 1856 in
1383 1820 1518 1856 Coena
1543 1820 1705 1859 Domini
1724 1821 1846 1864 latae,
1873 1815 2064 1856 obnoxios

1111 1874 1391 1920 pronuntiavit.
1438 1874 1703 1910 Nihilominus
1742 1874 1819 1910 dux
1841 1903 1849 1918 ,
1884 1874 2065 1910 aularum

1111 1928 1439 1971 Borbonicarum,
1451 1928 1587 1975 quibus
1603 1927 1795 1974 sanguine
1813 1928 2066 1974 iungebatur‚

1111 1981 1256 2017 auxilio
1283 1981 1410 2018 fretus
1428 2012 1436 2027 ,
1463 1982 1634 2018 decretis
1668 1982 1749 2018 suis
1779 1981 1941 2026 institit;
1976 1982 2066 2018 aula

1112 2035 1315 2071 Gallicana
1343 2036 1588 2072 Avenionem
1607 2065 1615 2080 ,
1642 2035 1911 2083 Neapolitana
1940 2036 2064 2072 Bene·

1112 2093 1270 2125 ventum
1297 2094 1338 2126 et
1364 2090 1718 2127 Pontem-Corvum
1746 2089 1967 2136 occupavit.

1158 2144 1242 2180 Has
1274 2144 1378 2180 inter
1417 2144 1590 2191 aliasque
1623 2143 1844 2179 simultates
1878 2144 2064 2180 Clemens

1114 2197 1218 2240 XIII,
1245 2198 1366 2233 animi
1392 2198 1520 2244 potius
1547 2208 1730 2233 moerore
1750 2225 1758 2241 ,
1786 2207 1900 2243 quam
1927 2207 2063 2243 corpo·

1115 2251 1166 2286 ris
1186 2252 1335 2295 morbo,
1349 2251 1533 2299 postridie
1559 2250 1742 2287 calendas
1761 2248 1950 2286 februarii
1968 2249 2061 2285 anni

1113 2305 1202 2341 1769
1229 2305 1448 2341 exstinctus
1474 2308 1548 2340 est.

1157 2359 1216 2395 63.
1243 2359 1382 2395 Status
1408 2357 1634 2394 schismatis
1658 2355 2056 2393 Ultraiectensis—In

1112 2413 1280 2448 Batavia
1313 2416 1445 2448 autem
1481 2423 1550 2448 seu
1578 2409 1788 2447 HoIlandia
1816 2410 2058 2447 lansenistae

1111 2466 1282 2501 schisma
1314 2477 1426 2501 suum
1462 2465 1567 2501 omni
1601 2477 1622 2501 e
1656 2468 1768 2512 parte
1795 2464 2057 2501 corroborare

1112 2520 1355 2556 conabantur
1374 2522 1398 2554 1.
1429 2520 1597 2555 Ioannes
1623 2517 1864 2561 Meindarts,
1897 2518 2061 2564 pseudo-

1111 2574 1429 2620 archiepiscopus
1447 2572 1743 2613 Ultraiectinus‚
1766 2574 1864 2616 post.
1888 2575 2058 2607 mortem

1111 2628 1296 2674 sacrilegi
1322 2626 1610 2663 consecratoris
1629 2625 1676 2660 D.
1701 2625 1755 2660 M.
1777 2624 1964 2668 Varletii,
1980 2636 2061 2662 me-

1112 2687 1223 2718 tuens
1249 2693 1298 2717 ne
1317 2685 1404 2729 post
1422 2681 1567 2716 obitum
1586 2689 1697 2714 suum
1718 2677 1971 2714 schismatica
1997 2690 2060 2715 ec-

1111 2735 1232 2771 clesia
1258 2735 1442 2781 episcopo
1462 2733 1600 2768 orbata
1626 2735 1822 2775 maneret,
1849 2731 1964 2767 sedes
1981 2732 2061 2780 epi-

1110 2789 1289 2836 scopales
1307 2786 1627 2823 Harlemiensem
1648 2789 1688 2821 et
1709 2784 2062 2831 DaventrIensem,

1111 2842 1254 2879 dudum
1281 2839 1667 2886 extinctas‚propria
1694 2839 1931 2875 auctoritate
1958 2839 2060 2887 exeis

1113 2897 1222 2940 tavit,
1243 2901 1285 2932 et
1307 2894 1354 2930 ad
1370 2893 1544 2940 priorem
1564 2892 1850 2939 Hieronymum
1866 2892 2057 2937 de·Bock,

1112 2955 1152 2987 et
1178 2955 1264 2997 post
1292 2948 1394 2984 hunc
1428 2948 1532 2982 Ioan.
1562 2946 1652 2982 Van
1685 2945 1890 2994 Stiphout,
1919 2946 1967 2982 ad
1994 2957 2059 2994 po-

1110 3003 1318 3040 steriorem
1358 3002 1469 3036 Bart.
1506 3001 1611 3036 Ioan.
1649 2998 1823 3047 Byeveld
1862 2999 2058 3037 ordinavit

1109 3057 1324 3104 episcopos.
1353 3054 1526 3101 Byeveld
1545 3065 1568 3089 a
1585 3053 1938 3106 Daventriensibus
1957 3053 2059 3091 reie-

1156 3204 1221 3239 ιε(
1238 3216 1270 3248 p.
1288 3182 1366 3238 205.
