2241 3473
406 136 532 167 VSQVE
562 137 614 164 An
643 136 846 166 PVBLICAM
874 135 1018 164 RERVM
1047 136 1088 163 IN
1117 137 1272 166 GALLIIS
1300 139 1606 168 SVBVERSIONEM

68 205 158 241 iure
187 199 333 239 dixeris
349 201 695 251 rationalistarum,
712 203 927 242 dcistarum
949 202 1010 241 at-

68 268 141 306 que
160 253 446 292 incredulorum
468 260 659 305 parentes.

120 307 396 356 Conspeximus
417 309 548 355 etiam,
573 310 671 358 quod
693 310 861 348 Unitarii
883 313 921 348 et
937 311 1010 349 So-

68 361 224 405 ciniani,
253 360 439 410 principio
470 363 746 411 protestantico
776 364 822 400 de
842 364 880 402 S.
903 364 1009 401 Scri-

68 417 182 465 ptura
213 416 378 459 utentes,
399 415 583 464 dogmata
604 417 650 454 de
671 417 737 455 SS.
759 417 953 454 Trinitatc
974 420 1013 454 et

68 467 272 506 divinit-ate
300 466 440 506 Christi
473 469 651 515 Domini,
681 473 796 517 atque
833 469 1012 508 universe

70 520 286 559 doctrinam
307 522 582 570 mysteriorum
603 523 810 560 reiecerint
831 520 854 559 ¹.

121 573 202 611 Hos
231 574 352 611 secuti
381 578 474 612 sunt
503 575 581 620 alii,
610 576 675 624 qui
697 575 760 612 vel
780 587 934 613 omnem
953 587 1013 612 re-

70 627 303 666 velationem
325 627 616 677 impugnarunt,
637 631 676 666 et
695 629 906 676 quamdam
928 628 1014 665 reli-

69 681 238 731 gionem,
267 692 380 728 quam
405 682 620 720 naturalem
643 682 833 727 dicebant,
854 683 1011 719 adstru-

68 735 228 779 xerunt,
248 733 312 770 vcl
334 734 640 773 indifferentiam
661 735 698 772 in
721 735 920 784 religionis
940 747 1011 772 ne-

69 788 176 838 gotio
205 787 430 833 docuerunt,
460 788 523 825 vel
552 788 589 825 in
609 788 910 837 scepticismum,
929 800 1014 826 ma-

68 840 351 886 terialismum,
387 843 506 889 atque
536 841 767 879 atheismum
797 842 1012 891 propende-

69 895 176 940 bant,
194 893 356 942 ideoque
376 893 534 942 deistae,
555 895 746 933 increduli
763 897 802 932 et
818 894 922 934 athei
943 906 1014 944 ap-

70 946 202 998 pellati
221 950 324 985 sunt.

122 1001 206 1038 Iam
225 1001 297 1038 sub
318 1001 465 1038 exitum
487 1000 629 1039 saeculi
651 1002 917 1050 praecedentis
936 1003 1017 1040 Ior-

70 1054 196 1092 danus
224 1054 394 1100 Brunus,
410 1054 598 1100 Nolanus,
619 1054 771 1093 deserto
792 1056 867 1094 FF.
890 1057 1015 1093 Prae-

69 1108 287 1146 dicatorum
309 1106 467 1154 Ordine,
487 1108 599 1145 modo
620 1108 786 1154 Calvini,
808 1109 920 1146 modo
940 1109 1014 1146 Lu-

71 1160 174 1198 theri
193 1160 349 1210 placita,
370 1161 499 1210 reipsa
519 1173 612 1198 vero
633 1162 918 1210 pantheismum
939 1163 1017 1199 im·-

71 1215 178 1264 pium
208 1213 408 1263 professus
437 1216 495 1251 est
512 1227 522 1261 ;
542 1214 606 1252 diu
628 1227 695 1264 per
716 1215 883 1253 Galliam
898 1245 907 1262 ,
926 1217 1019 1253 Hel·

72 1267 220 1305 vetiam
243 1296 253 1312 ,
282 1267 532 1305 Germaniam
550 1298 559 1314 ,
590 1270 629 1306 et
657 1269 837 1318 Angliam
859 1281 993 1307 errans
1012 1300 1021 1317 ,

71 1320 208 1360 deinde
237 1320 276 1358 in
309 1320 463 1358 Italiam
493 1322 632 1367 redux,
653 1334 714 1359 an.
739 1322 839 1360 1600
859 1324 1019 1369 Romae,

73 1375 112 1412 in
153 1373 354 1423 impietate
393 1374 574 1423 pertinax
591 1404 600 1422 ‚
640 1375 806 1413 flammis
851 1376 1020 1415 traditus

73 1427 158 1466 fuit.
188 1427 283 1465 Post
312 1439 401 1466 eum
431 1428 590 1466 Cosmas
617 1429 810 1477 Ruggieri
828 1459 837 1476 ,
856 1429 1018 1467 Floren-

73 1481 205 1527 tinus,
234 1492 308 1530 quo
348 1485 390 1519 ut
419 1481 616 1531 astrologo
650 1483 862 1520 Catharina
891 1483 1019 1520 Medi-

73 1547 156 1581 cea,
184 1534 322 1583 regina
353 1534 516 1581 Galliae,
548 1536 744 1583 utebatur,
766 1538 806 1573 et
826 1536 962 1574 vivens
982 1538 1022 1574 et

74 1587 243 1626 moriens
273 1587 288 1637 (
308 1587 408 1626 1615
426 1587 441 1638 )
473 1589 710 1626 atheismum
731 1589 928 1638 professus
949 1592 1018 1628 est.

74 1641 249 1680 Lucilius
265 1641 421 1687 Vanini,
441 1641 722 1691 Neapolitanus
734 1672 743 1689 ,
764 1655 786 1680 a
804 1643 1021 1681 sacerdotio

75 1698 115 1734 et
141 1707 165 1732 a
193 1693 270 1732 fide
300 1697 498 1743 apostata,
518 1698 722 1744 postquam
749 1697 878 1734 varias
897 1699 1022 1734 terras

76 1748 476 1794 oberrasset,Tolosae
486 1748 1021 1799 philosophicas,theologicas

78 1805 118 1840 et
132 1801 303 1839 medicas
318 1802 606 1850 praelectiones
621 1802 770 1849 habuit;
783 1816 856 1840 non
867 1805 1020 1841 tantum

76 1855 307 1901 revelatam,
322 1855 390 1892 sed
407 1855 526 1893 etiam
543 1856 763 1893 naturalem
779 1856 1021 1906 religionem,

76 1909 146 1947 Dei
164 1907 428 1954 existentiam,
445 1909 597 1946 animae
616 1909 1019 1956 immortalitatem‚a-

77 1962 208 2011 liaque
237 1961 484 2011 impugnavit
499 1962 537 1999 in
554 1962 634 2000 suis
650 1963 822 2012 Dialogis
838 1963 885 2001 de
901 1963 1021 2001 admi-

78 2015 211 2054 randis
231 2019 398 2053 naturae
421 2015 579 2064 reginae
596 2016 768 2064 deaeque
797 2017 1022 2054 mortalium

77 2069 240 2115 arcanis3
269 2080 330 2106 an.
357 2069 456 2107 1619
472 2071 628 2107 senatus
654 2069 837 2107 Tolosani
867 2071 1021 2108 decreto

78 2124 236 2172 propter
251 2122 410 2171 impiam
430 2122 646 2160 doctrinam
658 2122 738 2172 igni
751 2123 919 2161 traditus
935 2123 1021 2162 fuit.

78 2176 139 2214 Ex
159 2175 283 2213 Gallis
303 2187 406 2214 saec.
426 2176 522 2213 XVI
539 2175 774 2214 atheismum
795 2177 927 2214 docuit
943 2178 1023 2215 Ste-

78 2230 179 2278 phan
187 2241 231 2267 us
244 2228 370 2267 Dolet.
387 2229 556 2267 Thomas
572 2230 738 2276 Hobbes,
751 2231 901 2279 anglus,
914 2242 1021 2268 com-

78 2281 252 2320 muniter
261 2282 385 2320 dictus
394 2282 641 2332 philosophus
653 2284 693 2321 M
699 2284 1025 2334 almesbyriensis,

79 2347 141 2374 an.
166 2335 266 2373 1679
286 2336 447 2373 Harvici
469 2339 668 2383 mortuus3
689 2348 842 2374 omnem
861 2337 1023 2387 religio-

79 2400 166 2426 nem
186 2388 327 2426 abiecit
344 2389 382 2425 in
398 2389 550 2438 scriptis
570 2390 778 2434 suis,inter
797 2403 895 2439 quae
917 2391 1021 2428 cele-

79 2442 185 2479 brior
200 2444 259 2480 est
275 2442 504 2479 Levz’athan
514 2443 596 2481 sive
609 2455 632 2481 ‹<
642 2443 697 2480 De
714 2444 891 2491 materia,
900 2444 1025 2482 forma

80 2497 121 2532 et
149 2497 341 2544 potestate
374 2495 545 2533 civitatis
583 2496 870 2535 ecclesiasticae
899 2500 939 2535 et
966 2497 1024 2534 ci-

80 2548 170 2586 vilis
185 2560 232 2596 »3
253 2559 386 2586 omnes
415 2548 624 2598 religiones
653 2562 674 2586 e
695 2551 850 2596 timore,
867 2562 1026 2588 consue-

79 2601 214 2639 tudine
260 2604 301 2639 et
345 2601 568 2651 ignorantia
609 2603 806 2641 derivavit
823 2617 832 2650 3
867 2605 1026 2641 cunctos

81 2654 245 2693 affectus
273 2656 313 2693 et
332 2654 452 2692 animi
471 2658 598 2693 motus
609 2657 726 2705 atque
741 2656 851 2695 exiis
870 2668 1027 2694 nascen-

80 2709 139 2746 tes
158 2708 328 2746 actiones
349 2709 388 2745 in
408 2720 449 2745 se
469 2711 508 2745 et
535 2711 648 2746 extra
676 2710 901 2747 societatem
922 2711 1023 2748 civi-

79 2761 156 2799 lem
177 2773 260 2799 esse
280 2761 559 2808 indifferentes,
578 2763 800 2811 moraleque
820 2763 1022 2801 discrimen

79 2814 180 2852 inter
199 2815 343 2852 bonum
369 2817 408 2852 et
437 2814 585 2852 malum
611 2828 632 2853 e
660 2816 881 2854 definitione
909 2819 1023 2866 pote-

80 2868 191 2906 statis
220 2868 344 2906 civilis
374 2868 626 2915 descendere,
655 2870 867 2907 contendit.
897 2870 1023 2908 Bene-

82 2921 209 2959 dictus
239 2922 423 2970 Spinoza,
452 2921 764 2962 Amstelodamus
783 2952 792 2969 ,
822 2935 884 2961 an.
924 2924 1024 2961 1677

80 2975 216 3024 Hagae
252 2975 409 3013 Comitis
444 2977 641 3023 mortuus,
671 2976 779 3023 prius
809 2977 1021 3024 revelatae,

81 3033 213 3077 postea
225 3029 348 3066 omnis
365 3028 561 3078 religionis
576 3029 849 3068 adversarium
865 3042 904 3068 se
918 3031 1022 3068 exhi-

80 3082 185 3130 buit;
209 3082 434 3132 religionem
464 3082 680 3122 revelatam
710 3082 957 3134 impugnavit
985 3084 1022 3122 in

125 3208 135 3230 ¹
159 3209 223 3243 Vid.
238 3219 287 3251 pp.
309 3209 366 3243 168
383 3213 412 3242 et
428 3209 498 3242 183.

1860 130 1938 169 239

1052 204 1224 241 tractatu
1243 204 1926 254 theologico-politico,summamque
1938 217 1993 243 rc-

1054 256 1206 305 ligionis
1233 258 1280 295 ad
1302 258 1372 295 hoc
1402 258 1580 296 reduxit:
1601 259 1726 296 Deum
1748 270 1832 297 esse
1860 260 1993 297 aeter-

1054 322 1157 355 num,
1179 311 1528 360 omnipraesentcm
1545 342 1555 359 ,
1575 312 1748 350 omnium
1770 324 1900 350 rerum
1922 313 1993 350 do-

1056 363 1287 401 minatorem
1310 367 1349 401 ct
1371 365 1586 412 dominum,
1601 365 1773 403 iustitiae
1795 368 1833 404 et
1853 366 1996 404 amoris

1055 417 1241 454 exercitio
1258 416 1474 464 colendum3
1491 430 1567 464 eos,
1583 419 1649 466 qui
1666 419 1701 456 id
1718 419 1893 466 fecerint,
1910 420 1997 458 bea·

1056 470 1261 507 titudinem
1283 471 1494 508 coelestem
1524 475 1811 511 consecuturos.
1833 473 1995 511 Omnem

1055 534 1147 560 vcro
1170 523 1397 572 religionem
1419 524 1666 573 impugnavit
1692 526 1730 563 in
1761 537 1890 574 opere,
1912 529 1996 575 post

1054 576 1138 613 eius
1155 579 1317 613 mortcm
1330 577 1365 613 in
1383 576 1506 614 lucem
1529 578 1632 616 edito
1652 579 1751 626 quod
1772 579 1996 618 inscribitur

1057 641 1078 666 «
1100 629 1240 667 Ethica
1268 640 1374 667 more
1398 631 1630 678 geometrico
1659 632 1927 671 demonstrata
1947 645 1995 682 »3

1056 683 1092 719 in
1122 694 1166 719 co
1191 683 1403 720 secundum
1431 683 1682 733 Xenophanis
1711 689 1996 733 commentum,

1057 747 1078 773 ‹<
1090 735 1219 773 Unum
1231 747 1314 773 esse
1329 736 1598 786 omnia,neque
1610 738 1646 775 id
1656 750 1739 776 esse
1755 739 1997 785 mutabile,et

1055 789 1091 826 id
1105 801 1188 827 esse
1204 801 1339 826 verum
1352 789 1513 837 Deum»,
1525 792 1814 838 contendit,non
1827 805 1909 831 esse
1925 793 1998 831 nisi

1057 843 1208 880 unicam
1224 842 1494 889 substantiam,
1510 855 1608 892 quae
1629 848 1686 882 est
1704 845 1783 894 ipse
1803 846 1918 892 Deus,
1935 859 1998 885 ex-

1054 896 1229 934 tensione
1245 898 1284 933 et
1300 896 1336 933 vi
1354 896 1550 944 cogitandi
1562 896 1766 945 infinitam,
1782 910 1831 937 ex
1847 899 1998 938 infinito

1056 953 1230 999 tempore
1242 949 1475 987 existentem
1488 953 1527 987 et
1542 951 1757 989 necessaria
1773 951 1858 1001 lege
1869 965 1908 990 se
1923 965 1999 991 mo-

1057 1003 1432 1050 dificantem;omnia
1446 1015 1545 1052 quae
1562 1004 1748 1051 existunt,
1757 1008 1795 1042 ct
1810 1006 1999 1053 fiunt,non

1057 1068 1139 1094 esse
1158 1056 1232 1094 nisi
1252 1056 1558 1094 modificationes
1574 1057 1679 1095 illius
1700 1058 1812 1096 unius
1828 1060 2003 1097 substan-

1059 1110 1149 1157 tiae;
1169 1110 1328 1159 proinde
1339 1112 1483 1164 cuncta
1498 1122 1582 1148 esse
1602 1111 1638 1147 in
1657 1111 1734 1148 Deo
1754 1114 1794 1149 et
1813 1113 1859 1150 ad
1877 1113 2000 1150 Deum

1060 1163 1265 1213 pertinere.
1288 1163 1372 1204 Quo
1393 1166 1606 1212 systemate
1625 1164 1847 1203 libertatem
1867 1167 2000 1205 huma—

1061 1228 1200 1254 narum
1222 1216 1416 1254 actionum
1436 1217 1606 1266 negavit.
1625 1218 1765 1256 Petrus
1785 1219 1921 1269 Bayle‚
1939 1231 1999 1258 an.

1063 1270 1164 1309 1647
1186 1270 1367 1308 Cartilati
1387 1270 1425 1307 in
1447 1270 1575 1308 Gallia
1595 1273 1721 1317 natus,
1736 1272 1842 1321 prius
1858 1273 2002 1310 Sedani

1061 1324 1100 1361 in
1121 1324 1490 1373 Campania,postea
1510 1325 1762 1362 Roterodami
1778 1326 1815 1363 in
1834 1326 2002 1364 Batavia

1062 1377 1344 1427 philosophiam
1365 1377 1506 1423 docuit,
1529 1377 1700 1426 obiitque
1720 1391 1781 1417 an.
1806 1379 1917 1427 17063
1938 1380 2001 1417 in-

1062 1434 1121 1468 ter
1147 1430 1224 1468 alia
1253 1442 1370 1479 opera
1399 1430 1559 1480 reliquit
1579 1433 1901 1470 commentarium
1921 1433 2003 1482 phi-

1063 1483 1302 1533 losophicum
1319 1485 1367 1522 ad
1383 1484 1485 1522 hunc
1500 1484 1704 1534 Evangelii
1723 1486 1862 1524 locum:
1884 1487 2004 1525 Com-

1061 1539 1164 1586 pelle
1202 1538 1384 1585 intrare3
1418 1539 1763 1577 commentationes
1793 1540 1840 1577 de
1869 1552 2003 1577 eome-

1064 1596 1103 1629 ta
1130 1591 1224 1628 anni
1258 1591 1378 1638 1680,
1405 1591 1683 1630 Dictionarium
1715 1592 2004 1632 historico—cri-

1064 1645 1196 1682 ticum.
1228 1644 1264 1682 Is
1293 1656 1337 1681 eo
1376 1645 1616 1690 collineavit,
1652 1648 1694 1683 ut
1730 1646 2006 1696 multiplicibus

1066 1697 1369 1746 sophismatibus
1400 1700 1440 1735 et
1459 1698 1642 1747 captiosis
1662 1699 1942 1738 obiectionibus
1962 1714 2005 1738 o-

1065 1763 1193 1789 mnem
1215 1751 1441 1799 religionem
1462 1752 1651 1790 incertam
1671 1753 1864 1801 redderet,
1898 1755 2009 1803 eique

1064 1805 1353 1854 scepticismum
1373 1808 1673 1854 superstrueret.
1686 1806 1916 1845 Franciscus
1938 1808 2007 1846 Pa·
2064 1818 2065 1821 ’

1059 1858 1122 1909 jot
1150 1859 1196 1895 de
1226 1858 1392 1904 Liniere,
1422 1862 1535 1908 poeta
1564 1859 1713 1907 Gallus,
1744 1862 1918 1899 mortuus
1947 1873 2008 1900 an.

1070 1911 1188 1959 1704,
1218 1915 1376 1961 propter
1396 1911 1655 1962 irreligiosam
1674 1925 1781 1951 suam
1803 1914 2010 1961 sentiendi,

1065 1966 1219 2003 dicendi
1263 1969 1302 2003 et
1343 1966 1504 2003 vivendi
1542 1966 1739 2004 licentiam
1782 1967 1921 2005 atheus
1962 1969 2009 2006 de

1065 2019 1300 2068 Sylvanecto
1316 2020 1449 2057 vocari
1461 2020 1618 2058 meruit.
1636 2019 1681 2057 Ei
1699 2020 1919 2059 simillimus
1934 2021 2009 2059 fuit

1066 2073 1314 2122 Theophilus,
1331 2073 1429 2111 alias
1439 2073 1581 2119 Viaud,
1593 2073 1659 2122 qui
1676 2073 1715 2111 in
1736 2073 1816 2112 suis
1831 2075 2008 2124 poe'sibus

1066 2126 1291 2174 religionem
1313 2129 1353 2163 et
1368 2127 1614 2164 honestatem
1641 2127 1827 2176 despexit.
1839 2127 2008 2166 Mathias

1067 2180 1262 2226 Knutzen,
1277 2180 1668 2224 Slesvicensis,1enae
1682 2185 1721 2218 et
1740 2180 1778 2218 in
1795 2180 1879 2219 aliis
1900 2181 2007 2218 urbi-

1067 2235 1137 2271 bus
1158 2245 1372 2283 propagare
1394 2234 1562 2271 tentavit
1575 2234 2009 2272 societatemConscien·

1068 2287 1287 2334 tiariorum,
1307 2287 1406 2325 idest
1424 2287 1546 2324 libere
1564 2288 1610 2325 de
1630 2288 1818 2337 religione
1835 2288 2008 2325 sentien-

1067 2341 1163 2379 tium
1184 2343 1223 2378 et
1251 2352 1363 2378 suam
1380 2340 1621 2378 solummodo
1644 2341 1915 2378 conscientiam
1944 2352 2009 2378 se-

1067 2393 1327 2443 quentium3in
1349 2393 1503 2443 scriptis
1523 2394 1602 2431 suis
1621 2394 1738 2442 ipsius
1758 2394 1828 2431 Dei
1845 2394 2011 2431 existen-

1066 2448 1161 2485 tiam
1174 2449 1213 2485 et
1232 2448 1386 2485 animae
1401 2446 1736 2484 immortalitatem
1752 2447 2009 2497 impugnavit.

1068 2500 1299 2538 Guilielmus
1310 2500 1460 2546 Stosch,
1475 2500 1694 2546 Berolinus,
1711 2503 1887 2538 mortuus
1909 2512 2009 2538 anno

1071 2554 1182 2601 1707,
1202 2554 1242 2591 in
1263 2554 1377 2600 libro,
1393 2554 1454 2591 cui
1475 2553 1626 2591 titulus:
1648 2554 1871 2591 Concordia
1886 2555 2009 2592 ratio-

1069 2610 1134 2646 πίε
1152 2612 1192 2644 ec
1207 2607 1315 2657 fidei,
1333 2619 1401 2645 seu
1422 2607 1629 2644 harmonia
1649 2607 1915 2656 philosophiae
1934 2619 2011 2645 mo·

1067 2661 1159 2699 ralis
1179 2663 1220 2698 et
1235 2660 1436 2710 religionis
1451 2659 1701 2706 christianae,
1720 2660 1915 2698 doctrinas
1931 2660 2011 2710 Spi-

1067 2726 1196 2761 nozae,
1217 2716 1257 2752 et
1276 2710 1468 2751 Hobbesio
1489 2713 1663 2762 proprias
1682 2713 1957 2762 propugnavit.

1120 2768 1199 2806 Alii
1219 2769 1487 2817 oppugnantes
1516 2765 1767 2803 christianam
1794 2767 2008 2805 revelatio-

1069 2833 1169 2868 nem,
1186 2821 1468 2859 adstruxerunt
1483 2818 1722 2867 religionem,
1736 2830 1852 2868 quam
1869 2824 2012 2859 vocant

1070 2874 1305 2920 naturalem,
1322 2876 1362 2911 et
1376 2872 1634 2909 communiter
1650 2873 1797 2910 deistae
1816 2873 2010 2912 dicuntur.

1070 2927 1379 2967 Naturalismum
1400 2927 1475 2962 iam
1492 2925 1647 2962 saeculo
1664 2927 1909 2974 praecedenti
1930 2938 2012 2975 pro-

1069 2980 1259 3032 pugnavit
1271 2980 1431 3017 Ioannes
1451 2979 1586 3025 Bodin,
1606 2978 1904 3018 iurisconsultus
1917 2980 2012 3018 Gal-

1070 3037 1140 3081 lus,
1156 3035 1333 3072 mortuus
1354 3044 1415 3069 an.
1435 3032 1547 3078 1596,
1563 3032 1626 3080 qui
1644 3035 1870 3081 praesertim
1886 3033 1926 3070 in
1943 3045 2010 3071 suo

1069 3087 1435 3136 Heptaplomerone
1471 3085 1517 3123 de
1551 3086 1691 3124 abditis
1725 3098 1856 3124 rerum
1886 3086 2010 3124 subli-

1070 3143 1190 3180 mium
1210 3138 1383 3186 arcanis,
1403 3138 1649 3188 Religionem
1676 3139 1924 3178 christianam
1946 3140 2007 3177 vi-

1070 3193 1243 3244 lipendit,
1259 3195 1298 3231 et
1317 3192 1420 3231 inter
1440 3204 1570 3232 omnes
1590 3192 1809 3243 religiones,
1824 3193 1904 3232 Deo
1924 3204 2009 3243 gra-
