2241 3473
195 103 271 142 132

144 180 324 219 basilicas
344 176 598 225 occuparunt,
616 174 717 208 bona
727 169 982 208 ecclesiarum
995 176 1097 202 com-

143 234 330 284 pilarunt,
351 233 390 268 et
409 227 615 278 praecipue
630 225 669 261 in
686 220 970 260 ecclesiasticos
986 220 1025 255 et
1033 218 1098 254 ho-

144 285 364 324 noratiores
397 282 503 318 viros
530 277 664 325 multis
697 274 821 312 modis
856 271 1095 309 saevierunt.

146 342 219 378 An.
241 338 318 374 439
338 335 524 381 occupata
545 328 779 376 Carthagine
792 356 801 372 ,
821 327 933 361 tanto
963 323 1097 360 furore

146 393 186 429 in
206 388 424 428 Catholieos
444 381 673 421 debacchati
694 381 799 424 sunt,
821 380 865 414 ut
887 377 933 414 de
963 386 1098 413 eorum

146 442 351 490 Religione
371 440 410 475 in
431 436 566 474 Africa
582 433 870 470 conclamatum
886 429 1098 466 videretur.

146 493 347 532 Possidius
367 490 566 538 episeopus
592 484 833 523 Calamensis
849 512 858 528 ,
887 492 1100 528 rerumque

147 547 261 585 testis
281 544 471 586 oculatus,
492 540 539 576 de
560 536 844 587 persecutionis
865 533 1032 572 saevitia
1052 534 1104 569 lo-

149 609 274 648 quens
295 592 454 633 scribit:
477 605 499 629 «
518 590 793 628 Vandalorum
815 591 973 638 gentem
999 584 1105 622 omni

149 650 389 689 saevientem
410 644 646 683 crudelitate
667 646 706 680 et
727 641 948 685 atrocitate,
969 638 1103 676 caedi-

148 701 407 748 bus,aliisque
424 696 776 736 innumerabilibus
792 697 831 732 et
846 693 1016 730 infandis
1028 703 1107 728 ma-

147 757 196 793 lis
217 753 492 802 depopulatam
513 762 610 795 esse;
632 749 729 786 nulli
750 747 876 792 sexui,
894 744 991 783 nulli
1012 755 1105 791 par-

150 810 303 845 centem
324 805 459 850 aetati,
480 815 552 840 nec
573 803 667 851 ipsis
687 801 759 838 Dei
780 798 1047 838 sacerdotibus
1067 798 1107 833 et

150 859 360 904 ministris,
380 869 452 894 nec
471 856 563 905 ipsis
584 854 841 892 ecclesiarum
867 850 1108 889 ornamentis

151 913 216 950 vel
237 910 438 949 aedificiis:
456 909 639 946 ecclesias
658 905 927 944 sacerdotibus
944 906 983 940 et
998 902 1110 939 mini-

152 965 243 1003 stris
252 964 474 1007 destitutas,
487 962 735 1009 virginesque
748 970 879 996 sacras
888 962 927 994 et
936 966 1109 1004 quosque

151 1017 394 1056 continentes
421 1015 565 1063 ubique
583 1014 803 1060 dissipatos3
825 1014 864 1047 et
879 1011 919 1047 in
935 1009 997 1046 his
1013 1008 1109 1045 alios

153 1069 340 1108 defecisse
360 1067 589 1111 tormentis,
609 1066 706 1103 alios
732 1063 861 1114 gladio
889 1063 1110 1111 peremptos

153 1136 252 1169 esse,
275 1122 372 1159 alios
392 1121 431 1158 in
449 1119 703 1168 captivitate,
733 1116 887 1166 perdita
922 1114 1043 1151 animi
1072 1115 1111 1150 et

154 1176 329 1225 eorporis
353 1174 579 1222 integritate
600 1174 640 1208 et
668 1171 778 1215 fidei,
800 1168 903 1206 malo
933 1179 1042 1204 more
1072 1169 1112 1203 et

155 1231 253 1268 duro
269 1227 446 1266 hostibus
467 1225 691 1263 deservire:
712 1224 882 1271 hymnos
910 1224 950 1258 et
977 1220 1113 1257 laudes

156 1285 203 1320 de
227 1280 401 1319 ecclesiis
421 1278 643 1326 deperiisse,
666 1278 704 1313 et
724 1274 902 1312 aedificia
922 1273 1111 1310 ecclesia-

156 1348 242 1374 rum
264 1331 561 1383 quamplurimis
581 1331 619 1367 in
640 1329 735 1366 locis
754 1328 844 1377 igne
861 1330 1114 1363 concremata

159 1386 261 1426 esse¹
280 1399 316 1424 ».
332 1385 452 1423 Addit
469 1384 606 1421 Victor
621 1382 808 1426 Vitensis,
824 1383 977 1417 tantam
993 1378 1114 1416 fuisse

156 1440 427 1479 Vandalorum
456 1437 724 1484 impietatem,
754 1435 798 1471 ut
819 1432 1115 1470 Catholicorum

159 1493 342 1532 ecclesias
362 1490 542 1540 ingressi,
563 1500 636 1537 quo
666 1492 839 1535 tempore
868 1487 1115 1522 sacramenta

160 1546 305 1596 populo
341 1543 744 1585 administrabantur,
765 1540 913 1587 Corpus
943 1540 982 1574 et
1010 1537 1115 1574 San-

161 1601 318 1649 guinem
341 1597 487 1634 Christi
509 1593 747 1644 pavimentis
768 1592 1024 1641 spargerent,
1044 1602 1115 1639 pe-

161 1653 275 1690 dibus
297 1650 495 1688 calcarent
515 1647 540 1685 ².

216 1704 417 1742 Grandem
437 1702 573 1749 itaque
587 1700 878 1748 tempestatem,
893 1708 1116 1745 magnaque

161 1757 337 1807 pericula
357 1755 522 1793 ecclesia
542 1752 728 1790 Africana
749 1752 854 1788 hisce
874 1749 1117 1798 temporibus

163 1810 292 1848 subiit.
314 1809 356 1846 Id
386 1811 518 1845 tamen
548 1805 639 1843 boni
668 1817 716 1841 ex
746 1805 818 1841 hac
848 1803 1118 1852 persecutione

163 1865 344 1901 secutum
367 1863 447 1905 est,
478 1859 581 1908 quod
612 1857 728 1895 multi
757 1857 978 1893 sacerdotes
1008 1855 1119 1892 Fidei

164 1922 284 1953 eausa
303 1915 342 1951 in
366 1913 527 1950 exilium
549 1911 662 1947 eiecti
684 1914 724 1947 et
744 1909 911 1945 navibus
932 1907 1118 1956 impositi,

166 1969 206 2006 in
229 1968 327 2005 alias
343 1966 522 2015 regiones
538 1964 692 2001 dissitas
707 1962 974 2011 pervenerint,
988 1960 1120 2008 ibique

168 2021 425 2059 christianam
446 2018 676 2066 religionem
696 2014 949 2064 propagarint
968 2011 1011 2050 ³..

224 2074 287 2111 87.
321 2071 485 2120 Synodz’
512 2070 743 2117 Regiensis,
778 2068 1045 2104 Arausz'eana
1084 2070 1124 2102 et

181 2127 431 2164 Vasensz's—
446 2124 540 2160 Post
577 2121 848 2159 Vandalorum
883 2119 1121 2156 invasionem

169 2178 348 2218 Africani
369 2176 535 2226 episcopi
557 2178 760 2212 consuetas
782 2173 963 2221 synodos,
990 2172 1027 2208 in
1045 2170 1122 2219 qui-

169 2233 241 2269 bus
261 2235 319 2268 tot
339 2242 470 2267 sacras
490 2230 596 2278 leges
617 2239 685 2275 pro
707 2225 911 2274 disciplina
931 2227 971 2262 et
992 2224 1120 2262 eccle-

169 2285 326 2323 siastico
347 2282 539 2332 regimine
560 2280 839 2323 condiderunt,
862 2278 1123 2314 intermittere

170 2337 295 2375 coacti
316 2341 419 2374 sunt.
441 2336 485 2372 In
508 2332 651 2371 Galliis
672 2345 731 2369 an.
755 2332 832 2369 439
852 2330 1022 2379 episcopi
1056 2330 1101 2367 13
1115 2359 1124 2374 ,

171 2390 347 2440 praeside
368 2401 396 2426 s.
419 2388 570 2425 Hilario
592 2385 834 2429 Arelatensi,
855 2386 1124 2421 convenerunt

171 2443 340 2492 Regium
371 2442 410 2478 in
440 2440 643 2490 provincia
659 2436 903 2476 Narbonensi
921 2448 990 2485 pro
1007 2447 1125 2473 causa

170 2494 436 2539 Armentarii,
466 2494 531 2542 qui
563 2496 699 2530 contra
725 2502 893 2528 canones
923 2490 1126 2538 episcopus

173 2547 462 2587 Ebredunensis
482 2546 613 2584 fuerat
628 2545 844 2582 ordinatus.
859 2543 963 2580 Editi
979 2544 1071 2579 sunt
1086 2541 1124 2578 in

173 2603 246 2639 hac
265 2602 414 2650 synodo
435 2610 601 2637 canones
621 2599 658 2643 8,
679 2608 843 2646 quorum
867 2594 902 2632 1⁸
924 2596 1020 2632 dnos
1041 2594 1125 2644 epi-

173 2666 321 2703 scopos,
343 2654 407 2701 qui
429 2651 725 2690 Armentarium
746 2650 989 2692 ordinarant,
1005 2647 1127 2684 conci-

174 2708 234 2744 liis
254 2706 462 2744 ordinariis
482 2705 672 2742 interesse
693 2705 824 2747 vetat3
845 2700 883 2738 2⁸
912 2700 1126 2738 ordinatio-

175 2772 263 2797 nem
284 2758 519 2796 Armentarii
548 2757 700 2795 irritam
725 2755 918 2800 declarati
948 2752 987 2791 6³
1017 2756 1056 2790 et
1086 2752 1125 2789 7³

176 2813 396 2861 prohibent,
417 2823 463 2848 ne
485 2811 571 2860 quis
593 2810 824 2847 clericorum
854 2807 900 2844 ad
922 2806 1126 2844 ecclesiam

175 2865 288 2903 modo
309 2867 514 2901 vacantem
536 2863 694 2901 accedat
722 2863 878 2911 praeter
906 2860 1127 2909 episcopum

219 2993 226 3013 ¹
254 2991 331 3023 Vita
347 3002 372 3022 s,
388 2990 591 3029 Auyustini,
608 3000 632 3021 c.
647 2989 702 3024 2&
718 2990 840 3026 Barea,
854 2986 891 3017 ad
905 2997 954 3017 an.
968 2985 1042 3024 437;
1057 2987 1129 3018 Rui-

176 3038 255 3069 nari,
274 3033 363 3063 llist.
377 3038 551 3071 persecut.
574 3031 715 3062 Vandal.
734 3030 752 3060 l.
770 3030 788 3060 Ι.

216 3075 231 3095 ‘²
249 3076 296 3105 De
308 3079 470 3114 persecut
499 3073 641 3103 Vamlal.
660 3073 678 3102 Ι.
696 3073 714 3101 Ι.

217 3117 230 3135 ²³
248 3115 432 3156 Martyrol.
451 3115 547 3145 Rom.
566 3114 576 3143 1
600 3117 677 3152 sept.

218 3157 230 3179 4
249 3157 359 3194 Lablic,
377 3155 502 3187 Concu.
518 3159 536 3185 t.
554 3155 606 3191 ΙΙΙ,
624 3164 652 3193 p.
670 3152 760 3184 1281.

617 107 773 137 EPOCHA
801 105 857 132 111.
887 105 915 132 A
943 98 1226 129 CONVERSIONE
1253 97 1522 127 CONSTANTINI
1548 96 1595 124 M.

1143 165 1332 214 vicinum,
1349 169 1416 216 qui
1436 166 1608 206 defuncti
1628 167 1815 206 antistitis
1834 165 2021 216 exequias
2036 173 2104 203 cu-

1142 221 1226 265 ret,
1255 221 1450 258 bonorum
1480 220 1669 258 ecclesiae
1696 220 1864 258 indicem
1894 218 2102 265 conficiat,

1143 272 1285 309 deinde
1306 274 1355 311 ad
1375 273 1582 310 ecelesiam
1597 285 1709 310 suam
1724 275 1963 318 revertatur,
1979 272 2103 309 donec

1143 325 1192 362 ad
1226 327 1320 363 novi
1348 325 1518 375 episcopi
1547 326 1779 364 electionem
1807 323 2102 374 metropolitani

1144 377 1290 415 litteris
1309 381 1500 416 evocetur
1522 377 1548 416 ¹.

1197 431 1310 469 Anno
1330 432 1406 468 441
1436 431 1541 468 idem
1568 430 1746 469 Hilarius
1776 433 1971 480 synodum
1999 429 2103 468 cele-

1144 483 1279 520 bravit
1296 484 1537 528 Arausione‚
1557 484 1598 521 in
1614 496 1690 531 qua
1709 485 1803 522 editi
1823 487 1914 522 sunt
1933 488 2102 522 canones

1146 536 1209 574 30.
1230 536 1274 572 In
1295 537 1355 574 his
1375 537 1478 574 inter
1509 537 1586 573 alia
1605 537 1815 582 statuitur,
1843 549 1891 574 ne
1919 537 2105 584 deinceps

1147 589 1390 627 diaconissae
1403 590 1680 627 ordinarentur
1695 588 1721 627 ⁵.
1738 591 1782 627 In
1798 590 1946 638 synodo
1955 590 2112 627 Vasen-

1148 642 1200 688 si,
1220 654 1321 689 quae
1343 654 1444 679 anno
1464 643 1642 691 sequenti
1673 645 1811 681 coacta
1839 642 1939 690 fuit,
1959 639 2109 680 conditi

1148 698 1239 733 sunt
1259 707 1430 732 canones
1452 695 1501 733 10
1524 695 1551 732 ².

1203 747 1265 785 88.
1290 748 1330 785 S.
1352 748 1430 784 Leo
1450 748 1475 785 I
1493 748 1692 796 Pontifeae
1713 747 1801 800 (cm.
1823 746 2110 798 440)-Sum-

1149 812 1256 837 mum
1273 800 1473 838 Ecclesiae
1494 800 1765 849 pontificatum
1785 804 1880 839 tunc
1900 801 2067 850 gerebat
2080 810 2109 838 S.

1150 853 1230 890 Leo
1241 853 1281 913 ·1‚
1301 853 1366 901 qui
1387 865 1490 890 anno
1511 855 1589 891 440
1609 854 1739 904 Xysto
1755 856 1812 892 111
1829 853 2013 892 defuncto
2029 864 2112 892 sue-

1152 908 1270 965 cessit
1306 906 1496 955 annisque
1526 907 1578 944 20
1612 907 1829 946 Ecclesiam
1863 906 2110 945 sanctissime

1152 962 1266 996 rexit.
1301 959 1376 996 Hic
1409 960 1590 1008 pontifex
1619 961 1827 999 Rusticum
1842 990 1852 1006 ,
1886 959 2112 1008 episcopum

1152 1011 1461 1057 Narbonensem,
1482 1025 1522 1050 se
1543 1013 1768 1063 episcopatu
1797 1012 1980 1050 abdicare
2000 1011 2113 1060 cogi-

1153 1067 1327 1110 tantem,
1347 1065 1395 1102 ad
1416 1068 1750 1113 perseverandum
1769 1068 1810 1104 in
1841 1067 2023 1114 suscepto
2050 1065 2113 1102 la-

1153 1120 1248 1155 bore
1267 1119 1448 1155 hortatus
1468 1120 1550 1163 est,
1571 1122 1611 1157 et
1631 1120 1681 1157 ad
1703 1119 1786 1157 eius
1806 1117 2113 1156 consultationes

1155 1172 1202 1208 de
1222 1170 1415 1208 maiorum
1436 1171 1667 1210 clericorum
1688 1171 1930 1210 continentia
1949 1172 1990 1208 et
2017 1182 2114 1220 poe-

1156 1224 1336 1269 nitentia,
1353 1224 1400 1260 de
1415 1224 1519 1261 votis
1535 1226 1575 1261 et
1590 1225 1830 1274 professione
1847 1223 2053 1267 castitatis,
2068 1223 2116 1260 de

1156 1276 1311 1326 publica
1333 1277 1574 1325 poenitentia
1595 1278 1759 1326 aliisque
1780 1276 1986 1326 respondit
2000 1275 2027 1314 ³.
2046 1276 2120 1313 Pe-

1156 1329 1355 1378 lagianam
1377 1330 1595 1376 haeresim,
1624 1331 1664 1368 in
1692 1331 1898 1380 provincia
1926 1328 2120 1367 Venetica

1158 1382 1482 1431 repullulantem,
1496 1384 1666 1422 exscidit
1681 1383 1709 1421 ⁴.
1722 1381 2120 1422 Priscillianistarum

1160 1435 1366 1473 audaciam
1387 1436 1427 1472 in
1453 1435 1643 1484 Hispania
1671 1437 1856 1485 repressit
1883 1435 1909 1473 ⁵.
1938 1435 2013 1473 An.
2043 1433 2121 1472 445

1159 1489 1352 1537 synodum
1372 1488 1524 1526 Romae
1544 1490 1761 1527 celebravit
1780 1490 1820 1526 in
1842 1500 1963 1526 causa
1983 1499 2012 1526 s.
2042 1487 2120 1525 Hi-

1160 1541 1265 1587 larii,
1285 1541 1456 1590 episcopi
1483 1543 1742 1587 Arelatensis,
1763 1541 1830 1590 qui
1850 1541 2005 1588 iuribus
2034 1552 2123 1578 me-

1159 1593 1394 1643 tropoliticis
1414 1593 1454 1630 in
1476 1592 1692 1633 Viennensi
1711 1598 1752 1634 et
1769 1593 2019 1633 Narbonensi
2030 1605 2122 1642 pro-

1152 1647 1313 1693 vinciis,
1343 1647 1539 1695 quondam
1567 1661 1590 1686 a
1618 1648 1768 1686 Zosimo
1797 1648 1869 1696 Pp.
1898 1645 2124 1684 Arelatensi

1161 1701 1340 1750 episcopo
1360 1701 1640 1747 concessis,sed
1654 1703 1790 1750 postea
1800 1699 2125 1745 revocatis,usus,

1164 1753 1409 1794 Celidonium
1431 1753 1653 1804 episcopum
1675 1754 1925 1802 deposuerat,
1945 1754 1986 1790 et
2003 1751 2044 1789 in
2062 1751 2125 1789 lo-

1163 1818 1253 1846 cum
1269 1805 1455 1851 Proiecti,
1471 1807 1642 1856 episcopi
1662 1805 1917 1856 aegrotantis,
1933 1805 2054 1843 alium
2070 1816 2130 1842 or-

1163 1861 1331 1899 dinarat.
1353 1859 1451 1896 Cum
1474 1860 1698 1898 Celidonius
1728 1858 1937 1897 manifesta
1964 1858 2126 1896 testium

1162 1912 1400 1962 depositione
1417 1924 1499 1950 sese
1511 1914 1733 1962 purgasset,
1750 1914 1791 1949 et
1801 1911 1992 1957 Hilarius,
2004 1922 2128 1948 eausa

1162 1976 1295 2004 coram
1315 1965 1463 2013 synodo
1483 1966 1692 2014 pendente,
1715 1965 1814 2002 clam
1837 1965 1968 2001 Roma
1987 1963 2128 2002 disces·

1163 2021 1289 2063 sisset,
1312 2017 1497 2055 Pontifex
1515 2018 1757 2056 Celidonium
1774 2016 1956 2062 absolvit,
1972 2016 2128 2054 Proiec-

1163 2074 1246 2109 tum
1266 2070 1305 2107 in
1327 2070 1416 2107 sede
1436 2082 1509 2108 sua
1529 2082 1760 2120 permanere
1780 2070 1916 2113 iussit,
1937 2072 1977 2107 et
2006 2069 2124 2107 Hila-

1163 2125 1266 2162 rium
1288 2123 1335 2160 ob
1356 2126 1546 2172 usurpata
1565 2125 1652 2161 iura
1671 2120 1927 2172 increpavit⁶.
1949 2123 1988 2160 S.
2008 2122 2124 2160 Hila-

1164 2177 1244 2214 rius
1264 2188 1306 2212 se
1326 2177 1438 2213 tanta
1454 2188 1542 2214 cum
1561 2177 1789 2214 humilitate
1819 2176 2024 2213 Romanae
2053 2187 2126 2223 sy-

1166 2229 1253 2267 nodi
1276 2229 1495 2267 sententiae
1515 2230 1706 2275 submisit,
1727 2232 1767 2266 et
1786 2227 1974 2277 quidquid
1995 2227 2125 2265 bacin

1168 2295 1207 2320 re
1228 2282 1456 2320 humanitus
1477 2283 1709 2327 admiserat,
1729 2282 1785 2319 ita
1806 2281 2004 2326 correxit,
2023 2283 2068 2318 ut
2094 2292 2124 2318 s.

1167 2337 1243 2373 Leo
1264 2337 1398 2383 postea
1419 2334 1457 2371 in
1479 2336 1624 2374 litteris
1644 2335 1724 2373 suis
1753 2335 1801 2372 ad
1824 2334 2026 2383 episcopos
2041 2345 2127 2383 pro-

1168 2388 1321 2426 vinciae
1342 2387 1583 2426 Arelatensis
1615 2400 1706 2426 eum
1730 2387 1945 2425 nominarit
1965 2388 2127 2424 sanctae

1169 2440 1382 2479 memoriae
1403 2441 1532 2479 virum
1554 2439 1779 2479 ⁷.-—Vetuit
1799 2452 1829 2478 s.
1851 2440 1930 2478 Leo
1951 2439 2133 2477 christia-

1168 2506 1239 2532 nos
1259 2496 1423 2543 peccata
1442 2506 1514 2532 sua
1534 2495 1665 2544 palam
1685 2493 1863 2532 confiteri
1882 2491 1910 2541 ⁸3
1927 2492 2127 2531 decrevit-

1209 2617 1220 2637 ¹
1238 2617 1351 2654 Labbc,
1367 2615 1442 2646 ibid.
1460 2625 1488 2654 p.
1508 2613 1597 2646 1440.

1210 2658 1224 2679 ²
1240 2657 1317 2689 ibid.
1336 2667 1365 2696 p.
1387 2656 1474 2688 1456.

1211 2700 1225 2719 ³
1241 2699 1350 2738 Epist.
1369 2698 1396 2728 ΕΞ.

1211 2741 1223 2763 ⁴
1240 2740 1353 2779 Epist.
1370 2740 1388 2770 6
1405 2742 1434 2770 et
1453 2739 1479 2769 7.

1211 2782 1225 2803 5
1242 2781 1352 2820 Epist.
1371 2781 1418 2810 15.
1436 2797 1474 2802 -
1489 2780 1503 2802 6
1520 2779 1634 2816 Labbe,
1655 2778 1783 2811 Concil.
1797 2781 1818 2810 t.
1834 2777 1890 2815 ΙΙΙ,
1905 2786 1933 2817 p.
1952 2775 2043 2808 1463.

1210 2823 1224 2844 ⁷
1241 2822 1351 2862 Epist.
1373 2821 1422 2852 96.
1435 2838 1473 2842 —
1488 2822 1516 2851 Ρ.
1535 2822 1719 2858 Quesnellus
1742 2822 1772 2851 in
1796 2819 1844 2856 iis,
1866 2826 1946 2890 quae
1962 2816 2126 2856 praemisit

1171 2864 1296 2895 editioni
1322 2863 1473 2902 Operum
1496 2871 1520 2893 s,
1538 2863 1656 2899 Leonis,
1680 2863 1710 2892 in
1726 2869 1821 2893 causa
1838 2860 1876 2890 Ce
1893 2859 1987 2890 idonii
2005 2858 2124 2889 Hilario

1171 2906 1273 2936 omnia
1297 2904 1389 2938 laudi,
1414 2904 1504 2933 Leoni
1529 2912 1600 2933 vero
1618 2903 1770 2942 vituperio
1788 2902 1885 2931 vernt.
1903 2901 2016 2931 conti-a
2034 2908 2126 2939 quem

1172 2946 1285 2976 videsis
1309 2946 1361 2975 FF.
1388 2945 1569 2975 Rallerinios
1588 2945 1617 2975 in
1634 2945 1770 2975 editione
1785 2942 1939 2981 Operum
1956 2950 1980 2971 s.
1999 2941 2128 2977 Leonis;

1173 2987 1269 3041 Mapsi
1293 2987 1322 3056 ig
1347 2986 1650 3017 :inhaustum-sion.
1668 2986 1715 3018 ad
1732 2983 1849 3016 Natal.
1867 2983 1963 3014 Alex.
1980 2991 2069 3013 saec.
2092 2981 2128 3020 V,

1172 3039 1197 3058 C.
1216 3040 1244 3064 ε),
1258 3037 1284 3058 a.
1326 3052 1329 3056 .

1213 3070 1226 3089 ἢ
1244 3070 1284 3099 En
1311 3068 1404 3099 verba
1421 3078 1443 3097 s.
1462 3068 1571 3098 Leonis
1588 3069 1736 3106 excerpta
1753 3075 1788 3097 ex
1805 3064 1944 3103 Epistola
1962 3062 2032 3100 136,
2048 3063 2127 3094 alias

1173 3109 1227 3147 80,
1251 3119 1275 3140 c.
1300 3110 1337 3139 ’.ἒς
1368 3121 1380 3136 «ι
1399 3110 1484 3139 iiiam
1507 3110 1598 3139 etiam
1622 3111 1730 3139 contra
1755 3105 1964 3146 Apostolicam
1988 3103 2131 3143 regulam

1174 3151 1468 3191 praesumptionem,
1481 3159 1572 3191 quam
1589 3158 1689 3190 nuper
1704 3148 1819 3189 agnovi
1835 3155 1852 3178 a
1866 3144 2054 3188 quibusdam
2069 3143 2128 3176 illi-
