2241 3473
693 186 828 216 VSQVE
851 188 905 214 AD
928 185 1218 214 PRAESENTEM
1242 184 1446 213 ΑΕΤΑΤΕΜ

76 254 319 303 sapientium
331 255 596 295 consiliorum.
613 266 711 304 quae
722 255 864 292 Leonis
874 254 1020 302 Pp.XII

77 309 240 345 Litteris
253 310 520 352 continentur,
531 314 569 346 et
587 310 860 351 hortabantur,
875 314 917 345 ut
931 307 1024 344 fide-

80 363 178 398 libus
205 363 356 410 populis
385 364 557 410 ipsorum
577 365 782 411 aperirent
800 363 1022 399 utilitatem.

77 416 294 452 Praeterea
315 418 496 464 Episcopi
524 429 662 453 omnes
688 418 901 453 Hiberniae
937 427 1022 452 cum

76 468 306 506 Dublinensi
318 471 626 518 Archiepiscopo
643 471 690 506 ad
704 471 917 518 Maynootli
935 481 1024 506 con-

75 523 233 569 gregati
262 524 424 559 Summo
451 524 630 560 Pontifici
659 524 852 560 miserunt
882 524 1026 571 episto-

74 574 154 611 lam
182 576 244 613 die
272 577 317 613 25
351 578 519 613 ianuarii
552 577 666 618 1881,
695 588 771 624 qua
805 588 940 612 veram
971 580 1024 612 tu-

75 629 313 665 multuorum
341 641 500 666 causam
528 630 815 676 significarunt,
833 630 1024 677 simulque

75 681 328 720 declararunt
344 684 540 731 permulta
559 684 607 718 ab
623 684 936 731 ephemeridibus
955 695 1020 719 an-

76 736 151 780 glis
176 737 334 779 referri,
352 747 452 784 quae
480 737 578 772 falsa
606 748 766 784 prorsus
791 742 881 773 sunt
905 742 945 773 et
963 748 1027 772 ca-

80 789 236 825 lumniis
265 791 412 826 referta
439 791 475 825 in
502 791 607 827 Cleri
635 790 851 826 Hiberniae
879 790 1021 826 odium.

122 843 249 880 Curae
267 844 467 890 sapientes
481 849 519 880 et
537 849 629 890 apta
645 844 808 880 consiIIa
828 850 906 879 tum
925 844 1024 879 Pon-

75 896 203 938 tificis,
224 902 305 933 tum
340 898 621 944 Episcoporum
650 898 859 934 infeliciter
880 909 956 933 non
976 897 1024 933 ab

73 950 251 986 omnibus
278 951 444 986 comiter
469 957 638 998 excepta
656 951 828 995 fuerunt;
848 951 1023 999 proinde·

74 1014 146 1051 que
173 1004 250 1040 alia
275 1003 419 1040 delicta
451 1008 490 1040 et
518 1005 686 1041 crimina
719 1009 875 1051 patrata
907 1008 1022 1047 sunt,

73 1068 146 1093 nec
172 1058 300 1104 populi
327 1058 542 1094 Hiberniae
562 1062 687 1094 status
706 1058 744 1093 in
766 1058 903 1094 melius
929 1057 1024 1093 satis

75 1111 219 1147 mutari
244 1113 351 1148 visus
378 1118 448 1148 est.

121 1165 250 1206 Quum
278 1166 423 1202 malum
450 1178 491 1202 se
519 1165 963 1213 extenderet,produxit
981 1176 1022 1201 se

74 1223 114 1256 et
140 1219 311 1256 charitas
339 1221 638 1268 Episcoporum,
665 1220 726 1267 qui
757 1220 795 1255 in
826 1223 1020 1255 conventu

74 1273 301 1310 Dublinensi
327 1273 652 1310 Declarationem
681 1273 936 1310 condiderunt
961 1272 1023 1308 da-

76 1332 155 1363 tam
182 1327 358 1364 fidelibus
378 1339 538 1364 suarum
565 1328 804 1364 dioecesium
823 1327 884 1363 dle
906 1327 948 1364 10
970 1327 1026 1362 iu—

75 1383 127 1418 nii
151 1383 253 1426 1882,
273 1384 309 1419 in
329 1395 406 1431 qua
424 1383 765 1430 conquerebantur
785 1392 920 1417 eorum
942 1380 1022 1416 hal-

74 1434 367 1480 lucinationem,
395 1438 528 1485 eisque
557 1436 705 1472 monita
736 1435 926 1471 salutaria
946 1439 1023 1470 tra-

74 1488 230 1528 debant.
248 1491 467 1538 Praecipue
487 1494 687 1531 caverent,
713 1489 883 1530 aiebant,
905 1489 957 1532 10,
975 1499 1022 1523 ne

74 1544 294 1582 abnuerent
320 1546 453 1582 levare
480 1557 521 1581 se
548 1556 641 1581 aere
661 1543 804 1584 alieno,
832 1553 919 1578 cum
939 1552 1021 1589 pos-

73 1604 182 1643 sent3
202 1599 260 1642 2⁰,
281 1611 329 1636 ne
349 1600 445 1636 alios
464 1598 711 1645 impedirent,
731 1596 937 1644 quominus
951 1595 1025 1630 sol-

75 1659 214 1690 verent
239 1664 307 1690 aes
334 1654 525 1697 alienum;
552 1653 607 1695 3⁰,
629 1664 676 1687 ne
704 1650 868 1687 alicuius
896 1660 1024 1696 perso-

74 1717 160 1750 nae,
188 1708 350 1751 iuribus,
377 1707 440 1743 vel
466 1707 578 1742 bonis
607 1705 794 1741 damnum
815 1704 1021 1746 inferrent3

72 1760 128 1803 4⁰,
149 1772 197 1796 ne
215 1761 367 1808 legibus
381 1761 443 1797 vel
459 1760 524 1803 iis,
546 1759 608 1807 qui
628 1770 696 1795 eas
714 1756 934 1805 applicandi
960 1767 1023 1802 po-

74 1818 258 1850 testatem
284 1815 449 1856 habent,
478 1814 726 1855 obsisterent,
755 1815 823 1847 aut
849 1811 946 1846 alios
974 1809 1024 1845 ad

74 1867 341 1904 obsistendum
370 1867 622 1910 inducerent;
642 1866 698 1909 50,
713 1865 878 1912 denique
902 1875 949 1900 ne
968 1874 1024 1899 se-

75 1925 204 1957 cretas
231 1921 518 1957 constituerent
545 1920 777 1962 societates,
812 1928 1024 1964 earumque

76 1973 401 2022 obtemperarent
439 1973 645 2009 mandatis.
683 1973 768 2008 Hoc
808 1971 1024 2007 Pastoralis

75 2027 147 2064 zeli
166 2027 442 2064 documentum
459 2038 708 2073 summopere
720 2025 922 2071 LeoniPp.
934 2024 1024 2059 XIII

76 2082 297 2128 probatum,
325 2082 542 2128 Epistolam
569 2081 617 2116 ad
645 2091 781 2116 omnes
808 2078 1022 2114 Hiberniae

81 2135 294 2182 Episcopos
313 2135 361 2170 ab
380 2136 436 2170 Eo
461 2134 636 2170 calendis
655 2133 813 2180 augusti
834 2131 925 2168 1882
944 2142 1024 2167 me-

76 2189 167 2224 ruit.
189 2188 384 2225 Laudibus
413 2188 625 2224 extollebat
644 2189 826 2224 Summus
842 2185 1024 2221 Pontifex

75 2243 359 2290 Episcoporum
393 2243 693 2290 operositatem,
724 2241 942 2287 iterumque
969 2239 1022 2274 af-

76 2296 258 2332 firmabat
284 2296 392 2332 nefas
419 2308 505 2333 esse
534 2297 593 2332 ius
611 2307 723 2331 suum
743 2294 922 2329 obtinere
943 2293 1022 2327 vim

76 2349 292 2389 adhibendo
321 2350 359 2385 in
386 2350 497 2393 alios,
527 2349 761 2397 praesertim
782 2347 945 2383 alicuius
966 2357 1024 2381 se-

78 2410 211 2442 cretae
245 2404 446 2441 societatis
478 2404 723 2451 patrocinio,
759 2406 891 2438 sectae
919 2400 1024 2436 enim

76 2460 147 2496 sub
173 2459 303 2507 specie
330 2458 527 2494 obtinendi
555 2458 643 2492 iura
662 2485 670 2501 ,
698 2456 892 2503 publicam
921 2455 1023 2502 quie-

78 2517 156 2549 tem
185 2517 224 2549 et
253 2511 575 2558 tranquillitatem
602 2510 774 2546 turbant.

126 2565 320 2602 Providae
340 2565 438 2601 istae
460 2564 661 2599 Pontificis
680 2568 718 2599 et
738 2562 1023 2609 Episcoporum

80 2631 200 2656 curae
234 2620 330 2655 satis
357 2618 522 2654 sortitae
555 2622 643 2653 sunt
669 2618 877 2659 effectum;
905 2616 959 2651 ita
984 2620 1027 2651 ut

78 2685 178 2710 unus
192 2685 242 2710 ex
257 2673 435 2719 Reginae
455 2671 684 2707 Britanniae
704 2669 946 2706 adminiStris
961 2681 1024 2716 pu-

80 2729 179 2764 blico
215 2738 398 2763 sermone
433 2725 657 2772 gratulatus
690 2724 741 2760 sit
767 2723 1026 2769 municipibus

78 2783 170 2825 suis,
198 2779 297 2828 quod
323 2780 362 2815 in
381 2778 571 2814 Hibernia
589 2778 750 2824 agraria
770 2777 948 2813 facinora
962 2776 1026 2812 de-

79 2838 322 2872 crescerent·
356 2832 534 2868 Accessit
562 2832 725 2878 pacifica
751 2836 790 2866 et
817 2831 1026 2877 tranquilla

78 2888 272 2925 dedicatio
289 2886 532 2922 monumenti
548 2896 570 2920 a
589 2885 793 2920 catholicis
813 2885 1024 2920 Hiberniae

81 2943 271 2991 perfecta,
299 2951 432 2976 mense
460 2938 693 2986 septembris
714 2938 815 2981 1882,
835 2938 884 2973 ad
910 2937 1024 2973 hono-

79 3008 163 3033 rem
185 2994 359 3031 Danielis
379 2994 422 3029 O'
443 2993 630 3036 Connell;
652 3003 794 3027 novum
812 2992 915 3027 illius
934 3003 1023 3038 gen-

81 3051 131 3086 tis
158 3047 392 3084 conditionis
411 3046 448 3081 In
468 3046 606 3081 melius
623 3052 796 3081 mutatae
817 3056 1026 3091 argumen-

80 3109 175 3139 tum.
218 3100 434 3136 Maximam
483 3099 652 3144 gratiam
693 3099 808 3134 debet
846 3099 1024 3134 Romano

80 3155 261 3191 Pontifici
290 3152 509 3194 Britanni-21,
529 3152 617 3198 quia
636 3152 672 3186 in
695 3152 883 3187 Hibernia
901 3151 1025 3187 adbuc

83 3210 201 3244 robur
222 3207 373 3253 legibus
392 3212 465 3249 est,
484 3210 523 3241 et
543 3205 683 3241 bellum
703 3205 929 3242 intestinum
948 3216 1025 3241 non

83 3262 316 3298 concitatur.

190 3322 450 3371 WOV'I'ERS,
482 3323 534 3363 11.

1893 170 1974 212 409

1124 253 1247 288 Huius
1275 251 1510 299 perinsignis
1529 249 1704 287 beneficii
1728 248 1963 286 memoriam
1981 261 2020 286 e-

1077 307 1215 355 pistola
1240 306 1316 343 diei
1342 306 1363 342 4
1389 305 1560 342 octobris
1600 305 1692 342 1882
1730 303 1778 340 ad
1818 303 2021 340 Summum

1078 360 1311 397 Pontificem
1339 360 1528 407 inscripta
1561 358 1717 394 inclusit
1750 357 2021 405 Archiepisco-

1077 427 1148 461 pus
1175 414 1420 450 Dublinensis
1448 412 1654 449 Eduardus
1672 412 1903 456 Mac-eabe,
1922 411 2025 447 inter

1075 467 1306 506 Cardinales
1332 478 1354 503 a
1377 468 1508 503 Leone
1548 466 1635 502 XIII
1675 466 1915 512 adscriptus,
1945 464 2024 512 qui,

1077 521 1262 558 mandato
1289 526 1328 557 et
1355 521 1511 556 nomine
1552 524 1777 556 ceterorum
1811 518 2023 566 Episcopo-

1078 587 1162 611 rum
1190 576 1419 618 Hiberniae,
1437 574 1588 622 gratias
1610 573 1686 621 Ipsi
1712 573 1857 621 agebat
1883 573 1930 608 ob
1957 583 2026 609 eas

1077 640 1204 672 curas,
1234 640 1328 676 quas
1358 629 1404 664 de
1427 638 1616 675 prospera
1642 638 1778 664 rerum
1804 627 1905 662 illius
1931 637 2027 673 gen-

1082 684 1127 718 tis
1160 682 1382 719 conditione
1415 682 1564 729 gessit,
1602 685 1641 717 et
1682 680 1730 716 ob
1763 690 1811 716 ea
1846 680 2024 722 consiIia,

1076 747 1176 784 quae
1204 737 1240 771 in
1269 736 1410 772 bonum
1429 736 1588 771 illorum
1608 734 1778 770 fidelium
1798 734 2022 780 praebenda

1077 790 1239 826 censuit.
1260 789 1396 824 Prima
1421 789 1481 825 dle
1509 788 1599 824 anni
1620 787 1712 824 1883
1739 789 1817 823 Leo
1846 787 1933 823 XIII
1955 789 2024 822 Ar-

1077 844 1323 890 cliiepiscopo
1344 842 1573 878 Dublinensi
1594 841 1810 888 rescripsit,
1829 845 1869 877 et
1895 845 2028 887 gratu-

1078 898 1178 933 latus
1196 901 1278 932 tum
1296 897 1364 939 illi,
1385 896 1546 943 aliisque
1565 895 1779 931 Hiberniae
1805 894 2025 941 Episcopis,

1077 951 1213 986 videns
1240 962 1312 997 quo
1331 950 1458 986 studio
1479 961 1548 997 pro
1566 949 1774 985 ministerii
1791 949 1851 984 sui
1870 949 2025 984 ratione

1076 1004 1123 1039 ad
1150 1004 1343 1040 sedandas
1372 1002 1692 1050 perturbationes
1726 1001 1881 1049 patriae
1915 1005 1954 1037 et
1979 1001 2026 1037 ad

1075 1056 1304 1104 dirigendas
1331 1056 1501 1093 fidelium
1529 1056 1756 1092 voluntates
1783 1055 2025 1098 incumbant;

1076 1113 1158 1146 tum
1187 1111 1307 1146 etiam
1343 1109 1561 1146 catholicae
1598 1108 1800 1144 Ecclesiae
1834 1108 1936 1151 filiis,
1964 1107 2028 1154 qui

1075 1164 1275 1200 docilitate
1295 1163 1415 1199 animi
1432 1173 1570 1199 eorum
1590 1173 1708 1197 voces
1735 1161 1949 1208 excipiunt,
1970 1162 2027 1195 in-

1075 1217 1220 1259 stabat,
1244 1221 1286 1252 ut
1312 1216 1447 1252 fideles
1467 1216 1704 1251 documenta
1722 1215 1770 1251 ab
1796 1216 1853 1250 Eo
1880 1214 2025 1250 tradita

1080 1281 1175 1318 prae
1203 1271 1325 1306 oculis
1344 1270 1491 1305 habere
1512 1272 1739 1315 pergerent,
1761 1279 1806 1305 eo
1825 1268 1925 1316 quod
1941 1278 2025 1314 pra-

1075 1335 1216 1360 varum
1242 1324 1478 1361 societatum
1517 1324 1692 1360 asseclae
1729 1334 1806 1359 non
1834 1323 2028 1359 intermit-

1077 1383 1161 1414 tunt
1188 1392 1207 1413 «
1224 1390 1315 1425 spes
1350 1389 1442 1413 suas
1468 1378 1506 1412 in
1533 1377 1695 1424 flagitiis
1720 1388 1882 1424 ponere,
1909 1377 2029 1424 publi-

1077 1444 1145 1469 cas
1171 1433 1420 1468 inflammare
1449 1431 1697 1478 cupiditates,
1717 1435 1757 1468 et
1774 1431 1951 1468 remedia
1972 1431 2027 1466 in-

1077 1487 1293 1523 commodis
1321 1486 1510 1533 graviora
1524 1489 1764 1532 quaerentes
1782 1497 1830 1521 ea
1848 1486 2024 1532 grassari

1078 1542 1156 1584 via,
1185 1551 1282 1587 quae
1310 1541 1484 1586 ipsorum
1514 1540 1619 1575 cives
1657 1550 1733 1574 non
1770 1538 1818 1574 ad
1857 1539 2025 1575 salutem

1076 1595 1144 1630 sed
1182 1593 1230 1629 ad
1270 1593 1489 1640 perniciem
1529 1592 1735 1628 adducit».
1768 1594 1865 1629 Cum
1892 1596 2023 1628 autem

1077 1649 1262 1684 Summus
1282 1647 1464 1683 Pontifex
1484 1647 1643 1683 minime
1663 1646 1823 1690 dubitet,
1850 1645 1941 1693 quin
1959 1646 2029 1681 Hi-

1079 1702 1289 1738 bernorum
1315 1701 1490 1737 fidelium
1522 1701 1710 1737 Pastores
1742 1701 1959 1736 salutarem
1986 1711 2022 1735 0-

1078 1766 1213 1801 peram
1241 1759 1411 1802 pergant
1437 1755 1476 1790 in
1496 1766 1633 1790 eorum
1652 1753 2026 1797 subsidium,sacer—

1076 1809 1216 1844 dotalis
1242 1809 1313 1844 zeli
1342 1808 1561 1844 ministerio
1581 1808 1837 1855 praecipuum
1864 1818 2025 1854 scopum
2062 1816 2065 1817 ⁷

1076 1863 1267 1909 assignat,
1294 1862 1445 1898 dicens:
1477 1875 1496 1896 <c
1513 1862 1622 1898 Haec
1642 1872 1759 1908 porro
1779 1864 1861 1896 tam
1880 1871 2025 1906 graves

1076 1917 1285 1964 pastoralis
1312 1916 1485 1952 muneris
1513 1926 1632 1951 curae
1659 1920 1698 1951 et
1725 1914 1878 1962 publica
1895 1913 2025 1961 populi

1075 1971 1241 2006 Hiberni
1268 1981 1387 2006 causa
1412 1969 1570 2005 omnino
1595 1968 1813 2016 requirunt,
1839 1971 1882 2002 ut
1900 1967 2026 2003 eccle-

1075 2024 1226 2059 siastici
1260 2023 1408 2059 ordinis
1444 2023 1516 2058 viri
1555 2034 1642 2058 sese
1675 2021 1876 2057 adiutores
1914 2031 2024 2067 prae-

1076 2077 1193 2113 beant
1219 2077 1446 2113 Pastoribus
1472 2076 1552 2112 suis
1571 2104 1579 2119 ,
1600 2087 1644 2111 ac
1671 2075 1765 2121 ipsis
1803 2074 1842 2109 in
1880 2074 2023 2110 civium

1077 2131 1217 2167 animis
1243 2130 1494 2167 moderandis
1521 2134 1561 2166 et
1581 2127 1937 2176 perturbationibus
1959 2139 2025 2173 pu-

1078 2185 1185 2221 blicis
1217 2184 1511 2232 compescendis
1537 2195 1649 2220 suam
1666 2194 1828 2229 operam
1852 2181 2020 2217 fideliter

1075 2239 1527 2275 navent.Verumtamen
1544 2238 1592 2274 ad
1603 2238 1703 2273 hanc
1718 2235 2022 2272 salutaremvim

1077 2293 1180 2329 sacri
1207 2292 1414 2328 ministerii
1441 2293 1642 2339 propriam
1669 2289 1956 2331 exercendam,
1990 2288 2022 2324 si

1077 2351 1220 2393 agatur
1248 2346 1483 2394 praesertim
1510 2346 1556 2381 de
1586 2345 1836 2393 popularibus
1854 2354 2020 2379 conven-

1077 2401 1179 2436 tibus
1205 2400 1242 2435 in
1270 2401 1405 2448 quibus
1432 2411 1575 2446 magno
1603 2399 1824 2435 animorum
1844 2401 1955 2434 aestu
1973 2398 2020 2434 de

1078 2465 1198 2490 causa
1225 2456 1379 2502 publica
1405 2455 1661 2501 disceptatur,
1682 2457 1720 2489 et
1739 2452 1912 2488 civilium
1932 2464 2020 2488 con-

1077 2509 1340 2545 certationum
1382 2509 1578 2556 procellae
1617 2510 1930 2550 commoventur,
1956 2518 2021 2553 op-

1079 2567 1290 2610 portunum
1316 2563 1401 2599 fore
1429 2562 1635 2598 consilium
1670 2565 1865 2608 putamus,
1895 2561 1928 2596 si
1954 2561 2018 2596 fir-

1080 2616 1152 2652 mis
1180 2616 1226 2653 iis
1254 2616 1515 2659 manentibus,
1543 2626 1641 2662 quae
1660 2614 1706 2650 de
1734 2614 1885 2649 iuniore
1903 2613 2019 2650 Clero

1076 2670 1321 2713 decrevistis,
1348 2671 1394 2714 iis
1421 2675 1572 2706 tantum
1611 2668 1891 2705 ecclesiasticis
1926 2668 2021 2704 viris

1078 2724 1236 2760 eosdem
1250 2729 1469 2760 conventus
1487 2723 1655 2758 adeundi
1675 2723 1831 2758 veniam
1851 2721 2022 2757 tribuen-

1077 2777 1164 2813 dam
1192 2778 1436 2818 censueritis,
1458 2777 1494 2812 in
1515 2788 1679 2824 quorum
1700 2776 1944 2822 potissimum
1962 2786 2019 2811 sa-

1078 2832 1224 2879 plentia
1238 2831 1487 2872 confiditis‚et
1500 2832 1538 2865 in
1555 2830 1689 2877 quibus
1705 2829 1895 2864 maturior
1910 2833 2021 2864 aetas

1077 2896 1122 2921 ac
1147 2896 1240 2921 usus
1268 2896 1402 2920 rerum
1429 2883 1560 2920 effecit
1586 2888 1627 2918 ut
1655 2882 1877 2928 prudentia,
1897 2883 2022 2918 consi-

1078 2939 1127 2974 lio
1154 2942 1193 2974 et
1219 2937 1452 2973 auctoritate
1492 2940 1717 2984 praestent,
1746 2936 1908 2982 ideoque
1937 2947 2020 2982 pos-

1077 2992 1154 3028 sint
1182 3002 1277 3039 prae
1303 2991 1446 3027 ceteris
1474 2991 1696 3026 concitatae
1717 2989 1952 3024 multitudini
1970 2989 2019 3024 ad

1080 3049 1188 3081 recta
1215 3051 1254 3080 et
1281 3044 1446 3080 honesta
1472 3043 1590 3080 duces
1610 3055 1711 3086 esse,
1732 3042 1936 3078 fallacibus
1954 3042 2023 3078 im-

1079 3099 1285 3147 proborum
1299 3098 1446 3133 iudiciis
1459 3096 1829 3140 occurrere,ofliciis
1848 3097 2022 3132 rationes

1079 3152 1204 3194 tueri,
1234 3162 1280 3187 ac
1307 3151 1534 3188 defensores
1567 3162 1653 3187 esse
1682 3151 1817 3197 optimi
1853 3150 2022 3196 partium

1079 3214 1312 3252 optimarum
1333 3218 1366 3238 ».

1126 3261 1313 3295 Attamen
1344 3258 1487 3305 perditi
1513 3258 1567 3294 illi
1598 3258 1786 3301 homines,
1816 3259 1880 3305 qui
1908 3258 2022 3295 turba

1749 3322 1799 3360 37
