2241 3473
749 120 885 149 stvE
910 121 962 147 ΑΙ)
985 119 1270 149 PRAESENTEM
1293 120 1496 148 ΑΕΤΑΤΕΜ

142 190 353 228 nitentibus
393 191 520 238 impiis
551 202 713 238 serpere
750 197 979 239 coeperant.
1010 192 1084 228 De-

141 257 247 282 mum
264 244 384 292 pridie
397 245 480 281 idus
495 245 630 292 aprilis
640 245 800 284 an.1850
813 246 1086 294 plaudentibus

141 310 235 347 prae
255 298 397 346 gaudio
414 299 578 346 populis,
594 299 760 335 Romam
776 299 987 335 contendit.
1009 300 1083 335 Ro-

140 363 280 389 manus
307 353 471 399 populus
498 352 595 388 duro
620 354 881 389 sectariorum
903 353 994 400 iugo
1021 364 1087 390 ex-

137 417 252 442 cusso
268 407 438 442 maxima
455 418 543 442 cum
565 407 713 443 laetitia
728 406 840 442 Pium
857 407 911 443 IX
931 411 1084 454 patrem

135 462 176 496 et
200 459 478 507 sospitatorem
512 460 799 501 consalutavit,
828 460 890 507 qui
919 465 1084 507 paterno

135 523 272 549 omnes
299 523 436 550 amore
463 514 743 560 complectens,
771 513 995 550 errantibus
1022 525 1086 551 ve-

135 566 241 602 niam
269 566 440 603 indulsit..
469 568 581 604 Licet
605 578 700 603 vero
719 567 831 602 novis
849 578 1007 612 semper
1027 580 1084 605 se-

134 619 364 658 ditiosorum
381 621 541 663 insidiis,
553 620 750 656 hominum
767 621 1001 666 praesertim
1018 633 1083 658 ex-

135 677 310 710 terorum
337 687 386 712 ex
416 675 536 711 variis
571 675 751 721 Europae
787 674 881 710 locis
915 675 1082 712 Romam

132 727 446 769 adventantium,
476 729 620 776 petitus
646 729 710 770 sit,
736 732 870 765 tamen
898 730 1000 767 inter
1028 730 1082 766 in·

135 792 322 818 numeros
350 782 552 818 turbarum
578 783 738 822 fluctus,
768 783 903 819 invicti
930 784 1014 820 eius
1041 795 1082 820 a·

134 834 229 870 nimi
256 835 380 871 virtus
407 835 444 870 in
471 836 559 871 navi
587 835 790 872 Ecclesiae
819 836 975 873 fortiter
994 848 1082 873 sua-

133 887 311 936 viterque
339 889 597 935 gubernanda
624 889 777 925 enituit.

177 943 234 978 59.
255 941 314 978 De
332 942 570 989 Doymactca
588 942 817 989 definitione
842 943 1082 980 Immacula-

129 997 194 1032 tae
219 995 494 1044 Conceptionis
512 1000 592 1039 (an.
610 995 873 1039 1854)-Quae
895 998 931 1033 in
953 999 1084 1034 catho—

128 1049 202 1085 lico
230 1049 324 1086 orbe
352 1050 453 1086 mira
479 1061 638 1096 semper
664 1050 796 1087 extitit
822 1063 920 1098 erga
941 1053 1083 1088 Imma·

128 1103 299 1138 culatum
326 1103 524 1150 Deiparae
550 1104 794 1150 Conceptum
828 1105 968 1150 pietas,
995 1117 1083 1153 per-

128 1160 364 1204 petuumque
391 1157 439 1193 ab
467 1156 635 1204 antiquis
660 1158 903 1204 temporibus
922 1159 1079 1206 Episco-

129 1221 269 1258 porum
305 1211 517 1257 praecipue
552 1214 684 1245 votum
718 1212 958 1258 apostolicae
988 1213 1079 1249 Sedi

131 1265 292 1301 allatum
311 1293 320 1307 ,
347 1268 386 1300 et
412 1263 482 1299 Pio
509 1264 563 1299 IX
591 1265 763 1301 maximo
794 1265 989 1302 desiderio
1022 1278 1079 1303 re-

126 1319 292 1368 petitum
312 1349 320 1362 ‚
347 1322 391 1355 ut
415 1331 468 1355 ss.
495 1318 672 1365 Virginis
703 1320 928 1367 Conceptus
958 1322 1078 1358 veluti

124 1376 342 1413 catholicae
373 1374 464 1411 fidei
490 1375 632 1423 dogma
665 1375 921 1419 definiretur,
957 1377 1079 1424 piissi-

123 1442 230 1467 mum
258 1430 317 1466 Pii
344 1429 399 1466 IX
418 1429 621 1466 Pontificis
640 1440 738 1477 erga
756 1430 971 1476 Deiparam
997 1432 1077 1467 ani-

125 1496 231 1521 mum
258 1485 497 1521 induxerunt
521 1483 569 1520 ad
589 1484 953 1530 praeclarissimum
974 1485 1077 1521 istud

123 1551 220 1587 opus
249 1539 402 1576 enixius
432 1538 713 1585 arripiendum.
750 1539 883 1580 Quare
913 1539 962 1575 ab
993 1539 1076 1586 ipso

123 1594 181 1630 sui
222 1593 480 1630 pontificatus
518 1592 680 1629 exordio
713 1593 855 1640 viginti
888 1592 996 1629 viros
1028 1605 1077 1630 ex

123 1647 229 1684 clero
258 1651 339 1683 tum
366 1647 563 1683 saeculari
591 1649 672 1682 tum
694 1646 865 1692 regulari
886 1646 1077 1694 theologi-

123 1712 261 1738 carum
292 1701 589 1748 disciplinarum
625 1700 791 1736 scientia
824 1705 1076 1746 praestantes

122 1755 284 1802 selegit,
301 1759 346 1792 ut
371 1765 470 1802 quae
497 1753 545 1790 ad
572 1754 870 1789 immaculatam
897 1754 1075 1800 Virginis

122 1809 435 1857 Conceptionem
454 1808 667 1855 pertinent,
687 1811 875 1844 accurato
895 1808 1074 1845 examine

125 1862 429 1910 perpenderent,
451 1872 639 1908 suamque
667 1861 906 1897 sententiam
926 1862 1073 1909 scripto

123 1919 383 1963 exponerent.
412 1916 539 1962 Atque
567 1914 706 1950 eadem
733 1914 780 1950 de
812 1925 933 1950 causa
959 1926 1073 1962 pecu-

123 1969 220 2006 liare
248 1970 288 2005 S.
317 1969 362 2004 R.
393 1969 440 2004 E.
469 1968 585 2005 Card.
616 1967 829 2005 Consilium
858 1969 1070 2005 constituit.

122 2022 272 2059 Deinde
306 2021 518 2058 notissimis
552 2032 686 2058 rerum
720 2020 872 2057 vicibus
911 2021 1074 2058 exulare

120 2079 307 2117 coactus,
344 2075 568 2123 encyclicas
601 2074 756 2110 litteras
790 2074 978 2121 postridie
1013 2086 1072 2111 ca-

122 2129 224 2165 lend.
244 2129 436 2166 februarii
464 2139 526 2164 an.
549 2128 641 2165 1849
659 2128 822 2164 Caietae
839 2128 964 2170 datas,
984 2140 1075 2175 qua-

122 2195 211 2219 rum
238 2183 391 2219 initium
423 2181 497 2218 Ubi
519 2181 691 2229 primum
708 2210 716 2224 ‚
745 2181 793 2217 ad
819 2193 957 2218 omnes
983 2182 1071 2228 Epi-

120 2247 260 2283 scopos
286 2235 404 2277 misit,
423 2239 467 2270 ut
493 2235 598 2271 clare
625 2238 842 2281 aperteque
869 2235 950 2271 suis
969 2235 1072 2271 litte·

120 2290 175 2325 ris
206 2290 502 2337 significarent,
532 2299 631 2336 quae
657 2293 763 2324 esset
792 2299 953 2324 suorum
980 2289 1072 2325 fide-

121 2343 212 2380 lium
239 2354 338 2390 erga
365 2343 665 2379 lmmaculatum
692 2342 765 2378 Dei
800 2343 942 2378 Matris
974 2343 1075 2379 Con-

120 2402 278 2444 ceptum
306 2397 433 2444 pietas
451 2399 478 2439 1,
504 2396 666 2444 publicis
684 2396 804 2432 etiam
823 2396 1006 2432 adhibitis
1024 2397 1072 2432 ad

121 2452 246 2488 Deum
276 2450 480 2498 precibus,
506 2454 551 2486 ut
576 2450 710 2486 Sancti
737 2450 795 2486 sui
823 2451 992 2496 Spiritus
1020 2451 1071 2486 lu-

120 2516 210 2541 men
239 2505 430 2551 propitius
457 2503 606 2550 largire
631 2503 764 2540 vellet.

167 2558 358 2605 Theologi
385 2557 630 2594 consultores
659 2567 750 2592 suas
778 2557 825 2593 de
852 2557 924 2593 hoc
956 2568 1071 2605 argu-

121 2617 252 2648 mento
278 2612 525 2657 scripserunt
550 2611 781 2652 sententias,
802 2610 940 2657 quibus
967 2613 1071 2647 evol-

120 2670 263 2703 ventes
287 2677 319 2701 s.
347 2665 607 2712 Scripturam‚
636 2664 799 2700 Patr-um
828 2665 1067 2709 testimonia,

121 2719 391 2755 Traditionem
414 2747 422 2759 ,
459 2718 624 2754 illustria
664 2718 867 2754 Ecclesiae
902 2729 1069 2754 summo—

122 2785 287 2820 rumque
315 2772 548 2807 Pontificum
576 2771 614 2806 in
642 2771 742 2806 hanc
770 2783 851 2807 rem
880 2772 999 2815 facta,
1029 2778 1070 2809 et

122 2827 356 2872 Liturgiam‚
377 2836 423 2860 ac
449 2824 704 2860 Tridentinae
724 2824 869 2871 Synodi
892 2824 1068 2862 declara-

123 2880 269 2916 tionem
306 2880 343 2914 in
380 2878 538 2914 decreto
575 2878 621 2913 de
659 2883 820 2923 peccato
855 2878 1068 2924 originali,

123 2933 318 2979 Deiparae
346 2933 586 2977 Conceptum
618 2931 915 2966 immaculatum
948 2934 1066 2969 veluti

122 2985 337 3022 catholicae
365 2984 452 3020 tidei
478 2984 622 3029 dogma
642 2995 754 3031 posse
773 2983 927 3019 definiri
954 2984 1067 3021 adfir-

119 3043 292 3079 marunt,
320 3037 432 3085 idque
458 3041 720 3084 opportunum
748 3037 847 3072 fore.
875 3039 928 3073 At
958 3039 1068 3074 Sum-

118 3104 204 3128 mus
232 3092 439 3130 Pontifex,
468 3091 525 3126 rei
557 3090 795 3136 gravitatem
828 3091 974 3137 optime
1002 3104 1066 3127 uo-

167 3201 263 3234 1vm.
282 3211 311 3243 p.
336 3201 411 3234 110.

337 3258 596 3304 WOVTERS,
629 3257 680 3298 11.

1965 106 2037 148 361

1141 203 1256 229 scens
1277 221 1286 236 ,
1314 192 1406 229 nulli
1433 203 1559 240 neque
1584 202 1705 229 curae
1728 221 1736 233 ,
1769 203 1895 240 neque
1929 193 2090 232 consilio

1141 246 1209 281 sibi
1239 247 1478 294 parcendum
1497 258 1584 284 esse
1602 245 1732 289 duxit,
1751 249 1793 282 ut
1811 251 2091 293 argumentum

1141 300 1244 335 omni
1271 311 1320 337 ex
1354 305 1468 348 parte
1495 301 1688 337 maiorem
1715 300 1754 335 in
1787 299 1943 336 modum
1976 312 2092 348 quam

1140 353 1443 399 diligentissime
1463 355 1773 390 examinaretur.
1791 353 1989 395 Quocirca
2008 359 2094 402 post

1141 418 1253 442 suum
1282 407 1320 442 in
1347 407 1495 444 Urbem
1523 407 1692 444 reditum
1713 407 1927 454 specialem
1953 408 2092 443 consti-

1141 460 1213 496 tnit
1246 461 1565 507 procurationem
1592 472 1663 498 seu
1695 459 2013 497 Commissionem
2044 473 2092 498 ex

1142 513 1336 549 nonnullis
1345 514 1561 550 eorundem
1572 514 1846 560 theologorum
1861 514 2088 551 conflatam.

1139 567 1370 604 Commissio
1399 567 1574 611 pluribus
1599 567 1743 604 habitis
1777 567 2014 604 sessionibus
2039 579 2088 604 ea

1140 624 1328 657 accurate
1356 620 1574 668 perpendit,
1593 632 1693 668 quae
1714 621 1949 668 praesertim
1967 633 2015 658 ex
2034 621 2088 658 di-

1139 674 1240 709 vinis
1268 674 1455 717 Litteris,
1484 679 1524 711 et
1548 686 1597 711 ex
1626 675 1879 717 Traditionis‚
1909 675 2087 718 Patrum,

1138 727 1556 774 sacr.Scriptorum‚et
1570 729 1873 765 Ecclesiasticae
1885 728 2090 776 Liturgiae

1138 792 1241 827 penu
1268 781 1502 829 deprompta
1519 811 1527 825 ,
1557 783 1690 818 valent
1714 783 1763 818 ad
1794 783 2088 818 immaculatum

1138 835 1335 882 Deiparae
1354 835 1529 882 Virginis
1547 837 1789 882 Conceptum
1815 836 2088 872 demonstran-

1137 888 1227 924 dum
1251 917 1259 932 ‚
1298 900 1511 936 omnesque
1547 889 1787 926 amovendas
1825 889 2087 926 difficultates.

1136 943 1238 979 Hinc
1271 943 1429 980 adhibiti
1457 944 1574 980 studii
1601 944 1848 980 elucubravit
1878 955 2087 986 summam,

1135 1007 1212 1043 qua
1238 997 1520 1034 ostendebatur
1547 998 1633 1033 fieri
1665 1008 1779 1044 posse
1797 1026 1806 1034 .
1833 1002 1874 1034 et
1907 1001 2088 1044 opportu-

1134 1061 1224 1086 nam
1253 1063 1340 1088 esse
1360 1051 1406 1088 de
1427 1052 1681 1088 immaculato
1702 1052 1772 1088 SS.
1795 1052 1974 1098 Virginis
1991 1052 2089 1089 Con—

1134 1109 1251 1152 ceptu
1269 1105 1534 1152 dogmaticam
1550 1105 1817 1142 definitionem
1832 1118 1841 1150 ;
1861 1106 1897 1141 in
1913 1116 1989 1153 qua
2001 1117 2086 1142 sen-

1137 1160 1261 1195 tentia
1286 1159 1554 1196 Cardinalium
1589 1163 1807 1195 conventus
1839 1159 2086 1206 undeviginti

1135 1225 1298 1250 numero
1319 1214 1367 1250 ad
1384 1214 1458 1250 hoc
1477 1217 1829 1260 congregatorum,
1847 1214 1904 1250 ire
1923 1225 2000 1249 non
2019 1213 2083 1249 du-

1131 1268 1319 1304 bitarunt.

1178 1322 1339 1358 Interim
1367 1323 1652 1371 Episcoporum
1672 1335 1879 1372 responsa,
1899 1329 2085 1362 sexcenta

1132 1381 1172 1413 et
1198 1377 1366 1424 amplius
1391 1378 1559 1414 Romam
1579 1378 1701 1414 allata
1718 1382 1822 1421 sunt,
1842 1380 1979 1426 quibus
1996 1381 2084 1427 Epi-

1131 1431 1237 1478 scopi
1265 1442 1401 1467 omnes
1427 1433 1465 1467 in
1493 1444 1541 1469 eo
1568 1433 1743 1469 unanimi
1771 1445 1965 1471 consensu
1992 1447 2081 1472 con-

1129 1485 1343 1522 veniebant
1373 1496 1511 1529 suam,
1545 1486 1678 1530 Cleri,
1713 1488 1922 1535 populique
1955 1488 2081 1525 fidelis

1130 1549 1229 1586 erga
1247 1539 1445 1586 Deiparae
1462 1540 1756 1576 immaculatam
1772 1542 2080 1588 Conceptionem

1130 1593 1375 1640 singularem
1408 1594 1598 1641 pietatem
1636 1597 1830 1632 testantes
1867 1599 1907 1633 et
1943 1597 2080 1633 confir-

1130 1650 1299 1688 mantes,
1318 1646 1473 1683 iteratis
1500 1648 1737 1696 fervidisque
1765 1649 1946 1696 precibus
1972 1651 2081 1686 Sum-

1130 1712 1237 1736 mum
1265 1700 1498 1737 Pontificem
1516 1702 1801 1746 obsecrabant,
1818 1707 1860 1739 ut
1876 1704 2079 1755 universa.-

1131 1754 1207 1789 lem
1244 1754 1487 1791 credentium
1523 1755 1639 1791 fidem
1674 1756 1722 1792 de
1753 1760 1864 1793 tanto
1902 1758 2079 1805 Virginis

1129 1807 1338 1855 privilegio
1354 1819 1538 1854 supremo
1553 1820 1622 1845 suo
1638 1809 1777 1846 iudicio
1789 1811 2077 1858 quamprimum

1127 1862 1367 1898 sententiam
1379 1862 1625 1906 ferret,votis
1640 1863 1756 1899 totius
1770 1864 1874 1900 orbis
1885 1875 2077 1901 annuens.

1127 1915 1255 1962 Seque
1274 1926 1411 1951 omnes
1432 1915 1715 1952 irreformabili
1743 1917 1855 1953 Sedis
1884 1919 2078 1965 Apostoli-

1126 1978 1197 2004 cae
1226 1968 1367 2004 iudicio
1395 1968 1648 2005 subiicientes
1673 1969 1943 2007 declarabant.
1971 1972 2076 2008 omni

1126 2021 1381 2057 observantia
1391 2033 1477 2058 esse
1490 2027 1770 2069 prosecuturos
1780 2024 1959 2071 quidquid
1967 2025 2076 2061 Sum-

1125 2086 1213 2110 mus
1239 2074 1424 2111 Pontifex
1445 2075 1738 2112 decernendum
1757 2088 1844 2113 esse
1864 2078 2075 2114 censuerit.

1174 2127 1267 2164 Pius
1295 2128 1364 2175 Pp.
1394 2129 1446 2164 IX
1479 2129 1676 2165 interdum
1712 2130 1883 2166 calendis
1918 2132 2074 2178 augusti

1126 2181 1216 2218 1854
1245 2182 1449 2230 encyclica
1470 2211 1478 2226 ‚
1514 2194 1614 2230 quae
1649 2183 1786 2231 incipit
1819 2184 2074 2232 Apostolicae

1128 2237 1300 2277 nostrae,
1320 2247 1390 2282 pro
1416 2247 1459 2271 re
1487 2239 1566 2271 tam
1595 2237 1709 2283 gravi
1736 2238 1854 2273 trium
1881 2237 2074 2273 mensium

1125 2288 1339 2325 Iubilaeum
1358 2289 1508 2332 indixit,
1524 2301 1738 2337 omnesque
1760 2290 1963 2327 Ecclesiae
1984 2291 2071 2338 Epi-

1125 2353 1264 2389 scopos
1289 2343 1468 2379 hortatus
1494 2347 1580 2386 est,
1609 2347 1652 2379 ut
1677 2355 1754 2379 una
1780 2355 1869 2379 cum
1895 2344 2074 2381 fidelibus

1124 2395 1296 2441 ipsorum
1323 2407 1443 2433 curae
1470 2397 1689 2433 commissis
1715 2397 1887 2433 fervidas
1905 2398 2073 2435 clemen-

1124 2450 1275 2485 tissimo
1303 2451 1665 2488 misericordiarum
1701 2450 1810 2486 Patri
1838 2451 2071 2489 adhiberent

1125 2515 1262 2550 preces
1284 2533 1292 2547 ‚
1320 2509 1361 2540 ut
1387 2505 1522 2540 Sancti
1549 2504 1717 2552 Spiritus
1743 2504 1888 2541 lumine
1919 2506 2070 2542 Vicarii

1123 2558 1267 2594 Christi
1295 2562 1469 2595 mentem
1496 2558 1730 2596 collustrare
1756 2559 1896 2602 vellet,
1924 2571 1997 2607 quo
2023 2561 2071 2597 de

1123 2611 1406 2648 Sanctissimae
1441 2612 1510 2647 Dei
1547 2611 1758 2647 Genitricis
1790 2612 2069 2650 Immaculatae

1122 2665 1302 2712 Virginis
1322 2665 1476 2701 Mariae
1495 2664 1760 2712 Conceptione
1779 2667 2069 2713 quamprimum

1122 2718 1159 2754 id
1185 2712 1363 2755 statuere
1390 2722 1534 2765 posset,
1553 2718 1653 2765 quod
1672 2718 1720 2753 ad
1739 2719 1931 2755 maiorem
1949 2721 2070 2768 ipsius

1123 2772 1192 2808 Dei
1221 2773 1388 2819 gloriam
1408 2800 1416 2814 ‚
1442 2776 1482 2807 et
1507 2771 1681 2807 eiusdem
1711 2772 1886 2818 Virginis
1913 2774 2066 2810 laudem

1122 2831 1255 2873 posset
1274 2825 1492 2873 pertinere.
1512 2825 1612 2860 Dum
1633 2836 1703 2871 pro
1723 2825 1966 2872 implorando
1986 2829 2067 2875 Spi-

1123 2880 1218 2916 ritus
1232 2880 1271 2915 S.
1290 2879 1436 2914 lumine
1456 2889 1596 2924 preces
1614 2879 1661 2914 ab
1680 2879 1868 2916 universa
1887 2882 2068 2918 Ecclesia

1120 2932 1403 2978 fiebant‚ipsius
1415 2931 1616 2967 Pontificis
1631 2931 1948 2975 hortatu‚eodem
1962 2945 2067 2971 anno

1122 2986 1224 3027 1854,
1241 2985 1474 3020 advertente
1495 2984 1776 3021 Immaculatae
1791 2988 2067 3033 Conceptionis

1120 3041 1233 3078 festo,
1262 3037 1492 3074 cardinales
1514 3066 1522 3079 ‚
1551 3038 1808 3075 Patriarchae
1826 3067 1834 3080 ,
1862 3040 2065 3089 Archiepi-

1119 3091 1240 3138 scopi,
1270 3091 1453 3137 Episcopi
1478 3102 1645 3127 numero
1664 3092 1823 3128 circiter
1841 3092 1996 3130 ducenti
2016 3107 2065 3132 ex

1119 3144 1286 3180 diversis
1314 3144 1516 3186 ‚Catholici
1552 3145 1657 3180 orbis
1690 3146 1866 3192 partibus
1895 3148 2063 3185 Romam

1116 3197 1310 3239 adierunt,
1323 3197 1387 3232 ubi
1407 3208 1558 3239 omnes,
1578 3199 1754 3245 exceptis
1771 3199 2062 3243 Cardinalibus,

1803 3258 1850 3296 5³1
