2241 3473
742 180 866 212 VSQVE
894 180 946 207 AD
975 177 1300 207 IANSEle'rARVM
1329 178 1506 207 EXORDIA

1924 165 1995 204 151

144 247 192 287 ad
221 246 469 306 extirpandos
497 247 667 294 clericos,
697 247 856 294 nobiles,
883 250 922 285 et
951 246 1073 295 magi·
1123 245 1289 294 scripsit.
1311 246 1370 284 Ex
1390 258 1463 295 quo
1483 247 1654 293 tempore
1672 241 1992 281 Lutheranismus
2010 242 2048 280 in

144 304 289 339 stratus
316 301 456 337 incit‘u
461 303 538 338 unt
569 301 650 338 Hoc
676 302 908 338 rusticorum
928 299 1073 337 bellum
1121 298 1306 337 Borussia
1325 299 1502 336 firmatus
1521 300 1591 335 est.

143 365 204 391 an.
228 354 326 391 1524
349 354 513 402 piimum
534 354 572 390 in
594 355 739 391 Suevia
758 354 917 399 exaisit,
937 355 977 390 et
991 353 1075 389 bie-

1168 352 1425 390 Saecza-ln
1445 351 1583 389 Suecia
1603 350 1724 399 primo
1744 348 1969 397 religionem
1990 360 2052 385 no-

143 407 183 443 vi
199 411 372 455 tempom
391 407 567 454 perali·1s
582 408 811 444 Germani-io
826 410 952 444 terras
968 417 1073 453 prae·
1116 417 1138 440 v
1143 417 1203 441 un
1225 405 1441 442 intulerunt
1460 405 1535 441 duo
1556 404 1695 441 fiatres
1717 402 1850 446 Sueci,
1870 401 1988 440 Olaus
2012 403 2052 438 et

143 459 283 508 cipue
272 460 320 496 ad
342 460 520 496 Rhenum
551 462 590 497 ct
606 460 785 497 Moenum
818 471 964 507 prgopa
968 462 1074 495 atum

142 512 230 558 fuit,
248 512 362 560 idque
381 524 425 550 eo
446 513 588 558 lurore,
610 516 651 550 ut
671 513 774 550 ultra
794 512 870 551 300
887 514 1071 548 monaste-

142 565 202 602 ria
230 577 414 614 arcesque
444 565 627 602 nobilium
657 566 856 602 destructa
882 565 1070 602 ferantur.

143 618 389 666 Principibus
410 630 518 655 arma
537 618 877 666 coniungentibus,
897 616 1070 654 seditiosi

143 671 284 720 partim
305 671 418 708 occisi
442 672 581 719 partim
601 670 758 718 dispersi
779 674 869 708 sunt
891 669 914 707 ¹.

198 723 257 761 12.
274 724 506 760 Lutlaeeranz·
520 725 564 760 ιή
580 724 764 761 Samma
780 745 830 749 ——
846 722 1005 760 Interim
1020 722 1074 758 lu-

144 776 307 814 therana
333 782 438 814 secta
466 777 503 812 in
525 776 696 813 Saxonia
714 776 876 823 aliisque
897 775 1073 824 regioni-

146 829 218 866 bus
237 830 399 866 maiores
420 829 702 877 progressiones
722 828 825 866 fecit.
846 828 1071 865 Fridericus

143 883 284 919 elector
303 881 528 925 saxonicus,
551 882 727 930 quamvis
746 882 909 919 Lutheri
930 881 1073 929 coeptis

143 934 327 979 favisset,
355 939 484 971 tamen
514 935 744 972 catholicam
781 934 1006 984 religionem
1036 934 1074 970 in

143 987 257 1024 terris
285 987 362 1024 suis
382 999 460 1024 non
480 987 696 1037 abrogavit.
719 988 755 1025 Is
775 988 870 1025 obiit
886 999 946 1025 an.
963 987 1074 1025 1525.

142 1039 237 1077 Εἰιι3
263 1039 387 1077 frater
415 1045 455 1077 et
481 1052 679 1078 successor
708 1040 896 1087 Ioannes,
926 1040 1077 1077 abiecta

142 1093 316 1130 doctrina
335 1093 536 1139 catholica,
551 1093 798 1131 lutheranam
813 1093 967 1142 publice
984 1104 1074 1141 pro-

144 1145 266 1184 fessus
281 1148 352 1192 est,
368 1151 408 1183 et
421 1147 577 1184 consilio
589 1147 840 1195 Lutheri,qui
855 1158 954 1184 anno
970 1157 1076 1195 prae-

143 1199 301 1236 cedente
322 1200 558 1237 conculcatis
588 1200 811 1238 monasticis
832 1200 932 1237 votis
959 1203 998 1237 et
1028 1211 1074 1236 a-

141 1252 222 1289 bitu
247 1252 410 1298 abiecto,
429 1253 560 1290 eodem
582 1265 682 1290 anno
706 1264 865 1290 uxorem
886 1252 1012 1298 duxit,
1033 1252 1071 1289 in

142 1305 244 1342 omni
272 1305 466 1343 territorio
486 1318 556 1343 suo
577 1307 813 1344 monasteria
832 1306 958 1343 adhuc
979 1306 1075 1343 resi-

141 1357 230 1403 dua,
250 1358 422 1407 aliasque
442 1360 654 1397 catholicae
673 1359 870 1408 religionis
890 1359 1073 1408 reliquias

141 1411 224 1448 tolli
245 1412 380 1457 iussit;
401 1412 439 1448 in
460 1412 587 1449 locum
609 1413 746 1450 missae
766 1412 982 1449 catholicae
1003 1425 1072 1449 no-

141 1475 234 1500 vum
254 1464 374 1502 divini
393 1465 518 1502 cultus
538 1465 724 1511 ordinem,
745 1478 767 1503 a
787 1466 959 1503 Luthero
975 1477 1074 1502 com-

141 1518 328 1565 positum,
348 1518 612 1566 praescripsit3
632 1520 881 1556 ecclesiarum
901 1518 1076 1556 visitato-

142 1581 206 1608 res
220 1570 389 1608 instituit
403 1571 920 1620 catholicos,praedicat0res
936 1584 987 1609 ex
1000 1584 1076 1609 om-

142 1623 252 1660 nibus
280 1624 450 1661 ecclesiis
469 1624 603 1670 eiecit;
624 1625 896 1663 instructiones
915 1625 1073 1674 dogma-

143 1675 242 1713 ticas
256 1679 296 1713 et
308 1676 540 1726 disciplinas,
556 1689 579 1715 a
593 1677 890 1715 Melanchthone
909 1678 1074 1716 conscri-

143 1731 242 1778 ptas‚
263 1729 471 1778 binumque
491 1730 654 1768 Lutheri
679 1731 978 1777 catechismum,
1000 1743 1077 1769 ma-

143 1782 266 1819 iorem
286 1782 335 1820 ad
354 1783 647 1821 instructionem
668 1788 868 1832 pastorum
888 1786 928 1822 et
943 1784 1075 1821 cultio-

144 1846 231 1872 rum
249 1835 288 1872 in
309 1837 448 1884 populo
467 1840 508 1874 et
528 1837 716 1874 minorem
732 1837 778 1875 ad
797 1849 906 1875 usum
920 1838 1074 1875 rudium

146 1890 186 1925 et
202 1888 463 1937 parvulorum,
485 1890 662 1927 omnibus
682 1890 903 1939 imperavit,
918 1891 1077 1939 abroga-

145 1944 186 1978 ta
206 1940 315 1979 avita
333 1945 373 1979 et
394 1942 586 1980 catholica
606 1943 805 1992 regiminis
825 1944 1076 1981 ecclesiastici

143 1993 281 2031 forma.
302 1995 362 2031 Ita
382 2007 444 2032 res
462 1995 726 2033 ecclesiastica
742 1998 955 2034 secundum
978 2009 1076 2034 men-

143 2050 223 2084 tem
245 2047 408 2085 Lutheri
426 2048 466 2084 in
486 2048 600 2086 terris
619 2050 799 2087 electoris
817 2050 1002 2087 Saxonici
1019 2061 1074 2087 or-

143 2100 277 2138 dinata
297 2104 368 2147 est,
387 2101 600 2150 eademque
619 2114 754 2141 norma
774 2104 812 2140 in
834 2103 921 2140 aliis
941 2103 1070 2150 terris,

146 2153 210 2190 ubi
230 2153 552 2192 Lutheranismus
571 2155 747 2203 obtinuit,
765 2158 942 2205 suscepta
961 2156 1047 2194 fuit.

128 2236 140 2252 ,
195 2206 510 2245 Borussz‘a—Ex
525 2207 583 2245 his
597 2208 672 2246 fuit
680 2209 866 2246 Borussia
878 2221 946 2247 seu
959 2210 1074 2247 Prus-

145 2258 203 2296 sia
222 2259 431 2298 orientalis.
451 2261 636 2299 Borussia
655 2263 857 2300 obediebat
876 2262 1010 2300 Ordini
1029 2275 1073 2300 e-

147 2312 299 2360 quitum
337 2313 658 2362 Teutonicorum3
701 2316 839 2353 horum
872 2327 1074 2364 supremus

149 2365 334 2413 magister
351 2370 434 2404 erat
452 2367 649 2414 Albertus,
670 2380 690 2406 e
709 2368 858 2406 familia
878 2369 1074 2406 marchio-

147 2429 239 2454 num
266 2417 671 2468 Brandeburgicorum
704 2422 743 2459 in
777 2422 996 2460 Franconia
1028 2435 1073 2459 o-

149 2470 320 2508 riundus.
334 2471 371 2508 Is
382 2483 442 2509 an.
458 2473 556 2510 1522
576 2475 818 2513 sermonibus
829 2476 1007 2513 Andreae
1019 2476 1074 2513 O-

147 2523 321 2560 siandri
311 2524 430 2572 ipsius
450 2525 610 2563 Lutheri
629 2528 786 2565 consilio
807 2528 1013 2575 excitatus,
1033 2530 1075 2565 ut

147 2574 336 2624 religione
364 2577 554 2616 catholica
581 2582 621 2617 et
649 2580 784 2618 ordine
805 2582 982 2628 desertis,
1002 2594 1075 2619 no-

148 2639 239 2666 vam
258 2628 487 2677 religionem
506 2638 719 2671 assumeret
723 2635 1023 2683 ,nuptiasiniret
1037 2640 1075 2672 et

147 2681 371 2719 Borussiam
406 2687 539 2732 tanqu
541 2697 591 2721 zm
621 2687 808 2724 ducatum
835 2688 1075 2725 saecularem

146 2735 219 2772 sibi
248 2735 476 2782 vindicaret,
508 2738 636 2786 pravis
665 2740 832 2778 consiliis
853 2741 981 2778 cessit.
1001 2742 1073 2778 An.

151 2787 250 2826 1523
266 2788 554 2827 concionatores
567 2791 793 2831 lutheranos
804 2794 842 2830 in
854 2794 1075 2831 Borussiam

148 2840 318 2887 vocavit,
348 2842 584 2880 Dorotheam
612 2845 891 2883 Holsatiensem
917 2858 1076 2884 uxorem

149 2894 272 2939 duxit,
293 2894 387 2931 inito
407 2907 471 2933 an.
493 2895 594 2934 1525
614 2909 700 2934 cum
720 2899 965 2947 Sigismundo
986 2912 1076 2949 rege

150 2946 334 2984 Poloniae
354 2947 521 2994 foedere,
540 2961 580 2986 se
600 2951 736 2988 ducem
757 2953 963 2990 Borussiae
982 2966 1076 2991 con-

149 2999 289 3045 stituit,
309 3001 450 3038 multos
470 3002 648 3049 equites
639 3016 677 3040 in
700 3008 827 3053 partes
847 3017 937 3042 suas
957 3007 1079 3044 addu-

149 3052 221 3097 xit,
250 3029 346 3091 aiios
374 3054 516 3092 ducatu
545 3057 652 3093 exire
681 3057 805 3103 iussit,
824 3059 1012 3107 abrocrata
1029 3060 1079 3097 11-

151 3106 280 3154 turgia
307 3107 499 3144 catholica
530 3109 672 3158 ubique
700 3110 946 3149 lutheranam
965 3125 1080 3162 prae-

193 3236 205 3257 ¹
221 3237 329 3277 Audin,
342 3238 399 3270 loc.
415 3239 464 3270 cit.
482 3248 508 3271 c.
524 3238 555 3271 9.

1116 458 1348 495 Laurentius
1371 458 1499 494 Petri·
1491 458 1582 505 ,qui
1600 457 1637 493 in
1655 456 1920 493 Univeisitate
1938 455 2052 493 Wir-

1115 511 1370 559 tembcrgensi
1399 487 1561 547 Lussieri
1591 509 1733 557 placita
1759 520 1899 556 magno
1927 508 2053 545 studio

1115 563 1351 608 didicerant,
1371 566 1410 600 et
1429 575 1491 600 an.
1518 563 1616 600 1519
1635 561 1673 598 in
1695 562 1862 611 patriam
1884 561 2051 606 reversi,

1115 627 1262 653 summo
1279 616 1417 653 ardore
1435 619 1706 664 propagarunt.
1719 615 1914 652 Gustavus
1926 614 2051 652 Wasa

1115 681 1174 705 an.
1200 669 1298 706 1523
1315 680 1384 706 rex
1404 669 1564 705 Sueciae
1584 667 1969 712 electus‚1utheranis
1985 679 2047 703 no-

1117 721 1304 759 vitatibus
1324 721 1402 758 iam
1422 721 1595 758 imbutus
1613 750 1622 765 ‚
1653 720 1837 768 bonisque
1864 719 2051 758 ecclesia—

1116 786 1215 820 rum,
1235 774 1563 812 monasteriorum
1582 776 1622 810 et
1641 772 1747 819 cleri,
1763 785 1862 821 quae
1881 774 1915 810 ei
1937 785 2049 810 nova-

1115 830 1218 864 tores
1235 827 1522 874 adiudicabant‚
1534 827 1766 875 occupandis
1787 826 1952 872 inhians,
1969 838 2054 874 pro-

1115 881 1292 930 pagando
1329 881 1367 917 in
1396 881 1511 918 terris
1540 879 1618 917 suis
1648 879 1947 917 Lutheranismo
1976 879 2052 916 im-

1117 945 1233 982 pense
1263 933 1381 980 favit,
1401 933 1544 981 scripta
1564 933 1874 970 Lutheranorum
1903 933 2053 969 edenda

1118 987 1272 1024 curavit
1292 1016 1302 1033 ,
1330 989 1526 1035 apostatas
1560 985 1787 1035 praesertim
1821 985 1981 1023 clericos
2014 989 2054 1022 et

1115 1041 1320 1077 monachos
1351 1040 1553 1077 favoribus
1579 1039 1708 1083 auxit,
1729 1037 1952 1076 resistentes
1982 1038 2053 1075 sibi

1118 1093 1237 1130 variis
1252 1092 1374 1130 modis
1394 1093 1565 1130 vexavit.
1586 1094 1662 1130 An.
1686 1091 1786 1129 1527
1806 1091 1916 1140 regni
1937 1091 2054 1128 Ordi—

1118 1145 1230 1182 nibus
1250 1146 1289 1182 in
1317 1150 1445 1195 partes
1470 1157 1560 1183 suas
1590 1144 1811 1194 pertractis,
1830 1156 2051 1193 supremam

1116 1198 1155 1235 in
1177 1199 1292 1237 rebus
1310 1199 1578 1237 ecclesiasticis
1594 1199 1840 1246 potestatem,
1853 1197 1953 1235 sicut
1971 1209 2051 1246 pos-

1117 1251 1306 1290 sessiones
1332 1256 1371 1290 et
1395 1253 1608 1301 proventus
1628 1251 1883 1289 ecclesiarum
1905 1262 1949 1288 ac
1968 1262 2053 1288 mo-

1118 1305 1376 1342 nasteriorum
1391 1306 1461 1343 sibi
1480 1304 1703 1343 vindicavit.
1719 1304 1779 1341 Ex
1796 1304 1866 1341 hoc
1880 1306 2053 1352 tempore

1117 1358 1345 1396 lutheranae
1363 1358 1560 1407 religionis
1580 1358 1766 1407 professio
1786 1357 1825 1394 in
1847 1357 1985 1394 Suecia
2003 1356 2053 1394 le-

1116 1423 1166 1460 ge
1193 1412 1349 1460 publica
1379 1411 1536 1450 firmata
1562 1414 1641 1458 est,
1671 1411 1910 1448 monasteria
1929 1410 2054 1447 aboli-

1116 1471 1157 1501 ta
1177 1495 1186 1510 ‚
1219 1465 1430 1503 coelibatus
1460 1465 1636 1514 ritusque
1665 1464 1842 1502 catholici
1862 1464 2054 1512 abrogati,

1117 1529 1218 1555 nova
1243 1518 1405 1567 liturgia
1433 1518 1472 1555 in
1506 1519 1641 1567 lingua
1677 1517 1888 1555 vernacula
1927 1517 2051 1553 intro-

1118 1573 1251 1617 ducta,
1271 1574 1311 1608 et
1331 1573 1483 1609 demum
1504 1583 1565 1608 an.
1590 1570 1689 1610 1544
1708 1571 1747 1608 in
1768 1569 1933 1607 comitiis
1953 1569 2054 1607 We-

1117 1624 1407 1662 steresiensibus
1423 1625 1610 1673 cuiusque
1626 1623 1841 1662 catholicae
1856 1622 2054 1672 religionis

1120 1678 1278 1726 vestigii
1299 1678 1454 1716 decreta
1473 1678 1673 1715 extinctio.

1168 1730 1420 1768 Dama—In
1454 1731 1580 1769 Dania
1607 1741 1761 1779 quoque
1790 1741 1891 1767 nova
1919 1729 2054 1778 religio

1118 1783 1360 1831 potissimum
1379 1796 1449 1832 ope
1466 1795 1602 1833 regum
1621 1786 1832 1833 propagata
1847 1782 1932 1820 fuit.
1949 1783 2058 1820 Chri-

1120 1836 1270 1875 stianus
1284 1849 1350 1875 seu
1368 1837 1632 1875 Christiernus
1649 1849 1718 1874 rex
1733 1836 1770 1873 II
1788 1836 1823 1873 ei
1838 1838 1971 1884 aperte
1992 1848 2055 1884 pa-

1116 1890 1404 1935 trocinabatur,
1425 1891 1583 1939 eiusque
1604 1891 1780 1927 doctores
1799 1902 1820 1926 e
1841 1890 2051 1929 Germania

1117 1943 1336 1981 advocavit.
1366 1944 1416 1981 Hi
1446 1956 1522 1981 una
1547 1955 1634 1980 cum
1660 1943 1808 1991 aliquot
1834 1943 2047 1991 indigenis,

1117 1993 1185 2044 qui
1204 1996 1244 2032 in
1264 1997 1527 2034 Universitate
1543 1996 1892 2045 Wirtembergensi
1911 1996 2051 2033 Luthe-

1118 2049 1150 2085 ri
1170 2049 1366 2087 doctrinas
1386 2054 1645 2099 susceperant,
1661 2061 1726 2087 eas
1741 2050 1941 2086 Danorum
1962 2049 2050 2086 ani-

1117 2101 1189 2140 mis
1214 2102 1402 2141 instillare
1429 2104 1556 2141 conati
1585 2106 1687 2141 sunt.
1717 2104 1788 2140 An.
1813 2102 1912 2140 1523
1932 2103 2046 2140 Chri-

1117 2155 1243 2193 stiano
1267 2159 1425 2205 propter
1449 2156 1653 2194 saevitiam
1680 2168 1788 2194 suam
1815 2156 1959 2201 eiecto,
1980 2167 2050 2193 rex

1117 2208 1262 2246 Daniae
1283 2210 1428 2247 electus
1447 2210 1524 2247 fuit
1542 2209 1764 2247 Fridericus
1784 2209 1801 2246 I
1821 2209 1901 2246 dux
1916 2208 2050 2246 Holsa-

1115 2261 1202 2299 tiae.
1220 2262 1293 2299 Hic
1310 2263 1454 2311 pariter
1472 2275 1596 2300 novae
1615 2262 1792 2311 religioni
1807 2263 1984 2300 addictus
2004 2274 2050 2298 e-

1116 2320 1189 2352 rat.
1211 2315 1456 2375 Quapropter
1476 2317 1638 2365 pseudo·
1621 2317 1815 2353 -doctores
1834 2315 1939 2352 illam
1963 2326 2051 2352 ma-

1117 2368 1175 2415 gis
1196 2369 1396 2418 magisque
1424 2372 1712 2418 propagarunt3
1739 2368 1901 2417 episcopi
1923 2368 2053 2405 incas-

1115 2432 1201 2457 sum
1221 2421 1488 2460 renitentibus.
1508 2424 1580 2460 An.
1599 2422 1698 2460 1527
1727 2434 1795 2459 rex
1823 2420 1965 2459 habitis
1982 2421 2051 2458 Ot-

1116 2474 1235 2511 tiniae
1255 2475 1420 2513 comitiis
1439 2477 1543 2514 inter
1568 2475 1645 2513 alia
1671 2475 1951 2512 decernendum
1980 2487 2050 2511 cu-

1117 2527 1242 2573 ravit,
1263 2530 1307 2565 ut
1326 2528 1560 2566 Lutheranis
1586 2529 1698 2577 plena
1718 2527 1914 2576 religionis
1932 2527 2051 2564 liber-

1117 2583 1197 2626 tas,
1218 2581 1397 2629 idemque
1418 2582 1652 2630 praesidium
1677 2583 1715 2618 et
1733 2581 1792 2618 ius
1816 2583 2053 2628 competeret

1118 2644 1162 2670 ac
1187 2634 1417 2681 Catholicis3
1438 2635 1587 2672 clericis
1616 2636 1655 2671 et
1684 2633 1881 2671 monachis
1911 2634 2051 2671 matri-

1119 2686 1247 2724 monia
1274 2687 1372 2724 inire
1401 2688 1562 2733 1iceret3
1590 2686 1753 2736 episcopi
1793 2698 1816 2723 a
1856 2687 2049 2724 canonicis

1119 2739 1252 2786 electi,
1272 2752 1296 2778 a
1314 2741 1393 2788 solo
1413 2752 1523 2789 rege,
1544 2752 1617 2776 non
1638 2752 1730 2776 vero
1750 2751 1773 2778 a
1792 2740 1839 2776 R.
1861 2739 2050 2777 Pontifice

1119 2793 1435 2840 confimarentur3
1447 2795 1546 2830 bona
1561 2792 1730 2829 ecclesiis
1749 2804 1795 2829 ac
1811 2793 2052 2831 monasteriis

1118 2845 1206 2895 lege
1233 2847 1387 2895 publica
1415 2847 1687 2883 adimerentur.
1709 2845 1856 2887 Quibus
1890 2846 2054 2883 decretis

1121 2911 1236 2947 quam
1259 2899 1463 2947 profecerit
1482 2910 1583 2936 nova
1599 2898 1748 2947 religio,
1763 2902 1824 2936 sat
1844 2899 2053 2947 colligitur.

1123 2952 1224 2989 Hinc
1252 2952 1465 2989 Lutherani
1502 2951 1595 2988 facti
1631 2952 1856 2989 audaciores
1871 2981 1881 2998 ‚
1920 2954 2056 2990 contra

1123 3005 1340 3043 Catholicos
1359 3005 1571 3052 insurgere,
1591 3004 1771 3042 ecelesias
1792 3005 1974 3054 diripere,
1990 3017 2056 3043 sa-

1123 3069 1209 3095 cras
1223 3057 1410 3106 imagines
1426 3058 1636 3104 destruere,
1651 3058 1857 3095 monachos
1872 3070 1892 3095 e
1912 3070 2057 3096 coeno-

1125 3111 1198 3148 biis
1215 3110 1370 3159 pellere,
1387 3110 1587 3158 omnisque
1606 3112 1760 3158 generis
1783 3111 1974 3149 violentiis
1994 3123 2060 3148 no-

1125 3176 1213 3200 vum
1231 3163 1476 3211 evangelium
1493 3163 1634 3212 ubique
1653 3163 1809 3201 firmare
1828 3167 2056 3213 coeperunt.

1125 3217 1203 3254 Sub
1224 3216 1441 3262 Christiano
1460 3216 1534 3264 III,
1554 3216 1617 3266 qui
1638 3218 1739 3268 patri
1768 3229 1838 3254 suo
1857 3216 2054 3257 Friderico
