2241 3473
683 175 820 204 VSQVE
843 175 897 201 AD
918 173 1206 202 PRAESENTEM
1231 174 1435 203 AETATEM

91 256 179 282 cum
199 274 208 289 ,
233 247 454 284 Conciones
473 276 481 291 ,
509 249 620 284 varia
645 249 839 297 polemica
864 249 1036 285 maxime

91 303 233 335 contra
258 299 542 338 Febronianos.
571 303 813 350 Augustinus
839 303 1008 340 Barruel
1028 331 1036 346 ‚

88 353 127 389 S.
155 353 199 396 1.‚
218 352 369 400 redegit
398 355 621 402 aliquandiu
649 356 826 391 Diarium
855 356 1038 392 ecclesia-

87 406 228 443 sticum
247 407 329 444 sive
345 409 618 446 bibliothecam
637 411 892 446 scientiarum
912 411 1038 447 eccle-

87 460 358 505 siasticarum;
388 463 559 500 Litteras
587 464 849 511 provinciales
875 464 1039 511 philoso-

87 514 224 563 phicas
242 543 250 558 ,
279 516 496 553 Historiam
524 518 764 554 iacobinismi
784 546 792 560 ‚
820 518 1038 554 Historiam

88 567 184 604 cleri
211 569 404 605 Gallicani
432 570 502 606 sub
528 571 678 606 initium
704 571 908 606 turbarum
928 571 1039 607 istius

89 621 217 669 regni:
245 623 402 670 scripsit
429 624 548 660 etiam
569 623 614 660 de
634 624 870 660 auctoritate
890 623 1039 670 Papae;

91 680 232 711 contra
258 677 556 723 impugnatores
581 677 817 714 Concordati
844 687 907 712 an.
930 677 1035 720 1801,

90 732 131 764 et
171 734 309 765 contra
349 730 523 767 fautores
558 731 816 767 revolutionis
849 730 1038 766 Gallicae.

88 781 205 818 lulius
231 783 417 819 Gabrielli
444 784 489 819 R.
511 785 556 820 E.
578 784 804 827 cardinalis,
824 784 947 820 Gallis
965 784 1039 819 Ro-

91 845 195 871 mam
222 837 508 884 occupantibus
529 866 538 881 ,
567 838 779 885 primarius
807 838 864 873 Pii
893 838 944 874 Vl
973 838 1040 873 mi-

89 889 240 934 nister,
275 890 433 937 scripsit
465 891 597 927 varias
630 891 819 938 epistolas
852 892 1040 939 dignitate

88 942 226 988 plenas
251 954 370 990 super
397 945 692 991 gravaminibus
717 956 765 981 eo
793 949 973 992 tempore
1000 946 1039 981 S.

88 995 177 1031 Sedi
205 996 335 1032 illatis.
370 998 475 1033 Ioan.
506 998 651 1034 Franc-
683 999 925 1043 Godescard,
953 1011 1037 1035 can-

89 1048 320 1095 Parisiens.,
339 1051 444 1088 inter
470 1052 548 1088 alia
574 1052 686 1100 plura
713 1053 852 1099 gallice
875 1053 1042 1089 reddidit

87 1103 266 1151 notisque
285 1105 496 1142 illustravit
515 1106 655 1141 Albani
673 1107 810 1142 Butler
831 1106 947 1142 Vitas
966 1107 1039 1143 SS.

89 1156 320 1194 Matthaeus
346 1160 670 1207 Danuenmayer,
699 1161 872 1203 Suevus,
901 1164 1041 1196 auctor

87 1214 148 1247 est
182 1212 471 1259 Institutionum
506 1213 695 1250 historiae
729 1214 1037 1251 ecclesiasticae.

87 1264 288 1313 Philippus
319 1268 423 1314 Ang.
450 1267 672 1312 Becchetti,
699 1268 794 1304 Ord.
823 1267 966 1304 Praed.
997 1272 1037 1305 et

87 1318 294 1367 episcopus
319 1321 675 1365 Civitatis-Plebis,
703 1321 946 1357 continuavit
973 1322 1041 1357 Hi—

86 1373 249 1408 storiam
289 1374 602 1411 ecclesiasticam
639 1374 745 1410 card.
790 1375 893 1411 Orsi.
933 1376 1037 1411 Ioan.

88 1426 232 1463 Franc.
248 1438 326 1463 van
345 1428 393 1464 de
412 1428 552 1472 Velde‚
572 1428 846 1474 Lovaniensis,
866 1441 955 1465 cum
978 1441 1042 1465 no-

85 1481 290 1518 vatoribus
317 1486 546 1519 constanter
572 1483 744 1518 luctatus
770 1487 842 1525 est,
871 1486 911 1519 et
937 1483 1042 1519 inter

86 1535 166 1571 alia
182 1536 398 1583 publicavit
413 1537 608 1585 Synopsin
627 1537 874 1584 Synodorum
894 1537 1042 1573 archie-

87 1589 182 1637 pisc.
213 1590 522 1627 Mechliniensis.
550 1591 771 1627 Ludovicus
796 1591 1043 1635 Mozzi,Ber-

87 1643 300 1690 gomensis,
329 1645 369 1681 S.
391 1644 603 1692 I.,scripsit
619 1644 1041 1681 Historiam‘schisma-

88 1697 190 1733 ticae
219 1698 412 1735 ecclesiae
437 1698 757 1742 Ultraiectensis,
780 1699 934 1746 aliaque
952 1697 1057 1734 con-'

90 1755 152 1786 tra
171 1750 411 1788 Iansenistas
437 1756 477 1789 et
503 1751 740 1788 incredulos.
767 1751 968 1788 Tossanus
988 1752 1041 1788 Io-

90 1804 233 1852 sephus
265 1805 463 1849 Romsee,
502 1806 539 1841 in
571 1806 794 1842 Seminario
834 1805 1042 1842 Leodiensi

90 1858 313 1905 professor,
332 1859 491 1906 scripsit
508 1859 555 1896 do
583 1871 626 1896 re
654 1860 854 1906 liturgica.
875 1860 1040 1896 loannes

88 1912 246 1955 Devoti,
267 1924 315 1950 ex
334 1913 518 1960 episcopo
545 1914 758 1960 Anagnino
777 1913 1038 1961 archiepisco-

89 1978 163 2014 pus
196 1967 550 2015 Carthaginensis,
585 1967 743 2015 reliquit
777 1968 1043 2004 Institutiones

90 2022 318 2058 canonicas.

130 2075 226 2112 Post
240 2075 442 2124 praefatos
456 2077 672 2123 scriptores
689 2075 922 2112 recensendi
939 2080 1040 2112 sunt:

89 2129 254 2166 Ioannes
280 2130 395 2173 Jahn,
419 2130 536 2166 studii
554 2130 692 2166 Biblici
711 2130 748 2165 in
767 2130 1040 2168 Universitate

88 2183 385 2221 vindobonensi
419 2184 644 2231 professor,
680 2183 744 2231 qui
785 2183 891 2220 dedit
917 2184 1042 2220 Intro-

89 2235 313 2273 ductionem
340 2239 379 2273 in
404 2238 454 2272 V.
482 2242 523 2274 et
547 2237 595 2274 N.
626 2238 940 2281 Testamentum,
967 2240 1038 2273 Ar-

90 2290 363 2339 chaeologiam
383 2291 567 2328 biblicam
588 2295 628 2327 et
645 2291 955 2327 Grammaticam
975 2291 1040 2328 he-

90 2343 265 2380 braicam
293 2349 409 2393 atque
429 2346 643 2390 arabicam;
662 2345 730 2382 sed
748 2345 812 2381 hic
838 2345 920 2381 illic
939 2347 1039 2382 iusto

90 2398 303 2443 audacior,
338 2399 377 2434 in
411 2399 609 2435 nonnullis
640 2410 850 2435 censuram
882 2401 1040 2435 meruit.

89 2452 196 2488 Ioan.
227 2452 347 2488 Teod.
376 2453 535 2497 Beelen,
555 2454 593 2488 in
611 2453 880 2489 Universitate
909 2453 1042 2489 catho—

91 2505 167 2541 lica
199 2506 435 2542 Lovaniensi
468 2518 500 2542 s.
535 2507 765 2553 Scripturae
807 2506 1009 2554 professor
1032 2536 1040 2551 ,

89 2559 195 2596 dedit
221 2559 585 2596 Chrcslomathiam
603 2559 850 2596 rabbinicam
877 2562 912 2596 ct
930 2560 1041 2596 chal-

89 2614 252 2650 daicam
269 2642 278 2657 ,
304 2614 614 2650 Grammaticam
643 2614 876 2661 graecitatis
901 2614 1038 2651 Libro-

90 2680 176 2705 rum
191 2668 242 2704 N.
260 2668 487 2711 T.‚Librum
507 2669 733 2716 Sapientiae
750 2679 909 2715 graece,
925 2669 1039 2706 Com-

89 2722 307 2759 mentarios
336 2722 373 2756 in
399 2722 502 2757 Acta
528 2723 807 2768 Apostolorum
835 2722 932 2759 etin
952 2723 1041 2771 Epi-

89 2777 210 2814 stolas
235 2788 267 2813 s.
296 2776 406 2812 Pauli
433 2775 481 2812 ad
514 2775 715 2812 Romanos
757 2781 797 2812 et
823 2776 870 2812 ad
898 2776 1040 2825 Philip-

90 2842 243 2879 penses.
272 2829 501 2866 Bernardus
515 2829 737 2877 Overberg,
754 2831 1040 2867 Monasterien-

88 2885 157 2927 sis,
172 2884 274 2920 inter
287 2884 368 2920 alia
387 2883 601 2931 publicavit
618 2884 834 2920 Historiam
863 2884 911 2918 V.
933 2889 973 2921 et
989 2886 1038 2920 N.

90 2938 349 2975 Testamenti.
362 2937 559 2973 Henricus
578 2937 696 2980 Klee,
715 2938 754 2972 in
772 2937 1040 2976 Universitate

90 2991 364 3027 Monachiensi
392 2991 510 3038 prof„
535 2989 641 3026 dedit
666 2990 984 3027 Commentarios
1003 2993 1039 3027 in

90 3045 286 3092 Epistolas
313 3057 342 3081 s.
371 3044 483 3080 Pauli
511 3043 558 3080 ad
594 3044 794 3080 Romanos
819 3048 859 3080 et
885 3045 933 3080 ad
959 3046 1035 3083 He-

92 3099 509 3146 braeos,Theologiam
529 3098 1037 3145 dogmaticam,Historiam

91 3152 337 3200 dogmatum,
363 3155 397 3188 et
425 3153 600 3188 caetera.

140 3207 247 3242 Ioan.
274 3207 450 3242 Adamus
477 3205 676 3248 Moehler,
701 3205 739 3240 in
767 3206 1040 3245 Monachiensi

93 3259 362 3298 Universitate
389 3271 511 3308 aeque
532 3271 577 3296 ac
594 3259 808 3307 professor,
827 3261 1041 3307 publicavit

1906 163 1983 202 343

1087 248 1362 297 Patrologyiam
1392 261 1461 286 seu
1486 248 1689 285 historiam
1710 247 1945 285 litterariam
1965 248 2038 284 Pa-

1089 306 1192 339 trum
1221 308 1262 341 et
1279 303 1526 350 Scriptorum
1545 302 1905 339 ecclesiasticorum
1921 302 2036 338 trium

1090 359 1266 404 priorum
1285 357 1491 393 Ecclesiae
1507 355 2039 403 saeculorum,Symbolicam

1089 422 1156 447 scu
1184 411 1471 458 expositionem
1501 411 1860 447 controversiarum
1881 409 2039 456 dogma-

1091 465 1258 500 ticarum
1288 464 1389 500 inter
1415 464 1637 502 Catholicos
1664 468 1705 500 et
1739 463 2038 505 protestantes,

1090 517 1341 565 eiusdemque
1361 519 1493 566 operis
1511 517 1844 554 continuationem
1862 518 1899 553 in
1915 516 2039 553 Novis

1089 572 1461 619 investigationibus
1487 573 1595 609 circa
1625 573 1784 609 easdem
1811 575 2041 608 controver-

1090 627 1169 663 sias
1185 655 1193 670 ,
1222 626 1313 661 alia.
1333 626 1572 662 Franciscus
1590 627 1711 673 Leop.
1733 627 1865 661 Bruno
1884 625 2043 662 Lieber-

1089 690 1229 723 mann,
1259 680 1472 716 canonicus
1506 680 1791 727 Mogunfflnus,
1825 680 1928 715 inter
1963 678 2041 715 alia

1089 732 1248 779 scripsit
1261 732 1531 769 Institutiones
1546 732 1768 779 theologiae
1778 732 2041 779 dogmaticae-

1091 785 1258 822 Ioannes
1284 786 1478 830 Perrone,
1495 787 1533 822 S.
1553 787 1596 830 1.‚
1611 787 1648 822 in
1670 786 1846 833 Collegio
1863 786 2042 822 Romano

1093 840 1307 886 professor,
1325 840 1514 876 adversus
1530 840 1867 876 rationalistarum
1884 850 2043 876 errores

1091 893 1337 930 elucubravit
1355 894 1653 930 Praelectiones
1669 894 1928 940 theologicas,
1947 904 2044 941 opus

1091 946 1138 982 de
1160 948 1414 983 Matrimonio
1434 947 1668 991 christiano,
1687 948 1877 995 variaque
1898 946 2044 983 theolo-

1092 1001 1182 1047 gica
1208 1006 1248 1038 et
1282 1002 1476 1049 polemica
1508 1002 1671 1050 scripta.
1707 1002 1880 1038 Thomas
1913 1000 2046 1036 Maria

1092 1053 1166 1090 Ios.
1195 1056 1379 1100 Gousset,
1399 1056 1573 1103 archiep.
1603 1055 1838 1091 Rliemensis
1865 1058 1904 1091 et
1928 1055 1977 1090 R.
1997 1055 2042 1090 E.

1093 1108 1481 1156 cardinalis,scripsit
1495 1109 1753 1155 Theologiam
1765 1108 2028 1156 dogmaticam
2037 1136 2046 1152 ,

1092 1161 1349 1209 Theologiam
1377 1163 1585 1205 moralem,
1606 1163 1695 1199 alia.
1716 1162 1954 1198 Franciscus
1973 1161 2046 1197 Pa-

1096 1215 1228 1252 tricius
1255 1217 1449 1260 Kenrick,
1473 1216 1708 1264 archiepisc.
1728 1215 2045 1257 Baltimorensis,

1095 1269 1200 1305 dedit
1240 1270 1496 1319 Theologiam
1534 1271 1816 1319 dogmaticam.
1857 1269 2049 1306 Nicolaus

1095 1323 1303 1360 Wiseman
1326 1352 1334 1367 ,
1362 1325 1404 1360 in·
1438 1325 1710 1362 Universitate
1748 1325 1930 1360 Romana
1961 1333 2047 1370 pro-

1094 1377 1242 1421 fessor,
1270 1382 1408 1425 postea
1432 1379 1617 1415 Vicarius
1643 1378 1882 1427 apostolicus
1907 1376 2048 1412 Londi—

1094 1433 1240 1475 nensis,
1269 1436 1385 1480 atque
1413 1432 1502 1469 inde
1530 1434 1577 1469 R.
1605 1434 1650 1469 E.
1681 1432 1892 1468 cardinalis
1918 1433 1959 1467 et
1986 1441 2045 1466 ar-

1094 1485 1368 1533 chiepiscopus
1411 1486 1886 1529 Westmonasteriensis,
1924 1483 2047 1521 edidit

1095 1541 1225 1576 Horas
1252 1540 1455 1588 Syriacas,
1475 1541 1715 1578 Collationes
1742 1541 1788 1577 de
1808 1539 1988 1575 doctrina
2007 1542 2046 1575 et

1095 1594 1320 1641 praecipuis
1352 1594 1541 1631 institutis
1575 1596 1779 1631 Ecclesiae
1806 1593 2047 1637 catholicae,

1095 1648 1310 1683 Sermones
1348 1648 1396 1684 de
1433 1652 1570 1685 mutua
1597 1650 1750 1685 ratione
1782 1648 1973 1684 scientiae
2001 1657 2048 1682 ac

1095 1701 1311 1748 Religionis
1345 1701 1547 1739 revelatae
1570 1731 1578 1746 ,
1607 1703 1814 1750 pluresque
1841 1701 2048 1739 Commen-

1095 1755 1265 1791 tationes
1290 1755 1723 1803 historico-polemicas.
1752 1756 1919 1792 Maurus
1949 1755 2048 1800 Cap-

1095 1809 1234 1855 pellari
1256 1837 1264 1852 ‚
1293 1809 1626 1854 Camaldulensis,
1653 1811 1701 1846 R.
1728 1811 1773 1846 E.
1803 1808 2046 1851 Cardinalis,
2069 1811 2071 1813 ’

1094 1866 1230 1908 postea
1256 1863 1475 1909 Gregorius
1501 1863 1572 1910 Pp.
1601 1864 1715 1907 XVI,
1744 1863 1864 1899 edidit
1891 1861 2047 1898 Trium-

1088 1916 1211 1963 phum
1226 1917 1265 1952 S·
1279 1917 1391 1952 Sedis
1407 1921 1447 1953 et
1462 1917 1851 1953 Ecclesiae.loannes
1866 1916 2047 1963 Baptista

1094 1971 1241 2014 Malou,
1270 1982 1291 2007 e
1319 1972 1546 2018 professore
1564 1972 1601 2007 in
1622 1972 1893 2008 Universitate
1914 1971 2045 2006 catho-

1095 2024 1170 2060 lica
1196 2025 1433 2062 Lovaniensi
1460 2026 1667 2073 episcopus
1685 2026 1917 2073 Brugensis,
1944 2025 2048 2061 inter

1095 2079 1173 2115 alia
1191 2079 1344 2115 erudite
1363 2080 1521 2127 scripsit
1539 2080 1585 2116 de
1606 2080 1775 2127 legenda
1793 2080 2048 2128 S.Scriptura

1094 2132 1132 2167 in
1159 2133 1294 2180 lingua
1321 2134 1488 2181 vulgari,
1516 2134 1563 2170 de
1584 2134 1769 2181 dogmate
1788 2146 1930 2170 recens
1956 2133 2048 2170 defi-

1094 2187 1175 2222 nito
1205 2187 1486 2224 Immaculatae
1514 2189 1783 2235 conceptionis
1809 2189 1857 2224 B.
1883 2188 1932 2222 V.
1961 2188 2046 2223 Mo-

1094 2240 1191 2285 riae,
1212 2240 1259 2277 de
1278 2244 1439 2277 auctore
1458 2242 1647 2277 librorum
1666 2240 1912 2277 Imitationis
1932 2241 2045 2277 Chri-

1091 2294 1156 2329 sti.
1177 2295 1421 2341 Augustinus
1447 2295 1494 2331 de
1519 2295 1779 2342 Roskovany,
1806 2307 1826 2331 e
1855 2294 2045 2330 canonico

1092 2347 1278 2395 Agriensi
1297 2349 1505 2396 episcopus
1522 2349 1731 2385 Vaciensis
1758 2350 1794 2384 in
1822 2348 2043 2395 Hungaria‚

1095 2402 1254 2450 scripsit
1278 2402 1326 2438 de
1354 2402 1535 2439 Primatu
1559 2403 1728 2438 Romani
1760 2402 1978 2447 Pontificis,
1997 2402 2044 2439 de

1094 2456 1350 2492 Matrimonio
1370 2485 1379 2500 ,
1406 2456 1453 2493 de
1481 2456 1748 2492 Matrimoniis
1781 2456 1913 2492 mixtis
1938 2456 2046 2492 inter

1092 2509 1315 2547 Catholicos
1342 2515 1382 2546 et
1407 2510 1700 2551 protestantes:
1728 2510 1888 2556 collegit
1906 2510 2046 2546 Monu—

1094 2567 1229 2599 merrta
1256 2574 1329 2611 pro
1356 2564 1659 2612 independentia
1684 2564 1888 2600 Ecclesiae
1917 2575 1937 2600 a
1959 2565 2044 2600 Sta-

1093 2621 1131 2653 tu
1161 2617 1278 2653 civili.
1307 2618 1470 2654 Iacobus
1498 2618 1672 2662 Balmes,
1699 2617 1885 2654 sacerdos
1906 2619 2047 2665 Hispa-

1091 2683 1163 2707 nus
1180 2700 1188 2716 ,
1216 2671 1319 2708 inter
1347 2673 1456 2710 cuius
1483 2683 1604 2719 opera
1638 2672 1787 2708 eminet
1819 2672 1913 2707 illud
1940 2672 2039 2720 quod

1092 2725 1250 2772 scripsit
1267 2724 1314 2761 de
1341 2725 1670 2761 Protestantismo
1700 2729 1738 2761 et
1764 2725 2015 2762 Catholicism

1093 2778 1196 2815 inter
1222 2790 1265 2814 se
1292 2778 1533 2826 comparatis
1551 2779 1676 2826 quoad
1693 2779 1882 2815 influxum
1912 2780 1950 2815 in
1976 2780 2045 2815 hu-

1094 2832 1315 2868 maniorum
1345 2832 1578 2879 populorum
1599 2832 1879 2869 institutionem
1899 2845 1983 2878 seu,
2004 2838 2043 2870 ut

1093 2889 1253 2928 vocant,
1281 2885 1594 2921 civilisationem.
1616 2887 1689 2923 los.
1714 2887 1915 2931 Carriere,
1942 2888 1971 2924 C
1989 2899 2042 2923 ›n-

1092 2952 1205 2987 greg.
1235 2940 1272 2975 S.
1303 2939 1474 2986 Sulpitii,
1504 2939 1716 2986 publicavit
1742 2941 2040 2977 Praelectiones

1094 2993 1334 3039 theologicas
1350 2992 1396 3027 de
1413 2992 1562 3028 iustitia
1576 2997 1616 3030 et
1635 2995 1734 3039 iure,
1753 2995 1799 3031 de
1828 2999 1941 3030 contr
1953 2997 2041 3032 icti-

1093 3048 1164 3083 bus
1181 3051 1222 3082 et
1248 3046 1294 3082 de
1314 3046 1580 3082 matrimonio.
1610 3048 1741 3084 Maria
1759 3048 1948 3084 Nicolaus
1966 3049 2038 3085 Sil-

1091 3105 1224 3137 vester
1243 3099 1559 3144 Guillon,sacrae
1575 3101 1824 3148 eloquentiae
1841 3107 2042 3147 proaessor

1094 3153 1271 3196 Parisiis,
1285 3153 1534 3190 concinnavit
1552 3154 1834 3191 Bibliothecam
1850 3153 2040 3192 selectam

1095 3207 1260 3243 Patrum
1287 3206 1491 3243 Ecclesiae
1518 3218 1690 3254 graecae
1716 3219 1762 3244 ac
1783 3208 1943 3245 latinae.

1141 3260 1316 3306 Angelus
1343 3261 1446 3305 Mai,
1472 3261 1520 3296 R.
1548 3263 1592 3298 E.
1622 3262 1844 3307 cardinalis,
1871 3262 1933 3298 vir
1958 3274 2038 3300 ma-
