2241 3473
771 165 897 197 VSQVE
926 165 979 191 AD
1008 162 1201 191 AETATEM
1228 165 1374 192 CAROLI
1402 166 1446 193 M.

1953 154 2028 192 189

140 234 270 271 bebat.
295 232 377 269 Iam
396 233 569 280 tempore
588 243 617 269 s.
638 231 814 280 Gregorii
835 230 888 269 M.
910 230 1087 266 Romana
1136 240 1159 264 a
1175 229 1277 278 Cyro
1294 229 1531 279 patriarcha,
1543 241 1565 266 a
1581 229 1719 267 senatu
1734 227 1952 277 populoque
1967 229 2083 265 hono-

145 285 309 323 ecelesia
328 284 424 321 talia
444 284 667 333 possidebat
684 284 722 320 in
738 283 868 327 ltalia,
884 281 1094 326 Dalmatia,

143 338 277 375 Sicilia
290 367 299 382 ,
319 336 520 381 Sardinia,
541 337 710 382 Corsica,
731 334 931 384 Hispania,
951 333 1093 378 Gallia,

142 390 337 433 Af1·ica,ct
349 390 386 426 in
399 388 790 438 aliisrcgionibus,uti
803 399 852 424 ex
865 386 982 423 liuius
996 387 1093 422 Pou-

138 442 254 480 tificis
278 442 420 479 litteris
441 441 730 479 constat.Aliae
751 440 868 477 ctiam
892 438 1091 483 ecclesiae,

138 495 370 544 praesertim
402 494 705 543 patriarchicae,
725 492 869 530 similia
898 492 1087 539 patrimo-

139 548 203 585 nia
221 559 290 585 sen
309 548 408 584 bona
424 547 649 590 immobilia,
664 556 828 594 quorum
850 544 1023 581 redditus
1039 543 1087 580 ad

136 600 225 638 illas
265 600 513 649 pertinebant
531 629 540 644 ,
577 598 833 647 possidebant.
874 596 1087 633 Provenie-

140 654 234 690 bant
262 665 308 690 ea
335 655 416 689 tum
446 664 466 689 e
487 651 762 688 donationibus
788 648 1087 686 christianorum

138 706 421 754 imperatorum
443 706 481 741 et
502 704 730 752 principum,
747 714 770 740 a
789 707 964 750 tempore
985 702 1087 738 Con-

138 758 302 796 stantini
323 758 374 795 M.
395 760 435 794 et
454 757 646 805 deinceps,
666 759 752 793 tum
782 767 802 792 e
824 754 896 803 piis
916 753 1088 790 fidelium

139 810 279 859 legatis
299 816 339 846 et
360 809 628 846 oblationibus.
651 809 711 846 Ex
732 807 816 845 istis
846 806 1090 856 patrimoniis

139 875 207 901 seu
223 862 477 911 proventibus
493 874 566 898 non
586 863 742 899 tantum
762 859 1016 898 ecclesiarum
1038 859 1091 895 in-

139 915 373 954 staurationi
390 917 430 952 et.
448 914 643 963 splendori
665 916 782 962 atque
802 924 1005 950 sacrorum
1025 911 1092 949 mi-

139 969 353 1006 nistrorum
382 967 677 1012 sustentationi,
706 967 773 1004 sed
806 977 1021 1014 pauperum
1047 976 1090 1002 e-

139 1021 249 1066 tiam,
269 1021 491 1065 viduarum,
521 1020 771 1068 pupillorum,
798 1018 1091 1068 peregrinorum

139 1074 362 1123 indigentiis
389 1073 686 1118 consulebatur,
709 1073 765 1110 uti
794 1072 1051 1108 confirmatur
1071 1082 1091 1107 e

139 1128 198 1164 tot
217 1126 524 1175 ptochotrophiis
538 1155 547 1171 ,
568 1125 813 1162 xenodochiis
827 1154 836 1170 ,
864 1125 1092 1161 nosocomiis

140 1181 180 1217 et
199 1178 550 1228 orphanotrophiis,
572 1190 594 1215 a
616 1178 750 1226 priscis
764 1177 1003 1226 temporibus
1023 1189 1092 1226 pro

140 1232 250 1270 varia
269 1243 484 1281 egenorum
504 1231 778 1268 necessitudini
798 1230 987 1268 institutis
1004 1230 1029 1268 ¹.

193 1286 254 1322 Ad
285 1285 431 1322 obitum
462 1285 616 1322 Ioannis
637 1283 1091 1332 V11‚quidecessitxv10

139 1338 224 1375 kal.
254 1349 348 1375 nov.
371 1349 432 1375 an.
454 1338 530 1374 707
545 1367 553 1382 ,
580 1337 699 1374 Sedes
718 1336 943 1385 Apostolica
971 1349 1092 1374 vaca-

141 1390 198 1427 vit
215 1391 342 1428 tribus
363 1391 574 1435 mensibus,
591 1392 677 1439 post
692 1401 788 1438 quos
804 1388 878 1426 xv⁰
897 1389 979 1427 kal.
998 1389 1093 1427 febr.

140 1455 201 1480 an.
223 1443 301 1480 708
322 1444 506 1481 Pontifex
527 1443 655 1480 factus
675 1442 749 1480 fuit
773 1442 963 1480 Sisinnius
977 1472 986 1488 ,
1015 1442 1094 1491 Sy-

138 1508 218 1541 rus,
233 1497 294 1533 cui
314 1499 398 1545 post
421 1496 560 1544 viginti
581 1496 675 1542 dies,
687 1507 775 1532 cum
797 1496 844 1532 de
861 1495 979 1533 Urbis
994 1507 1094 1532 moe-

140 1549 254 1586 nibus
275 1561 319 1586 ac
334 1550 490 1598 templis
521 1548 740 1586 reficiendis
769 1548 982 1597 cogitaret,
1012 1548 1095 1585 dira

139 1602 346 1639 arthritide
363 1603 534 1647 sublato,
548 1601 637 1638 v111⁰
649 1601 728 1638 kal.
747 1601 894 1650 aprilis,
911 1602 1097 1638 successit

139 1654 431 1702 Constantinus,
454 1655 600 1704 pariter
622 1654 759 1704 Syrus,
775 1654 842 1703 qui
859 1654 957 1691 sedit
974 1666 1095 1703 usque

139 1708 188 1745 ad
208 1719 270 1745 an.
292 1708 382 1746 715.

196 1772 218 1798 ‹<
240 1760 495 1798 Incredibiles
528 1759 743 1809 perspicias
773 1759 891 1797 fuisse
921 1760 1094 1797 Graeco-

141 1826 230 1852 rum
251 1816 371 1860 artes,
388 1814 514 1862 inquit
534 1813 742 1859 Baronius,
760 1813 898 1861 quibus
914 1812 1099 1862 (impera-

138 1865 271 1917 tores)
295 1867 365 1904 nisi
387 1870 479 1905 sunt
505 1867 579 1904 sibi
604 1866 798 1903 subiicere
820 1865 877 1914 (si
898 1865 1096 1916 licuisset)

138 1922 359 1958 Romanam
389 1920 608 1956 ecclesiam.
621 1948 648 1956 ..
684 1920 856 1968 Agentes
889 1918 1073 1955 nimirum
1088 1949 1097 1964 ,

141 1976 185 2011 ut
205 1973 244 2010 in
274 1973 483 2021 collegium
517 1972 554 2009 S.
578 1973 625 2008 R.
648 1972 692 2009 E.
715 1971 974 2009 cardinalium
1001 1971 1094 2009 alle-

140 2028 330 2075 gerentur
350 2025 586 2071 Orientales,
606 2024 674 2073 qui
693 2025 826 2069 etiam,
849 2035 967 2072 opera
986 2036 1097 2062 exar-

140 2080 301 2116 chorum
322 2079 539 2123 annitente,
561 2080 792 2114 crearentur
808 2077 976 2114 Romani
998 2077 1095 2114 Pon-

140 2132 279 2170 tifices.
301 2132 404 2170 Hinc
424 2132 558 2168 videas
580 2133 666 2179 post
686 2128 957 2175 Benedictum,
978 2130 1096 2167 Ioan-

142 2196 231 2222 nem
248 2185 284 2222 V
299 2185 461 2233 Syrum,
477 2185 674 2222 Cononem
691 2183 896 2227 Thracem,
916 2183 1094 2231 Sergium

141 2238 299 2286 Syrum,
320 2238 509 2275 Ioannem
530 2237 585 2273 VI
607 2240 645 2273 et
666 2236 854 2273 Ioannem
877 2236 952 2272 VII
973 2236 1095 2273 Grae-

141 2302 219 2336 cos,
234 2290 446 2328 Sisinnium
464 2292 503 2326 et
514 2289 812 2327 Constantinum
829 2288 1001 2337 Syros...
1018 2289 1094 2326 Sed

142 2342 235 2391 quid
253 2343 394 2380 accidit
409 2344 424 2380 2
440 2342 585 2390 Utique
604 2344 795 2390 tanquam
815 2341 1049 2379 miraculum
1071 2355 1093 2379 a

143 2396 236 2441 Deo,
258 2398 303 2432 ut
320 2396 359 2432 in
382 2395 589 2444 collegium
610 2395 727 2432 iidem
745 2395 913 2443 cooptati
931 2395 970 2432 S.
984 2396 1030 2433 R.
1045 2396 1088 2433 E.

142 2447 421 2494 cardinalium,
441 2452 481 2485 et
506 2449 626 2485 creati
657 2447 868 2485 Pontifices
894 2448 1089 2496 Apostoli-

143 2512 212 2537 cae
242 2500 354 2538 Sedis
370 2530 380 2547 ,
399 2500 579 2549 spiritum
601 2501 883 2538 haereditarint
903 2501 1086 2549 apostoli-

143 2565 230 2590 eum
245 2582 253 2598 ‚
274 2553 529 2601 steterintque
555 2555 744 2591 adversus
764 2565 898 2591 omnes
927 2556 1090 2592 conatus

143 2606 422 2654 imperatorum
435 2606 742 2643 etOrientalium
754 2605 1046 2655 episeoporum²
1055 2619 1090 2644 ».

199 2658 441 2696 Iustinianus
458 2658 682 2706 imperator,
699 2659 835 2696 audita
850 2659 1092 2697 Constantini

145 2711 348 2756 electione,
367 2722 457 2747 eum
478 2712 636 2758 rogavit
655 2714 697 2750 ut
717 2713 1093 2761 Constantinopolim

144 2776 186 2802 se
201 2763 397 2801 conferret
413 2766 544 2800 actum
561 2764 607 2801 de
623 2765 790 2813 negotiis
805 2765 1092 2803 ecclesiasticis.

144 2816 330 2854 Pontifex
350 2815 530 2864 quamvis
550 2816 596 2852 de
617 2817 725 2854 exitu
756 2817 904 2855 itineris
932 2818 1072 2856 anxius
1087 2848 1096 2864 ,

145 2872 278 2906 tamen
298 2869 380 2905 Deo
401 2869 498 2905 bene
522 2868 703 2915 confisus,
719 2869 1094 2918 Constantinopolim

146 2921 344 2971 profectus
365 2925 435 2958 est.
454 2919 538 2958 Illic
559 2934 581 2958 a
601 2921 757 2959 Tiberio
778 2922 983 2960 Iustiniani
1003 2923 1094 2971 filio,

187 3026 198 3047 ¹
215 3027 409 3063 Thomassin‚
439 3024 499 3056 l'el.
516 3028 546 3056 et
572 3035 654 3057 nura
676 3025 758 3058 Eccl.
775 3025 896 3067 discipl.
915 3032 993 3066 part.
1011 3029 1061 3066 ΙΙΙ,
1076 3029 1093 3060 Ι.

144 3068 168 3105 1,
183 3077 208 3098 c.
226 3067 275 3105 273
298 3068 454 3105 Zaccaria,
471 3066 547 3098 Diss
567 3069 589 3098 Χ
611 3068 638 3097 in
656 3077 768 3106 opere:
787 3067 834 3096 De
851 3068 943 3098 rebus
966 3069 1007 3099 ad
1023 3070 1093 3101 hist.

145 3110 176 3139 el
197 3109 340 3148 (antiquit.
359 3107 694 3147 Eccl.1)erlinenlt'bu.s·
715 3108 964 3147 disset-cationes
987 3111 1095 3150 Fulgi-

146 3148 216 3180 niae
236 3148 322 3187 ¹781,
337 3148 356 3179 ⁹2
373 3148 431 3180 vol.
450 3150 492 3179 iu-
502 3147 541 3178 1·st

185 3188 200 3210 ²
214 3189 324 3221 Baron.
342 3190 380 3220 ad
398 3199 448 3221 an.
465 3188 533 3220 705,

1136 281 1244 320 rifice
1265 285 1453 331 exceptus
1469 285 1539 320 est.
1558 281 1810 327 Iustinianus,
1825 281 1890 329 qui
1906 281 2083 318 Nicome-

1137 334 1224 372 diae
1245 336 1409 384 agebat,
1431 335 1510 384 pari
1533 334 1783 372 veneratione
1802 345 1891 371 eum
1913 334 2081 382 excepit,

1137 389 1176 424 et
1213 388 1466 425 Constantino
1496 387 1650 425 obviam
1681 386 1891 435 procedens
1911 415 1920 432 ,
1955 386 2082 434 capite

1136 439 1317 477 diadema
1338 440 1505 488 gestiens
1519 469 1528 484 ‚
1548 440 1665 488 pedes
1685 439 1771 476 eius
1792 438 1992 476 osculatus
2012 441 2082 477 est.

1137 492 1320 529 Pontifex
1342 493 1458 529 rebus
1477 504 1563 529 cum
1583 493 1823 540 imperatore
1848 491 2084 540 compositis,

1136 545 1302 582 Romam
1339 556 1521 581 reversus
1550 547 1609 582 est
1635 544 1659 582 ¹.
1691 544 1790 586 Quid
1821 548 1950 581 autem
1981 544 2085 581 inter

1136 599 1343 645 utrumque
1365 600 1496 633 actum
1517 597 1589 642 sit,
1610 598 1712 634 haud
1736 600 1843 634 certo
1863 597 1996 635 scitur.
2014 597 2086 634 Ba-

1135 647 1377 686 ronius'cum
1397 649 1616 686 Christiano
1637 650 1746 698 Lupo
1767 649 1932 699 aliisque
1952 650 2082 687 existi-

1135 704 1229 747 mat,
1246 704 1376 738 actum
1394 701 1512 738 fuisse
1530 702 1576 738 de
1593 702 1806 740 canonibus
1821 703 1957 750 synodi
1974 702 2085 739 Trul-

1135 755 1248 791 lanae
1269 766 1335 791 seu
1348 754 1614 800 Quinisextae,
1629 757 1668 791 et
1680 755 1978 792 Constantinum
1994 767 2086 804 pro-

1134 807 1245 844 basse
1266 818 1331 844 eos
1352 818 1534 852 canones,
1551 808 1617 855 qui
1638 811 1771 844 rectae
1789 807 1909 852 Fidei,
1923 809 2087 856 Aposto-

1133 859 1229 896 licae
1247 860 1358 896 Sedis
1374 859 1524 896 iuribus
1545 863 1584 896 et
1604 859 1829 908 disciplinae
1853 872 1927 897 non
1948 861 2089 898 adver-

1135 913 1325 950 sabantur
1345 911 1371 949 ².

1186 965 1249 1003 47.
1271 965 1474 1003 Interitus
1494 964 1722 1002 Iustiniani
1735 965 1820 1013 (cm.
1839 964 2085 1014 711)-B1=e-

1136 1018 1174 1054 vi
1209 1022 1294 1066 post
1321 1017 1560 1054 Iustinianus
1580 1017 1616 1054 ΙΙ
1637 1017 1768 1065 gladio
1789 1018 1995 1055 rebellium
2013 1030 2084 1066 pe-

1136 1071 1212 1108 riit.
1235 1071 1372 1108 Graeci
1394 1071 1511 1116 enim,
1534 1070 1703 1107 maxime
1726 1070 1885 1115 milites,
1906 1071 2089 1108 Iustinia-

1134 1124 1174 1161 ni
1204 1123 1372 1161 saevitia
1403 1123 1598 1172 pertaesi,
1626 1122 1761 1171 iugum
1790 1123 1872 1160 eius
1901 1135 2089 1161 excusse-

1137 1179 1238 1222 runt,
1248 1179 1287 1214 et
1303 1175 1562 1224 Philippicum
1574 1176 1794 1212 Bardanem
1810 1175 2090 1224 imperatorem

1135 1230 1376 1275 salutarunt,
1406 1229 1472 1277 qui
1501 1228 1830 1277 Constantinopoli
1852 1228 1934 1266 sine
1955 1241 2090 1277 pugna

1138 1283 1282 1332 potitus
1297 1312 1306 1327 ,
1326 1281 1587 1319 Iustinianum
1610 1282 1772 1330 eiusque
1793 1281 1918 1319 filium
1935 1282 2088 1320 occidit.

1192 1336 1456 1383 Philippicas
1473 1355 1521 1362 —-
1532 1334 1774 1383 Philippicus
1791 1334 1890 1371 male
1908 1338 2022 1383 parta
2037 1334 2094 1371 di-

1137 1389 1291 1437 gnitate
1308 1387 1471 1436 pessime
1493 1399 1586 1424 usus
1607 1392 1678 1424 est:
1700 1387 1979 1425 Monothelitas
1995 1388 2091 1425 hae-

1138 1442 1294 1487 reticos,
1314 1440 1477 1477 coneilio
1497 1440 1671 1488 generali
1693 1441 1748 1477 VI
1768 1441 1927 1478 attritos
1943 1470 1952 1485 ,
1973 1441 2092 1478 resti-

1137 1494 1227 1541 tuit-3
1248 1494 1459 1542 imaginem
1481 1493 1632 1530 concilii
1658 1493 1713 1530 VI
1733 1493 1772 1530 in
1794 1493 1987 1530 vestibulo
2017 1505 2090 1542 pa-

1139 1548 1223 1584 latii
1240 1547 1403 1595 positam
1425 1546 1577 1592 deiecit3
1599 1548 1732 1583 coacto
1754 1546 2092 1595 Constantinopoli

1140 1599 1486 1648 pseudo-concilio,
1503 1599 1709 1635 concilium
1726 1598 2022 1636 oecumenicum
2037 1599 2093 1636 VI

1139 1653 1359 1701 abrogavit3
1379 1651 1507 1700 Sergii
1528 1652 1594 1700 Cp.
1616 1651 1861 1700 aliorumque
1881 1652 2093 1689 monothe-

1141 1707 1304 1743 litarum
1347 1705 1501 1741 nomina
1538 1705 1660 1741 sacris
1680 1704 1889 1753 dyptychis
1928 1704 2093 1742 inscribi

1139 1759 1416 1806 iussit3Cyrum
1426 1757 1688 1806 patriarcham
1702 1758 1768 1805 Cp.
1779 1757 1933 1802 deiecit,
1945 1769 2004 1794 om
2011 1770 2094 1795 nes-

1139 1824 1216 1861 que
1236 1810 1437 1860 praesules
1450 1839 1459 1855 ,
1477 1810 1544 1857 qui
1562 1809 1886 1858 pseudo-concilio
1907 1811 1972 1859 Cp.
1997 1811 2093 1847 sub-

1140 1865 1308 1902 scribere
1335 1866 1374 1900 et
1394 1862 1602 1899 concilium
1623 1863 1807 1911 generale
1829 1863 1884 1899 VI
1905 1864 2092 1900 damnare

1142 1918 1388 1961 recusabant,
1411 1916 1624 1952 insectatus
1647 1917 1716 1952 est.
1739 1915 1993 1952 Haereticam
2014 1916 2095 1953 ani-

1140 1982 1247 2007 mum
1277 1969 1437 2006 minime
1466 1967 1612 2005 celavit
1641 1968 1941 2005 Constantinum
1962 1969 2032 2016 Pp.
2054 1969 2093 2005 in

1141 2022 1297 2068 litteris,
1327 2033 1423 2069 quas
1452 2022 1621 2058 Romam
1651 2021 1782 2066 misit3
1812 2022 1879 2058 sed
1911 2021 2094 2058 Pontifex

1140 2075 1390 2124 imperatoris
1406 2074 1558 2111 litteras
1575 2085 1621 2111 ac
1639 2074 1877 2110 haereticam
1894 2074 1984 2111 fidei
1999 2086 2093 2122 pro-

1143 2129 1347 2166 fessionem
1369 2139 1457 2163 cum
1476 2128 1728 2164 execratione
1749 2127 1884 2163 reiecit
1903 2126 1929 2164 ³.

1193 2181 1446 2218 Anastasius
1463 2201 1513 2206 —
1530 2179 1769 2228 Philippicus
1800 2180 1903 2216 haud
1933 2179 1998 2216 diu
2020 2191 2089 2217 ca-

1140 2235 1325 2272 tholicam
1345 2233 1463 2270 fidem
1490 2237 1713 2281 persecutus
1734 2234 1804 2269 est.
1828 2233 1899 2269 An.
1921 2233 1997 2269 713
2019 2231 2093 2269 viri

1141 2287 1314 2335 patricii,
1335 2286 1556 2334 tyrannidis
1577 2286 1662 2322 eius
1685 2285 1866 2333 pertaesi,
1888 2297 1976 2322 eum
1999 2286 2092 2322 dum

1139 2341 1210 2378 sub
1231 2339 1437 2377 meridiem
1458 2350 1592 2375 somno
1609 2338 1848 2386 indulgeret,
1871 2338 2093 2386 apprehen-

1140 2405 1248 2439 sum,
1278 2393 1402 2429 erutis
1431 2391 1553 2428 oeulis
1581 2391 1619 2427 in
1651 2390 1805 2428 vincula
1833 2390 2094 2428 coniecerunt.

1139 2446 1276 2483 Altera
1305 2445 1366 2481 die
1397 2444 1612 2493 imperator
1640 2444 1831 2481 salutatus
1863 2445 1922 2479 est
1942 2443 2091 2480 Arthe-

1141 2499 1241 2536 mius
1261 2497 1507 2542 Anastasius,
1523 2497 1699 2545 princeps
1716 2495 1869 2544 ingenio
1886 2498 1925 2532 et
1943 2495 2100 2544 religio-

1142 2552 1201 2588 nis
1217 2550 1344 2588 studio
1361 2550 1704 2594 commendandus,
1722 2549 1787 2596 qui
1803 2547 2014 2585 Catholicis
2034 2560 2097 2596 pa-

1142 2617 1225 2642 cem
1246 2603 1439 2649 reddidit,
1459 2603 1668 2639 concilium
1690 2602 1765 2647 VI,
1786 2600 2094 2639 acclamantibus

1140 2657 1342 2706 episcopis,
1371 2655 1474 2693 clero
1495 2657 1534 2692 et
1553 2655 1705 2703 popuIO,
1727 2652 1913 2698 restituit,
1943 2655 1983 2690 et
2003 2654 2094 2691 Mo-

1145 2710 1358 2748 nothelitas
1379 2708 1564 2757 repressit
1580 2706 1606 2744 ⁴.

1194 2764 1255 2800 48.
1288 2762 1528 2799 Marom'tae
1545 2780 1594 2787 —
1610 2758 1860 2807 Scripserunt
1894 2759 2065 2796 nonnulli
2085 2789 2094 2806 ,

1142 2814 1456 2854 monotheliticae
1478 2814 1682 2849 haereseos
1703 2811 1892 2857 fautores,
1915 2812 1962 2848 ab
1978 2812 2095 2860 impe-

1140 2869 1334 2907 ratoribus
1353 2866 1580 2915 profligatos
1596 2894 1605 2909 ,
1636 2863 1860 2913 confugisse
1883 2864 1919 2901 in
1945 2868 2096 2903 montes

1141 2921 1277 2960 Libani
1293 2922 1332 2957 et
1346 2917 1576 2963 Antilibani,
1593 2918 1732 2954 horum
1746 2917 1892 2955 incolas
1916 2917 1965 2955 ad
1981 2929 2026 2955 su
2034 2930 2098 2955 um

1182 3028 1191 3048 ¹
1212 3029 1314 3058 Anast.
1338 3023 1423 3055 l't'lae
1438 3022 1513 3052 ΕΗ.
1532 3021 1690 3060 Pontifi—
1710 3021 1947 3054 Constantinus.

1181 3071 1194 3091 ²
1212 3070 1342 3104 Bai-on,
1366 3064 1404 3094 ad
1429 3072 1478 3094 an.
1501 3062 1576 3101 710;
1600 3064 1667 3094 Chr.
1693 3065 1767 3103 Lup.
1796 3063 1871 3094 Diss.
1904 3062 1942 3094 cle
1970 3062 2093 3103 synodo

1148 3109 1361 3179 T'glisslalfb‘iiius
1375 3148 1404 3176 et
1422 3145 1507 3183 Pagi,
1523 3145 1563 3176 ad
1583 3154 1630 3176 an.
1649 3144 1794 3176 711-712.

1185 3191 1198 3213 4
1215 3190 1310 3227 Idem,
1329 3187 1377 3218 ad.
1396 3195 1444 3217 an.
1463 3184 1532 3217 713.
