2241 3473
400 113 526 144 VSQVE
555 114 608 141 AD
635 112 837 141 PVBLICAM
864 109 1010 139 RERVM
1037 109 1079 136 m
1106 95 1264 141 G'ALLIIS
1291 113 1599 144 svm'ERSIONEM

1884 106 1961 145 235

84 193 159 231 quo
187 191 272 218 eam
289 181 520 228 potestatem
539 192 615 228 qua
632 192 705 230 pax
724 180 919 218 Ecclesiae
939 191 1026 217 con·
1069 182 1319 219 consensione
1335 182 1527 228 firmatae,
1540 181 1735 231 propriam
1757 181 2012 220 stabilitatem

87 235 254 279 tinetur,
283 233 512 271 invidiosam
542 236 581 271 et
610 245 770 283 gravem
803 233 957 281 regibus
985 236 1025 270 et
1069 234 1408 283 obtineant—IV,
1429 237 1470 274 In
1489 237 1596 273 Fidei
1610 248 1760 285 quoque
1773 235 2011 284 quaestioni-

83 287 232 336 populis
247 289 456 331 ostentent,
474 287 597 335 iisque
618 288 817 325 fraudibus
832 286 1024 335 simplices
1070 287 1140 325 bus
1156 289 1385 337 praecipuas
1401 290 1539 327 summi
1555 289 1756 327 Pontificis
1770 300 1852 326 esse
1869 292 2009 338 partes,

82 340 229 378 animas
249 341 297 377 ab
318 339 516 377 Ecclesiae
537 341 676 378 matris
693 341 912 388 Christique
929 340 1023 377 adeo

81 393 351 431 communione
372 393 590 431 dissocient.
615 394 724 435 Quae
747 396 789 430 ut
809 393 1019 430 incommo-

1069 340 1229 390 eiusque
1251 343 1407 380 decreta
1428 343 1474 380 ad
1497 354 1627 380 omnes
1649 346 1688 380 et
1699 342 1875 392 singulas
1895 343 2012 381 eccle-

1068 393 1143 431 sias
1160 395 1365 443 pertinere,
1382 407 1451 433 nec
1475 400 1602 433 tamen
1625 394 1906 433 irreformabile
1927 408 2010 434 esse

81 446 130 484 da
149 446 416 496 propulsemus
434 477 443 493 ,
473 447 553 485 Nos
575 446 849 495 archiepiscopi
881 449 918 482 et
938 447 1022 494 epi-
1068 447 1255 485 iudicium
1268 449 1339 486 nisi
1353 449 1552 486 Ecclesiae
1564 461 1772 487 consensus
1787 450 2008 488 accesserit.

80 500 198 548 scopi,
217 500 377 537 Parisiis
394 501 573 538 mandato
590 501 696 549 regio
712 499 951 548 cougregati,
967 512 1023 536 ec-

80 553 241 591 clesiam
281 553 522 591 Gallicanam
555 556 899 602 repraesentantes
917 581 926 596 ,
948 564 1023 589 una

80 617 170 644 cum
190 606 464 646 ecclesiasticis
484 607 576 644 viris
597 607 796 644 nobiscum
817 606 1022 654 deputatis,

81 659 255 708 diligenti
277 663 448 698 tractatu
469 661 620 706 habito,
641 660 735 698 haec
755 659 963 697 sancienda
984 663 1023 697 et

80 712 310 751 declaranda
328 725 412 751 esse
433 714 638 752 duximus:

132 767 163 814 I,
193 778 217 805 «
244 767 367 805 Beato
396 767 516 805 Petro
545 768 705 815 eiusque
733 766 1022 804 successoribus

79 819 221 859 Christi
238 820 396 858 vicariis
413 820 562 870 ipsique
579 820 777 859 Ecclesiae
798 831 926 857 rerum
947 819 1019 868 spi-

79 873 282 912 ritualium
300 877 340 912 et
355 874 401 911 ad
424 876 620 912 aeternam
641 873 809 913 salutem
829 873 1019 923 pertinen-

76 927 175 965 tium
190 957 199 972 ,
220 939 295 965 non
315 932 446 965 autem
467 927 639 965 civilium
664 939 709 965 ac
735 926 1020 976 temporalium,

76 991 100 1018 a
120 980 201 1018 Deo
220 980 407 1018 traditam
434 984 664 1030 potestatem
677 1011 686 1026 ,
707 980 860 1018 dicente
882 980 1020 1017 Domi-

77 1045 138 1071 no:
156 1035 346 1083 Regnum
367 1046 503 1072 meum
519 1045 602 1072 non
622 1040 680 1072 est
698 1035 745 1071 cle
763 1035 834 1071 lzoc
850 1034 1019 1079 mundo,

77 1091 117 1125 et
136 1087 293 1125 iterum:
320 1088 493 1126 Reddite
512 1099 606 1136 erqo
635 1099 742 1137 quae
769 1092 870 1125 sunt
889 1098 1020 1125 caesa-

76 1142 137 1178 ris
159 1143 330 1186 caesari,
346 1146 501 1191 etquae
515 1147 617 1179 sunt
626 1142 703 1178 Dei
721 1141 815 1187 De0;
832 1153 877 1178 ac
893 1142 1020 1190 proin-

76 1195 123 1232 de
151 1196 256 1232 stare
285 1195 538 1244 apostolicum
565 1195 683 1232 illud:
709 1196 848 1232 Omnis
875 1196 1019 1233 anima

70 1253 229 1298 potesta
236 1249 341 1286 tibus
355 1248 661 1286 sublimioribus
677 1248 839 1285 subdita
851 1250 920 1294 sit,·
937 1261 1019 1288 non

75 1307 138 1339 est
154 1303 261 1340 enim
278 1307 456 1352 potestas
476 1303 564 1340 nisi
589 1314 614 1339 a
634 1302 716 1339 Deo
731 1315 740 1348 3
758 1313 864 1351 quae
881 1308 1018 1340 autem

74 1361 188 1401 sunt,
203 1367 230 1393 a
249 1356 331 1394 Deo
351 1357 547 1393 ordinata
567 1361 676 1393 sunt.
699 1355 845 1405 Itaque
863 1357 939 1405 qui
948 1368 1017 1405 po-

77 1410 216 1446 testati
246 1410 402 1447 resistit
416 1439 425 1456 ,
458 1410 536 1446 Dei
562 1409 824 1447 ordinationi
853 1411 1016 1447 resistit.

74 1462 204 1510 Reges
239 1475 334 1513 ergo
366 1467 406 1500 et
438 1463 632 1512 principes
665 1463 704 1499 in
737 1463 1016 1511 temporalibus

72 1515 165 1553 nulli
183 1516 468 1555 ecclesiasticae
485 1516 666 1565 potestati
684 1516 753 1553 Dei
771 1516 1014 1554 ordinatione

70 1569 222 1616 subiici,
238 1581 364 1619 neque
387 1570 621 1607 auctoritate
633 1569 802 1607 clavium
816 1570 1015 1608 Ecclesiae

70 1622 218 1661 directe
236 1623 299 1661 vel
312 1623 504 1661 indirecte
519 1624 656 1673 deponi
674 1626 742 1660 aut
757 1622 913 1660 illorum
931 1624 1015 1661 sub-

71 1676 173 1714 ditos
200 1677 319 1715 eximi
339 1689 363 1715 a
382 1676 457 1715 fide
473 1680 590 1726 atque
602 1677 824 1714 obedientia
847 1688 892 1714 ac
908 1688 1016 1726 prae-

70 1730 164 1767 stito
179 1730 379 1769 fidelitatis
394 1733 640 1768 sacramento
660 1729 759 1768 solvi
775 1742 897 1779 posse3
913 1743 1014 1768 eam-

69 1795 144 1832 que
175 1785 412 1823 sententiam
443 1785 619 1833 publicae
639 1783 918 1832 tranquillitati
949 1797 1011 1822 ne-

70 1837 293 1885 cessariam,
312 1850 383 1875 nec
405 1838 536 1875 minus
552 1837 748 1875 Ecclesiae
765 1849 881 1886 quam
899 1838 1013 1887 impe-

70 1890 130 1928 rio
152 1891 300 1939 utilem,
322 1894 367 1929 ut
385 1892 505 1929 verbo
527 1892 611 1937 Dei,
629 1892 793 1929 Patrum
814 1891 1013 1930 traditioni

71 1946 111 1982 et
130 1945 270 1983 Ssrum
298 1945 490 1994 exemplis
510 1956 717 1982 consonam
738 1945 894 1982 omnino
920 1946 1011 1983 reti-

71 1999 375 2046 nendam—II,
395 1999 457 2036 Sic
475 2001 606 2036 autem
627 1998 752 2036 inesse
767 1998 1014 2046 Apostolicae

72 2051 164 2089 Sedi
184 2064 230 2090 ac
254 2052 364 2090 Petri
384 2052 671 2090 successoribus
691 2052 834 2089 Christi
856 2052 1014 2091 vicariis

70 2116 204 2143 rerum
223 2106 487 2155 spiritualium
516 2106 670 2155 plenam
693 2107 925 2155 potestatem
939 2136 948 2153 ‚
970 2109 1013 2144 ut

70 2159 188 2197 simul
203 2160 364 2198 valeant
378 2162 495 2209 atque
514 2160 675 2197 immota
697 2159 912 2198 consistant
931 2172 1013 2198 san-

70 2214 157 2250 ctae
184 2214 456 2251 oecumenicae
477 2213 614 2262 synodi
640 2213 970 2258 Constantiensis,
991 2226 1013 2252 a

71 2265 174 2303 Sede
193 2266 416 2316 Apostolica
444 2267 718 2316 comprobata,
745 2267 904 2316 ipsoque
924 2268 1010 2306 RR.

70 2318 303 2357 Pontificum
325 2333 370 2358 ac
394 2321 514 2358 totius
543 2320 743 2358 Ecclesiae
774 2333 845 2358 usu
865 2321 1011 2358 confir-

69 2374 198 2419 mata,
218 2377 335 2422 atque
353 2374 402 2412 ab
422 2374 584 2412 ecclesia
604 2373 807 2412 Gallicana
827 2377 1013 2423 perpetua

69 2425 259 2475 religione
289 2428 504 2472 custodita,
524 2428 682 2465 decreta
713 2428 759 2465 de
780 2427 1011 2465 auctoritate

69 2480 321 2518 conciliorum
342 2480 597 2529 generalium,
613 2492 711 2530 quae
730 2493 821 2518 sess.
845 2481 900 2519 IV
915 2486 959 2519 et
973 2481 1009 2519 V

68 2533 332 2580 continentum
352 2546 423 2572 nec
441 2534 595 2583 probari
616 2546 639 2572 a
655 2534 860 2572 Gallicana
879 2535 1010 2573 eccle-

69 2587 126 2624 sia
155 2587 221 2636 qui
260 2599 397 2625 eorum
427 2587 693 2634 decretorum,
721 2588 831 2637 quasi
868 2589 1008 2627 dubiae

69 2639 147 2678 sint
167 2641 411 2679 auctoritatis
431 2652 476 2678 ac
497 2641 624 2679 minus
645 2642 870 2690 approbata,
890 2643 1009 2680 robur

68 2692 389 2743 infringant‚,aut
421 2694 469 2731 ad
502 2693 627 2731 solum
655 2694 872 2732 schismatis
903 2697 1006 2733 tem-

68 2757 142 2795 pus
162 2747 313 2785 concilii
342 2747 447 2785 dicta
475 2747 884 2796 detorqueant—III,
907 2749 1006 2787 Hinc

68 2801 305 2849 apostolicae
339 2801 541 2850 potestatis
581 2812 692 2838 usum
727 2802 1005 2840 moderandum

66 2864 137 2903 per
155 2865 341 2900 canones,
363 2854 513 2903 Spiritu
534 2853 606 2891 Dei
626 2853 800 2891 conditos
828 2858 868 2891 et
886 2855 1004 2894 totius

65 2908 201 2946 mundi
221 2907 441 2946 reverentia
459 2910 715 2954 consecratos3
733 2907 865 2945 valere
885 2908 1004 2947 etiam

65 2961 366 3010 regulas‚mores
378 2964 417 2998 et
427 2959 648 3006 instituta‚a
660 2971 780 3009 regno
792 2963 830 2998 et
841 2961 1003 3000 ecclesia

65 3012 265 3052 Gallicana
280 3018 448 3063 recepta,
467 3014 708 3062 Patrumque
724 3013 909 3052 terminos
925 3027 1003 3054 ma-

65 3077 156 3105 nere
175 3067 434 3114 inconcussos;
456 3069 572 3116 atque
587 3066 625 3103 id
642 3067 838 3115 pertinere
859 3068 907 3105 ad
927 3080 1005 3106 am-

65 3119 292 3168 plitudinem
308 3121 554 3172 Apostolicae
578 3119 698 3167 Sedis,
721 3123 764 3158 ut
783 3122 944 3169 statuta,
965 3125 1004 3160 et

67 3176 366 3214 consuetudines
395 3177 529 3213 tantae
548 3173 656 3211 Sedis
687 3175 727 3212 et
754 3174 1003 3214 ecclesiarum

1121 513 1144 538 «
1165 502 1274 543 Quae
1295 505 1455 550 accepta
1475 514 1497 539 a
1522 503 1706 540 Patribus
1726 503 1772 539 ad
1789 514 1922 541 omnes
1941 515 2009 541 ec·-

1067 553 1204 592 clesias
1224 554 1445 592 Gallicanas
1467 557 1584 604 atque
1606 556 1825 605 episcopos,
1851 556 1898 593 iis
1918 556 2008 606 Spi-

1067 606 1143 643 ritu
1165 607 1308 645 Sancto
1337 610 1496 645 auctore
1515 610 1789 658 praesidentes,
1819 610 2010 648 mittenda

1066 659 1324 708 decrevimus,
1337 663 1381 698 ut
1408 662 1575 711 idipsum
1595 662 1768 700 dicamus
1788 675 1932 710 omnes,
1951 663 2007 701 si-

1067 724 1229 762 musque
1249 714 1288 751 in
1309 714 1444 752 eodem
1471 727 1586 753 sensu
1616 719 1656 753 et
1684 716 1722 753 in
1752 717 1886 754 eadem
1915 729 2009 754 sen-

1066 767 1188 804 tentia
1208 768 1621 818 ».—Subscripserunt
1642 769 1692 807 34
1713 769 1879 819 episcopi
1900 772 1939 808 et
1958 770 2009 809 35

1066 819 1254 869 deputati.

1118 873 1246 915 Quum
1267 875 1519 913 Innocentius
1546 876 1616 924 Pp.
1637 875 1738 913 hanc
1758 875 2006 914 Declaratio-

1064 939 1150 964 nem
1173 928 1434 978 cognovisset,
1449 940 1520 978 per
1538 928 1692 966 litteras
1712 929 1751 966 in
1772 929 1897 967 forma
1917 930 2010 968 Bre-

1065 981 1135 1026 vis,
1165 981 1275 1019 datas
1296 982 1480 1031 postridie
1509 982 1690 1022 calendas
1711 983 1845 1031 aprilis
1872 983 2007 1021 eodem

1063 1045 1164 1071 anno
1183 1035 1298 1081 1682,
1313 1036 1456 1081 omnia,
1468 1047 1566 1085 quae
1583 1035 1722 1073 inistis
1738 1035 1904 1074 comitiis
1918 1039 2007 1075 acta

1064 1086 1233 1134 fuerant,
1249 1089 1417 1134 rescidit,
1433 1089 1681 1138 improbavit,
1697 1089 1845 1128 delevit
1864 1092 1904 1127 et
1919 1101 2004 1140 per-

1064 1144 1181 1190 petuo
1201 1142 1315 1180 irrita
1335 1154 1380 1180 ac
1401 1142 1533 1180 inania
1555 1142 1782 1181 declaravit.

1115 1195 1336 1233 Ludovicus
1352 1196 1448 1233 XIV
1463 1196 1616 1233 interea
1636 1197 1860 1234 mandatum
1879 1196 2000 1234 dede-

1063 1250 1137 1293 rat,
1156 1250 1199 1286 ut
1214 1248 1291 1287 ista
1314 1249 1527 1287 declaratio
1543 1250 1701 1298 eiusque
1722 1249 1877 1287 articuli
1898 1251 1947 1288 ab
1968 1263 2007 1287 o-

1062 1302 1217 1340 mnibus
1245 1303 1384 1349 curiis,
1413 1303 1584 1341 balliviis
1613 1308 1654 1341 et
1683 1304 2005 1342 universitatibus

1061 1357 1371 1405 susciperentur;
1393 1369 1526 1395 omnes
1545 1356 1799 1395 scientiarum
1818 1357 2004 1395 ecclesia-

1060 1410 1248 1447 sticarum
1278 1410 1514 1460 professores
1540 1411 1677 1448 iisdem
1698 1411 2003 1457 subscriberent,

1061 1464 1100 1500 et
1121 1464 1143 1500 4
1163 1464 1258 1501 istos
1277 1464 1464 1502 articulos
1491 1476 1558 1501 seu
1579 1464 1861 1513 propositiones
1890 1465 2003 1502 doce·

1060 1520 1167 1562 rent,
1197 1517 1326 1555 nullus
1355 1518 1402 1554 ad
1423 1518 1647 1555 licentiatus
1676 1520 1747 1555 aut
1773 1518 2000 1556 doctoratus

1058 1570 1223 1618 gradum
1243 1571 1527 1615 admitteretur,
1538 1570 1612 1608 nisi
1633 1571 1739 1619 prius
1752 1572 1929 1609 eamdem
1941 1572 2004 1609 do-

1059 1623 1225 1661 ctrinam
1246 1624 1283 1661 in
1300 1625 1475 1662 thesibus
1496 1623 1745 1662 defendisset:
1767 1636 1900 1662 omnes
1916 1624 2003 1674 epi-

1057 1677 1161 1727 scopi
1179 1678 1216 1714 in
1233 1678 1314 1715 suis
1334 1678 1570 1716 dioecesibus
1590 1678 1690 1715 hanc
1709 1678 1834 1727 ipsam
1855 1678 2002 1716 doctri-

1059 1743 1147 1768 nam
1167 1731 1396 1769 tradendam
1424 1733 1630 1777 curarent3
1657 1731 1889 1780 nullusque,
1918 1732 2002 1769 sive

1057 1785 1270 1823 saecularis
1289 1785 1372 1822 sive
1392 1785 1586 1834 regularis
1607 1785 1778 1831 Ordinis,
1795 1785 2001 1834 quicquam

1058 1838 1094 1875 ei
1115 1838 1356 1876 contrarium
1377 1839 1495 1876 verbo
1527 1840 1595 1876 aut
1623 1838 1769 1887 scripto
1796 1841 2002 1877 assereret.

1057 1891 1229 1933 Quorum
1267 1892 1439 1929 omnium
1477 1892 1748 1930 executionem
1777 1891 1946 1941 syndicis
1962 1894 2002 1930 et

1057 1945 1211 1983 decanis
1230 1945 1458 1983 facultatem
1480 1945 1657 1983 districte
1676 1945 1886 1994 imperavit
1918 1944 1941 1982 ¹.

1108 1998 1255 2037 Verum
1267 2011 1316 2037 ex
1331 1999 1406 2036 130
1419 1999 1617 2048 episcopis,
1627 2010 1721 2047 quos
1733 1999 1892 2036 ecclesia
1911 1998 1983 2036 Gal
1993 2020 2003 2026 -

1056 2051 1488 2098 licananumerabat,30
1500 2055 1655 2090 tantum
1668 2052 1730 2090 vel
1746 2052 1793 2090 ad
1805 2064 1930 2089 summ
1938 2064 2000 2090 um

1056 2106 1107 2142 40
1127 2107 1337 2144 conventui
1355 2106 1568 2143 Parisiensi
1595 2105 1874 2151 interfuerunt,
1896 2118 1995 2155 quo-

1055 2170 1140 2196 rum
1151 2160 1373 2197 Declaratio
1386 2159 1460 2197 dici
1478 2159 1614 2208 nequit
1625 2159 1764 2197 decisio
1780 2171 1848 2197 seu
1865 2158 1999 2196 defini-

1055 2212 1107 2249 tio
1125 2213 1308 2251 ecclesiae
1321 2213 1560 2250 Gallicanae.
1582 2213 1762 2262 Episcopi
1790 2212 1854 2249 isti
1874 2212 1999 2261 magis

1054 2266 1194 2304 timore
1224 2267 1341 2316 regis,
1356 2278 1470 2315 quam
1493 2266 1609 2304 animi
1631 2265 1883 2315 persuasione
1902 2277 1997 2315 per-

1055 2321 1146 2357 moti
1160 2319 1521 2358 fuerunt.Doctrina
1532 2319 1570 2356 in
1583 2319 1758 2357 articulis
1773 2319 1998 2356 declaratio-

1053 2373 1110 2410 nis
1121 2375 1303 2412 contenta
1318 2375 1468 2423 pugnat
1476 2385 1564 2410 cum
1577 2374 1754 2410 doctrina
1765 2373 1802 2409 in
1814 2372 1898 2420 ipsa
1909 2372 1997 2409 Gal-

1051 2426 1104 2464 lia
1115 2427 1293 2474 antehac,
1304 2429 1465 2465 etextra
1480 2426 1647 2464 Galliam
1663 2426 1804 2475 ubique
1821 2428 1994 2463 constan·

1051 2483 1111 2518 ter
1127 2483 1294 2530 recepta.
1306 2481 1521 2518 Praeterea
1537 2491 1808 2529 quaecumque
1824 2477 1864 2515 in
1879 2490 1996 2527 supra

1052 2534 1165 2572 dictis
1203 2534 1369 2572 comitiis
1407 2546 1476 2572 seu
1514 2533 1608 2570 cleri
1657 2533 1854 2570 conventu
1906 2534 1994 2570 acta

1050 2590 1167 2636 atque
1196 2588 1354 2625 decreta
1381 2587 1564 2631 fuerunt,
1585 2585 1752 2623 Romani
1780 2584 1992 2623 Pontifices

1051 2641 1302 2679 Innocentius
1317 2641 1387 2687 XI,
1404 2652 1473 2690 per
1492 2639 1693 2677 litterasin
1710 2638 1837 2676 forma
1852 2638 1993 2676 Brevis

1049 2693 1111 2731 111⁰
1139 2694 1225 2732 idus
1254 2695 1389 2744 aprilis
1420 2693 1533 2738 1682,
1562 2692 1784 2729 Alexander
1811 2691 1920 2738 VIII,
1954 2691 1992 2728 in

1048 2748 1383 2786 constitutioneIn
1391 2752 1448 2784 ter
1464 2746 1711 2794 multiplices
1727 2744 1849 2794 pridie
1870 2756 1992 2782 nonas

1047 2803 1200 2850 august.
1217 2801 1330 2847 1690,
1343 2801 1435 2838 Pius
1448 2800 1515 2845 VI,
1526 2799 1562 2836 in
1577 2798 1691 2836 Bulla
1701 2801 1928 2836 Auctorem
1936 2800 1992 2847 fi'-

1089 2895 1098 2917 ¹
1119 2893 1304 2927 Continuat.
1328 2893 1364 2923 cle
1382 2891 1484 2924 l'Hist.
1508 2891 1649 2923 univers.
1674 2891 1711 2922 de
1733 2892 1882 2928 Bossuet,
1906 2892 1991 2929 t.11;

1047 2937 1138 2968 card.
1151 2936 1316 2972 Sfondrati,
1339 2934 1445 2966 Gallia
1462 2932 1639 2969 υίηιίἰοαιας
1654 2935 1685 2963 Α.
1701 2934 1841 2970 Charias,
1865 2932 1992 2964 Tracta-

1048 2981 1097 3009 tus
1111 2977 1149 3008 tle
1164 2976 1365 3007 libertatibus
1382 2974 1530 3006 ecclesiae
1549 2973 1756 3014 Gallicanam
1786 2976 1866 3013 item,
1887 2973 1990 3006 Causa

1047 3018 1188 3060 reqaliae
1207 3021 1323 3049 contra
1339 3016 1442 3048 Natat.
1461 3015 1702 3053 Alexandrum3
1728 3017 1757 3047 F.
1783 3018 1816 3046 A.
1832 3017 1990 3053 Zaccaria,

1047 3059 1332 3095 Anti-Febronius‚
1348 3063 1373 3089 t.
1391 3058 1411 3096 l,
1427 3067 1452 3088 c.
1471 3057 1502 3094 1;
1521 3057 1608 3088 Card.
1630 3058 1717 3095 Lina,
1736 3057 1858 3089 Letlres
1873 3065 1932 3087 sur
1948 3056 1992 3088 les

1047 3101 1302 3144 quatrearlicles
1317 3099 1378 3131 dits
1390 3099 1434 3129 du
1453 3097 1571 3138 Clerye'
1587 3097 1625 3129 de
1640 3098 1776 3137 France,
1794 3100 1836 3129 De
1853 3099 1991 3137 Maistre,

1049 3145 1097 3175 De
1114 3143 1134 3174 l·
1146 3143 1250 3182 Eylise
1265 3141 1430 3174 Gallicane
1446 3139 1524 3172 dans
1540 3148 1599 3172 son
1614 3142 1754 3181 rapport
1773 3148 1848 3172 avec
1864 3140 1892 3171 le
1907 3138 1990 3171 Sou-

1049 3186 1158 3217 verain
1174 3182 1328 3223 Pontife.'
