2241 3473
262 137 336 174 146

208 211 245 248 111
266 209 513 248 custodiendo
532 205 643 244 Fidei
665 203 851 252 deposito,
870 204 953 238 tum
971 199 1011 236 in
1032 210 1148 247 prae-

208 262 420 302 scribendis
440 261 487 298 ad
507 257 764 296 emendandos
784 265 911 292 mores
932 252 1147 289 saluberri-

210 317 282 354 mis
302 314 471 353 statutis.
486 312 686 360 Religiosa
701 309 823 358 pietas
843 318 912 356 per
931 317 1052 343 novos
1072 305 1147 364 Cr-

209 370 313 407 dines
333 370 372 405 et
393 379 460 415 per
480 365 727 412 antiquorum
746 359 1063 399 reformationem
1083 370 1146 417 in·-

208 424 381 460 staurata
400 420 486 456 fuit.
508 417 594 455 Viri
613 417 829 454 floruerunt
858 411 1146 462 quamp1urimi,

210 475 462 521 undequaque
482 471 596 516 docti,
617 470 681 518 qui
697 471 946 517 emergentes
966 466 1147 502 haereses

208 527 471 570 confutarunt,
487 527 526 561 et
540 523 731 560 catholica
746 522 930 570 dogmata
945 519 993 556 ab
1010 518 1148 555 iisdem

208 580 466 617 vindicarunt.
485 577 729 614 Detrimenta
743 586 850 618 vero,
865 585 963 621 quae
979 572 1146 608 novato-

208 645 267 670 res
288 631 484 676 Religioni
512 631 551 667 in
573 629 796 674 Germania,
825 627 977 672 Gallia,
1007 624 1149 672 Anglia

207 686 365 732 aliisque
385 685 563 732 Europae
580 683 803 731 regionibus
823 680 1063 723 intulerunt,
1083 678 1148 714 lu·-

207 739 280 775 cris
308 737 518 776 maioribus
550 738 733 785 reparata
761 737 877 779 sunt,
900 744 988 770 cum
1016 731 1148 768 eodem

205 794 379 840 tempore
399 790 555 838 Religio
584 790 622 826 in
651 787 882 826 vastissimis
912 785 1003 823 novi
1033 784 1147 844 orbi-s,

206 844 421 890 Americae,
441 843 663 891 regionibus
677 871 686 888 ,
708 842 744 878 in
767 841 898 887 India,
919 839 1091 887 Iapon1a‚
1111 849 1149 874 in

206 897 307 935 Sinis
327 898 440 945 longe
460 896 619 944 lateque
637 895 756 932 fuerit
775 894 1004 943 propagata.

262 952 294 988 1.
316 951 373 988 M.
397 950 570 987 Lutherz'
589 950 712 987 z'm'tz'a
734 947 820 998 (an.
845 944 1150 993 1517)—Pseu-

207 1003 558 1042 clo-reformationis
574 1015 715 1052 agmen
738 1000 850 1039 duxit
865 999 1058 1038 Martinus
1073 997 1151 1035 Lu-

207 1059 295 1095 ther
315 1070 381 1094 seu
403 1057 609 1094 Lutherus.
628 1057 664 1093 Is
684 1067 783 1093 anno
807 1054 907 1090 1483
929 1051 1091 1089 Islebiae
1112 1051 1149 1087 in

208 1110 425 1159 Thuringia
440 1110 571 1147 infimo
583 1110 666 1147 loco
680 1111 809 1152 natus,
819 1118 908 1144 cum
920 1105 1151 1143 humaniora

207 1165 334 1202 studia
350 1164 561 1212 peregisset
574 1160 830 1212 Magdeburgi
848 1162 887 1197 et
902 1159 1067 1204 Isenaci,
1087 1170 1149 1196 an.

210 1219 307 1256 1501
326 1218 362 1254 in
388 1217 653 1254 Universitate
666 1213 909 1254 Erfordiensi
925 1212 1152 1250 dialecticae

206 1275 245 1309 et
265 1270 401 1308 deinde
422 1270 517 1308 iuris
533 1270 660 1308 studio
676 1282 715 1306 se
735 1266 934 1317 applicuit3
956 1278 1016 1303 an.
1037 1265 1150 1307 1505,

209 1329 332 1363 morte
365 1324 506 1361 sodalis
540 1324 588 1361 ad
617 1323 720 1359 latus
753 1332 867 1359 suum
889 1319 1051 1356 fulmine
1084 1318 1150 1356 icti

209 1378 453 1428 perterritus,
474 1376 850 1425 Augustinianorum
870 1372 1149 1410 monasterium

209 1432 410 1470 Erfordiae
430 1431 628 1479 ingressus
649 1431 718 1475 est3
739 1428 893 1465 biennio
913 1429 1000 1475 post
1019 1426 1067 1462 ad
1088 1438 1155 1462 vo-

208 1489 248 1523 ta
268 1484 451 1523 solemnia
472 1487 511 1521 et
530 1481 790 1521 sacerdotium
812 1480 1026 1523 admissus,
1049 1478 1151 1516 dein-

208 1540 254 1577 de
274 1539 313 1576 in
335 1538 533 1575 academia
565 1533 936 1583 Wirtembergensi,
959 1545 981 1570 a
1006 1532 1149 1570 Fride-

209 1594 289 1630 rico
310 1592 476 1629 electore
496 1590 690 1628 Saxoniae
712 1599 838 1637 nuper
857 1588 1001 1633 erecta,
1019 1587 1149 1623 docto-

209 1646 331 1684 ralem
351 1646 526 1682 lauream
557 1647 596 1681 et
624 1640 894 1691 magisterium
914 1640 950 1676 in
973 1651 1002 1676 s.
1020 1639 1149 1676 Theo-

208 1700 311 1748 logia
332 1699 482 1747 accepit
498 1710 557 1735 an.
577 1698 688 1734 1512.
706 1695 835 1737 Quum
852 1694 931 1731 Leo
952 1694 1021 1742 Pp.
1043 1693 1080 1730 X
1100 1693 1149 1730 ad

211 1753 520 1802 prosequendam
531 1751 712 1789 basilicae
731 1760 760 1786 s.
772 1748 879 1786 Petri
896 1750 1149 1792 structuram,

212 1820 234 1844 a
255 1807 352 1844 Iulio
374 1806 409 1843 11
430 1808 624 1854 coeptam,
652 1815 714 1841 an.
747 1802 847 1840 1516
881 1800 1149 1849 Indulgentias

212 1860 462 1898 concessisset
481 1859 540 1905 iis,
562 1858 627 1907 qui
649 1855 807 1895 contriti
836 1856 875 1892 et
903 1853 1066 1891 confessi
1101 1854 1148 1890 ad

212 1915 307 1951 illud
345 1925 441 1962 opus
478 1913 618 1961 stipem
657 1909 901 1953 conferrent,
938 1919 1149 1956 carumque

214 1967 450 2017 praedicatio
470 1967 517 2003 ab
547 1966 706 2002 Alberto
727 1961 1062 2010 Brandeburgico,
1082 1973 1149 1998 ar-

213 2021 451 2069 chiepiscopo
486 2018 716 2068 Moguntino
754 2019 794 2053 et
813 2014 1150 2063 Magdeburgensi,

214 2075 272 2112 cui
291 2073 475 2111 Pontifex
493 2072 690 2121 negotium
708 2068 1079 2119 promulgandarum
1102 2068 1150 2105 11-

214 2128 339 2166 larum
354 2126 683 2176 indulgentiarum
700 2125 739 2161 in
761 2122 973 2159 Germania
993 2122 1151 2170 delega-

214 2184 337 2227 verat,
356 2181 588 2217 demandata
607 2178 744 2215 fuisset
763 2176 840 2214 FF.
863 2175 1152 2212 Praedicatori—

214 2236 298 2282 bus,
320 2233 544 2282 praesertim
562 2232 695 2269 Ioanni
725 2229 907 2274 Temeno,
941 2229 1151 2266 conciona-

217 2289 289 2326 tori
310 2287 458 2325 fervido
478 2289 517 2323 et
536 2285 646 2323 Fidei
668 2282 902 2333 Inquisitori‚
938 2282 974 2319 id
996 2294 1068 2318 non
1090 2282 1150 2319 le-

214 2343 316 2379 viter
345 2340 534 2379 excitavit
562 2339 742 2376 invidiam
765 2335 1150 2384 Augustinianorum.

213 2396 418 2441 Lutherus,
432 2394 490 2430 cui
509 2405 532 2430 a
548 2396 688 2431 natura
707 2391 861 2427 inerant
878 2390 1067 2437 impotens
1083 2401 1151 2427 su-

214 2449 359 2499 perbia,
379 2448 607 2495 animusque
628 2445 835 2494 inquietus,
851 2454 913 2480 an.
938 2442 1036 2479 1517
1056 2455 1150 2480 con-

214 2510 275 2540 tra
310 2501 644 2550 Indulgentiarum
679 2497 977 2547 praedicatores,
1016 2499 1153 2534 contra

215 2556 411 2600 collectas,
445 2566 544 2603 quae
585 2563 720 2590 earum
761 2550 960 2587 occasione
994 2549 1153 2596 fiebant,

214 2612 349 2647 contra
368 2609 470 2657 ipsas
492 2605 758 2656 Indulgentias
777 2615 797 2640 e
813 2606 996 2652 suggestu
1020 2604 1151 2641 decla-

213 2675 319 2702 mare
340 2662 601 2711 populumque
630 2659 802 2696 excitare
823 2657 958 2705 coepit.

267 2717 410 2754 Eodem
433 2726 546 2762 anno,
563 2714 684 2763 pridie
706 2712 792 2749 festi
805 2711 973 2747 omnium
992 2710 1154 2747 Sancto-

216 2783 314 2816 rum,
336 2769 531 2807 Lutherus
553 2766 680 2804 valvis
709 2765 895 2803 ecclesiae
924 2763 1154 2811 collegiatae

216 2822 589 2871 &Virtembcrgensis
605 2821 656 2859 95
675 2819 804 2857 1110363
826 2816 1073 2866 disputationi
1091 2817 1149 2853 ‹le-

214 2878 378 2914 stinatas
398 2876 532 2913 affixit.
557 2876 598 2912 In
619 2874 649 2911 is
667 2873 776 2921 plura
810 2871 1048 2908 orthodoxae
1083 2870 1153 2906 do-

214 2931 358 2967 etrinae
380 2930 425 2966 ‹lc
448 2927 714 2977 indulgentiis,
734 2926 780 2962 de
809 2926 1001 2973 potestate
1018 2924 1153 2960 remit-

214 2984 319 3021 tendi
344 2986 511 3031 peccata,
528 2983 572 3019 dc
590 2980 841 3030 poenitentia,
861 2977 1034 3027 opposita
1056 2990 1154 3014 assc-

216 3038 308 3081 ruit,
328 3039 366 3073 ct
387 3036 456 3073 sihi
479 3035 547 3084 ipsi
579 3047 650 3071 non
671 3032 788 3071 semel
820 3031 1065 3069 contradixit.
1101 3030 1155 3067 Ut

216 3090 445 3127 invidiosum
468 3089 647 3126 haeretici
671 3099 809 3123 nomen
832 3098 854 3122 a
870 3097 910 3123 sc
929 3087 1093 3128 arceret,
1114 3085 1151 3120 in

216 3144 391 3180 thesibus
425 3143 504 3179 suis
543 3144 782 3179 contestatus
819 3142 889 3185 cst,
923 3151 964 3176 se
998 3138 1089 3175 nihil
1123 3151 1153 3175 s.

824 137 977 166 EPOCHA
1005 135 1058 162 XI.
1088 135 1140 161 AB
1167 133 1305 160 INITIIS
1332 134 1510 161 LVTHERI

1190 197 1301 234 nibus
1321 199 1389 234 aut
1408 197 1644 236 Pontificum
1664 199 1832 238 decretis
1848 200 2058 238 adversum
2077 212 2134 239 as-

1190 262 1321 288 serere
1353 250 1469 295 velle,
1502 255 1743 300 cunctasque
1775 264 1867 291 suas
1900 254 2133 292 assertiones

1191 303 1435 352 superiorum
1455 303 1597 342 iudicio
1618 305 1823 344 subiicere.
1844 307 1971 348 Quam
1995 319 2134 356 parum

1190 357 1344 394 sincera
1354 356 1485 394 fuerat
1499 358 1596 395 haec
1611 358 2000 405 declarati0,eventus
2015 361 2136 398 abun-

1191 410 1237 446 de
1252 410 1396 447 docuit.

1243 463 1410 501 Lutheri
1425 464 1645 510 theses‚non
1659 464 1798 501 minori
1809 465 2003 504 varietate
2018 479 2133 516 quam

1190 517 1368 553 acumine
1390 517 1627 566 propositae,
1644 518 1753 555 brevi
1774 520 1950 566 tempore
1969 531 2038 568 per
2059 520 2137 557 uni·

1190 581 1347 607 versam
1367 570 1617 608 Germaniam
1639 573 1876 620 propagatae
1901 576 1941 609 et
1959 584 1982 609 a
2001 573 2136 611 multis

1191 623 1305 660 avide
1324 626 1512 673 exceptae
1531 626 1631 661 sunt.
1646 623 1857 662 Confestim
1874 624 2006 674 plures
2019 626 2135 664 theo-

1190 676 1270 725 logi
1286 677 1467 714 catholici
1482 677 1611 715 theses
1631 678 1714 715 eius
1729 677 1988 716 confutandas
2007 690 2137 716 susce-

1192 733 1344 776 perunt,
1364 730 1467 767 inter
1482 730 1578 768 alios
1598 742 1716 779 supra
1735 728 1957 769 nominatus
1973 732 2137 770 Ioannes

1191 782 1397 829 Tetzehus,
1419 783 1625 833 Sylvester
1647 784 1832 829 Prierias,
1858 784 1975 822 etiam
1998 784 2136 822 Domi-

1193 836 1302 873 nican
1311 848 1355 874 us
1375 838 1415 873 et
1430 848 1459 874 s.
1481 837 1625 874 Palatii
1642 837 1792 875 Romae
1811 837 2014 887 Magister,
2034 838 2140 876 Iaco-

1191 890 1262 926 bus
1284 889 1571 938 Hoogstraten,
1596 890 1712 928 eiusd.
1742 890 1834 928 Ord.
1856 894 1896 929 et
1913 903 1944 929 s.
1965 891 2136 929 Theolo-

1192 943 1280 991 giae
1312 943 1505 991 professor
1539 943 1750 990 Coloniae,
1780 944 1946 982 Ioannes
1974 944 2133 990 Eckius,

1192 1008 1221 1033 s.
1235 996 1472 1045 Theologiae
1493 997 1532 1033 in
1552 997 1825 1035 Universitate
1845 997 2137 1046 Ingolstadien-

1191 1049 1223 1087 si
1253 1049 1607 1096 vicecancellarius,
1638 1050 1900 1099 Hieronymus
1928 1051 2087 1097 Emser,
2112 1063 2136 1088 e

1194 1103 1409 1151 professore
1431 1103 1623 1152 Lipsiensi
1657 1104 1907 1141 concionator
1936 1105 2136 1142 Dresden-

1191 1157 1254 1194 sis.
1290 1156 1487 1194 Lutherus
1509 1156 1750 1195 adversariis
1770 1157 1849 1194 suis
1869 1157 2067 1206 respondit
2086 1157 2138 1194 di-

1192 1209 1318 1247 ctione
1346 1210 1584 1256 vehementi,
1616 1210 1804 1248 conviciis
1824 1213 1864 1248 et
1891 1210 2139 1248 irrisionibus

1193 1263 1318 1311 plena.
1334 1263 1376 1300 In
1394 1263 1453 1300 his
1473 1264 1670 1312 responsis
1690 1267 1729 1301 et
1745 1263 1784 1300 in
1801 1263 1887 1302 aliis
1901 1264 2074 1301 maxime
2090 1264 2138 1302 ad

1194 1328 1305 1353 usum
1340 1317 1473 1365 populi
1507 1317 1674 1365 scriptis,
1713 1321 1867 1365 praeter
1896 1328 2066 1364 errores,
2098 1317 2138 1355 in

1192 1369 1379 1418 praefatis
1395 1370 1571 1408 thesibus
1586 1373 1800 1415 contentos,
1816 1371 1913 1408 alios
1925 1371 2055 1420 plures
2071 1383 2138 1408 as-

1192 1424 1313 1460 seruit
1332 1424 1380 1461 de
1401 1424 1635 1461 auctoritate
1657 1424 1824 1462 Romani
1855 1424 2072 1469 Pontificis,
2092 1425 2140 1462 de

1190 1476 1312 1513 libero
1333 1476 1507 1524 arbitrio,
1529 1478 1575 1514 de
1598 1478 1738 1527 gratia,
1769 1478 1815 1515 de
1850 1477 2139 1525 iustificatione,

1194 1530 1242 1567 de
1262 1530 1372 1567 bonis
1392 1530 1586 1578 operibus,
1623 1531 1669 1568 de
1690 1530 1788 1568 aliis.
1822 1531 1969 1568 Deinde
2003 1533 2140 1569 contra

1192 1583 1440 1621 adversarios
1460 1584 1507 1620 ad
1528 1584 1576 1621 R.
1596 1584 1821 1622 Pontificem
1840 1585 2084 1634 provocavit,
2099 1587 2139 1622 et

1194 1637 1241 1674 ad
1262 1637 1432 1674 Leonem
1452 1636 1522 1685 Pp.
1557 1636 1595 1674 X
1633 1637 1836 1687 epistolam
1869 1637 2139 1676 submissionis

1194 1691 1347 1739 plenam
1368 1690 1535 1739 scripsit.

1246 1744 1324 1781 Leo
1344 1744 1384 1781 X
1404 1744 1451 1780 de
1481 1743 1608 1781 turbis
1627 1755 1651 1781 a
1680 1744 1851 1782 Luthero
1883 1743 2063 1782 excitatis
2095 1756 2139 1782 a-

1192 1796 1322 1834 liunde
1351 1797 1493 1834 certior
1514 1796 1654 1843 factus,
1675 1809 1774 1836 anno
1798 1798 1899 1836 1518
1926 1799 1961 1836 61
1990 1798 2138 1835 Romae

1192 1850 1294 1887 diem
1309 1850 1419 1897 dixin
1436 1850 1573 1888 deinde
1591 1851 1715 1888 eidem
1736 1853 1937 1898 concessit,
1952 1854 1995 1889 ut
2013 1863 2054 1889 se
2074 1863 2139 1889 co-

1192 1915 1275 1940 ram
1296 1904 1445 1953 Legato
1466 1915 1534 1941 suo
1565 1904 1754 1942 cardinali
1783 1905 1932 1942 Thema
1953 1905 2138 1942 Caietano

1193 1958 1398 2005 Augustae
1421 1957 1718 1995 Vindelicorum
1751 1958 1918 1996 sisteret.
1939 1958 2138 1996 Lutherus

1193 2022 1324 2047 coram
1358 2010 1548 2048 cardinali
1583 2012 1815 2060 comparuit,
1835 2013 1902 2049 sed
1941 2012 1989 2049 ab
2019 2023 2063 2048 eo
2083 2024 2140 2049 se-

1193 2063 1364 2101 cundum
1388 2064 1587 2102 Pontificis
1621 2066 1848 2102 mandatum
1888 2067 2062 2114 rogatus,
2097 2068 2140 2103 ut

1194 2129 1345 2154 errores
1366 2129 1456 2155 suos
1475 2121 1691 2162 revocaret,
1711 2118 1746 2155 id
1769 2118 1894 2156 facere
1916 2121 2140 2157 constanter

1193 2171 1403 2216 recusavit,
1421 2172 1459 2208 et
1474 2182 1497 2207 a
1517 2170 1624 2219 Papa
1635 2171 1736 2209 male
1755 2171 1963 2209 informato
1984 2172 2031 2209 ad
2049 2185 2138 2211 eun-

1193 2224 1278 2261 dem
1296 2224 1433 2261 melius
1454 2222 1739 2262 informandum
1757 2225 1978 2273 appellavit.
1995 2225 2073 2264 Leo
2085 2227 2137 2271 X,

1193 2277 1230 2314 in
1252 2277 1359 2314 bulla
1378 2277 1422 2314 νο
1443 2277 1530 2314 idus
1554 2290 1639 2314 nov.
1664 2278 1764 2315 1518
1782 2279 1886 2324 data,
1906 2279 2138 2317 catholicam

1194 2330 1406 2368 doctrinam
1427 2330 1473 2367 de
1494 2330 1751 2379 Indulgentiis
1771 2332 1964 2380 exposuit.
1986 2333 2138 2371 Luthe-

1194 2396 1260 2421 rus
1282 2395 1373 2421 vero
1394 2383 1454 2420 die
1479 2384 1525 2420 18
1545 2384 1720 2422 eiusdem
1740 2385 1882 2423 mensis
1907 2397 1930 2423 a
1949 2385 2137 2424 Pontifice

1195 2437 1243 2474 ad
1259 2436 1465 2473 concilium
1485 2438 1669 2483 gencrale
1689 2439 1927 2487 provocavit.
1949 2439 2136 2477 Pontifex

1195 2494 1391 2527 errantem
1421 2491 1594 2527 suaviter
1615 2492 1662 2528 ad
1683 2492 1943 2530 obedientiam
1971 2493 2140 2531 catholi—

1194 2555 1279 2581 cam
1318 2544 1582 2581 rcducendum
1617 2545 1826 2592 confidens,
1847 2546 1920 2582 hoc
1941 2547 2138 2595 negotium

1195 2597 1593 2635 deman‹lavitCarolo
1614 2598 1660 2636 de
1677 2599 1817 2637 Miltitz
1835 2599 2046 2638 Misniensi.
2065 2599 2139 2637 Hic

1197 2662 1290 2687 vcro
1310 2662 1390 2687 rem
1412 2650 1553 2699 ignave
1572 2652 1717 2700 gessit:
1739 2653 1936 2690 Lutherus
1956 2653 1990 2690 ei
2012 2652 2140 2690 multa

1197 2704 1383 2752 promisit,
1403 2705 1467 2741 sod
1490 2706 1684 2752 promissis
1714 2719 1787 2743 non
1806 2705 1918 2744 stetit
1940 2704 1964 2743 ¹.

1247 2758 1283 2794 2.
1314 2758 1549 2805 Disputatio
1582 2760 1810 2807 Lipsiensis
1831 2759 1920 2811 (cm.
1952 2757 2072 2808 1519)
2090 2780 2139 2787 -

1197 2810 1367 2847 Luthcro
1388 2812 1436 2847 ab
1456 2811 1564 2849 initio
1584 2813 1761 2851 adhaesit
1780 2815 1934 2862 praeter
1954 2811 2050 2850 alios
2065 2812 2142 2849 An-

1197 2864 1309 2901 dreas
1328 2864 1547 2908 Bodestein,
1563 2878 1585 2903 a
1605 2867 1687 2903 loco
1708 2867 1826 2904 natali
1843 2866 1968 2903 dictus
1984 2865 2138 2902 Carolo-

1197 2917 1345 2955 stadius
1363 2946 1373 2963 ,
1416 2919 1709 2957 archidiaconus
1755 2919 2140 2967 VVirtembergensis.

1197 2971 1292 3007 Cum
1312 2972 1474 3019 utreque
1495 2973 1740 3011 doctissimus
1760 2973 1918 3018 Eckius,
1949 2971 2141 3021 professor

1242 3078 1248 3098 ¹
1270 3080 1287 3109 1.
1305 3079 1486 3115 (Jochlacus,
1498 3077 1671 3109 Cmumenl.
1685 3077 1722 3108 (Ic
1736 3077 1818 3109 acite
1833 3079 1864 3109 cl
1879 3076 2006 3117 scriptis
2023 3076 2143 3108 Luthe-

1200 3120 1245 3154 ri:
1274 3120 1475 3159 haynal‹1.:i‹l
1499 3129 1546 3150 an.
1570 3120 1713 3155 1517-18;
1731 3121 1749 3151 1.
1771 3121 1804 3150 M.
1824 3120 1853 3150 V.
1871 3119 1983 3156 Audin,
2001 3117 2143 3149 Histoire

1199 3162 1235 3191 (Ie.
1252 3160 1282 3191 111
1301 3163 1357 3201 rie,
1374 3161 1425 3193 des
1442 3161 1538 3192 fici-its
1554 3164 1584 3193 e!
1597 3161 1649 3192 des
1664 3161 1821 3192 doctrines
1840 3159 1877 3192 de
1890 3160 1933 3191 M.
1946 3159 2074 3197 Luther,
2089 3164 2106 3191 1.
2121 3160 2142 3197 1,

219 3197 452 3246 Scripturac‚
470 3195 664 3233 Ecclesiae
680 3193 876 3238 Patribus,
896 3192 1015 3230 sacris
1035 3203 1154 3229 cano·
1200 3214 1227 3233 c.
1252 3203 1336 3234 1-11.
