2241 3473
600 148 728 179 stvss
757 147 810 174 AD
838 145 1147 174 CONVERSIONEM
1175 145 1439 173 CONSTANTI'NI
1466 146 1510 173 M.

60 225 152 260 nus,
173 216 307 263 postca
325 212 496 250 ebionita
518 212 645 250 factus
665 214 725 251 est
743 211 765 250 ¹.
787 212 933 249 Eorum
954 212 1010 250 si·-

57 268 126 305 cut
144 269 185 304 et
202 265 369 314 Aquilae
386 266 599 311 versiones,
616 267 750 314 utpote
766 264 893 302 factae
910 276 932 301 a
948 265 1011 302 iu-

57 318 298 357 daizantibus
319 320 359 354 et
380 318 581 366 apostatis,
602 329 799 366 nunquam
817 318 865 354 ab
882 317 1007 355 Eccle-

55 372 112 409 sia
138 371 290 420 publice
317 374 523 419 susceptae
555 373 625 408 aut
654 370 893 418 approbatae
920 369 1010 406 fuc-

54 425 159 461 runt.

105 475 168 513 37.
187 475 226 513 S.
258 475 392 512 Victor
409 476 496 513 Pon
505 477 609 523 tisim:
632 473 715 524 (an.
736 473 1009 523 lom-Post-

54 539 172 576 quam
188 539 217 565 s.
232 527 468 565 Eleutheros
488 527 599 565 annis
615 527 774 564 circiter
789 526 1007 575 quindecim

52 581 251 618 Ecclesiae
280 580 539 629 praefuisset,
560 579 717 617 coelesti
737 579 863 627 gloria
883 579 1006 616 dona-

52 636 117 670 tus
137 636 207 671 est.
230 633 386 681 Martyr
402 633 544 669 (licitur
564 632 602 668 in
628 631 911 680 Martyrologio
934 632 1009 668 Ro-

52 697 180 731 mano,
200 686 301 733 quod
323 696 531 722 aerumnas
551 684 696 722 multas
715 687 755 721 et
770 684 922 721 labores
939 695 1006 732 pro

52 738 161 775 Fidei
189 749 308 775 causa
342 738 516 785 pertulit.
552 737 743 785 Martyris
769 737 911 785 quippe
945 748 1007 773 no-

51 802 155 835 men,
168 793 210 828 ut
219 791 400 827 observat
418 789 621 833 Baronius,
635 801 711 826 non
724 788 797 826 fuit
807 788 1005 837 proprium

52 843 98 879 iis
118 842 221 888 solis,
247 842 314 890 qui
334 853 403 890 pro
426 841 580 879 Christo
600 842 688 879 Iesu
710 841 1004 886 occidebantur,

49 895 115 932 sed
135 894 254 931 etiam
275 905 477 931 commune
498 893 571 930 fuit
590 894 649 939 iis,
671 894 736 942 qui
757 894 867 930 Fidei
884 905 1005 930 causa

50 946 217 995 aliquem
233 947 449 983 cruciatum
467 958 685 995 gravesque
700 946 853 983 labores
870 946 1003 982 subie-

49 1004 151 1044 rant,
161 999 339 1048 quamvis
353 998 540 1035 effusione
551 998 753 1047 sanguinis
768 998 1003 1046 martyrium

48 1063 124 1088 non
141 1049 499 1088 consummassent²
511 1080 519 1087 .
541 1052 584 1088 In
601 1052 730 1088 locum
745 1050 1003 1088 D.Eleutheri

47 1106 281 1153 subrogatus
300 1104 376 1141 fuit
404 1116 433 1141 s.
454 1103 590 1141 Victor
609 1133 618 1148 ,
638 1103 752 1149 Afer,
782 1103 847 1151 qui
868 1103 1000 1140 decem

46 1157 158 1196 annis
171 1157 385 1194 Ecclesiam
406 1156 652 1205 gubernavit.
666 1156 738 1193 Hic
755 1156 998 1193 Theodotum

46 1211 85 1246 et
95 1209 358 1255 Artemonem,
379 1209 497 1246 duces
515 1209 631 1246 Pauli
646 1208 902 1254 Samosateni,
919 1219 1000 1256 pro-

46 1264 133 1310 pter
148 1261 388 1299 haereticam
410 1262 626 1299 doctrinam
662 1261 858 1299 Ecclesiae
889 1272 998 1298 com-

46 1314 230 1351 munione
258 1314 388 1360 eiecit;
418 1314 631 1352 Sabellium
661 1326 813 1362 quoque
839 1316 879 1351 et
899 1314 1001 1351 Noe-

45 1367 218 1415 tum,qui
237 1367 284 1404 de
305 1366 514 1404 divinitate
534 1367 574 1404 in
591 1367 715 1405 tribus
726 1366 904 1416 personis
916 1367 999 1403 sub-

45 1419 206 1456 sistente
253 1419 557 1457 contractionem
596 1422 636 1457 et
679 1419 997 1457 commixtionem

45 1483 299 1521 personarum
327 1472 598 1521 divulgabant.
633 1472 999 1509 Excommunicavit

45 1524 162 1562 etiam
183 1524 452 1571 Valentinum,
472 1526 537 1574 qui
557 1527 714 1574 praeter
730 1527 908 1562 caeteras
923 1524 1000 1562 ine-

43 1577 158 1625 ptias,
170 1577 365 1615 asserebat
381 1577 581 1615 Christum
592 1578 760 1615 coeleste
780 1589 918 1626 corpus
932 1578 998 1615 ha-

44 1629 184 1667 buisse.
205 1630 305 1668 Cum
324 1630 504 1668 Asiaticis
524 1631 569 1668 de
589 1631 650 1668 die
670 1630 894 1668 celebrandi
914 1631 995 1669 Pa-

45 1682 139 1719 scha
159 1683 347 1727 certavit,
374 1687 416 1720 ut
436 1695 526 1720 mox
547 1683 774 1721 videbimus.

97 1735 163 1773 38.
178 1735 372 1772 Haeresz's
386 1736 586 1773 adversus
600 1736 862 1773 divinitatem
883 1735 997 1772 Chre·-

43 1789 154 1824 stz‘—
166 1787 389 1825 Theodotus
409 1787 472 1825 ille
493 1800 515 1826 a
535 1800 564 1826 s.
585 1788 745 1825 Victore
775 1789 995 1836 damnatus,

45 1843 132 1877 erat
150 1840 277 1888 patria
297 1840 538 1888 Byzantinus
560 1844 598 1878 et
617 1843 702 1878 arte
719 1841 919 1887 coriarius,
935 1841 995 1878 lit-

43 1892 136 1930 teris
154 1895 288 1930 tamen
307 1893 477 1930 imbutus
496 1907 505 1940 3
524 1893 683 1941 indigne
703 1893 833 1931 ferens
853 1905 995 1942 oppro-

42 1944 140 1992 bria,
161 1945 264 1993 quod
285 1945 482 1983 Christum
503 1946 542 1983 in
562 1946 832 1995 persecutione
852 1957 994 1994 negas-

43 1999 114 2043 set,
135 1997 243 2046 prius
264 1998 455 2046 Byzantii,
475 2002 608 2046 postea
624 1999 773 2036 Romae
789 1998 861 2036 sibi
877 1998 994 2046 facta,

42 2050 231 2096 asseruit,
251 2050 452 2088 Christum
475 2051 591 2089 fuisse
613 2063 764 2089 merum
783 2051 994 2098 hominem,

42 2102 154 2140 modo
182 2105 314 2140 tamen
344 2104 635 2152 supernaturali
665 2106 911 2153 conceptum,
931 2104 994 2141 vi-

42 2166 128 2192 rum
157 2158 335 2192 sanctum
368 2168 413 2194 ac
441 2157 678 2205 sapientem,
707 2157 877 2206 ipsisque
905 2168 995 2205 pro-

41 2207 168 2256 phetis
190 2209 510 2256 praestantiorem
522 2208 548 2246 ³.
567 2210 626 2246 Ex
644 2211 726 2247 eius
746 2210 915 2255 asseclis,
929 2210 994 2257 qui

41 2271 65 2298 a
84 2260 262 2309 magistri
283 2261 343 2298 sui
365 2262 519 2299 nomine
535 2262 794 2300 Theodotiani
810 2263 993 2311 appellati

40 2315 132 2350 sunt
149 2315 188 2350 et
206 2313 285 2350 iam
305 2314 462 2351 saeculo
482 2314 519 2352 V
539 2315 705 2353 extincti
726 2319 860 2360 erant,
882 2327 994 2364 prae-

41 2365 176 2413 cipuus
196 2365 272 2403 fuit
291 2366 392 2403 alius
413 2367 648 2414 Theodotus,
664 2368 892 2416 cognomine
910 2370 994 2405 tra-

40 2418 165 2466 pezita
179 2430 248 2456 seu
264 2420 513 2467 argentarius
524 2450 533 2466 ,
557 2421 621 2469 qui
636 2420 994 2458 Melchisedechum

41 2470 228 2508 virtutem
244 2472 452 2519 quamdam
471 2473 657 2519 divinam,
668 2473 753 2521 ipso
766 2473 919 2510 Christo
936 2485 994 2510 su-

41 2522 247 2572 periorem,
258 2527 509 2571 commentus,
525 2527 662 2563 auctor
675 2525 808 2563 extitit
827 2525 993 2562 Melchi-

40 2574 365 2612 sedechianorum
384 2576 410 2614 ⁴.
441 2580 642 2624 Artemon,
670 2578 768 2615 alias
796 2579 990 2624 Artemas,

41 2627 195 2665 easdem
211 2638 257 2664 ac
277 2628 497 2676 Theodotus
513 2630 702 2668 coriarius
732 2630 992 2678 blasphemias

41 2680 214 2726 tradidit,
242 2691 458 2729 nomenque
479 2686 518 2720 et
538 2683 726 2732 originem
746 2682 854 2720 dedit
868 2684 989 2720 Arte-

41 2732 210 2778 monitis,
229 2735 427 2770 caeterum
449 2736 578 2784 paucis
598 2738 638 2774 et
657 2747 749 2773 mox
765 2736 814 2773 ab
831 2735 917 2773 aliis
937 2748 992 2774 se-

40 2785 173 2822 ctariis
191 2785 383 2834 absorptis
399 2786 425 2824 ⁵.

80 2923 91 2945 ¹
108 2924 233 2963 Euseb,
251 2924 328 2956 Hist.
345 2923 446 2955 eccll
464 2923 509 2961 Vl,
526 2932 550 2954 c.
569 2923 621 2960 17;
638 2933 661 2954 s.
677 2924 837 2964 Epiphan.‚
853 2925 911 2957 loc.
928 2927 977 2957 cit.

78 2963 92 2985 2
107 2965 152 2995 Ad
169 2974 217 2996 an.
235 2965 304 3004 194,
321 2970 351 2996 et
366 2965 484 2996 Amzot.
502 2965 531 2994 in
548 2963 716 3004 Martyrol.
732 2964 822 2996 Rom.

78 3005 92 3026 3
107 3007 292 3043 Τενῑιιῐιίιιη,,
307 3007 356 3037 De
367 3005 588 3044 Praescrz‘pt.
600 3014 627 3036 n.
642 3005 681 3036 53
693 3009 723 3036 et
733 3006 788 3043 58;
802 3016 825 3038 s.
839 3008 989 3048 Epiphan.

39 3045 183 3077 Haeres.
200 3046 254 3085 54;
271 3047 465 3084 Theodorei,
481 3045 588 3076 Haer.
604 3046 712 3085 fabul.
729 3047 747 3077 l.
763 3048 797 3086 ΙΙ,
814 3058 839 3079 c.
857 3050 884 3080 5.

78 3087 93 3110 ⁴
108 3088 301 3125 Tertulhan„
324 3088 397 3119 ibid.
420 3097 445 3118 c.
470 3087 538 3124 ult.;
557 3087 681 3124 Euseb.,
698 3087 716 3118 l.
734 3096 777 3127 c.;
794 3098 818 3120 s.
836 3090 988 3130 Epiphan.

39 3127 184 3159 Haeres.
200 3128 255 3167 553
271 3129 466 3166 Theodoret,
482 3127 553 3158 ibid.
567 3137 593 3158 c.
610 3127 639 3160 6.

78 3169 94 3192 5
108 3169 300 3208 Theodorei,
315 3170 388 3201 ibid.
405 3179 430 3200 c.
446 3169 475 3200 4.

194 3221 445 3272 wournRS,
473 3221 500 3261 1.

1907 136 1960 175 49

1108 211 1231 249 Porro
1246 212 1286 250 hi
1303 210 1519 249 divinitatis
1535 210 1621 249 Iesu
1639 210 1785 249 Christi
1804 211 2007 251 detracto-

1054 275 1116 301 res
1137 276 1211 301 non
1232 265 1356 303 solum
1373 265 1420 302 ab
1437 263 1611 302 Ecclesia
1625 263 1777 310 reiecti,
1794 264 1862 302 sed
1876 266 2007 313 etiam,

1053 318 1153 354 teste
1174 317 1340 355 Eusebio
1354 348 1363 364 ,
1390 317 1572 366 perdocte
1593 315 1784 354 confutati
1804 316 1966 355 fuerunt
1985 331 2009 356 a

1052 371 1218 416 quodam
1239 382 1433 420 anonymo
1463 369 1578 407 huius
1599 368 1787 417 temporis
1807 369 2009 418 scriptore,

1051 421 1115 468 qui
1151 422 1458 460 sacratissimum
1494 423 1635 471 dogma
1674 421 1848 459 defendit
1875 424 1960 460 tum
1989 435 2010 461 e

1051 473 1265 522 Scripturis
1290 479 1374 512 tum
1404 487 1424 512 e
1454 475 1678 521 traditione,
1710 486 1827 523 quam
1847 474 1886 511 in
1915 475 2010 523 ipsis

1052 526 1222 563 fidelium
1244 528 1400 576 hymnis
1421 529 1460 565 et
1481 528 1659 573 Patrum,
1680 527 1836 573 Iustini,
1857 526 2011 566 Melito-

1051 578 1120 623 nis,
1133 579 1494 625 Miltiadis,lrenaei
1508 583 1595 626 cte.,
1606 579 1760 628 scriptis
1780 580 1950 618 ostendit
1962 580 1989 618 ¹.

1102 632 1163 667 39.
1189 631 1264 669 Lis
1279 633 1328 670 (le
1344 633 1547 670 Paschate
1564 654 1613 659 —
1625 633 1765 670 Altera
1785 635 2007 671 controver-

1049 683 1119 728 sia,
1140 695 1239 731 quac
1261 697 1335 722 non
1353 685 1400 722 ad
1422 685 1578 730 Fidem,
1599 685 1666 722 sed
1687 685 1735 722 ad
1756 685 2004 733 disciplinam

1049 737 1273 783 spectabat,
1290 737 1560 785 pontificatum
1581 740 1743 785 gerente
1763 750 1792 776 s.
1815 738 1978 776 Victore
1995 769 2006 786 ,

1048 798 1148 824 anno
1171 789 1245 827 196
1265 790 1415 837 agitata
1436 790 1509 834 est,
1531 790 1576 826 de
1592 789 1767 838 legitima
1783 790 1932 828 scilicet
1948 791 2008 829 die

1048 841 1265 878 celebrandi
1288 842 1450 879 Pascha.
1472 841 1578 878 Haec
1599 842 1786 889 quaestio,
1808 843 1887 880 iam
1904 844 2006 881 Ani-

1048 895 1176 929 cetum
1210 905 1350 943 papam
1378 895 1482 931 inter
1513 898 1553 931 et
1572 894 1839 944 Polycarpum
1858 896 2003 945 Smyr-

1049 956 1207 982 nensem
1230 947 1400 995 pacificis
1421 947 1561 984 animis
1581 949 1699 991 mota,
1723 951 1766 984 ut
1786 948 1956 986 vidimus
1972 949 2000 996 ²,

1046 997 1118 1033 sub
1139 998 1296 1036 Victore
1318 1000 1449 1037 acrius
1470 999 1620 1047 agitata
1639 1002 1709 1036 est.
1729 1000 1927 1038 Ecclesiae
1946 1002 2001 1038 A-

1046 1049 1207 1088 siaticae
1228 1052 1301 1089 hac
1330 1053 1370 1089 in
1400 1063 1443 1089 re
1464 1052 1665 1089 diversum
1687 1052 1805 1089 ritum
1828 1064 1895 1090 seu
1916 1055 1999 1092 tra-

1045 1101 1232 1141 ditionem
1240 1107 1410 1150 secutae,
1419 1105 1572 1142 Pascha
1583 1115 1736 1153 semper
1748 1104 2000 1144 celebrabant

1044 1152 1140 1192 luna
1165 1156 1263 1195 XIV
1283 1159 1425 1195 mensis
1446 1157 1560 1205 primi
1582 1187 1591 1202 ,
1609 1157 1732 1194 Nisan
1752 1169 1819 1194 seu
1838 1157 1974 1196 Martii
1991 1188 2001 1205 ,

1043 1217 1119 1254 qua
1135 1208 1197 1245 die
1217 1211 1501 1258 praescriptum
1519 1212 1606 1247 erat
1622 1210 1840 1256 Iudaeis,ut
1857 1222 2002 1259 agnum

1044 1261 1265 1306 paschalem
1278 1263 1529 1301 immolarent
1541 1276 1550 1309 ς
1562 1274 1685 1310 eaque
1694 1263 1801 1309 luna,
1814 1263 1853 1299 in
1869 1275 2003 1311 quam-

1043 1323 1210 1362 cumque
1239 1316 1342 1353 diem
1367 1316 1633 1353 hebdomadae
1664 1315 1876 1361 incideret,
1897 1316 2000 1354 ieiu-

1042 1364 1149 1402 nium
1165 1369 1445 1416 antepaschale
1457 1368 1867 1406 solvebant.Eumdem
1882 1370 2006 1408 ritum

1040 1420 1293 1458 sectabantur
1326 1421 1504 1470 plerique
1541 1421 1806 1459 Montanistae
1824 1450 1834 1468 ,
1865 1423 1905 1459 et
1933 1422 2002 1472 qui

1042 1470 1292 1511 schismatico
1313 1475 1449 1512 Blasto
1469 1474 1751 1511 adhaerebant.

1093 1523 1133 1561 S.
1157 1525 1296 1565 Victor
1309 1528 1415 1565 haud
1433 1527 1541 1564 ultra
1554 1525 1805 1564 tolerandum
1821 1537 1936 1565 oense
1945 1538 2004 1575 ns,

1040 1578 1325 1618 catholicorum
1360 1591 1595 1630 quemquam
1630 1590 1737 1616 more
1763 1579 2002 1618 Iudaeorum

1040 1632 1107 1667 aut
1121 1632 1463 1671 schismaticorum
1479 1632 1633 1669 Pascha
1648 1632 1862 1677 celebrare,
1878 1644 1999 1671 cura-

1040 1683 1111 1731 vit,
1133 1687 1176 1723 ut
1195 1697 1274 1724 una
1295 1686 1510 1734 eademque
1530 1684 1734 1733 disciplina
1753 1685 1827 1721 hac
1841 1685 1880 1722 in
1897 1697 1940 1722 re
1956 1686 1998 1724 in

1040 1737 1219 1776 omnibus
1251 1738 1425 1777 ecclesiis
1451 1737 1657 1775 obtineret.
1688 1737 1892 1785 Synodum
1916 1738 2000 1787 ipse

1042 1789 1192 1828 Romae
1212 1791 1440 1837 celebravit,
1459 1790 1632 1837 aliasque
1648 1789 1686 1826 in
1706 1789 1919 1837 provinciis
1934 1791 2000 1828 in-

1039 1841 1114 1878 dici
1139 1843 1267 1890 iussit,
1298 1846 1342 1881 ut
1369 1856 1414 1880 eo
1436 1842 1562 1891 magis
1582 1843 1628 1878 de
1656 1842 1854 1879 communi
1875 1843 2002 1881 eccle-

1038 1894 1186 1933 siarum
1207 1896 1413 1945 disciplina
1433 1898 1473 1932 et
1493 1895 1643 1932 sincera
1672 1894 1884 1932 traditione
1904 1907 2001 1932 con-

1039 1950 1176 1986 staret.
1197 1950 1299 1986 Tum
1319 1949 1360 1986 in
1380 1949 1574 1992 Romana,
1586 1949 1672 1984 tum
1692 1946 1730 1983 in
1755 1946 2001 1995 Palaestina,

1039 2000 1215 2048 Pontica,
1236 2001 1419 2047 Osroena,
1440 2000 1666 2045 Gallicana,
1686 1998 1852 2048 aliisque
1877 2012 2000 2049 syno-

1039 2052 1096 2089 dis
1116 2054 1315 2092 decretum
1336 2056 1408 2100 est,
1429 2053 1584 2090 Pascha
1603 2064 1679 2089 non
1700 2052 1777 2089 alia
1796 2053 1858 2090 die
1880 2065 2001 2101 quam

1038 2106 1390 2155 dominica,lunam
1407 2106 1503 2143 XIV
1520 2104 1664 2143 mensis
1678 2104 1794 2153 primi
1822 2106 2001 2154 proxime

1037 2162 1237 2208 sequente,
1257 2171 1341 2197 esse
1362 2159 1613 2204 cebrandum,
1634 2169 1761 2206 neque
1780 2160 1876 2195 ante
1897 2159 1999 2197 hanc

1039 2212 1142 2250 diem
1181 2213 1328 2250 ieiunia
1357 2211 1553 2249 solvenda.
1598 2210 1669 2248 His
1699 2210 1814 2248 factis
1831 2240 1840 2257 ,
1871 2212 1997 2249 voluit

1038 2265 1188 2312 Victor,
1210 2268 1254 2302 ut
1272 2264 1437 2303 Asiatici
1457 2276 1498 2301 se
1520 2264 1568 2301 ad
1588 2274 1835 2301 communem
1854 2263 1995 2301 Eccle-

1037 2318 1118 2355 siae
1135 2318 1350 2356 catholicae
1371 2316 1616 2365 disciplinam
1636 2315 1938 2354 conformarent.

1090 2371 1239 2408 Verum
1251 2371 1494 2419 Polycrates,
1509 2369 1771 2418 Ephesiorum
1782 2368 1999 2418 episcopus,

1037 2423 1180 2472 aliique
1201 2424 1317 2461 Asiae
1338 2422 1498 2459 minoris
1525 2421 1736 2470 praesules,
1751 2421 1930 2469 propriae
1946 2421 1998 2458 di-

1037 2476 1222 2525 sciplinae
1253 2475 1506 2524 pertinaciter
1555 2474 1823 2519 inhaerentes,
1857 2473 1997 2511 Victo-

1036 2529 1088 2566 ris
1109 2529 1264 2566 decreto
1284 2529 1553 2576 obtemperare
1570 2527 1912 2572 detrectaverunt,
1939 2537 1998 2564 ra-

1035 2582 1131 2628 ti,se
1152 2584 1351 2629 receptam
1370 2581 1410 2617 in
1432 2579 1603 2617 ecelesiis
1620 2579 1702 2616 suis
1718 2590 1768 2615 ex
1791 2590 1821 2616 s.
1838 2579 1996 2617 Ioannis

1036 2634 1262 2679 traditione,
1283 2635 1328 2671 ut
1347 2633 1646 2676 contendebant,
1667 2630 1910 2679 disciplinam
1925 2633 2005 2669 tu-'

1036 2689 1075 2724 to
1095 2686 1203 2734 sequi
1223 2697 1343 2734 posse.
1361 2686 1403 2722 Id
1420 2696 1536 2734 aegre
1555 2684 1682 2720 ferens
1699 2682 1995 2730 Pontifex,con-

1036 2739 1167 2777 silium
1186 2739 1276 2776 iniit
1295 2739 1512 2776 obstinatos
1533 2737 1581 2774 ab
1600 2735 1799 2773 Ecclesiae
1815 2748 1994 2774 commn-

1037 2792 1151 2830 nione
1164 2790 1698 2840 segregandi.Verumtamen
1716 2800 1836 2826 suasu
1851 2795 1892 2826 et
1902 2790 1996 2826 hor-

1034 2847 1119 2882 tatu
1135 2856 1164 2882 s.
1181 2843 1335 2881 Irenaei
1356 2841 1632 2891 Lugdunensis
1647 2870 1656 2887 ,
1678 2853 1725 2878 ne
1746 2841 1794 2879 ob
1813 2842 1915 2879 hanc
1934 2841 1994 2879 ri-

1034 2900 1099 2935 tus
1129 2896 1396 2934 diversitatem
1426 2894 1611 2932 ecclesias
1640 2893 1815 2943 integras
1844 2906 1868 2932 a
1887 2906 1994 2932 com-

1034 2949 1219 2987 munione
1235 2948 1492 2993 abscinderet,
1508 2946 1683 2984 animum
1699 2946 1870 2985 mutavit
1885 2950 1925 2985 et
1939 2947 1995 2984 in-

1035 3007 1097 3040 tra
1127 3001 1251 3038 minas
1281 3012 1321 3038 se
1349 3000 1554 3038 continuit.
1586 2999 1778 3038 Nonnulli
1807 3002 1994 3047 censent,

1079 3129 1087 3150 ¹
1105 3128 1199 3160 Hist.
1215 3129 1288 3159 eccl.
1304 3128 1322 3159 l.
1341 3129 1373 3167 V,
1390 3137 1416 3160 c.
1431 3127 1480 3159 28.

1077 3171 1091 3192 ²
1108 3172 1182 3211 Pag.
1197 3168 1307 3200 cii-4⁹2.
