2241 3473
181 128 264 168 420

130 214 229 250 actis
246 243 254 257 ‚
282 214 481 249 Romanus
510 212 692 249 Pontifex
717 213 845 249 animo
873 211 1073 259 reputavit

127 279 284 303 sensum
323 267 458 302 Bullae
486 265 728 302 Reuersurus
754 266 988 312 adaperire,
1025 265 1073 300 ad

125 332 281 357 omnem
302 319 609 368 praeiudicatam
630 320 851 366 opinionem
880 319 1072 366 repellen-

125 373 240 417 dam;
267 374 353 410 ideo
381 384 451 420 per
478 373 732 420 Encyclicam
759 373 835 409 diei
861 374 883 410 6
903 373 1073 408 ianuarii

126 426 216 464 1873
242 430 253 451 1
281 427 409 473 palam
436 425 529 462 fecit
556 431 720 462 eatenus
745 427 783 461 in
810 427 966 462 Bullam
994 427 1073 462 ani-

125 492 210 516 mos
236 479 442 522 concitari,
467 483 510 514 ut
535 479 706 515 schisma
733 481 908 516 aleretur
935 492 983 516 ex
1010 491 1074 526 po-

126 534 325 581 pularibus
355 532 630 579 cupiditatibus
656 538 696 570 et
721 534 906 581 superbia
932 534 1073 580 princi-

130 598 221 634 pum
247 586 472 630 succensis;
501 586 546 621 R.
589 586 822 624 Pontificem
862 598 1072 635 numquam

125 640 401 676 dominationis
429 640 679 687 arripiendae
706 640 834 677 studio
853 653 895 677 se
914 652 1071 688 gerere,

126 704 335 740 numquam
364 694 561 741 legitimas
589 698 808 741 potestates
826 698 893 730 aut
911 694 1072 741 populos

122 747 235 782 flocci
261 747 489 790 faciturum,
516 748 687 795 quinimo
714 760 756 785 se
783 753 823 785 et
841 749 928 785 illas
946 753 986 785 et
1003 748 1073 784 hos

125 800 243 836 tutari
270 805 387 848 atque
414 800 589 837 firmare.
612 802 697 837 Hoc
725 813 846 849 grave
865 802 1072 838 documen-

126 858 206 890 tum
224 859 515 903 peropportune
530 856 912 903 Constantinopolim
930 860 969 892 et
983 867 1072 903 quo·

123 909 459 955 cumqueArmeni
472 908 655 945 catholici
668 909 971 957 reperiebantur
987 921 1032 956 pe
1040 921 1074 944 r-

123 962 258 1006 venit,
286 967 325 998 et
358 962 571 999 maximam
602 963 681 999 vim
718 964 754 998 in
782 963 935 999 animos
962 963 1069 1000 fecit.

121 1016 334 1064 Encyclica
359 1027 454 1053 vero
485 1016 550 1052 ubi
590 1028 661 1064 per
700 1018 916 1065 Episcopos
943 1017 982 1053 in
1009 1028 1069 1054 ec-

122 1069 250 1106 clesiis
282 1070 384 1106 lecta
417 1070 515 1115 fuit,
550 1070 691 1107 sortita
725 1075 786 1108 est
820 1071 1005 1108 effectum
1032 1075 1073 1108 ut

122 1123 310 1160 Pastores
340 1136 420 1161 una
448 1136 538 1161 cum
565 1124 744 1161 fidelibus
772 1125 1072 1173 quamplurimis

123 1178 297 1226 epistolis
315 1179 476 1215 Summo
494 1179 674 1215 Pontifici
695 1180 840 1216 multas
855 1181 1006 1227 gratias
1033 1191 1070 1217 e-

126 1233 270 1279 gerint,
298 1234 361 1281 qui
387 1245 509 1281 usque
537 1234 585 1270 ad
611 1234 811 1283 lacrymas
838 1240 1072 1279 commotus,

122 1287 226 1333 grati
254 1288 374 1323 animi
401 1288 461 1324 sui
480 1299 619 1324 sensus
638 1288 823 1325 Armenis
852 1288 985 1336 pandit
1003 1301 1073 1337 per

122 1340 252 1377 Breve
279 1342 354 1378 diei
379 1342 401 1378 4
429 1342 508 1377 iulii
537 1342 642 1379 1873.

167 1395 324 1432 Interea
345 1396 533 1442 temporis
551 1407 675 1432 novus
694 1397 939 1443 gubernator
963 1398 1074 1433 Mon-

121 1449 170 1485 tis
197 1449 334 1485 Libani
356 1450 704 1486 Rousten-Bascict
723 1451 897 1487 omnium
918 1452 1071 1499 religio-

121 1514 267 1547 sorum,
287 1504 349 1551 qui
364 1504 514 1550 expulsi
535 1504 692 1541 fuerant
711 1515 734 1540 a
753 1505 949 1541 Broamar
976 1512 1016 1542 et
1034 1506 1070 1541 in

120 1567 324 1593 carcerem
351 1557 526 1600 detrusi,
559 1563 695 1605 utpote
723 1559 763 1594 S.
793 1559 886 1595 Sedi
913 1560 1071 1603 addicti,

122 1610 223 1646 bona
254 1611 407 1658 publica
434 1616 474 1648 et
500 1611 559 1648 ius
586 1613 625 1648 in
654 1623 702 1649 ea
728 1614 1070 1650 excommunicato

121 1664 344 1712 Gasparian
365 1665 572 1709 concessit,
593 1666 656 1713 qui
676 1667 940 1704 contendebat
958 1679 999 1704 se
1015 1668 1072 1705 uti

124 1718 399 1764 religiosorum
433 1723 552 1767 caput
582 1727 621 1756 et
645 1721 883 1768 Episcopum
911 1722 1071 1758 catholi-

125 1782 213 1807 cum
234 1773 350 1808 totius
370 1773 510 1821 Syriae
530 1774 756 1821 obsequium
775 1775 931 1822 assequi
957 1775 1071 1812 debe-

123 1837 178 1861 re.
202 1826 438 1873 Supremum
471 1827 732 1864 ministerium
765 1828 1070 1866 Othomanicum

121 1879 169 1915 ad
185 1881 435 1917 collationem
451 1881 513 1918 die
527 1882 567 1917 11
586 1882 668 1917 iulii
685 1882 776 1919 1873
795 1883 927 1929 plures
946 1894 1072 1920 arme-

120 1945 191 1970 nos
204 1935 419 1972 catholicos
438 1936 675 1984 appellabat,
688 1948 761 1973 nec
774 1949 849 1973 non
866 1938 1008 1974 multos
1023 1950 1071 1975 ex

122 1989 504 2034 neo-schismaticis,
534 1994 573 2027 et
600 1992 905 2028 conventionem
932 2005 1071 2040 propo-

121 2043 251 2079 nebat.
281 2044 357 2080 Sed
384 2045 428 2079 D.
460 2045 630 2081 Azarian
649 2074 657 2088 ,
685 2045 869 2082 Vicarius
895 2046 1071 2083 Patriar-

122 2097 246 2134 chalis
272 2099 681 2146 Constantinopoleos,
703 2104 781 2136 tam
801 2100 900 2138 bene
927 2112 998 2148 pro
1018 2101 1071 2137 iu-

121 2152 254 2188 stitiae
271 2162 536 2193 causacoram
555 2154 619 2188 illo
636 2158 832 2190 conventu
848 2166 1071 2191 sermonem

123 2206 231 2250 fecit,
258 2211 300 2242 ut
327 2207 412 2243 iura
438 2207 485 2242 R.
515 2206 717 2244 Pontificis
741 2208 833 2244 inibi
851 2209 1071 2245 luculenter

121 2260 318 2297 vindicata
344 2262 467 2298 fuere.
498 2261 538 2297 In
567 2261 732 2297 historia
758 2263 913 2310 Imperii
943 2269 1070 2300 turca-

123 2325 208 2349 rum
237 2315 307 2350 hoc
337 2315 507 2362 primum
543 2316 742 2363 reperitur
779 2318 982 2364 exemplar
1009 2318 1071 2354 de-

122 2368 308 2404 fensionis
336 2373 416 2405 tam
444 2370 629 2406 solemnis
649 2381 718 2416 pro
737 2381 858 2406 causa
877 2372 1072 2408 catholica

123 2428 162 2458 et
189 2424 421 2470 praesertim
451 2424 643 2472 primatus
671 2424 712 2460 S.
741 2424 866 2468 Sedis,
894 2437 994 2473 quae
1022 2427 1072 2463 sit

124 2477 219 2514 inita
252 2483 292 2514 et
319 2484 480 2526 peracta
507 2489 639 2515 coram
669 2478 930 2526 imperatore,
959 2492 1069 2528 prae-

122 2537 232 2569 sente
267 2544 417 2581 quoque
447 2534 624 2581 praeside
652 2534 955 2571 mahometanae
984 2536 1072 2572 reli-

121 2585 248 2632 gionis
264 2587 635 2635 (Schenyltulismn).

170 2641 221 2676 At
247 2641 424 2687 quamvis
444 2646 555 2679 tanta
582 2643 619 2678 vi
648 2655 717 2691 pro
742 2642 915 2679 veritate
937 2642 1070 2679 decer-

124 2697 246 2729 tatum
274 2695 403 2739 fuerit,
433 2697 578 2734 misera
604 2697 760 2734 illorum
785 2697 1069 2733 catholicorum

123 2747 291 2784 conditio
311 2751 473 2797 gravior
492 2752 632 2796 evasit,
652 2758 691 2789 et
711 2753 882 2788 instante
909 2752 1071 2799 pseudo—

124 2803 354 2848 patriarcha
383 2806 594 2852 Kupelian,
614 2807 678 2842 alii
698 2807 870 2854 episcopi
890 2806 1068 2843 catholici

123 2858 267 2893 remoti
295 2858 454 2895 fuerunt
481 2865 521 2896 et
547 2872 617 2907 per
643 2861 755 2897 bct-at
784 2861 990 2908 imperiale
1025 2860 1071 2896 ad

124 2911 200 2947 tale
228 2923 367 2948 munus
403 2915 620 2962 presbyteri
660 2915 902 2951 schismatici
943 2915 1070 2951 evecti

123 2970 224 3000 sunt.
253 2967 337 3002 Hac
367 2967 486 3014 igitur
526 2969 800 3006 colluctatione
830 2969 1070 3017 perdurante

124 3024 162 3054 et
190 3023 465 3066 persecutione
488 3023 525 3058 iu
544 3024 758 3060 catholicos
779 3024 922 3071 iugiter
942 3024 1071 3070 ingra-

125 3079 325 3118 vescente,
345 3087 390 3111 eo
418 3088 482 3113 res
501 3077 692 3125 perducta
718 3082 778 3114 est
795 3084 851 3121 ut,
870 3078 991 3125 pulsis
1011 3089 1071 3114 ca-

174 3197 236 3229 ¹Cs
253 3199 294 3230 La
315 3201 455 3235 Scienza
473 3212 488 3234 e
503 3204 535 3236 la
554 3203 652 3244 Fede,
669 3204 734 3237 vol.
753 3213 922 3245 Lxxxviu,
940 3215 971 3248 p.
992 3206 1070 3246 225,

128 3243 206 3281 308,
233 3244 296 3276 422
322 3256 391 3288 sqq.

461 139 626 167 12:1³0an
645 130 735 167 x11'1.
763 143 788 167 A
810 138 994 166 PVBLICA
1014 137 1164 164 RERVM
1187 137 1229 163 IN
1251 138 1422 165 GALLIIS
1443 138 1733 166 SVBVERSIONE

1127 211 1278 247 tholicis
1298 212 1346 247 ab
1365 212 1541 247 omnibus
1568 211 1747 248 ecclesiis
1764 221 1928 258 quarum
1956 212 2071 259 pauci

1127 265 1368 302 schismatici
1404 265 1515 312 potiti
1555 269 1672 308 sunt,
1711 276 1927 312 earumque
1962 265 2073 301 bonis

1128 319 1348 365 publicatis,
1370 320 1433 355 vel
1454 319 1527 367 ipsi
1547 319 1729 355 catholici
1749 319 1878 355 adacti
1896 323 1987 356 sunt
2005 322 2074 356 aut

1126 384 1217 408 suos
1235 373 1335 408 filios
1353 373 1576 409 educandos
1595 372 1870 409 dissidentibus
1897 373 2076 416 tradere,

1126 429 1193 461 aut
1220 426 1257 461 in
1284 426 1402 462 exilio
1430 431 1601 462 mortem
1627 430 1831 474 oppetere.

1173 479 1379 525 Imperiale
1406 479 1609 516 decretum
1639 478 1778 522 (iracle)
1801 479 2075 516 Constantino-

1127 532 1202 578 poli
1224 532 1362 569 datum
1382 533 1444 570 die
1465 533 1509 569 24
1528 532 1717 570 februarii
1737 532 1827 569 1874
1844 532 1883 568 in
1902 532 2072 569 medIum

1128 586 1355 632 proferebat
1391 586 1640 634 quaestiones
1679 585 1937 623 secundarias
1976 597 2076 634 quae

1125 638 1255 675 dirimi
1282 645 1487 687 poterant,
1513 640 1580 677 sed
1598 669 1606 684 ,
1635 640 1894 677 benevolente
1924 651 2075 688 quoque

1125 693 1347 730 Turcarum
1366 694 1623 741 imperatore,
1649 694 1739 730 licet
1755 693 1887 740 specie
1907 697 2076 737 tantum,

1125 758 1249 783 novus
1268 747 1567 795 magnus-Visir
1585 748 1663 784 suis
1682 747 2018 784 notificationibus
2035 750 2076 784 et

1126 800 1278 846 edictis,
1299 804 1498 839 Armenes
1517 802 1731 838 catholicos
1756 802 1819 838 vel
1843 801 2001 838 nomine
2018 813 2080 838 re·

1125 854 1284 902 timonis
1304 860 1343 892 et
1360 855 1658 892 nationalicacis
1676 856 1733 892 eis
1751 855 1940 892 hactenus
1955 855 2076 892 tribu-

1125 912 1188 952 to,
1219 910 1378 945 omnino
1406 909 1645 958 expoliavit,
1674 909 1816 946 iterum
1844 909 1960 946 exilio
1980 910 2076 945 mul-

1125 963 1264 999 ctando
1287 964 1331 999 D.
1357 965 1513 1001 Hassun
1531 975 1645 1011 quem
1660 962 1868 1010 aliquando
1883 963 2070 999 O'thoma-

1124 1016 1257 1054 uicum
1295 1019 1529 1066 gubernium
1572 1021 1860 1065 recognoverat
1902 1017 2075 1053 Patriar-

1126 1072 1254 1116 eham,
1283 1078 1322 1109 et
1348 1073 1510 1121 insuper
1538 1072 1694 1108 Bullam
1720 1070 1964 1115 Reuersurccs
1998 1083 2078 1108 res-

1126 1128 1291 1174 puendo.
1304 1128 1457 1165 Adiecit
1470 1139 1622 1176 quoque
1638 1126 1840 1163 Statatum
1855 1137 1925 1172 pro
1939 1127 2075 1162 Arme-

1124 1194 1264 1220 norum
1291 1185 1586 1226 communitate,
1613 1191 1840 1230 repugnans
1875 1179 2075 1228 principiis

1125 1241 1165 1273 et
1184 1239 1399 1275 canonibus
1418 1238 1620 1275 Ecclesiae
1639 1235 1871 1278 catholicae,
1890 1233 1989 1282 quod
2007 1235 2080 1270 Ar-

1125 1292 1229 1328 meni
1258 1293 1437 1330 catholici
1467 1292 1608 1329 merito
1637 1292 1877 1327 reiecerunt.

1174 1346 1260 1382 Hac
1287 1351 1370 1382 tam
1399 1358 1558 1383 morosa
1584 1345 1752 1386 ratione,
1773 1355 1848 1392 qua
1866 1343 2079 1391 Imperium

1125 1403 1327 1436 turcarum
1356 1413 1396 1437 se
1424 1401 1614 1447 gerebat,
1652 1400 1690 1435 S.
1722 1398 1845 1434 Sedes
1879 1398 2080 1444 compulsa

1125 1454 1173 1490 ad
1200 1455 1487 1502 Imperatorem
1508 1452 1817 1490 Memorandum
1844 1451 1962 1495 misit,
1982 1452 2080 1489 sole-

1125 1508 1270 1545 mniter
1296 1509 1542 1556 reprobando
1579 1512 1688 1545 actus
1714 1507 1858 1542 iniuste
1886 1510 2078 1553 patratos,

1124 1566 1241 1610 atque
1268 1564 1480 1610 aperiendo
1502 1562 1695 1610 principia
1718 1560 1920 1597 Ecclesiae
1948 1560 2080 1596 catho-

1124 1616 1225 1653 licae
1258 1617 1367 1654 circa
1394 1617 1682 1666 propositiones
1708 1615 1754 1652 de
1783 1614 1978 1662 regimine
2004 1615 2076 1649 Ar-

1125 1670 1249 1706 menis
1276 1683 1346 1718 pro
1373 1672 1495 1708 lubitu
1521 1671 1648 1707 datas.

1172 1724 1333 1761 Interim
1361 1725 1453 1761 Pius
1481 1725 1534 1761 IX
1573 1730 1630 1761 tot
1668 1722 1870 1761 aerumnis
1911 1724 2077 1758 vexatus

1125 1777 1287 1814 minime
1328 1779 1524 1815 Armenes
1557 1779 1595 1814 vi
1623 1782 1783 1816 coactos
1821 1776 1963 1812 oblitus
1989 1781 2076 1821 est;

1122 1831 1226 1868 unde
1252 1832 1378 1868 verba
1403 1832 1451 1868 ad
1478 1844 1546 1869 eos
1573 1832 1668 1869 fecit
1693 1843 1764 1879 pro
1791 1830 1933 1868 animis
1960 1834 1999 1866 et
2015 1830 2078 1865 fir-

1123 1885 1277 1922 mandis
1295 1890 1333 1922 et
1353 1886 1591 1931 relevandis,
1612 1886 1803 1923 Brevibus
1821 1885 1923 1922 datis
1939 1884 2074 1921 diebus

1122 1939 1144 1975 6
1172 1939 1266 1983 iulii,
1300 1940 1341 1976 19
1367 1941 1522 1988 augusti
1554 1945 1594 1977 et
1620 1941 1663 1977 17
1697 1939 1933 1987 septembris
1969 1938 2074 1976 1874.

1125 1993 1263 2031 Mense
1289 1995 1503 2042 septembri
1519 1995 1610 2032 1875
1628 2006 1718 2042 spes
1743 1994 1839 2030 oriri
1866 1993 2074 2029 videbatur

1123 2047 1170 2084 de
1197 2049 1471 2095 componenda
1491 2049 1662 2086 ecclesia
1681 2048 2073 2085 Armeno-catholica

1123 2102 1224 2149 apud
1251 2104 1415 2140 Turcas.
1448 2105 1608 2141 Revera
1636 2108 1836 2139 turcarum
1864 2102 2072 2150 imperium

1123 2156 1268 2193 damna
1283 2163 1491 2206 expertum
1519 2159 1557 2194 in
1576 2170 1618 2195 re
1638 2157 1794 2206 politica
1808 2167 1924 2204 quam
1941 2167 2076 2204 seque-

1126 2211 1237 2247 batur
1265 2223 1289 2248 a
1307 2213 1462 2256 Russta,
1490 2213 1681 2249 desistere
1710 2211 2077 2259 coepitapersecu·

1125 2266 1229 2303 tione
1245 2278 1361 2314 quam
1376 2278 1450 2314 ope
1466 2267 1736 2303 dissidentium
1747 2276 1980 2313 aggressum
1997 2265 2079 2301 fue-

1126 2324 1209 2364 rat,
1238 2320 1292 2357 ita
1319 2326 1361 2357 ut
1388 2321 1433 2356 D.
1469 2321 1703 2356 Patriareha
1731 2320 1887 2355 Hassun
1915 2319 1954 2355 in
1981 2318 2076 2354 divi-

1125 2385 1213 2410 nam
1232 2374 1527 2411 Providentiam
1556 2379 1596 2411 et
1614 2374 1767 2411 Summi
1784 2373 1987 2410 Pontificis
2013 2373 2075 2409 be-

1124 2428 1367 2465 nedictiones
1383 2430 1566 2473 confisus,
1578 2435 1737 2477 praeter
1751 2428 1924 2464 omnium
1951 2438 2076 2475 spem,

1124 2484 1505 2531 Constantinopolim
1534 2484 1642 2519 venit
1667 2512 1675 2528 ,
1701 2486 1741 2519 et
1767 2482 1828 2519 die
1855 2482 1877 2519 6
1904 2481 2074 2518 ianuarii

1126 2538 1216 2574 1877
1243 2538 1364 2574 libere
1392 2538 1517 2585 potuit
1544 2537 1671 2573 Perae
1693 2538 1730 2573 in
1749 2537 1921 2574 ecclesia
1945 2535 2074 2573 cathe-

1123 2592 1223 2628 drali
1258 2593 1422 2629 Missam
1463 2593 1668 2629 celebrare
1708 2597 1748 2628 et
1786 2591 2000 2626 Homiliam
2026 2588 2076 2626 ad

1124 2659 1214 2683 suos
1241 2647 1376 2683 fideles
1403 2647 1618 2683 catholicos
1637 2647 1796 2683 habere·
1815 2644 1963 2682 Deinde
1984 2644 2077 2692 Epi-

1124 2713 1332 2748 scoporum
1355 2704 1645 2749 patriarchatus
1664 2701 1863 2750 Synodum
1882 2701 2074 2738 Constan-

1126 2756 1287 2804 tinopoli
1315 2759 1446 2805 coegit
1465 2771 1488 2795 a
1515 2771 1649 2795 mense
1671 2758 1764 2794 iunii
1793 2758 1883 2796 1877
1902 2757 1950 2794 ad
1967 2768 2073 2793 men-

1123 2824 1206 2848 sem
1233 2814 1459 2850 novembris
1480 2815 1583 2859 1878,
1612 2826 1687 2863 qua
1713 2815 1886 2862 episcopi
1904 2814 2071 2863 quinque

1124 2868 1170 2902 ab
1191 2868 1271 2915 ipso
1291 2870 1511 2907 consecrati
1536 2871 1726 2907 nominati
1745 2874 1848 2914 suut,
1870 2874 1909 2907 et
1927 2871 1963 2906 in
1986 2881 2073 2918 pro-

1125 2922 1231 2967 prias
1259 2923 1460 2961 dioeceses
1490 2925 1715 2972 missi,quin
1743 2925 1852 2961 horat
1880 2925 1929 2961 ab
1954 2925 2074 2973 impe-

1126 2977 1210 3013 riali
1227 2979 1418 3024 gubernio
1434 2980 1694 3016 Otliomanico
1711 2981 1888 3017 obtinere
1909 2991 2071 3017 necesse

1125 3030 1256 3068 l'uerit.

1171 3087 1337 3123 Animus
1353 3087 1635 3124 catholicorum
1656 3090 1792 3125 firmus
1819 3093 1858 3126 et
1885 3094 2070 3126 constans

1124 3140 1196 3175 fuit
1215 3153 1332 3177 causa
1352 3143 1624 3179 conversionis
1645 3144 1854 3179 multorum
1881 3143 2070 3180 neo-schi-

1123 3196 1393 3241 smaticorum,
1414 3197 1477 3244 qui
1499 3197 1728 3244 posthabitis
1747 3198 1866 3234 sectis
1885 3198 1923 3233 in
1942 3197 2070 3233 sinum

1123 3247 1341 3285 catholicae
1362 3251 1563 3288 Ecclesiae
1583 3251 1733 3288 reversi
1753 3256 1857 3287 sunt.
1878 3249 1954 3287 Sed
1971 3250 2069 3287 schi-

2127 2255 2135 2275 t
