2241 3473
475 134 612 164 VSQVE
635 137 688 164 AD
710 135 924 164 PVBLICAM
947 132 1095 162 RERVM
1117 132 1158 160 ΙΝ
1180 133 1352 162 GALLllS
1373 132 1699 162 SVBVERSIONEM

116 208 347 257 theologicis
371 207 515 255 gallice
541 207 699 256 scriptis
717 211 742 243 ¹.
765 209 876 245 Haec
894 209 980 256 ipsa
999 217 1062 244 res

118 263 219 302 haud
245 273 392 311 paucos
410 272 434 298 a
455 261 683 299 lansenistis
700 266 741 299 et
763 261 1062 311 Appellantibus

115 316 368 355 abalienavit.
380 316 441 352 Ex
455 315 550 363 ipsis
564 316 776 353 haereticis
794 315 905 352 multi
926 315 1061 351 fanati-

112 381 200 409 cam
217 369 387 406 aliorum
406 368 548 416 agendi
564 369 756 406 rationem
775 369 1064 417 improbarunt,

114 428 154 462 et
179 423 228 462 ab
256 422 393 459 iisdem
421 422 590 459 schisma
616 423 809 460 fecerunt.

161 478 450 514 Verumtamen
477 477 639 513 sectarii
666 480 856 523 patronos
883 479 1064 523 potentes

110 530 309 568 habebant
325 531 363 566 in
379 530 511 566 curiis.
530 531 644 566 Anno
665 529 757 566 1732
775 533 935 565 senatus
955 529 1063 565 Pari-

111 583 1065 631 siensislitteras,quibusdeVintimille,archiepi-

111 650 253 687 scopus
270 635 820 685 Parisiensis,ephemerides,
833 647 934 684 quae
953 637 1065 672 Nou-

112 693 226 730 eelles
254 690 569 739 ecclesiastiqnes
597 690 932 735 inscribebantur,
960 690 1063 727 dioe-

112 745 267 783 cesanis
292 745 372 781 suis
398 745 531 791 legere
559 743 805 792 prohibebat,
831 755 1064 791 suppressas

112 799 248 843 voluit,
276 809 393 846 quum
421 798 661 835 lansenistae
684 802 723 834 et
739 797 1000 846 Appellantes
1025 798 1063 833 in

112 853 159 890 iis
184 853 335 889 acriter
362 852 743 900 perstringerentur.
771 851 858 887 Rex
882 862 981 888 vero
1000 852 1063 888 ob-

112 906 335 944 sistentium
362 909 595 942 senatorum
629 904 726 940 alios
752 904 955 942 custodiae
986 909 1064 943 tra-

113 959 236 1003 didit,
263 960 361 996 alios
396 971 445 996 ex
471 959 567 995 urbe
594 958 815 1005 relegavit,
844 962 883 995 et
908 959 1062 996 senatui

112 1018 349 1063 potestatem
381 1012 428 1050 de
463 1013 579 1050 rebus
614 1012 895 1049 ecclesiasticis
929 1013 1063 1050 decer-

111 1068 228 1106 nendi
246 1067 413 1112 ademit;
433 1078 506 1115 quo
525 1067 646 1110 facto,
666 1066 734 1103 166
751 1070 957 1103 senatores
981 1079 1061 1103 mu-

112 1121 200 1158 neri
228 1132 298 1158 suo
325 1120 616 1157 renuntiarunt.
647 1118 744 1156 Post
768 1131 945 1156 mensem
966 1119 1063 1156 invi-

111 1176 183 1213 tati
210 1175 259 1212 ad
286 1174 567 1212 resumendum
594 1185 756 1218 munus,
776 1173 812 1209 id
837 1173 990 1222 quidem
1009 1174 1062 1211 fe-

111 1233 266 1274 cerunt,
293 1229 362 1266 sed
388 1228 560 1266 edictum
586 1228 764 1274 regium,
792 1239 866 1275 quo
886 1232 1063 1276 potestas

111 1283 188 1320 ista
213 1282 364 1319 senatui
386 1281 651 1324 adimebatur,
670 1280 709 1315 in
730 1284 889 1327 regesta
909 1281 1063 1318 referre

108 1336 341 1380 noluerunt;
369 1338 612 1383 quapropter
643 1344 781 1370 omnes
809 1333 974 1370 Parisiis
1001 1346 1064 1371 ex-

109 1389 253 1427 cedere
280 1389 373 1426 iussi
399 1392 502 1425 sunt.
529 1387 619 1424 Non
648 1388 772 1424 multo
800 1391 888 1435 post
922 1388 1064 1425 iterum

109 1443 285 1482 revocati
312 1447 352 1481 et
378 1441 614 1479 audaciores
632 1441 746 1484 facti,
767 1442 970 1479 molestias
988 1442 1064 1480 fre-

109 1502 276 1547 quentes
304 1501 385 1534 tum
405 1496 541 1544 regiae
554 1525 562 1540 ‚
582 1499 665 1533 tum
684 1495 982 1533 ecclesiasticae
1000 1507 1065 1533 au-

110 1552 285 1589 ctoritati
310 1551 528 1588 intulerunt
551 1552 579 1582 2.

156 1606 214 1642 45.
242 1604 427 1642 Schisma
457 1603 817 1640 Ultraiectinam-
834 1603 876 1639 In
903 1603 1064 1639 Hollan-

111 1659 176 1696 dia
201 1658 445 1696 lansenistae
475 1662 620 1694 tetrum
648 1656 834 1700 schisma,
857 1656 959 1704 quod
976 1657 1065 1694 hac-

110 1716 239 1756 tenus,
267 1712 446 1761 quamvis
473 1711 684 1759 plurimum
710 1709 960 1754 diminutum,
981 1722 1064 1758 per-

110 1766 237 1812 durat,
258 1767 362 1803 inter
387 1764 612 1804 Catholicos
639 1764 878 1801 excitarunt.
897 1764 953 1801 Ut
970 1776 1064 1802 vero

108 1821 251 1858 falsum
285 1820 337 1857 sit
363 1819 465 1867 quod
499 1818 632 1855 hostes
664 1817 918 1866 Apostolicae
954 1818 1065 1855 Sedis

110 1874 370 1917 contendunt,
391 1872 585 1909 evincitur
603 1884 653 1909 ex
671 1883 717 1908 eo
737 1871 836 1919 quod
854 1871 1065 1908 Hollandia

110 1928 271 1966 saeculo
297 1927 368 1963 Vll
396 1926 514 1963 fidem
542 1926 590 1961 ab
615 1925 845 1973 Apostolica
875 1925 978 1962 Sede
1005 1937 1063 1962 re-

110 1983 227 2030 cepit.
257 1982 297 2018 S.
326 1980 489 2027 Sergius
513 1980 527 2015 1
554 1979 594 2015 in
614 1979 796 2016 Ecclesia
813 1991 846 2015 s.
866 1978 1064 2017 Caeciliae

110 2036 172 2073 die
199 2035 245 2072 22
270 2033 477 2071 novembr.
499 2044 563 2069 an.
583 2033 653 2070 696
678 2032 854 2070 sacravit
879 2045 912 2069 s.
937 2033 1064 2068 Willi-

111 2089 299 2126 brordum
317 2089 355 2124 in
374 2087 729 2135 Archiepiscopum
747 2086 958 2122 Frisonum
971 2115 980 2129 ,
1001 2087 1065 2134 qui

112 2143 205 2181 Sedi
238 2141 521 2179 Ultraiectensi
555 2139 781 2189 respondet.
810 2140 906 2176 Vita
932 2152 963 2176 s.
991 2141 1065 2176 Bo—

113 2197 271 2242 nifacii,
297 2197 402 2232 illius
427 2194 683 2238 successoris,
711 2193 878 2230 mirifica
908 2194 1066 2231 exhibet

113 2251 334 2299 specimina
367 2250 416 2286 ab
449 2248 679 2297 Apostolica
709 2248 809 2285 Sede
843 2247 1064 2296 dependen-

116 2305 195 2341 tiae
221 2303 412 2341 dioecesis
446 2301 764 2339 Ultraieetensis.
792 2301 904 2343 Quae
936 2301 1066 2338 filialis

118 2358 274 2396 devotio
293 2357 332 2394 in
350 2356 558 2405 sequentia
575 2357 735 2392 saecula
753 2356 838 2403 ipsa
856 2360 1066 2404 prosecuta

114 2416 174 2449 est
200 2423 277 2448 non
302 2411 427 2447 solum
462 2410 500 2446 in
527 2410 644 2446 rebus
677 2409 768 2446 fidei
795 2414 835 2446 et
865 2409 1040 2446 moribus
1057 2439 1065 2454 ‚

117 2476 256 2502 verum
283 2464 406 2501 etiam
432 2464 472 2499 in
498 2463 770 2500 ecclesiastica
788 2463 1010 2511 disciplina;
1029 2463 1067 2499 in

118 2529 194 2568 qua
230 2518 488 2567 praecipuum
521 2517 650 2553 locum
690 2517 893 2553 obtinebat
926 2517 1066 2553 electio

117 2570 512 2621 principis-episcopi,
533 2581 650 2617 quum
677 2570 768 2607 Sedi
785 2570 1066 2607 Ultraieetensi

118 2626 336 2675 temporale
372 2623 585 2660 dominium
619 2623 830 2660 adauctum
865 2623 949 2660 fuit.
981 2624 1067 2661 Ele-

116 2681 193 2718 ctio
225 2680 289 2716 vel
325 2677 546 2725 designatio
580 2676 960 2725 principis-episcopi
985 2688 1068 2715 sae-

115 2735 202 2771 culo
229 2733 304 2770 XII
329 2732 450 2769 fiebat
475 2741 499 2766 a
524 2731 715 2767 Romanis
738 2731 1065 2779 Imperatoribus,

115 2792 156 2826 et
185 2786 391 2826 Conradus
418 2786 467 2822 ΙΙΙ
494 2796 564 2833 per
582 2796 692 2821 suum
713 2785 884 2832 diploma
903 2784 948 2822 18
965 2789 1067 2821 octo-

116 2842 197 2878 bris
224 2841 332 2885 1145,
350 2839 528 2886 Eugenio
555 2838 626 2885 Pp.
647 2838 695 2874 111
714 2839 977 2886 approbante,
994 2838 1067 2875 hac

118 2895 310 2932 facultate
342 2894 514 2930 donabat
553 2891 735 2938 Capitula
763 2903 794 2928 s.
829 2891 994 2927 Martini
1028 2897 1068 2930 et

113 2960 146 2986 s.
174 2948 397 2986 Salvatoris
422 2945 788 2984 Ultraiectensium.
811 2945 864 2981 At
890 2945 929 2980 in
955 2946 1066 2983 huius

114 3002 210 3039 iuris
236 3001 429 3039 exercitio
457 3010 545 3036 cum
574 2998 852 3046 experirentur
870 2998 994 3035 multa
1012 3000 1065 3036 in-

159 3085 169 3106 1
188 3083 315 3115 Leccres
344 3080 569 3123 tlzeoloqiques
594 3089 664 3112 aua:
681 3077 850 3111 e'crivains
867 3075 1064 3118 de‘fenseurs

114 3128 170 3162 des
195 3128 412 3161 convulsions
438 3130 470 3159 et
502 3129 618 3158 autres
636 3124 824 3167 pretendas
842 3124 1001 3158 miracles
1018 3126 1063 3159 du

117 3177 223 3215 temps
238 3198 246 3212 ,
264 3173 283 3205 2
304 3174 384 3206 voli.
406 3172 506 3204 in-40.

158 3218 172 3240 ἵ
187 3220 344 3259 Laliteau,
356 3218 502 3252 Histoire
516 3217 599 3250 dela
613 3216 841 3251 Constitution
854 3216 1061 3258 Unigenitus.

329 3280 589 3330 WOVTERS,
622 3279 671 3320 11.

1930 119 2009 159 265

1114 202 1320 240 commoda
1351 214 1417 240 an.
1454 202 1546 240 1528
1575 199 1827 249 Capitulares
1857 200 2002 239 Carolo
2027 203 2064 237 V

1114 256 1211 293 Duei
1240 257 1454 294 Brabantis
1481 260 1520 293 et
1538 254 1770 292 Hollandiae
1789 254 1954 292 Comitis
1971 255 2065 292 illud

1113 310 1159 348 de
1188 311 1291 347 facto
1314 310 1586 353 reddiderunt,
1606 320 1649 346 se
1668 308 1890 356 obligantes
1907 319 2065 357 semper

1114 365 1162 400 ab
1182 375 1229 401 eo
1248 364 1501 412 designatum
1529 363 1694 410 eligere.
1715 361 1864 398 Eodem
1885 364 2064 410 tempore

1113 419 1330 466 Episcopus
1375 418 1591 465 temporale
1624 415 1839 452 dominium
1874 427 1946 464 pro
1982 417 2067 465 ipso

1113 472 1256 510 Carolo
1276 471 1489 515 abdicavit,
1509 475 1548 508 et
1574 470 1755 518 Capitula
1774 473 1904 506 ratum
1922 469 2066 507 habue-

1114 529 1225 570 runt;
1246 535 1344 573 quae
1364 524 1581 570 adprobata
1599 528 1639 560 et
1657 524 1893 560 confirmata
1910 523 2069 560 fuerunt

1113 590 1137 615 a
1163 579 1366 616 Clemente
1394 577 1465 625 Pp.
1494 577 1580 621 VII,
1609 577 1670 613 die
1697 577 1743 614 20
1773 578 1929 624 angusti
1957 577 2063 614 1529.

1113 632 1289 669 Tandem
1300 631 1444 667 Paulus
1452 631 1504 667 IV
1516 641 1580 666 an.
1598 630 1689 667 1559
1701 629 1913 667 Ultraiecti
1931 630 1969 667 in
1987 641 2067 667 me-

1115 686 1298 734 tropolim
1325 684 1454 722 erexit
1484 695 1554 732 pro
1580 683 1855 731 Suffraganeis
1887 684 1923 721 ei
1957 684 2068 721 attri-

1114 740 1236 776 buens
1244 739 1367 776 Sedes
1379 739 1750 783 Harlemanensem,
1759 739 2064 787 Gronigensem,

1114 794 1471 836 Leovardiensem,
1499 792 1888 839 Middelburgensem
1921 796 1961 830 et
1990 793 2066 828 Da-

1115 848 1395 886 ventriensem.
1416 846 1531 882 Bulla
1548 845 1762 882 erectionis
1781 857 1858 882 non
1876 845 2068 895 Capitulis

1114 902 1183 939 sed
1200 903 1334 952 Papae
1350 899 1580 948 designandi
1596 898 1800 947 episcopos
1815 900 2067 948 privilegium

1115 955 1295 1004 Philippo
1313 957 1345 993 II
1372 956 1534 1003 eiusque
1561 953 1856 990 successoribus
1889 953 2066 990 confere-

1115 1011 1195 1047 bat.
1215 1011 1328 1048 Unde
1355 1011 1433 1046 iam
1462 1021 1485 1046 a
1511 1020 1615 1046 saec.
1638 1007 1732 1044 XVI
1756 1008 1944 1045 Canonici
1964 1007 2068 1043 nullo

1116 1065 1199 1102 iure
1227 1064 1455 1113 gaudebant
1479 1064 1517 1100 in
1546 1062 1852 1100 Ultraiectensis
1879 1061 2069 1109 archiepi-

1114 1121 1223 1167 scopi
1250 1119 1541 1166 designatione.
1560 1113 1742 1154 Exeunte
1765 1126 1872 1152 saec.
1890 1115 1985 1151 XVI
2005 1125 2071 1163 po-

1119 1173 1178 1209 titi
1203 1178 1294 1209 sunt
1313 1172 1550 1209 Hollandiae
1569 1172 1835 1219 protestantes
1861 1172 1901 1206 et
1919 1166 2070 1216 expulsi

1117 1231 1297 1264 rectores
1322 1227 1493 1275 hispani;
1521 1236 1637 1274 quam
1663 1235 1760 1261 vero
1787 1223 1912 1260 multa
1929 1221 2069 1260 Catho-

1117 1282 1180 1317 lici
1207 1281 1313 1330 passi
1333 1281 1426 1324 sint,
1444 1280 1534 1317 alibi
1553 1279 1698 1316 dictum
1718 1280 1792 1315 est.
1816 1277 1977 1314 Funera
1995 1276 2068 1312 Ar·

1117 1335 1356 1384 chiepiscopi
1383 1334 1578 1372 Friderici
1597 1332 1756 1371 Schenk
1780 1332 1992 1381 profanata
2008 1341 2070 1366 us-

1116 1401 1189 1438 que
1216 1390 1328 1427 fuere
1363 1389 1661 1426 calvinistarum
1696 1386 1885 1435 psalmis;
1913 1388 1954 1422 et
1978 1383 2070 1420 novi

1117 1445 1232 1481 electi
1265 1444 1303 1480 in
1338 1443 1626 1492 possessionem
1658 1451 1753 1477 suae
1786 1439 1898 1477 Sedis
1932 1438 2070 1475 venire

1115 1509 1313 1545 nunquam
1332 1501 1560 1546 potuerunt.
1588 1496 1699 1537 Quae
1726 1505 1814 1530 cum
1840 1493 1896 1530 ita
1920 1495 2068 1536 essent,

1116 1563 1232 1599 quum
1260 1553 1349 1588 novi
1378 1550 1615 1587 Hollandiae
1642 1552 1821 1585 rectores
1849 1546 2067 1595 Episcopos

1117 1606 1166 1642 ab
1198 1605 1392 1653 Hispania
1422 1604 1648 1652 designatos
1680 1605 1892 1649 acceptare
1918 1600 2070 1636 'noluis-

1116 1664 1230 1704 sent,
1260 1660 1383 1697 Sedes
1408 1658 1636 1707 Apostolica
1662 1668 1710 1694 ne
1737 1656 1965 1703 Philippum
1992 1653 2069 1701 pri-

1116 1713 1303 1761 vilegium
1331 1710 1665 1761 praesentationis
1684 1709 1875 1758 privaret,
1894 1708 1982 1744 illos
2007 1718 2068 1743 re-

1117 1767 1255 1814 giones
1282 1778 1351 1815 per
1370 1765 1554 1802 Vicarios
1572 1763 1818 1811 Apostolicos
1838 1761 1887 1798 ad
1906 1761 2068 1808 modum

1116 1821 1344 1856 missionum
1370 1818 1584 1855 infidelium
1614 1828 1758 1863 regere
1783 1815 1934 1853 statuit.
1962 1814 2066 1850 Hinc

1117 1873 1254 1920 primis
1286 1873 1469 1910 Vicarius
1508 1871 1761 1919 Apostolicus
1794 1870 1868 1905 fuit
1901 1867 2068 1905 Sasbold

1116 1928 1311 1965 Vosmeer
1329 1930 1507 1963 mortuus
1521 1924 1710 1963 Coloniae
1730 1923 1792 1960 die
1810 1923 1831 1960 3
1849 1922 1941 1959 maii
1959 1921 2065 1965 1614,

1115 1983 1176 2018 cui
1210 1981 1401 2019 successit
1434 1980 1638 2027 Philippus
1668 1978 1895 2020 Rovenius,
1923 1975 2063 2012 Baldo-

1115 2036 1229 2071 vinus
1255 2036 1365 2079 Catz,
1394 2035 1560 2070 Ioannes
1587 2031 1840 2069 Neercassel:
1870 2030 1903 2066 is
1928 2029 2069 2065 ianuas

1115 2089 1349 2126 Hollandiae
1384 2088 1540 2135 aperuit
1572 2085 1773 2129 Arnauld,
1800 2083 1848 2120 du
1883 2082 2037 2119 Vancel
2056 2110 2065 2125 ,

1116 2143 1287 2186 Quesnel
1306 2143 1483 2189 aliisque,
1510 2141 1574 2190 qui
1598 2140 1668 2177 sub
1687 2138 1885 2176 Ludovico
1912 2147 2008 2184 rege
2027 2136 2066 2171 in

1118 2197 1246 2234 Gallia
1279 2195 1621 2233 constitutionibus
1651 2192 1877 2241 apostolicis
1907 2190 2066 2238 impune

1118 2263 1195 2287 non
1220 2251 1565 2298 refragarentur1.

1162 2305 1352 2353 Deposito
1379 2303 1500 2340 Petro
1527 2301 1680 2345 Codde‚
1710 2300 1823 2337 sicuti
1850 2299 2016 2335 vidimus
2034 2299 2067 2342 2,

1116 2360 1286 2396 officium
1317 2357 1456 2394 vicarii
1484 2355 1693 2404 apostolici
1718 2353 1969 2390 commissum
1995 2350 2069 2388 fuit

1116 2412 1294 2450 Gerardo
1311 2411 1519 2458 Potcamp‚
1540 2409 1711 2457 parocho
1737 2408 1775 2443 in
1794 2407 1890 2443 urbe
1914 2405 2068 2452 Lugdu-

1117 2478 1166 2502 no
1194 2467 1373 2510 Batava,
1401 2468 1440 2501 et
1476 2467 1563 2512 post
1596 2462 1707 2498 huius
1739 2461 1887 2497 obitum
1913 2458 2066 2495 Adamo

1116 2522 1308 2563 Daemen,
1333 2518 1628 2565 archiepiscopo
1646 2513 1998 2561 Adrianopolitano
2025 2511 2067 2548 in

1111 2575 1312 2625 partibus,
1340 2573 1403 2621 qui
1430 2583 1546 2620 quum
1573 2581 1675 2607 anno
1704 2570 1793 2605 1717
1820 2568 1993 2611 obiisset,
2014 2567 2065 2602 vi-

1117 2629 1249 2666 carius
1274 2627 1511 2675 apostolicus
1538 2624 1770 2660 constitutus
1795 2622 1867 2658 fuit
1898 2623 2065 2658 Ioannes

1117 2684 1205 2720 Van
1224 2682 1420 2731 Bylevelt.
1441 2680 1590 2716 Verum
1619 2676 1874 2721 lansenistae,
1899 2686 2063 2723 quorum

1117 2737 1238 2774 factio
1266 2740 1384 2772 aucta
1409 2738 1511 2777 erat,
1546 2730 1745 2780 praefatos
1777 2729 1947 2766 vicarios
1973 2740 2064 2776 apo-

1117 2792 1279 2827 stolicos
1294 2790 1474 2837 recipere
1492 2784 1959 2831 noluerunt‚gubernium
1976 2794 2065 2819 con-

1119 2848 1181 2880 tra
1212 2845 1299 2879 illos
1335 2842 1583 2884 excitarunt,
1614 2842 1654 2876 et
1694 2838 1963 2874 Ecclesiarum
1999 2836 2064 2873 ad-

1118 2897 1447 2935 ministrationem
1474 2905 1596 2941 penes
1627 2895 1882 2941 praetensum
1908 2890 2064 2938 Capitu-

1117 2952 1196 2988 lum
1222 2949 1518 2987 Ultraiectense
1546 2946 1705 2993 eiusque
1729 2945 1919 2981 vicarium
1946 2954 2064 2991 gene-

1117 3006 1241 3042 ralem
1268 3014 1355 3040 esse
1376 3000 1678 3038 contenderunt.
1708 2998 1936 3035 Iamdudum
1953 2997 2068 3045 Capi-

1161 3126 1260 3157 lvid.
1287 3134 1318 3166 p.
1347 3123 1426 3162 257,
1455 3132 1513 3155 nce
1539 3132 1600 3154 nou
1630 3121 1674 3154 La
1701 3121 1839 3154 Scienza
1865 3130 1881 3153 e
1907 3121 1939 3153 la
1965 3119 2063 3159 Fede,

1115 3173 1181 3207 vol.
1202 3179 1321 3211 XCVm,
1343 3179 1395 3213 pp.
1418 3170 1436 3201 5
1455 3178 1540 3211 sqq.,
1560 3168 1671 3210 Napoli
1693 3167 1791 3200 1875.

1157 3216 1170 3237 ‘²
1187 3219 1221 3252 P,
1241 3216 1319 3249 257.

1799 3270 1848 3311 19
