<?xml version="1.0" encoding="UTF-8"?>
<!DOCTYPE html PUBLIC "-//W3C//DTD XHTML 1.0 Transitional//EN"
    "http://www.w3.org/TR/xhtml1/DTD/xhtml1-transitional.dtd">
<html xmlns="http://www.w3.org/1999/xhtml" xml:lang="en" lang="en">
 <head>
  <title>
</title>
<meta http-equiv="Content-Type" content="text/html;charset=utf-8" />
  <meta name='ocr-system' content='tesseract 3.04.00' />
  <meta name='ocr-capabilities' content='ocr_page ocr_carea ocr_par ocr_line ocrx_word'/>
</head>
<body>
  <div class='ocr_page' id='page_1' title='image "./historiaeecclesi01wout_0364.png"; bbox 0 0 2241 3473; ppageno 0'>
   <div class='ocr_carea' id='block_1_1' title="bbox 289 142 341 180">
    <p class='ocr_par' dir='ltr' id='par_1_1' title="bbox 289 142 341 180">
     <span class='ocr_line' id='line_1_1' title="bbox 289 142 341 180; baseline 0 0"><span class='ocrx_word' id='word_1_1' title='bbox 289 142 341 180; x_wconf 77' lang='lat'>42</span> 
     </span>
    </p>
   </div>
   <div class='ocr_carea' id='block_1_2' title="bbox 234 213 1200 2645">
    <p class='ocr_par' dir='ltr' id='par_1_2' title="bbox 235 213 1196 470">
     <span class='ocr_line' id='line_1_2' title="bbox 237 213 1196 262; baseline -0.005 -9"><span class='ocrx_word' id='word_1_2' title='bbox 237 216 294 253; x_wconf 84' lang='lat' dir='ltr'>vit</span> <span class='ocrx_word' id='word_1_3' title='bbox 315 213 340 253; x_wconf 80' lang='lat'>¹.</span> <span class='ocrx_word' id='word_1_4' title='bbox 371 215 430 253; x_wconf 89' lang='lat' dir='ltr'>Ad</span> <span class='ocrx_word' id='word_1_5' title='bbox 448 213 697 262; x_wconf 87' lang='lat' dir='ltr'>imperatoris</span> <span class='ocrx_word' id='word_1_6' title='bbox 718 213 939 260; x_wconf 83' lang='lat' dir='ltr'>exemplum</span> <span class='ocrx_word' id='word_1_7' title='bbox 958 224 1092 249; x_wconf 88' lang='lat' dir='ltr'>omnes</span> <span class='ocrx_word' id='word_1_8' title='bbox 1113 225 1196 261; x_wconf 90' lang='lat' dir='ltr'>pro-</span> 
     </span>
     <span class='ocr_line' id='line_1_3' title="bbox 235 265 1194 314; baseline -0.004 -8"><span class='ocrx_word' id='word_1_9' title='bbox 235 280 343 306; x_wconf 83' lang='lat' dir='ltr'>ceres</span> <span class='ocrx_word' id='word_1_10' title='bbox 371 271 410 304; x_wconf 93' lang='lat' dir='ltr'>et</span> <span class='ocrx_word' id='word_1_11' title='bbox 441 266 634 314; x_wconf 84' lang='lat' dir='ltr'>episcopi,</span> <span class='ocrx_word' id='word_1_12' title='bbox 662 266 727 312; x_wconf 86' lang='lat' dir='ltr'>qui</span> <span class='ocrx_word' id='word_1_13' title='bbox 758 265 841 302; x_wconf 87' lang='lat' dir='ltr'>eius</span> <span class='ocrx_word' id='word_1_14' title='bbox 872 266 1049 314; x_wconf 88' lang='lat' dir='ltr'>partibus</span> <span class='ocrx_word' id='word_1_15' title='bbox 1080 265 1194 302; x_wconf 87' lang='lat' dir='ltr'>fave-</span> 
     </span>
     <span class='ocr_line' id='line_1_4' title="bbox 237 317 1193 365; baseline -0.004 -7"><span class='ocrx_word' id='word_1_16' title='bbox 237 324 326 358; x_wconf 89' lang='lat' dir='ltr'>rant</span> <span class='ocrx_word' id='word_1_17' title='bbox 344 350 353 365; x_wconf 91' lang='lat'>,</span> <span class='ocrx_word' id='word_1_18' title='bbox 387 320 556 356; x_wconf 82' lang='lat' dir='ltr'><strong>schisma</strong></span> <span class='ocrx_word' id='word_1_19' title='bbox 605 318 823 363; x_wconf 89' lang='lat' dir='ltr'>eiurarunt,</span> <span class='ocrx_word' id='word_1_20' title='bbox 864 317 1090 355; x_wconf 82' lang='lat' dir='ltr'>Alexandro</span> <span class='ocrx_word' id='word_1_21' title='bbox 1138 318 1193 355; x_wconf 91' lang='grc' dir='ltr'>ΠΙ</span> 
     </span>
     <span class='ocr_line' id='line_1_5' title="bbox 237 370 1193 419; baseline -0.003 -8"><span class='ocrx_word' id='word_1_22' title='bbox 237 372 496 411; x_wconf 77' lang='lat' dir='ltr'>obedientiam</span> <span class='ocrx_word' id='word_1_23' title='bbox 520 370 806 419; x_wconf 88' lang='lat' dir='ltr'>promiserunt,</span> <span class='ocrx_word' id='word_1_24' title='bbox 827 374 866 407; x_wconf 91' lang='lat' dir='ltr'>et</span> <span class='ocrx_word' id='word_1_25' title='bbox 887 370 925 406; x_wconf 94' lang='lat' dir='ltr'>in</span> <span class='ocrx_word' id='word_1_26' title='bbox 947 370 1193 408; x_wconf 88' lang='lat' dir='ltr'>communio-</span> 
     </span>
     <span class='ocr_line' id='line_1_6' title="bbox 239 422 873 470; baseline -0.006 -7"><span class='ocrx_word' id='word_1_27' title='bbox 239 437 327 463; x_wconf 90' lang='lat' dir='ltr'>nem</span> <span class='ocrx_word' id='word_1_28' title='bbox 348 423 551 461; x_wconf 80' lang='lat' dir='ltr'>Ecclesiae</span> <span class='ocrx_word' id='word_1_29' title='bbox 574 423 723 470; x_wconf 78' lang='lat' dir='ltr'>recepti</span> <span class='ocrx_word' id='word_1_30' title='bbox 745 426 836 460; x_wconf 88' lang='lat' dir='ltr'>sunt</span> <span class='ocrx_word' id='word_1_31' title='bbox 847 422 873 460; x_wconf 79' lang='lat'>².</span> 
     </span>
    </p>

    <p class='ocr_par' dir='ltr' id='par_1_3' title="bbox 234 475 1194 1051">
     <span class='ocr_line' id='line_1_7' title="bbox 287 475 1193 524; baseline -0.002 -9"><span class='ocrx_word' id='word_1_32' title='bbox 287 478 357 515; x_wconf 90' lang='lat' dir='ltr'>His</span> <span class='ocrx_word' id='word_1_33' title='bbox 377 475 619 524; x_wconf 90' lang='lat' dir='ltr'>compositis,</span> <span class='ocrx_word' id='word_1_34' title='bbox 641 476 868 513; x_wconf 88' lang='lat' dir='ltr'>Friderieus</span> <span class='ocrx_word' id='word_1_35' title='bbox 883 476 922 513; x_wconf 88' lang='lat' dir='ltr'>in</span> <span class='ocrx_word' id='word_1_36' title='bbox 939 476 1193 513; x_wconf 75' lang='lat' dir='ltr'>Germaniam</span> 
     </span>
     <span class='ocr_line' id='line_1_8' title="bbox 236 528 1191 576; baseline -0.001 -9"><span class='ocrx_word' id='word_1_37' title='bbox 236 530 363 567; x_wconf 88' lang='lat' dir='ltr'>rediit.</span> <span class='ocrx_word' id='word_1_38' title='bbox 385 529 609 565; x_wconf 80' lang='lat' dir='ltr'>Alexander</span> <span class='ocrx_word' id='word_1_39' title='bbox 639 528 710 576; x_wconf 88' lang='lat' dir='ltr'>Pp.</span> <span class='ocrx_word' id='word_1_40' title='bbox 732 529 899 565; x_wconf 81' lang='lat' dir='ltr'>Romam</span> <span class='ocrx_word' id='word_1_41' title='bbox 922 540 1084 573; x_wconf 84' lang='lat' dir='ltr'>rursus,</span> <span class='ocrx_word' id='word_1_42' title='bbox 1106 541 1191 566; x_wconf 90' lang='lat' dir='ltr'>ma-</span> 
     </span>
     <span class='ocr_line' id='line_1_9' title="bbox 234 581 1193 630; baseline 0 -11"><span class='ocrx_word' id='word_1_43' title='bbox 234 583 340 620; x_wconf 80' lang='lat' dir='ltr'>ximo</span> <span class='ocrx_word' id='word_1_44' title='bbox 362 593 450 618; x_wconf 89' lang='lat' dir='ltr'>cum</span> <span class='ocrx_word' id='word_1_45' title='bbox 474 581 619 617; x_wconf 91' lang='lat' dir='ltr'>honore</span> <span class='ocrx_word' id='word_1_46' title='bbox 642 586 681 618; x_wconf 88' lang='lat' dir='ltr'>et</span> <span class='ocrx_word' id='word_1_47' title='bbox 701 582 845 630; x_wconf 81' lang='lat' dir='ltr'>gaudio</span> <span class='ocrx_word' id='word_1_48' title='bbox 867 594 887 618; x_wconf 91' lang='lat' dir='ltr'>a</span> <span class='ocrx_word' id='word_1_49' title='bbox 905 582 1099 619; x_wconf 86' lang='lat' dir='ltr'>Romanis</span> <span class='ocrx_word' id='word_1_50' title='bbox 1121 594 1193 620; x_wconf 83' lang='lat' dir='ltr'>ex-</span> 
     </span>
     <span class='ocr_line' id='line_1_10' title="bbox 235 634 1192 683; baseline -0.001 -11"><span class='ocrx_word' id='word_1_51' title='bbox 235 637 368 683; x_wconf 86' lang='lat' dir='ltr'>ceptus</span> <span class='ocrx_word' id='word_1_52' title='bbox 388 637 460 671; x_wconf 87' lang='lat' dir='ltr'>est.</span> <span class='ocrx_word' id='word_1_53' title='bbox 478 634 662 671; x_wconf 83' lang='lat' dir='ltr'>Callistus</span> <span class='ocrx_word' id='word_1_54' title='bbox 684 634 870 683; x_wconf 79' lang='lat' dir='ltr'>antipapa</span> <span class='ocrx_word' id='word_1_55' title='bbox 891 647 1022 672; x_wconf 85' lang='lat' dir='ltr'>coram</span> <span class='ocrx_word' id='word_1_56' title='bbox 1044 647 1088 672; x_wconf 92' lang='lat' dir='ltr'>eo</span> <span class='ocrx_word' id='word_1_57' title='bbox 1105 635 1192 672; x_wconf 90' lang='lat' dir='ltr'>cul-</span> 
     </span>
     <span class='ocr_line' id='line_1_11' title="bbox 235 687 1194 737; baseline -0.001 -12"><span class='ocrx_word' id='word_1_58' title='bbox 235 699 324 737; x_wconf 87' lang='lat' dir='ltr'>pam</span> <span class='ocrx_word' id='word_1_59' title='bbox 346 687 547 724; x_wconf 84' lang='lat' dir='ltr'>confessus</span> <span class='ocrx_word' id='word_1_60' title='bbox 569 690 650 734; x_wconf 88' lang='lat' dir='ltr'>est,</span> <span class='ocrx_word' id='word_1_61' title='bbox 671 687 706 724; x_wconf 89' lang='lat' dir='ltr'>ei</span> <span class='ocrx_word' id='word_1_62' title='bbox 727 688 989 725; x_wconf 79' lang='lat' dir='ltr'>obedientiam</span> <span class='ocrx_word' id='word_1_63' title='bbox 1015 688 1194 736; x_wconf 89' lang='lat' dir='ltr'>promisit</span> 
     </span>
     <span class='ocr_line' id='line_1_12' title="bbox 234 740 1192 789; baseline 0 -12"><span class='ocrx_word' id='word_1_64' title='bbox 234 744 273 777; x_wconf 84' lang='lat' dir='ltr'>et</span> <span class='ocrx_word' id='word_1_65' title='bbox 306 740 464 777; x_wconf 84' lang='lat' dir='ltr'>veniam</span> <span class='ocrx_word' id='word_1_66' title='bbox 501 740 636 788; x_wconf 87' lang='lat' dir='ltr'>petiit;</span> <span class='ocrx_word' id='word_1_67' title='bbox 670 752 785 788; x_wconf 88' lang='lat' dir='ltr'>quem</span> <span class='ocrx_word' id='word_1_68' title='bbox 823 740 1009 778; x_wconf 77' lang='lat' dir='ltr'>Pontifex</span> <span class='ocrx_word' id='word_1_69' title='bbox 1049 753 1192 789; x_wconf 78' lang='lat' dir='ltr'>magna</span> 
     </span>
     <span class='ocr_line' id='line_1_13' title="bbox 235 793 1189 842; baseline 0.002 -13"><span class='ocrx_word' id='word_1_70' title='bbox 235 805 326 830; x_wconf 86' lang='lat' dir='ltr'>cum</span> <span class='ocrx_word' id='word_1_71' title='bbox 356 793 599 841; x_wconf 81' lang='lat' dir='ltr'>benignitate</span> <span class='ocrx_word' id='word_1_72' title='bbox 626 794 799 842; x_wconf 86' lang='lat' dir='ltr'>suscepit</span> <span class='ocrx_word' id='word_1_73' title='bbox 820 796 858 830; x_wconf 87' lang='lat' dir='ltr'>et</span> <span class='ocrx_word' id='word_1_74' title='bbox 881 795 996 831; x_wconf 83' lang='lat' dir='ltr'>venia</span> <span class='ocrx_word' id='word_1_75' title='bbox 1017 794 1189 831; x_wconf 82' lang='lat' dir='ltr'>donavit.</span> 
     </span>
     <span class='ocr_line' id='line_1_14' title="bbox 236 846 1194 894; baseline 0.002 -12"><span class='ocrx_word' id='word_1_76' title='bbox 236 846 461 883; x_wconf 90' lang='lat' dir='ltr'>Paucorum</span> <span class='ocrx_word' id='word_1_77' title='bbox 497 847 654 894; x_wconf 89' lang='lat' dir='ltr'>quidem</span> <span class='ocrx_word' id='word_1_78' title='bbox 686 846 804 883; x_wconf 86' lang='lat' dir='ltr'>factio</span> <span class='ocrx_word' id='word_1_79' title='bbox 834 847 871 883; x_wconf 91' lang='lat' dir='ltr'>in</span> <span class='ocrx_word' id='word_1_80' title='bbox 893 847 1021 884; x_wconf 88' lang='lat' dir='ltr'>locum</span> <span class='ocrx_word' id='word_1_81' title='bbox 1044 847 1194 884; x_wconf 86' lang='lat' dir='ltr'>Callisti</span> 
     </span>
     <span class='ocr_line' id='line_1_15' title="bbox 236 899 1192 948; baseline 0.001 -13"><span class='ocrx_word' id='word_1_82' title='bbox 236 899 357 947; x_wconf 82' lang='lat' dir='ltr'>elegit</span> <span class='ocrx_word' id='word_1_83' title='bbox 378 899 600 936; x_wconf 89' lang='lat' dir='ltr'>Landinum</span> <span class='ocrx_word' id='word_1_84' title='bbox 623 900 809 936; x_wconf 87' lang='lat' dir='ltr'>clericum</span> <span class='ocrx_word' id='word_1_85' title='bbox 827 929 835 944; x_wconf 94' lang='lat'>,</span> <span class='ocrx_word' id='word_1_86' title='bbox 857 912 974 948; x_wconf 89' lang='lat' dir='ltr'>quem</span> <span class='ocrx_word' id='word_1_87' title='bbox 998 901 1192 937; x_wconf 91' lang='lat' dir='ltr'>Innocen-</span> 
     </span>
     <span class='ocr_line' id='line_1_16' title="bbox 234 951 1192 1001; baseline 0.001 -12"><span class='ocrx_word' id='word_1_88' title='bbox 234 952 334 989; x_wconf 86' lang='lat' dir='ltr'>tium</span> <span class='ocrx_word' id='word_1_89' title='bbox 358 952 414 989; x_wconf 92' lang='grc' dir='ltr'>ΙΙΙ</span> <span class='ocrx_word' id='word_1_90' title='bbox 450 952 686 1000; x_wconf 81' lang='lat' dir='ltr'>appellavit3</span> <span class='ocrx_word' id='word_1_91' title='bbox 714 954 780 990; x_wconf 91' lang='lat' dir='ltr'>sed</span> <span class='ocrx_word' id='word_1_92' title='bbox 803 965 847 989; x_wconf 92' lang='lat' dir='ltr'>eo</span> <span class='ocrx_word' id='word_1_93' title='bbox 869 951 985 1001; x_wconf 89' lang='lat' dir='ltr'>paulo</span> <span class='ocrx_word' id='word_1_94' title='bbox 1016 956 1102 1001; x_wconf 83' lang='lat' dir='ltr'>post</span> <span class='ocrx_word' id='word_1_95' title='bbox 1123 965 1192 990; x_wconf 92' lang='lat' dir='ltr'>cu-</span> 
     </span>
     <span class='ocr_line' id='line_1_17' title="bbox 234 1004 1138 1051; baseline 0 -8"><span class='ocrx_word' id='word_1_96' title='bbox 234 1005 384 1043; x_wconf 88' lang='lat' dir='ltr'>stodiae</span> <span class='ocrx_word' id='word_1_97' title='bbox 405 1006 565 1051; x_wconf 78' lang='lat' dir='ltr'>tradito.</span> <span class='ocrx_word' id='word_1_98' title='bbox 587 1006 757 1042; x_wconf 87' lang='lat' dir='ltr'>schisma</span> <span class='ocrx_word' id='word_1_99' title='bbox 778 1008 1016 1043; x_wconf 78' lang='lat' dir='ltr'>exstinctum</span> <span class='ocrx_word' id='word_1_100' title='bbox 1036 1008 1093 1043; x_wconf 89' lang='lat' dir='ltr'>est</span> <span class='ocrx_word' id='word_1_101' title='bbox 1112 1004 1138 1044; x_wconf 80' lang='grc'>3.</span> 
     </span>
    </p>

    <p class='ocr_par' dir='ltr' id='par_1_4' title="bbox 235 1058 1200 2645">
     <span class='ocr_line' id='line_1_18' title="bbox 288 1058 1194 1097; baseline 0.001 -2"><span class='ocrx_word' id='word_1_102' title='bbox 288 1058 350 1095; x_wconf 80' lang='lat'>53.</span> <span class='ocrx_word' id='word_1_103' title='bbox 390 1058 508 1095; x_wconf 77' lang='lat' dir='ltr'>Secta</span> <span class='ocrx_word' id='word_1_104' title='bbox 542 1070 745 1095; x_wconf 68' lang='lat' dir='ltr'>novorum</span> <span class='ocrx_word' id='word_1_105' title='bbox 776 1060 1121 1097; x_wconf 73' lang='lat' dir='ltr'>Manichaeorum</span> <span class='ocrx_word' id='word_1_106' title='bbox 1143 1082 1194 1086; x_wconf 92' lang='lat'>——</span> 
     </span>
     <span class='ocr_line' id='line_1_19' title="bbox 237 1111 1194 1160; baseline 0 -11"><span class='ocrx_word' id='word_1_107' title='bbox 237 1111 385 1149; x_wconf 89' lang='lat' dir='ltr'>Verum</span> <span class='ocrx_word' id='word_1_108' title='bbox 416 1111 582 1159; x_wconf 88' lang='lat' dir='ltr'>hisipsis</span> <span class='ocrx_word' id='word_1_109' title='bbox 602 1112 843 1160; x_wconf 75' lang='lat' dir='ltr'>temporibus</span> <span class='ocrx_word' id='word_1_110' title='bbox 873 1124 998 1149; x_wconf 78' lang='lat' dir='ltr'>novae</span> <span class='ocrx_word' id='word_1_111' title='bbox 1019 1113 1194 1149; x_wconf 87' lang='lat' dir='ltr'>haereti-</span> 
     </span>
     <span class='ocr_line' id='line_1_20' title="bbox 235 1165 1192 1215; baseline 0.001 -13"><span class='ocrx_word' id='word_1_112' title='bbox 235 1176 371 1202; x_wconf 85' lang='lat' dir='ltr'>corum</span> <span class='ocrx_word' id='word_1_113' title='bbox 388 1168 518 1202; x_wconf 85' lang='lat' dir='ltr'>sectae</span> <span class='ocrx_word' id='word_1_114' title='bbox 540 1177 610 1213; x_wconf 89' lang='lat' dir='ltr'>per</span> <span class='ocrx_word' id='word_1_115' title='bbox 632 1165 763 1213; x_wconf 88' lang='lat' dir='ltr'>plures</span> <span class='ocrx_word' id='word_1_116' title='bbox 784 1165 1007 1203; x_wconf 83' lang='lat' dir='ltr'>Occidentis</span> <span class='ocrx_word' id='word_1_117' title='bbox 1027 1167 1192 1215; x_wconf 85' lang='lat' dir='ltr'>provin-</span> 
     </span>
     <span class='ocr_line' id='line_1_21' title="bbox 235 1218 1193 1267; baseline 0.002 -13"><span class='ocrx_word' id='word_1_118' title='bbox 235 1218 314 1255; x_wconf 87' lang='lat' dir='ltr'>cias</span> <span class='ocrx_word' id='word_1_119' title='bbox 331 1218 661 1267; x_wconf 75' lang='lat' dir='ltr'>propagabantur.</span> <span class='ocrx_word' id='word_1_120' title='bbox 682 1219 749 1255; x_wconf 91' lang='lat' dir='ltr'>Isti</span> <span class='ocrx_word' id='word_1_121' title='bbox 769 1219 940 1264; x_wconf 86' lang='lat' dir='ltr'>sectarii,</span> <span class='ocrx_word' id='word_1_122' title='bbox 958 1231 1046 1256; x_wconf 87' lang='lat' dir='ltr'>cum</span> <span class='ocrx_word' id='word_1_123' title='bbox 1065 1220 1193 1267; x_wconf 87' lang='lat' dir='ltr'>quoad</span> 
     </span>
     <span class='ocr_line' id='line_1_22' title="bbox 238 1271 1192 1320; baseline 0.001 -12"><span class='ocrx_word' id='word_1_124' title='bbox 238 1272 501 1309; x_wconf 83' lang='lat' dir='ltr'>substantiam</span> <span class='ocrx_word' id='word_1_125' title='bbox 543 1271 714 1320; x_wconf 78' lang='lat' dir='ltr'>religiosi</span> <span class='ocrx_word' id='word_1_126' title='bbox 746 1273 805 1308; x_wconf 87' lang='lat' dir='ltr'>sui</span> <span class='ocrx_word' id='word_1_127' title='bbox 842 1273 1070 1320; x_wconf 61' lang='lat' dir='ltr'>systematis</span> <span class='ocrx_word' id='word_1_128' title='bbox 1105 1285 1192 1309; x_wconf 90' lang='lat' dir='ltr'>cum</span> 
     </span>
     <span class='ocr_line' id='line_1_23' title="bbox 237 1324 1194 1372; baseline 0.002 -11"><span class='ocrx_word' id='word_1_129' title='bbox 237 1324 409 1372; x_wconf 84' lang='lat' dir='ltr'>antiquis</span> <span class='ocrx_word' id='word_1_130' title='bbox 443 1324 686 1361; x_wconf 86' lang='lat' dir='ltr'>Manichaeis</span> <span class='ocrx_word' id='word_1_131' title='bbox 715 1327 984 1371; x_wconf 84' lang='lat' dir='ltr'>convenirent,</span> <span class='ocrx_word' id='word_1_132' title='bbox 1015 1338 1194 1363; x_wconf 90' lang='lat' dir='ltr'>commu-</span> 
     </span>
     <span class='ocr_line' id='line_1_24' title="bbox 238 1377 1193 1416; baseline 0.003 -3"><span class='ocrx_word' id='word_1_133' title='bbox 238 1378 340 1414; x_wconf 90' lang='lat' dir='ltr'>niter</span> <span class='ocrx_word' id='word_1_134' title='bbox 381 1377 603 1414; x_wconf 83' lang='lat' dir='ltr'>Manichaei</span> <span class='ocrx_word' id='word_1_135' title='bbox 639 1378 875 1415; x_wconf 84' lang='lat' dir='ltr'>recentiores</span> <span class='ocrx_word' id='word_1_136' title='bbox 916 1391 983 1416; x_wconf 89' lang='lat' dir='ltr'>seu</span> <span class='ocrx_word' id='word_1_137' title='bbox 1022 1379 1110 1416; x_wconf 84' lang='lat' dir='ltr'>novi</span> <span class='ocrx_word' id='word_1_138' title='bbox 1135 1380 1193 1416; x_wconf 89' lang='lat' dir='ltr'>di—</span> 
     </span>
     <span class='ocr_line' id='line_1_25' title="bbox 238 1431 1193 1479; baseline 0.003 -13"><span class='ocrx_word' id='word_1_139' title='bbox 238 1431 288 1467; x_wconf 89' lang='lat' dir='ltr'>cti</span> <span class='ocrx_word' id='word_1_140' title='bbox 311 1433 418 1469; x_wconf 88' lang='lat' dir='ltr'>sunt:</span> <span class='ocrx_word' id='word_1_141' title='bbox 438 1431 626 1479; x_wconf 82' lang='lat' dir='ltr'>originem</span> <span class='ocrx_word' id='word_1_142' title='bbox 648 1443 758 1468; x_wconf 88' lang='lat' dir='ltr'>suam</span> <span class='ocrx_word' id='word_1_143' title='bbox 791 1434 1002 1469; x_wconf 79' lang='lat' dir='ltr'>traxerunt</span> <span class='ocrx_word' id='word_1_144' title='bbox 1031 1444 1053 1468; x_wconf 85' lang='lat' dir='ltr'>a</span> <span class='ocrx_word' id='word_1_145' title='bbox 1084 1433 1193 1469; x_wconf 89' lang='lat' dir='ltr'>Pau-</span> 
     </span>
     <span class='ocr_line' id='line_1_26' title="bbox 238 1483 1192 1533; baseline 0.001 -12"><span class='ocrx_word' id='word_1_146' title='bbox 238 1483 392 1521; x_wconf 88' lang='lat' dir='ltr'>licianis</span> <span class='ocrx_word' id='word_1_147' title='bbox 412 1486 451 1520; x_wconf 92' lang='lat' dir='ltr'>et</span> <span class='ocrx_word' id='word_1_148' title='bbox 468 1483 681 1532; x_wconf 82' lang='lat' dir='ltr'>Bogomilis</span> <span class='ocrx_word' id='word_1_149' title='bbox 697 1483 725 1530; x_wconf 78' lang='lat'>⁴,</span> <span class='ocrx_word' id='word_1_150' title='bbox 742 1485 805 1533; x_wconf 91' lang='lat' dir='ltr'>qui</span> <span class='ocrx_word' id='word_1_151' title='bbox 825 1497 844 1521; x_wconf 93' lang='lat' dir='ltr'>e</span> <span class='ocrx_word' id='word_1_152' title='bbox 860 1485 1023 1522; x_wconf 81' lang='lat' dir='ltr'>Graecia</span> <span class='ocrx_word' id='word_1_153' title='bbox 1040 1488 1080 1522; x_wconf 93' lang='lat' dir='ltr'>et</span> <span class='ocrx_word' id='word_1_154' title='bbox 1094 1486 1192 1523; x_wconf 87' lang='lat' dir='ltr'>Bul-</span> 
     </span>
     <span class='ocr_line' id='line_1_27' title="bbox 238 1536 1192 1585; baseline 0.003 -13"><span class='ocrx_word' id='word_1_155' title='bbox 238 1536 348 1585; x_wconf 77' lang='lat' dir='ltr'>garia</span> <span class='ocrx_word' id='word_1_156' title='bbox 369 1537 408 1572; x_wconf 91' lang='lat' dir='ltr'>in</span> <span class='ocrx_word' id='word_1_157' title='bbox 430 1537 599 1573; x_wconf 83' lang='lat' dir='ltr'>vicinam</span> <span class='ocrx_word' id='word_1_158' title='bbox 621 1537 846 1574; x_wconf 86' lang='lat' dir='ltr'>Slavoniam</span> <span class='ocrx_word' id='word_1_159' title='bbox 869 1541 907 1574; x_wconf 89' lang='lat' dir='ltr'>et</span> <span class='ocrx_word' id='word_1_160' title='bbox 929 1538 1167 1575; x_wconf 79' lang='lat' dir='ltr'>Dalmatiam</span> <span class='ocrx_word' id='word_1_161' title='bbox 1183 1568 1192 1585; x_wconf 88' lang='lat'>,</span> 
     </span>
     <span class='ocr_line' id='line_1_28' title="bbox 238 1578 1192 1639; baseline 0.003 -14"><span class='ocrx_word' id='word_1_162' title='bbox 238 1589 406 1637; x_wconf 83' lang='lat' dir='ltr'>hincque</span> <span class='ocrx_word' id='word_1_163' title='bbox 427 1590 465 1626; x_wconf 92' lang='lat' dir='ltr'>in</span> <span class='ocrx_word' id='word_1_164' title='bbox 487 1589 641 1627; x_wconf 89' lang='lat' dir='ltr'>Italiam</span> <span class='ocrx_word' id='word_1_165' title='bbox 664 1593 702 1627; x_wconf 92' lang='lat' dir='ltr'>et</span> <span class='ocrx_word' id='word_1_166' title='bbox 718 1590 815 1627; x_wconf 87' lang='lat' dir='ltr'>alias</span> <span class='ocrx_word' id='word_1_167' title='bbox 832 1578 1009 1639; x_wconf 58' lang='lat' dir='ltr'>ffegiones</span> <span class='ocrx_word' id='word_1_168' title='bbox 1021 1592 1192 1628; x_wconf 82' lang='lat' dir='ltr'>transie-</span> 
     </span>
     <span class='ocr_line' id='line_1_29' title="bbox 239 1644 1193 1689; baseline 0.002 -10"><span class='ocrx_word' id='word_1_169' title='bbox 239 1644 344 1689; x_wconf 88' lang='lat' dir='ltr'>runt,</span> <span class='ocrx_word' id='word_1_170' title='bbox 366 1645 405 1679; x_wconf 87' lang='lat' dir='ltr'>et</span> <span class='ocrx_word' id='word_1_171' title='bbox 426 1654 579 1680; x_wconf 87' lang='lat' dir='ltr'>errores</span> <span class='ocrx_word' id='word_1_172' title='bbox 599 1655 690 1680; x_wconf 91' lang='lat' dir='ltr'>suos</span> <span class='ocrx_word' id='word_1_173' title='bbox 711 1644 1027 1681; x_wconf 83' lang='lat' dir='ltr'>disseminarunt.</span> <span class='ocrx_word' id='word_1_174' title='bbox 1051 1645 1092 1681; x_wconf 92' lang='lat' dir='ltr'>In</span> <span class='ocrx_word' id='word_1_175' title='bbox 1116 1645 1193 1681; x_wconf 89' lang='lat' dir='ltr'>Oc-</span> 
     </span>
     <span class='ocr_line' id='line_1_30' title="bbox 238 1695 1191 1744; baseline 0.002 -12"><span class='ocrx_word' id='word_1_176' title='bbox 238 1695 392 1732; x_wconf 88' lang='lat' dir='ltr'>cidente</span> <span class='ocrx_word' id='word_1_177' title='bbox 427 1696 594 1744; x_wconf 82' lang='lat' dir='ltr'>priscam</span> <span class='ocrx_word' id='word_1_178' title='bbox 631 1708 742 1733; x_wconf 85' lang='lat' dir='ltr'>suam</span> <span class='ocrx_word' id='word_1_179' title='bbox 777 1697 993 1734; x_wconf 87' lang='lat' dir='ltr'>doctrinam</span> <span class='ocrx_word' id='word_1_180' title='bbox 1016 1698 1191 1734; x_wconf 90' lang='lat' dir='ltr'>nonnihil</span> 
     </span>
     <span class='ocr_line' id='line_1_31' title="bbox 239 1750 1192 1795; baseline 0.001 -9"><span class='ocrx_word' id='word_1_181' title='bbox 239 1751 508 1786; x_wconf 86' lang='lat' dir='ltr'>mutaverunt.</span> <span class='ocrx_word' id='word_1_182' title='bbox 527 1750 788 1795; x_wconf 86' lang='lat' dir='ltr'>Asserebant,</span> <span class='ocrx_word' id='word_1_183' title='bbox 808 1750 932 1787; x_wconf 89' lang='lat' dir='ltr'>omnis</span> <span class='ocrx_word' id='word_1_184' title='bbox 953 1751 1044 1788; x_wconf 87' lang='lat' dir='ltr'>mali</span> <span class='ocrx_word' id='word_1_185' title='bbox 1066 1754 1105 1788; x_wconf 89' lang='lat' dir='ltr'>et</span> <span class='ocrx_word' id='word_1_186' title='bbox 1125 1762 1192 1787; x_wconf 85' lang='lat' dir='ltr'>rc-</span> 
     </span>
     <span class='ocr_line' id='line_1_32' title="bbox 241 1802 1193 1852; baseline 0.003 -14"><span class='ocrx_word' id='word_1_187' title='bbox 241 1813 326 1839; x_wconf 88' lang='lat' dir='ltr'>rum</span> <span class='ocrx_word' id='word_1_188' title='bbox 363 1802 573 1839; x_wconf 83' lang='lat' dir='ltr'>visibilium</span> <span class='ocrx_word' id='word_1_189' title='bbox 604 1802 833 1852; x_wconf 88' lang='lat' dir='ltr'>principium</span> <span class='ocrx_word' id='word_1_190' title='bbox 863 1815 945 1841; x_wconf 87' lang='lat' dir='ltr'>esse</span> <span class='ocrx_word' id='word_1_191' title='bbox 967 1804 1167 1841; x_wconf 86' lang='lat' dir='ltr'>diabolum</span> <span class='ocrx_word' id='word_1_192' title='bbox 1185 1834 1193 1849; x_wconf 86' lang='lat'>,</span> 
     </span>
     <span class='ocr_line' id='line_1_33' title="bbox 240 1855 1194 1906; baseline 0.004 -16"><span class='ocrx_word' id='word_1_193' title='bbox 240 1855 306 1903; x_wconf 89' lang='lat' dir='ltr'>qui</span> <span class='ocrx_word' id='word_1_194' title='bbox 322 1856 448 1903; x_wconf 83' lang='lat' dir='ltr'>primo</span> <span class='ocrx_word' id='word_1_195' title='bbox 469 1867 598 1892; x_wconf 86' lang='lat' dir='ltr'>rerum</span> <span class='ocrx_word' id='word_1_196' title='bbox 618 1856 879 1894; x_wconf 87' lang='lat' dir='ltr'>materialium</span> <span class='ocrx_word' id='word_1_197' title='bbox 894 1857 1088 1894; x_wconf 87' lang='lat' dir='ltr'>elementa</span> <span class='ocrx_word' id='word_1_198' title='bbox 1102 1869 1194 1906; x_wconf 88' lang='lat' dir='ltr'>pro-</span> 
     </span>
     <span class='ocr_line' id='line_1_34' title="bbox 241 1911 1193 1959; baseline 0.002 -14"><span class='ocrx_word' id='word_1_199' title='bbox 241 1911 472 1953; x_wconf 82' lang='lat' dir='ltr'>creaverat,</span> <span class='ocrx_word' id='word_1_200' title='bbox 506 1911 639 1956; x_wconf 86' lang='lat' dir='ltr'>postea</span> <span class='ocrx_word' id='word_1_201' title='bbox 677 1916 823 1946; x_wconf 87' lang='lat' dir='ltr'>terram</span> <span class='ocrx_word' id='word_1_202' title='bbox 859 1912 899 1946; x_wconf 89' lang='lat' dir='ltr'>et</span> <span class='ocrx_word' id='word_1_203' title='bbox 932 1911 1060 1947; x_wconf 87' lang='lat' dir='ltr'>omnia</span> <span class='ocrx_word' id='word_1_204' title='bbox 1095 1923 1193 1959; x_wconf 89' lang='lat' dir='ltr'>quae</span> 
     </span>
     <span class='ocr_line' id='line_1_35' title="bbox 241 1961 1195 2006; baseline 0.004 -9"><span class='ocrx_word' id='word_1_205' title='bbox 241 1961 437 2006; x_wconf 90' lang='lat' dir='ltr'>continet,</span> <span class='ocrx_word' id='word_1_206' title='bbox 472 1963 588 1999; x_wconf 88' lang='lat' dir='ltr'>etiam</span> <span class='ocrx_word' id='word_1_207' title='bbox 624 1963 818 2000; x_wconf 88' lang='lat' dir='ltr'>Adamum</span> <span class='ocrx_word' id='word_1_208' title='bbox 850 1966 889 2000; x_wconf 87' lang='lat' dir='ltr'>et</span> <span class='ocrx_word' id='word_1_209' title='bbox 918 1963 1042 2000; x_wconf 88' lang='lat' dir='ltr'>Evam</span> <span class='ocrx_word' id='word_1_210' title='bbox 1071 1976 1119 2001; x_wconf 84' lang='lat' dir='ltr'>ex</span> <span class='ocrx_word' id='word_1_211' title='bbox 1148 1964 1195 2001; x_wconf 91' lang='lat' dir='ltr'>iis</span> 
     </span>
     <span class='ocr_line' id='line_1_36' title="bbox 241 2014 1195 2065; baseline 0.004 -15"><span class='ocrx_word' id='word_1_212' title='bbox 241 2014 481 2052; x_wconf 88' lang='lat' dir='ltr'>condiderat.</span> <span class='ocrx_word' id='word_1_213' title='bbox 508 2015 801 2053; x_wconf 85' lang='lat' dir='ltr'>Matrimonium</span> <span class='ocrx_word' id='word_1_214' title='bbox 823 2019 863 2054; x_wconf 89' lang='lat' dir='ltr'>et</span> <span class='ocrx_word' id='word_1_215' title='bbox 885 2016 1000 2064; x_wconf 89' lang='lat' dir='ltr'>prolis</span> <span class='ocrx_word' id='word_1_216' title='bbox 1027 2029 1195 2065; x_wconf 73' lang='lat' dir='ltr'>genera-</span> 
     </span>
     <span class='ocr_line' id='line_1_37' title="bbox 241 2067 1194 2117; baseline 0.003 -13"><span class='ocrx_word' id='word_1_217' title='bbox 241 2067 387 2104; x_wconf 87' lang='lat' dir='ltr'>tionem</span> <span class='ocrx_word' id='word_1_218' title='bbox 418 2072 620 2115; x_wconf 84' lang='lat' dir='ltr'>tamquam</span> <span class='ocrx_word' id='word_1_219' title='bbox 652 2080 746 2117; x_wconf 89' lang='lat' dir='ltr'>opus</span> <span class='ocrx_word' id='word_1_220' title='bbox 772 2070 1004 2106; x_wconf 85' lang='lat' dir='ltr'>diabolicum</span> <span class='ocrx_word' id='word_1_221' title='bbox 1029 2072 1194 2107; x_wconf 90' lang='lat' dir='ltr'>damna-</span> 
     </span>
     <span class='ocr_line' id='line_1_38' title="bbox 243 2120 1197 2168; baseline 0.003 -12"><span class='ocrx_word' id='word_1_222' title='bbox 243 2120 363 2165; x_wconf 82' lang='lat' dir='ltr'>bant,</span> <span class='ocrx_word' id='word_1_223' title='bbox 393 2123 509 2168; x_wconf 85' lang='lat' dir='ltr'>atque</span> <span class='ocrx_word' id='word_1_224' title='bbox 539 2121 576 2157; x_wconf 89' lang='lat' dir='ltr'>in</span> <span class='ocrx_word' id='word_1_225' title='bbox 606 2122 815 2159; x_wconf 82' lang='lat' dir='ltr'>concubitu</span> <span class='ocrx_word' id='word_1_226' title='bbox 838 2123 977 2159; x_wconf 85' lang='lat' dir='ltr'>Adami</span> <span class='ocrx_word' id='word_1_227' title='bbox 1000 2135 1088 2159; x_wconf 88' lang='lat' dir='ltr'>cum</span> <span class='ocrx_word' id='word_1_228' title='bbox 1112 2124 1197 2160; x_wconf 83' lang='lat' dir='ltr'>Eva</span> 
     </span>
     <span class='ocr_line' id='line_1_39' title="bbox 241 2173 1194 2222; baseline 0.003 -13"><span class='ocrx_word' id='word_1_229' title='bbox 241 2173 392 2222; x_wconf 87' lang='lat' dir='ltr'>lapsum</span> <span class='ocrx_word' id='word_1_230' title='bbox 423 2173 583 2210; x_wconf 86' lang='lat' dir='ltr'>humani</span> <span class='ocrx_word' id='word_1_231' title='bbox 607 2175 761 2222; x_wconf 73' lang='lat' dir='ltr'>generis</span> <span class='ocrx_word' id='word_1_232' title='bbox 787 2175 1089 2214; x_wconf 81' lang='lat' dir='ltr'>constituebant.</span> <span class='ocrx_word' id='word_1_233' title='bbox 1113 2176 1194 2213; x_wconf 71' lang='lat' dir='ltr'>Ye-</span> 
     </span>
     <span class='ocr_line' id='line_1_40' title="bbox 241 2225 1197 2274; baseline 0.004 -12"><span class='ocrx_word' id='word_1_234' title='bbox 241 2229 305 2263; x_wconf 90' lang='lat' dir='ltr'>tus</span> <span class='ocrx_word' id='word_1_235' title='bbox 332 2225 632 2263; x_wconf 85' lang='lat' dir='ltr'>Testamentum</span> <span class='ocrx_word' id='word_1_236' title='bbox 648 2257 656 2271; x_wconf 88' lang='lat'>,</span> <span class='ocrx_word' id='word_1_237' title='bbox 688 2229 817 2265; x_wconf 90' lang='lat' dir='ltr'>carnis</span> <span class='ocrx_word' id='word_1_238' title='bbox 843 2229 1169 2266; x_wconf 82' lang='lat' dir='ltr'>resurrectionem</span> <span class='ocrx_word' id='word_1_239' title='bbox 1188 2258 1197 2274; x_wconf 81' lang='lat'>‚</span> 
     </span>
     <span class='ocr_line' id='line_1_41' title="bbox 242 2279 1197 2327; baseline 0.004 -12"><span class='ocrx_word' id='word_1_240' title='bbox 242 2279 515 2327; x_wconf 79' lang='lat' dir='ltr'>purgatorium</span> <span class='ocrx_word' id='word_1_241' title='bbox 548 2280 792 2318; x_wconf 74' lang='lat' dir='ltr'>rejiciebant.</span> <span class='ocrx_word' id='word_1_242' title='bbox 815 2282 980 2318; x_wconf 86' lang='lat' dir='ltr'>Reiecta</span> <span class='ocrx_word' id='word_1_243' title='bbox 1001 2282 1197 2319; x_wconf 82' lang='lat' dir='ltr'>Trinitate</span> 
     </span>
     <span class='ocr_line' id='line_1_42' title="bbox 242 2331 1196 2377; baseline 0.005 -10"><span class='ocrx_word' id='word_1_244' title='bbox 242 2331 390 2377; x_wconf 89' lang='lat' dir='ltr'>divina,</span> <span class='ocrx_word' id='word_1_245' title='bbox 419 2332 571 2369; x_wconf 88' lang='lat' dir='ltr'>Christo</span> <span class='ocrx_word' id='word_1_246' title='bbox 593 2337 774 2370; x_wconf 78' lang='lat' dir='ltr'>naturam</span> <span class='ocrx_word' id='word_1_247' title='bbox 798 2334 970 2371; x_wconf 89' lang='lat' dir='ltr'>divinam</span> <span class='ocrx_word' id='word_1_248' title='bbox 993 2338 1031 2372; x_wconf 88' lang='lat' dir='ltr'>et</span> <span class='ocrx_word' id='word_1_249' title='bbox 1052 2335 1196 2372; x_wconf 86' lang='lat' dir='ltr'>realem</span> 
     </span>
     <span class='ocr_line' id='line_1_43' title="bbox 244 2384 1199 2435; baseline 0.004 -14"><span class='ocrx_word' id='word_1_250' title='bbox 244 2384 375 2421; x_wconf 90' lang='lat' dir='ltr'>carnis</span> <span class='ocrx_word' id='word_1_251' title='bbox 415 2387 722 2434; x_wconf 85' lang='lat' dir='ltr'>assumptionem</span> <span class='ocrx_word' id='word_1_252' title='bbox 757 2387 1013 2435; x_wconf 75' lang='lat' dir='ltr'>denegabant.</span> <span class='ocrx_word' id='word_1_253' title='bbox 1050 2389 1199 2425; x_wconf 80' lang='lat' dir='ltr'>Verum</span> 
     </span>
     <span class='ocr_line' id='line_1_44' title="bbox 244 2437 1198 2487; baseline 0.001 -11"><span class='ocrx_word' id='word_1_254' title='bbox 244 2437 507 2476; x_wconf 84' lang='lat' dir='ltr'>sacerdotium</span> <span class='ocrx_word' id='word_1_255' title='bbox 529 2440 630 2487; x_wconf 88' lang='lat' dir='ltr'>apud</span> <span class='ocrx_word' id='word_1_256' title='bbox 653 2439 875 2476; x_wconf 80' lang='lat' dir='ltr'>Catholicos</span> <span class='ocrx_word' id='word_1_257' title='bbox 896 2440 1082 2478; x_wconf 84' lang='lat' dir='ltr'>defecisse</span> <span class='ocrx_word' id='word_1_258' title='bbox 1103 2453 1198 2477; x_wconf 88' lang='lat' dir='ltr'>con-</span> 
     </span>
     <span class='ocr_line' id='line_1_45' title="bbox 245 2490 1199 2542; baseline 0.003 -15"><span class='ocrx_word' id='word_1_259' title='bbox 245 2490 459 2528; x_wconf 86' lang='lat' dir='ltr'>tendebant</span> <span class='ocrx_word' id='word_1_260' title='bbox 501 2502 568 2539; x_wconf 91' lang='lat' dir='ltr'>per</span> <span class='ocrx_word' id='word_1_261' title='bbox 598 2492 832 2528; x_wconf 86' lang='lat' dir='ltr'>Pontificum</span> <span class='ocrx_word' id='word_1_262' title='bbox 863 2498 902 2529; x_wconf 89' lang='lat' dir='ltr'>et</span> <span class='ocrx_word' id='word_1_263' title='bbox 931 2493 1199 2542; x_wconf 86' lang='lat' dir='ltr'>episcoporum</span> 
     </span>
     <span class='ocr_line' id='line_1_46' title="bbox 245 2544 1200 2592; baseline 0.003 -12"><span class='ocrx_word' id='word_1_264' title='bbox 245 2544 484 2592; x_wconf 87' lang='lat' dir='ltr'>superbiam,</span> <span class='ocrx_word' id='word_1_265' title='bbox 501 2545 698 2582; x_wconf 85' lang='lat' dir='ltr'>luxuriam</span> <span class='ocrx_word' id='word_1_266' title='bbox 722 2547 759 2582; x_wconf 91' lang='lat' dir='ltr'>et</span> <span class='ocrx_word' id='word_1_267' title='bbox 778 2546 1000 2582; x_wconf 87' lang='lat' dir='ltr'>dominandi</span> <span class='ocrx_word' id='word_1_268' title='bbox 1015 2548 1200 2584; x_wconf 80' lang='lat' dir='ltr'>studium.</span> 
     </span>
     <span class='ocr_line' id='line_1_47' title="bbox 245 2594 1199 2645; baseline 0 -9"><span class='ocrx_word' id='word_1_269' title='bbox 245 2594 537 2636; x_wconf 86' lang='lat' dir='ltr'>Catholicorum</span> <span class='ocrx_word' id='word_1_270' title='bbox 574 2598 856 2644; x_wconf 85' lang='lat' dir='ltr'>Sacramenta,</span> <span class='ocrx_word' id='word_1_271' title='bbox 889 2599 1015 2645; x_wconf 84' lang='lat' dir='ltr'>ritus,</span> <span class='ocrx_word' id='word_1_272' title='bbox 1046 2600 1199 2637; x_wconf 87' lang='lat' dir='ltr'>hierar-</span> 
     </span>
    </p>
   </div>
   <div class='ocr_carea' id='block_1_3' title="bbox 248 2702 1203 2865">
    <p class='ocr_par' dir='ltr' id='par_1_5' title="bbox 248 2702 1203 2865">
     <span class='ocr_line' id='line_1_48' title="bbox 288 2702 1201 2734; baseline 0 -1"><span class='ocrx_word' id='word_1_273' title='bbox 288 2704 297 2724; x_wconf 84' lang='lat'>¹</span> <span class='ocrx_word' id='word_1_274' title='bbox 317 2704 545 2733; x_wconf 72' lang='lat' dir='ltr'>Monumentum</span> <span class='ocrx_word' id='word_1_275' title='bbox 558 2702 676 2732; x_wconf 79' lang='lat' dir='ltr'>defensi</span> <span class='ocrx_word' id='word_1_276' title='bbox 691 2703 730 2733; x_wconf 80' lang='lat' dir='ltr'>ab</span> <span class='ocrx_word' id='word_1_277' title='bbox 745 2703 867 2733; x_wconf 78' lang='lat' dir='ltr'>Venetis</span> <span class='ocrx_word' id='word_1_278' title='bbox 881 2702 1046 2733; x_wconf 74' lang='lat' dir='ltr'>Alexandri</span> <span class='ocrx_word' id='word_1_279' title='bbox 1064 2704 1104 2734; x_wconf 89' lang='lat'>111</span> <span class='ocrx_word' id='word_1_280' title='bbox 1120 2708 1201 2734; x_wconf 80' lang='lat' dir='ltr'>extat</span> 
     </span>
     <span class='ocr_line' id='line_1_49' title="bbox 251 2744 1203 2782; baseline 0 -8"><span class='ocrx_word' id='word_1_281' title='bbox 251 2745 364 2774; x_wconf 70' lang='lat' dir='ltr'>nomae</span> <span class='ocrx_word' id='word_1_282' title='bbox 379 2746 405 2775; x_wconf 89' lang='lat' dir='ltr'>in</span> <span class='ocrx_word' id='word_1_283' title='bbox 423 2745 569 2774; x_wconf 76' lang='lat' dir='ltr'>Vaticano</span> <span class='ocrx_word' id='word_1_284' title='bbox 587 2745 717 2782; x_wconf 81' lang='lat' dir='ltr'>positum</span> <span class='ocrx_word' id='word_1_285' title='bbox 735 2753 752 2773; x_wconf 82' lang='lat' dir='ltr'>a</span> <span class='ocrx_word' id='word_1_286' title='bbox 765 2744 1203 2775; x_wconf 68' lang='lat' dir='ltr'>Pio1V.—Tt·snmoniiscm·-</span> 
     </span>
     <span class='ocr_line' id='line_1_50' title="bbox 248 2785 1200 2822; baseline 0.002 -8"><span class='ocrx_word' id='word_1_287' title='bbox 248 2786 374 2815; x_wconf 77' lang='lat' dir='ltr'>tissimis</span> <span class='ocrx_word' id='word_1_288' title='bbox 397 2789 424 2815; x_wconf 85' lang='lat' dir='ltr'>et</span> <span class='ocrx_word' id='word_1_289' title='bbox 451 2785 616 2815; x_wconf 71' lang='lat' dir='ltr'>Alexandri</span> <span class='ocrx_word' id='word_1_290' title='bbox 648 2786 682 2815; x_wconf 84' lang='grc' dir='ltr'>ΙΙΙ</span> <span class='ocrx_word' id='word_1_291' title='bbox 704 2786 931 2815; x_wconf 76' lang='lat' dir='ltr'>mansuetudini</span> <span class='ocrx_word' id='word_1_292' title='bbox 962 2786 1200 2822; x_wconf 65' lang='lat' dir='ltr'>contradicunt,</span> 
     </span>
     <span class='ocr_line' id='line_1_51' title="bbox 248 2826 1202 2865; baseline 0.001 -10"><span class='ocrx_word' id='word_1_293' title='bbox 248 2826 298 2865; x_wconf 88' lang='lat' dir='ltr'>qui</span> <span class='ocrx_word' id='word_1_294' title='bbox 323 2828 407 2856; x_wconf 84' lang='lat' dir='ltr'>:iiunt</span> <span class='ocrx_word' id='word_1_295' title='bbox 426 2851 433 2864; x_wconf 93' lang='lat'>,</span> <span class='ocrx_word' id='word_1_296' title='bbox 458 2828 538 2857; x_wconf 84' lang='lat' dir='ltr'>hunc</span> <span class='ocrx_word' id='word_1_297' title='bbox 563 2826 740 2856; x_wconf 76' lang='lat' dir='ltr'>l’ontiticcm</span> <span class='ocrx_word' id='word_1_298' title='bbox 765 2827 841 2865; x_wconf 77' lang='lat' dir='ltr'>pede</span> <span class='ocrx_word' id='word_1_299' title='bbox 865 2828 1019 2865; x_wconf 75' lang='lat' dir='ltr'>pressisse</span> <span class='ocrx_word' id='word_1_300' title='bbox 1039 2831 1131 2865; x_wconf 78' lang='lat' dir='ltr'>caput</span> <span class='ocrx_word' id='word_1_301' title='bbox 1150 2828 1202 2856; x_wconf 90' lang='lat' dir='ltr'>im-</span> 
     </span>
    </p>
   </div>
   <div class='ocr_carea' id='block_1_4' title="bbox 248 2866 1224 2907">
    <p class='ocr_par' dir='ltr' id='par_1_6' title="bbox 248 2866 1224 2907">
     <span class='ocr_line' id='line_1_52' title="bbox 248 2866 1224 2907; baseline 0.002 -12"><span class='ocrx_word' id='word_1_302' title='bbox 248 2869 420 2906; x_wconf 79' lang='lat' dir='ltr'>peratoris,</span> <span class='ocrx_word' id='word_1_303' title='bbox 438 2869 526 2907; x_wconf 71' lang='lat' dir='ltr'>eique</span> <span class='ocrx_word' id='word_1_304' title='bbox 545 2868 710 2898; x_wconf 68' lang='lat' dir='ltr'>insultasse</span> <span class='ocrx_word' id='word_1_305' title='bbox 729 2868 776 2897; x_wconf 87' lang='lat' dir='ltr'>his</span> <span class='ocrx_word' id='word_1_306' title='bbox 793 2868 972 2898; x_wconf 74' lang='lat' dir='ltr'>Psalmistnc</span> <span class='ocrx_word' id='word_1_307' title='bbox 997 2868 1114 2897; x_wconf 70' lang='lat' dir='ltr'>verbis:</span> <span class='ocrx_word' id='word_1_308' title='bbox 1140 2867 1201 2898; x_wconf 72' lang='lat' dir='ltr'>Su-</span> <span class='ocrx_word' id='word_1_309' title='bbox 1222 2866 1224 2885; x_wconf 61' lang='lat' dir='ltr'>l</span> 
     </span>
    </p>
   </div>
   <div class='ocr_carea' id='block_1_5' title="bbox 247 2908 1201 2947">
    <p class='ocr_par' dir='ltr' id='par_1_7' title="bbox 247 2908 1201 2947">
     <span class='ocr_line' id='line_1_53' title="bbox 247 2908 1201 2947; baseline 0.001 -10"><span class='ocrx_word' id='word_1_310' title='bbox 247 2917 305 2947; x_wconf 73' lang='lat' dir='ltr'>per</span> <span class='ocrx_word' id='word_1_311' title='bbox 329 2909 476 2947; x_wconf 65' lang='lat' dir='ltr'>aspidem</span> <span class='ocrx_word' id='word_1_312' title='bbox 492 2911 522 2939; x_wconf 76' lang='lat' dir='ltr'>el</span> <span class='ocrx_word' id='word_1_313' title='bbox 538 2908 721 2939; x_wconf 72' lang='lat' dir='ltr'>lmszliscum</span> <span class='ocrx_word' id='word_1_314' title='bbox 740 2908 935 2944; x_wconf 66' lang='lat' dir='ltr'>aiiibululns,</span> <span class='ocrx_word' id='word_1_315' title='bbox 953 2911 983 2939; x_wconf 83' lang='lat' dir='ltr'>el</span> <span class='ocrx_word' id='word_1_316' title='bbox 999 2908 1201 2939; x_wconf 68' lang='lat' dir='ltr'>conculcabis</span> 
     </span>
    </p>
   </div>
   <div class='ocr_carea' id='block_1_6' title="bbox 249 2949 1224 2988">
    <p class='ocr_par' dir='ltr' id='par_1_8' title="bbox 249 2949 1224 2988">
     <span class='ocr_line' id='line_1_54' title="bbox 249 2949 1224 2988; baseline 0.002 -10"><span class='ocrx_word' id='word_1_317' title='bbox 249 2950 371 2979; x_wconf 73' lang='lat' dir='ltr'>lennem</span> <span class='ocrx_word' id='word_1_318' title='bbox 387 2952 416 2979; x_wconf 75' lang='lat' dir='ltr'>e!</span> <span class='ocrx_word' id='word_1_319' title='bbox 432 2949 621 2988; x_wconf 61' lang='lat' dir='ltr'>Ammonem.</span> <span class='ocrx_word' id='word_1_320' title='bbox 641 2950 676 2980; x_wconf 74' lang='lat' dir='ltr'>(lt</span> <span class='ocrx_word' id='word_1_321' title='bbox 692 2951 804 2980; x_wconf 65' lang='lat' dir='ltr'>liaron.</span> <span class='ocrx_word' id='word_1_322' title='bbox 823 2951 860 2979; x_wconf 76' lang='lat' dir='ltr'>ad</span> <span class='ocrx_word' id='word_1_323' title='bbox 878 2959 926 2980; x_wconf 82' lang='lat' dir='ltr'>an.</span> <span class='ocrx_word' id='word_1_324' title='bbox 949 2949 1022 2979; x_wconf 81' lang='grc'>1177</span> <span class='ocrx_word' id='word_1_325' title='bbox 1036 2973 1043 2983; x_wconf 86' lang='grc'>,</span> <span class='ocrx_word' id='word_1_326' title='bbox 1061 2950 1075 2988; x_wconf 68' lang='grc' dir='ltr'><em>Ξ</em></span> <span class='ocrx_word' id='word_1_327' title='bbox 1094 2949 1202 2980; x_wconf 61' lang='lat' dir='ltr'>*lt-fitz.</span> <span class='ocrx_word' id='word_1_328' title='bbox 1222 2972 1224 2984; x_wconf 80' lang='lat'>‚</span> 
     </span>
    </p>
   </div>
   <div class='ocr_carea' id='block_1_7' title="bbox 290 2971 2200 3030">
    <p class='ocr_par' dir='ltr' id='par_1_9' title="bbox 290 2971 2200 3030">
     <span class='ocr_line' id='line_1_55' title="bbox 290 2971 2200 3030; baseline -0.001 -10"><span class='ocrx_word' id='word_1_329' title='bbox 290 2989 305 3010; x_wconf 77' lang='lat'>2</span> <span class='ocrx_word' id='word_1_330' title='bbox 328 2992 485 3027; x_wconf 74' lang='lat' dir='ltr'>Muratori,</span> <span class='ocrx_word' id='word_1_331' title='bbox 510 2991 664 3030; x_wconf 65' lang='lat' dir='ltr'>Antiqua.</span> <span class='ocrx_word' id='word_1_332' title='bbox 682 2990 750 3021; x_wconf 78' lang='lat' dir='ltr'>Ital.</span> <span class='ocrx_word' id='word_1_333' title='bbox 770 2990 868 3021; x_wconf 71' lang='lat' dir='ltr'>mmm</span> <span class='ocrx_word' id='word_1_334' title='bbox 884 2990 965 3026; x_wconf 70' lang='lat' dir='ltr'>aevi,</span> <span class='ocrx_word' id='word_1_335' title='bbox 984 2994 1001 3021; x_wconf 88' lang='lat' dir='ltr'>t.</span> <span class='ocrx_word' id='word_1_336' title='bbox 1021 2992 1073 3027; x_wconf 80' lang='lat' dir='ltr'>1v3</span> <span class='ocrx_word' id='word_1_337' title='bbox 1092 2991 1200 3021; x_wconf 64' lang='lat' dir='ltr'>Ilaron,</span> <span class='ocrx_word' id='word_1_338' title='bbox 1222 2990 1224 3024; x_wconf 63' lang='grc' dir='ltr'><em>ζ</em></span> <span class='ocrx_word' id='word_1_339' title='bbox 1245 2971 1443 3017; x_wconf 60' lang='lat' dir='ltr'>g¹¹035¹lffl3</span> <span class='ocrx_word' id='word_1_340' title='bbox 1463 2974 1764 3018; x_wconf 73' lang='lat' dir='ltr'>eonsentientes,</span> <span class='ocrx_word' id='word_1_341' title='bbox 1786 2972 1949 3009; x_wconf 58' lang='lat' dir='ltr'>Petfum</span> <span class='ocrx_word' id='word_1_342' title='bbox 1973 2985 1996 3010; x_wconf 72' lang='lat' dir='ltr'>a</span> <span class='ocrx_word' id='word_1_343' title='bbox 2017 2985 2046 3010; x_wconf 84' lang='lat' dir='ltr'>S·</span> <span class='ocrx_word' id='word_1_344' title='bbox 2069 2973 2200 3021; x_wconf 53' lang='lat' dir='ltr'>Chry·</span> 
     </span>
    </p>
   </div>
   <div class='ocr_carea' id='block_1_8' title="bbox 250 3031 1202 3235">
    <p class='ocr_par' dir='ltr' id='par_1_10' title="bbox 250 3031 1202 3153">
     <span class='ocr_line' id='line_1_56' title="bbox 251 3031 1202 3071; baseline 0.003 -12"><span class='ocrx_word' id='word_1_345' title='bbox 251 3032 288 3061; x_wconf 81' lang='lat' dir='ltr'>ad</span> <span class='ocrx_word' id='word_1_346' title='bbox 306 3041 353 3061; x_wconf 80' lang='lat' dir='ltr'>un.</span> <span class='ocrx_word' id='word_1_347' title='bbox 376 3032 646 3067; x_wconf 68' lang='lat' dir='ltr'>1175-77u.:n›t›e,</span> <span class='ocrx_word' id='word_1_348' title='bbox 667 3031 1202 3071; x_wconf 62' lang='lat' dir='ltr'>&amp;weiti.x,p.1t⁸1).-Atex:tn-</span> 
     </span>
     <span class='ocr_line' id='line_1_57' title="bbox 250 3073 1201 3113; baseline 0.005 -14"><span class='ocrx_word' id='word_1_349' title='bbox 250 3073 305 3101; x_wconf 66' lang='lat' dir='ltr'>der</span> <span class='ocrx_word' id='word_1_350' title='bbox 322 3074 372 3111; x_wconf 80' lang='lat' dir='ltr'>t&#39;p.</span> <span class='ocrx_word' id='word_1_351' title='bbox 392 3073 428 3103; x_wconf 87' lang='lat' dir='ltr'>tlt</span> <span class='ocrx_word' id='word_1_352' title='bbox 446 3074 573 3103; x_wconf 83' lang='lat' dir='ltr'>contulit</span> <span class='ocrx_word' id='word_1_353' title='bbox 591 3074 750 3112; x_wconf 71' lang='lat' dir='ltr'>Alpheus«)</span> <span class='ocrx_word' id='word_1_354' title='bbox 776 3075 848 3104; x_wconf 75' lang='lat' dir='ltr'>Duri</span> <span class='ocrx_word' id='word_1_355' title='bbox 877 3075 1090 3104; x_wconf 74' lang='lat' dir='ltr'>Lusitanorum</span> <span class='ocrx_word' id='word_1_356' title='bbox 1110 3074 1201 3113; x_wconf 71' lang='lat' dir='ltr'>Regis</span> 
     </span>
     <span class='ocr_line' id='line_1_58' title="bbox 251 3113 1091 3153; baseline 0.004 -11"><span class='ocrx_word' id='word_1_357' title='bbox 251 3113 378 3149; x_wconf 84' lang='lat' dir='ltr'>titulum,</span> <span class='ocrx_word' id='word_1_358' title='bbox 396 3115 434 3143; x_wconf 73' lang='lat' dir='ltr'>nt»</span> <span class='ocrx_word' id='word_1_359' title='bbox 451 3119 538 3153; x_wconf 68' lang='lat' dir='ltr'>gesta</span> <span class='ocrx_word' id='word_1_360' title='bbox 557 3113 720 3152; x_wconf 70' lang='lat' dir='ltr'>praeclara</span> <span class='ocrx_word' id='word_1_361' title='bbox 739 3115 890 3145; x_wconf 75' lang='lat' dir='ltr'>adversus</span> <span class='ocrx_word' id='word_1_362' title='bbox 907 3116 1091 3146; x_wconf 73' lang='lat' dir='ltr'>Saracenos·</span> 
     </span>
    </p>

    <p class='ocr_par' dir='ltr' id='par_1_11' title="bbox 293 3154 849 3193">
     <span class='ocr_line' id='line_1_59' title="bbox 293 3154 849 3193; baseline 0.004 -9"><span class='ocrx_word' id='word_1_363' title='bbox 293 3154 307 3175; x_wconf 73' lang='lat'>³³</span> <span class='ocrx_word' id='word_1_364' title='bbox 324 3155 473 3184; x_wconf 58' lang='lat' dir='ltr'>baronius</span> <span class='ocrx_word' id='word_1_365' title='bbox 491 3159 519 3185; x_wconf 83' lang='lat' dir='ltr'>ct</span> <span class='ocrx_word' id='word_1_366' title='bbox 537 3157 621 3193; x_wconf 65' lang='lat' dir='ltr'>Pagi,</span> <span class='ocrx_word' id='word_1_367' title='bbox 639 3156 676 3185; x_wconf 78' lang='lat' dir='ltr'>:id</span> <span class='ocrx_word' id='word_1_368' title='bbox 695 3165 742 3185; x_wconf 76' lang='lat' dir='ltr'>an.</span> <span class='ocrx_word' id='word_1_369' title='bbox 767 3155 849 3186; x_wconf 38' lang='lat'>1178.</span> 
     </span>
    </p>

    <p class='ocr_par' dir='ltr' id='par_1_12' title="bbox 293 3195 743 3235">
     <span class='ocr_line' id='line_1_60' title="bbox 293 3195 743 3235; baseline 0.004 -11"><span class='ocrx_word' id='word_1_370' title='bbox 293 3195 304 3215; x_wconf 84' lang='lat'><strong>⁴</strong></span> <span class='ocrx_word' id='word_1_371' title='bbox 325 3195 386 3224; x_wconf 60' lang='lat' dir='ltr'>tiit</span> <span class='ocrx_word' id='word_1_372' title='bbox 406 3205 432 3234; x_wconf 84' lang='lat' dir='ltr'>p.</span> <span class='ocrx_word' id='word_1_373' title='bbox 451 3197 534 3226; x_wconf 62' lang='lat'>2601</span> <span class='ocrx_word' id='word_1_374' title='bbox 550 3200 568 3227; x_wconf 82' lang='lat' dir='ltr'>t.</span> <span class='ocrx_word' id='word_1_375' title='bbox 588 3196 608 3230; x_wconf 82' lang='grc' dir='ltr'>Ι,</span> <span class='ocrx_word' id='word_1_376' title='bbox 627 3206 655 3235; x_wconf 85' lang='lat' dir='ltr'>p.</span> <span class='ocrx_word' id='word_1_377' title='bbox 681 3196 743 3226; x_wconf 67' lang='lat'>178.</span> 
     </span>
    </p>
   </div>
   <div class='ocr_carea' id='block_1_9' title="bbox 1215 1360 1226 3233">
    <p class='ocr_par' dir='ltr' id='par_1_13' title="bbox 1215 1360 1226 3233">
     <span class='ocr_line' id='line_1_61' title="bbox 1215 1360 1226 3233; baseline 0 0"><span class='ocrx_word' id='word_1_378' title='bbox 1215 1360 1226 3233; x_wconf 95' lang='lat' dir='ltr'> </span> 
     </span>
    </p>
   </div>
   <div class='ocr_carea' id='block_1_10' title="bbox 725 142 1694 178">
    <p class='ocr_par' dir='ltr' id='par_1_14' title="bbox 725 142 1694 178">
     <span class='ocr_line' id='line_1_62' title="bbox 725 142 1694 178; baseline 0 0"><span class='ocrx_word' id='word_1_379' title='bbox 725 150 884 178; x_wconf 87' lang='lat' dir='ltr'>EPOCHA</span> <span class='ocrx_word' id='word_1_380' title='bbox 905 151 975 176; x_wconf 78' lang='lat' dir='ltr'>vn.</span> <span class='ocrx_word' id='word_1_381' title='bbox 998 152 1025 177; x_wconf 82' lang='lat' dir='ltr'>A</span> <span class='ocrx_word' id='word_1_382' title='bbox 1054 146 1321 176; x_wconf 77' lang='lat' dir='ltr'>PONTIFICATV</span> <span class='ocrx_word' id='word_1_383' title='bbox 1350 150 1381 176; x_wconf 85' lang='lat' dir='ltr'>S.</span> <span class='ocrx_word' id='word_1_384' title='bbox 1402 148 1598 177; x_wconf 83' lang='lat' dir='ltr'>GREGORII</span> <span class='ocrx_word' id='word_1_385' title='bbox 1625 142 1694 178; x_wconf 71' lang='lat' dir='ltr'>Vll.</span> 
     </span>
    </p>
   </div>
   <div class='ocr_carea' id='block_1_11' title="bbox 1236 212 2203 2969">
    <p class='ocr_par' dir='ltr' id='par_1_15' title="bbox 1236 212 2203 1904">
     <span class='ocr_line' id='line_1_63' title="bbox 1240 212 2194 261; baseline 0.005 -13"><span class='ocrx_word' id='word_1_386' title='bbox 1240 213 1382 258; x_wconf 84' lang='lat' dir='ltr'>chiam,</span> <span class='ocrx_word' id='word_1_387' title='bbox 1394 212 1574 250; x_wconf 84' lang='lat' dir='ltr'>instituta</span> <span class='ocrx_word' id='word_1_388' title='bbox 1594 213 1842 261; x_wconf 85' lang='lat' dir='ltr'>respuebant.</span> <span class='ocrx_word' id='word_1_389' title='bbox 1852 214 2194 254; x_wconf 86' lang='lat' dir='ltr'>Sacramentorum</span> 
     </span>
     <span class='ocr_line' id='line_1_64' title="bbox 1239 265 2195 318; baseline 0.005 -17"><span class='ocrx_word' id='word_1_390' title='bbox 1239 265 1322 302; x_wconf 91' lang='lat' dir='ltr'>loco</span> <span class='ocrx_word' id='word_1_391' title='bbox 1351 265 1566 302; x_wconf 86' lang='lat' dir='ltr'>utebantur</span> <span class='ocrx_word' id='word_1_392' title='bbox 1594 270 1762 314; x_wconf 88' lang='lat' dir='ltr'>quatuor</span> <span class='ocrx_word' id='word_1_393' title='bbox 1790 266 1945 313; x_wconf 87' lang='lat' dir='ltr'>ritibus,</span> <span class='ocrx_word' id='word_1_394' title='bbox 1974 279 2043 316; x_wconf 92' lang='lat' dir='ltr'>pro</span> <span class='ocrx_word' id='word_1_395' title='bbox 2063 269 2195 318; x_wconf 88' lang='lat' dir='ltr'>bapti-</span> 
     </span>
     <span class='ocr_line' id='line_1_65' title="bbox 1238 318 2194 366; baseline 0.005 -12"><span class='ocrx_word' id='word_1_396' title='bbox 1238 329 1321 355; x_wconf 90' lang='lat' dir='ltr'>smo</span> <span class='ocrx_word' id='word_1_397' title='bbox 1342 318 1631 366; x_wconf 88' lang='lat' dir='ltr'>impositionem</span> <span class='ocrx_word' id='word_1_398' title='bbox 1654 331 1842 356; x_wconf 90' lang='lat' dir='ltr'>manuum</span> <span class='ocrx_word' id='word_1_399' title='bbox 1859 332 1946 357; x_wconf 90' lang='lat' dir='ltr'>cum</span> <span class='ocrx_word' id='word_1_400' title='bbox 1965 321 2194 359; x_wconf 86' lang='lat' dir='ltr'>recitatione</span> 
     </span>
     <span class='ocr_line' id='line_1_66' title="bbox 1238 370 2196 422; baseline 0.005 -15"><span class='ocrx_word' id='word_1_401' title='bbox 1238 370 1426 408; x_wconf 89' lang='lat' dir='ltr'>orationis</span> <span class='ocrx_word' id='word_1_402' title='bbox 1447 371 1675 408; x_wconf 88' lang='lat' dir='ltr'>Dominicae</span> <span class='ocrx_word' id='word_1_403' title='bbox 1697 371 1936 420; x_wconf 85' lang='lat' dir='ltr'>adhibentes;</span> <span class='ocrx_word' id='word_1_404' title='bbox 1955 385 2025 422; x_wconf 90' lang='lat' dir='ltr'>pro</span> <span class='ocrx_word' id='word_1_405' title='bbox 2041 374 2196 412; x_wconf 87' lang='lat' dir='ltr'>Eucha-</span> 
     </span>
     <span class='ocr_line' id='line_1_67' title="bbox 1240 424 2195 475; baseline 0.005 -15"><span class='ocrx_word' id='word_1_406' title='bbox 1240 424 1352 460; x_wconf 89' lang='lat' dir='ltr'>ristia</span> <span class='ocrx_word' id='word_1_407' title='bbox 1392 424 1570 472; x_wconf 88' lang='lat' dir='ltr'>quotidie</span> <span class='ocrx_word' id='word_1_408' title='bbox 1604 424 1643 461; x_wconf 92' lang='lat' dir='ltr'>in</span> <span class='ocrx_word' id='word_1_409' title='bbox 1681 428 1868 462; x_wconf 88' lang='lat' dir='ltr'>consueta</span> <span class='ocrx_word' id='word_1_410' title='bbox 1900 438 2023 464; x_wconf 89' lang='lat' dir='ltr'>coena</span> <span class='ocrx_word' id='word_1_411' title='bbox 2056 438 2195 475; x_wconf 87' lang='lat' dir='ltr'>panem</span> 
     </span>
     <span class='ocr_line' id='line_1_68' title="bbox 1241 477 2198 518; baseline 0.006 -6"><span class='ocrx_word' id='word_1_412' title='bbox 1241 487 1492 513; x_wconf 90' lang='lat' dir='ltr'>communem</span> <span class='ocrx_word' id='word_1_413' title='bbox 1532 477 1763 514; x_wconf 87' lang='lat' dir='ltr'>recitatione</span> <span class='ocrx_word' id='word_1_414' title='bbox 1803 478 1975 516; x_wconf 89' lang='lat' dir='ltr'>eiusdem</span> <span class='ocrx_word' id='word_1_415' title='bbox 2009 480 2198 518; x_wconf 85' lang='lat' dir='ltr'>orationis</span> 
     </span>
     <span class='ocr_line' id='line_1_69' title="bbox 1241 530 2196 578; baseline 0.005 -12"><span class='ocrx_word' id='word_1_416' title='bbox 1241 532 1541 576; x_wconf 81' lang='lat' dir='ltr'>consecrantes3</span> <span class='ocrx_word' id='word_1_417' title='bbox 1572 541 1640 577; x_wconf 89' lang='lat' dir='ltr'>pro</span> <span class='ocrx_word' id='word_1_418' title='bbox 1664 530 1906 578; x_wconf 88' lang='lat' dir='ltr'>poenitentia</span> <span class='ocrx_word' id='word_1_419' title='bbox 1924 532 2196 571; x_wconf 82' lang='lat' dir='ltr'>brevissimam</span> 
     </span>
     <span class='ocr_line' id='line_1_70' title="bbox 1241 583 2196 634; baseline 0.005 -16"><span class='ocrx_word' id='word_1_420' title='bbox 1241 583 1451 630; x_wconf 87' lang='lat' dir='ltr'>quamdam</span> <span class='ocrx_word' id='word_1_421' title='bbox 1486 585 1737 632; x_wconf 87' lang='lat' dir='ltr'>peccatorum</span> <span class='ocrx_word' id='word_1_422' title='bbox 1773 583 2053 622; x_wconf 86' lang='lat' dir='ltr'>confessionem</span> <span class='ocrx_word' id='word_1_423' title='bbox 2085 597 2196 634; x_wconf 88' lang='lat' dir='ltr'>gene·</span> 
     </span>
     <span class='ocr_line' id='line_1_71' title="bbox 1238 635 2197 684; baseline 0.002 -11"><span class='ocrx_word' id='word_1_424' title='bbox 1238 635 1363 673; x_wconf 88' lang='lat' dir='ltr'>ralem</span> <span class='ocrx_word' id='word_1_425' title='bbox 1386 636 1590 682; x_wconf 81' lang='lat' dir='ltr'>facientes3</span> <span class='ocrx_word' id='word_1_426' title='bbox 1613 647 1682 684; x_wconf 88' lang='lat' dir='ltr'>pro</span> <span class='ocrx_word' id='word_1_427' title='bbox 1702 636 1946 674; x_wconf 86' lang='lat' dir='ltr'>ordinatione</span> <span class='ocrx_word' id='word_1_428' title='bbox 1966 637 2197 676; x_wconf 87' lang='lat' dir='ltr'>clericorum</span> 
     </span>
     <span class='ocr_line' id='line_1_72' title="bbox 1243 689 2198 729; baseline 0.003 -3"><span class='ocrx_word' id='word_1_429' title='bbox 1243 700 1402 726; x_wconf 88' lang='lat' dir='ltr'>suorum</span> <span class='ocrx_word' id='word_1_430' title='bbox 1420 690 1632 727; x_wconf 89' lang='lat' dir='ltr'>solemnem</span> <span class='ocrx_word' id='word_1_431' title='bbox 1649 690 1769 726; x_wconf 90' lang='lat' dir='ltr'>ritum</span> <span class='ocrx_word' id='word_1_432' title='bbox 1789 689 2028 728; x_wconf 86' lang='lat' dir='ltr'>adhibentes.</span> <span class='ocrx_word' id='word_1_433' title='bbox 2055 691 2097 728; x_wconf 88' lang='lat' dir='ltr'>In</span> <span class='ocrx_word' id='word_1_434' title='bbox 2113 691 2198 729; x_wconf 89' lang='lat' dir='ltr'>sin-</span> 
     </span>
     <span class='ocr_line' id='line_1_73' title="bbox 1243 741 2198 790; baseline 0.005 -13"><span class='ocrx_word' id='word_1_435' title='bbox 1243 741 1346 790; x_wconf 80' lang='lat' dir='ltr'>gulis</span> <span class='ocrx_word' id='word_1_436' title='bbox 1379 754 1514 780; x_wconf 89' lang='lat' dir='ltr'>eorum</span> <span class='ocrx_word' id='word_1_437' title='bbox 1549 742 1726 779; x_wconf 86' lang='lat' dir='ltr'>coetibus</span> <span class='ocrx_word' id='word_1_438' title='bbox 1760 744 1846 779; x_wconf 88' lang='lat' dir='ltr'>erat</span> <span class='ocrx_word' id='word_1_439' title='bbox 1865 743 2078 790; x_wconf 89' lang='lat' dir='ltr'>primarius</span> <span class='ocrx_word' id='word_1_440' title='bbox 2097 744 2198 781; x_wconf 88' lang='lat' dir='ltr'>anti-</span> 
     </span>
     <span class='ocr_line' id='line_1_74' title="bbox 1239 795 2199 846; baseline 0.003 -15"><span class='ocrx_word' id='word_1_441' title='bbox 1239 797 1317 832; x_wconf 89' lang='lat' dir='ltr'>stes</span> <span class='ocrx_word' id='word_1_442' title='bbox 1339 824 1347 839; x_wconf 88' lang='lat'>,</span> <span class='ocrx_word' id='word_1_443' title='bbox 1377 796 1440 832; x_wconf 87' lang='lat' dir='ltr'>cui</span> <span class='ocrx_word' id='word_1_444' title='bbox 1463 807 1663 832; x_wconf 88' lang='lat' dir='ltr'>sacrorum</span> <span class='ocrx_word' id='word_1_445' title='bbox 1693 795 1981 833; x_wconf 87' lang='lat' dir='ltr'>administratio</span> <span class='ocrx_word' id='word_1_446' title='bbox 2011 799 2052 834; x_wconf 88' lang='lat' dir='ltr'>et</span> <span class='ocrx_word' id='word_1_447' title='bbox 2071 796 2199 846; x_wconf 88' lang='lat' dir='ltr'>publi-</span> 
     </span>
     <span class='ocr_line' id='line_1_75' title="bbox 1242 848 2198 896; baseline 0.004 -13"><span class='ocrx_word' id='word_1_448' title='bbox 1242 859 1374 885; x_wconf 88' lang='lat' dir='ltr'>carum</span> <span class='ocrx_word' id='word_1_449' title='bbox 1408 860 1564 896; x_wconf 88' lang='lat' dir='ltr'>precum</span> <span class='ocrx_word' id='word_1_450' title='bbox 1593 848 1772 885; x_wconf 84' lang='lat' dir='ltr'>recitatio</span> <span class='ocrx_word' id='word_1_451' title='bbox 1800 849 2008 887; x_wconf 88' lang='lat' dir='ltr'>commissa</span> <span class='ocrx_word' id='word_1_452' title='bbox 2028 851 2138 896; x_wconf 84' lang='lat' dir='ltr'>erat,</span> <span class='ocrx_word' id='word_1_453' title='bbox 2157 849 2198 887; x_wconf 88' lang='lat' dir='ltr'>fi-</span> 
     </span>
     <span class='ocr_line' id='line_1_76' title="bbox 1241 900 2199 951; baseline 0.003 -14"><span class='ocrx_word' id='word_1_454' title='bbox 1241 900 1314 937; x_wconf 91' lang='lat' dir='ltr'>lius</span> <span class='ocrx_word' id='word_1_455' title='bbox 1335 901 1460 938; x_wconf 88' lang='lat' dir='ltr'>maior</span> <span class='ocrx_word' id='word_1_456' title='bbox 1475 902 1539 950; x_wconf 90' lang='lat' dir='ltr'>qui</span> <span class='ocrx_word' id='word_1_457' title='bbox 1556 902 1737 950; x_wconf 89' lang='lat' dir='ltr'>episcopi,</span> <span class='ocrx_word' id='word_1_458' title='bbox 1753 904 1793 938; x_wconf 89' lang='lat' dir='ltr'>et</span> <span class='ocrx_word' id='word_1_459' title='bbox 1811 902 1936 938; x_wconf 88' lang='lat' dir='ltr'>minor</span> <span class='ocrx_word' id='word_1_460' title='bbox 1955 902 2023 951; x_wconf 91' lang='lat' dir='ltr'>qui</span> <span class='ocrx_word' id='word_1_461' title='bbox 2040 903 2199 940; x_wconf 86' lang='lat' dir='ltr'>maioris</span> 
     </span>
     <span class='ocr_line' id='line_1_77' title="bbox 1244 954 2198 1004; baseline 0.004 -15"><span class='ocrx_word' id='word_1_462' title='bbox 1244 954 1415 991; x_wconf 83' lang='lat' dir='ltr'>absentis</span> <span class='ocrx_word' id='word_1_463' title='bbox 1446 959 1513 992; x_wconf 89' lang='lat' dir='ltr'>aut</span> <span class='ocrx_word' id='word_1_464' title='bbox 1540 954 1716 1002; x_wconf 85' lang='lat' dir='ltr'>impediti</span> <span class='ocrx_word' id='word_1_465' title='bbox 1747 954 1855 992; x_wconf 89' lang='lat' dir='ltr'>vices</span> <span class='ocrx_word' id='word_1_466' title='bbox 1875 957 2059 1003; x_wconf 83' lang='lat' dir='ltr'>gerebat,</span> <span class='ocrx_word' id='word_1_467' title='bbox 2080 958 2198 1004; x_wconf 90' lang='lat' dir='ltr'>atque</span> 
     </span>
     <span class='ocr_line' id='line_1_78' title="bbox 1241 1007 2201 1056; baseline 0.005 -15"><span class='ocrx_word' id='word_1_468' title='bbox 1241 1007 1428 1044; x_wconf 89' lang='lat' dir='ltr'>diaeonus</span> <span class='ocrx_word' id='word_1_469' title='bbox 1458 1007 1523 1056; x_wconf 93' lang='lat' dir='ltr'>qui</span> <span class='ocrx_word' id='word_1_470' title='bbox 1556 1010 1796 1044; x_wconf 89' lang='lat' dir='ltr'>menstruam</span> <span class='ocrx_word' id='word_1_471' title='bbox 1829 1010 2079 1056; x_wconf 88' lang='lat' dir='ltr'>peecatorum</span> <span class='ocrx_word' id='word_1_472' title='bbox 2114 1021 2201 1046; x_wconf 89' lang='lat' dir='ltr'>con-</span> 
     </span>
     <span class='ocr_line' id='line_1_79' title="bbox 1240 1059 2200 1111; baseline 0.004 -15"><span class='ocrx_word' id='word_1_473' title='bbox 1240 1059 1447 1097; x_wconf 83' lang='lat' dir='ltr'>fessionem</span> <span class='ocrx_word' id='word_1_474' title='bbox 1473 1061 1693 1108; x_wconf 74' lang='lat' dir='ltr'>excipiebat</span> <span class='ocrx_word' id='word_1_475' title='bbox 1713 1063 1752 1096; x_wconf 89' lang='lat' dir='ltr'>et</span> <span class='ocrx_word' id='word_1_476' title='bbox 1773 1060 2048 1108; x_wconf 90' lang='lat' dir='ltr'>poenitentiam</span> <span class='ocrx_word' id='word_1_477' title='bbox 2067 1073 2136 1111; x_wconf 88' lang='lat' dir='ltr'>pro</span> <span class='ocrx_word' id='word_1_478' title='bbox 2155 1062 2200 1099; x_wconf 90' lang='lat' dir='ltr'>iis</span> 
     </span>
     <span class='ocr_line' id='line_1_80' title="bbox 1241 1113 2200 1159; baseline 0.003 -10"><span class='ocrx_word' id='word_1_479' title='bbox 1241 1113 1501 1151; x_wconf 87' lang='lat' dir='ltr'>annuntiabat</span> <span class='ocrx_word' id='word_1_480' title='bbox 1520 1127 1529 1159; x_wconf 75' lang='grc' dir='ltr'><strong>ς</strong></span> <span class='ocrx_word' id='word_1_481' title='bbox 1564 1113 1601 1150; x_wconf 89' lang='lat' dir='ltr'>hi</span> <span class='ocrx_word' id='word_1_482' title='bbox 1638 1125 1772 1150; x_wconf 91' lang='lat' dir='ltr'>omnes</span> <span class='ocrx_word' id='word_1_483' title='bbox 1806 1113 2051 1152; x_wconf 87' lang='lat' dir='ltr'>subordinati</span> <span class='ocrx_word' id='word_1_484' title='bbox 2085 1117 2200 1152; x_wconf 88' lang='lat' dir='ltr'>erant</span> 
     </span>
     <span class='ocr_line' id='line_1_81' title="bbox 1239 1166 2200 1216; baseline 0.003 -13"><span class='ocrx_word' id='word_1_485' title='bbox 1239 1178 1422 1214; x_wconf 86' lang='lat' dir='ltr'>supremo</span> <span class='ocrx_word' id='word_1_486' title='bbox 1452 1167 1591 1215; x_wconf 87' lang='lat' dir='ltr'>capiti,</span> <span class='ocrx_word' id='word_1_487' title='bbox 1627 1166 1769 1203; x_wconf 89' lang='lat' dir='ltr'>Christi</span> <span class='ocrx_word' id='word_1_488' title='bbox 1805 1166 1912 1204; x_wconf 90' lang='lat' dir='ltr'>vices</span> <span class='ocrx_word' id='word_1_489' title='bbox 1936 1169 2112 1216; x_wconf 86' lang='lat' dir='ltr'>gerenti,</span> <span class='ocrx_word' id='word_1_490' title='bbox 2132 1167 2200 1216; x_wconf 91' lang='lat' dir='ltr'>qui</span> 
     </span>
     <span class='ocr_line' id='line_1_82' title="bbox 1241 1219 2201 1270; baseline 0.004 -15"><span class='ocrx_word' id='word_1_491' title='bbox 1241 1224 1445 1267; x_wconf 87' lang='lat' dir='ltr'>praeterea</span> <span class='ocrx_word' id='word_1_492' title='bbox 1462 1219 1670 1256; x_wconf 90' lang='lat' dir='ltr'>duodecim</span> <span class='ocrx_word' id='word_1_493' title='bbox 1688 1219 1866 1256; x_wconf 87' lang='lat' dir='ltr'>doctores</span> <span class='ocrx_word' id='word_1_494' title='bbox 1881 1220 1994 1268; x_wconf 88' lang='lat' dir='ltr'>quasi</span> <span class='ocrx_word' id='word_1_495' title='bbox 2008 1222 2201 1270; x_wconf 90' lang='lat' dir='ltr'>apostolos</span> 
     </span>
     <span class='ocr_line' id='line_1_83' title="bbox 1238 1271 2201 1312; baseline 0.003 -3"><span class='ocrx_word' id='word_1_496' title='bbox 1238 1273 1311 1309; x_wconf 91' lang='lat' dir='ltr'>sibi</span> <span class='ocrx_word' id='word_1_497' title='bbox 1336 1273 1541 1310; x_wconf 87' lang='lat' dir='ltr'>adiunctos</span> <span class='ocrx_word' id='word_1_498' title='bbox 1562 1273 1743 1309; x_wconf 90' lang='lat' dir='ltr'>habebat.</span> <span class='ocrx_word' id='word_1_499' title='bbox 1753 1271 1841 1309; x_wconf 91' lang='lat' dir='ltr'>Non</span> <span class='ocrx_word' id='word_1_500' title='bbox 1858 1276 1989 1311; x_wconf 88' lang='lat' dir='ltr'>tamen</span> <span class='ocrx_word' id='word_1_501' title='bbox 2005 1286 2139 1312; x_wconf 90' lang='lat' dir='ltr'>omnes</span> <span class='ocrx_word' id='word_1_502' title='bbox 2154 1275 2201 1312; x_wconf 88' lang='lat' dir='ltr'>de</span> 
     </span>
     <span class='ocr_line' id='line_1_84' title="bbox 1241 1325 2201 1374; baseline 0.003 -12"><span class='ocrx_word' id='word_1_503' title='bbox 1241 1326 1451 1374; x_wconf 88' lang='lat' dir='ltr'>praedictis</span> <span class='ocrx_word' id='word_1_504' title='bbox 1472 1326 1674 1363; x_wconf 89' lang='lat' dir='ltr'>doctrinae</span> <span class='ocrx_word' id='word_1_505' title='bbox 1704 1325 1885 1363; x_wconf 85' lang='lat' dir='ltr'>articulis</span> <span class='ocrx_word' id='word_1_506' title='bbox 1903 1327 2201 1373; x_wconf 85' lang='lat' dir='ltr'>conveniebant,</span> 
     </span>
     <span class='ocr_line' id='line_1_85' title="bbox 1240 1378 2201 1429; baseline 0.004 -15"><span class='ocrx_word' id='word_1_507' title='bbox 1240 1379 1306 1415; x_wconf 91' lang='lat' dir='ltr'>sed</span> <span class='ocrx_word' id='word_1_508' title='bbox 1326 1379 1364 1416; x_wconf 91' lang='lat' dir='ltr'>in</span> <span class='ocrx_word' id='word_1_509' title='bbox 1382 1380 1503 1417; x_wconf 82' lang='lat' dir='ltr'>variis</span> <span class='ocrx_word' id='word_1_510' title='bbox 1523 1391 1546 1416; x_wconf 93' lang='lat' dir='ltr'>a</span> <span class='ocrx_word' id='word_1_511' title='bbox 1561 1391 1601 1416; x_wconf 92' lang='lat' dir='ltr'>se</span> <span class='ocrx_word' id='word_1_512' title='bbox 1618 1378 1784 1415; x_wconf 66' lang='lat' dir='ltr'>invicem</span> <span class='ocrx_word' id='word_1_513' title='bbox 1802 1378 2091 1428; x_wconf 88' lang='lat' dir='ltr'>discrepabant,</span> <span class='ocrx_word' id='word_1_514' title='bbox 2100 1392 2201 1429; x_wconf 87' lang='lat' dir='ltr'>quae</span> 
     </span>
     <span class='ocr_line' id='line_1_86' title="bbox 1240 1431 2201 1481; baseline 0.004 -13"><span class='ocrx_word' id='word_1_515' title='bbox 1240 1431 1503 1481; x_wconf 87' lang='lat' dir='ltr'>discrepantia</span> <span class='ocrx_word' id='word_1_516' title='bbox 1526 1444 1599 1469; x_wconf 90' lang='lat' dir='ltr'>non</span> <span class='ocrx_word' id='word_1_517' title='bbox 1622 1432 1814 1478; x_wconf 84' lang='lat' dir='ltr'>obstabat,</span> <span class='ocrx_word' id='word_1_518' title='bbox 1837 1434 2044 1480; x_wconf 88' lang='lat' dir='ltr'>quominus</span> <span class='ocrx_word' id='word_1_519' title='bbox 2065 1446 2105 1472; x_wconf 89' lang='lat' dir='ltr'>se</span> <span class='ocrx_word' id='word_1_520' title='bbox 2137 1435 2201 1471; x_wconf 90' lang='lat' dir='ltr'>in-</span> 
     </span>
     <span class='ocr_line' id='line_1_87' title="bbox 1238 1484 2202 1532; baseline 0.004 -11"><span class='ocrx_word' id='word_1_521' title='bbox 1238 1484 1364 1522; x_wconf 79' lang='lat' dir='ltr'>vicem</span> <span class='ocrx_word' id='word_1_522' title='bbox 1381 1485 1597 1523; x_wconf 86' lang='lat' dir='ltr'>tolerarent</span> <span class='ocrx_word' id='word_1_523' title='bbox 1612 1487 1651 1522; x_wconf 86' lang='lat' dir='ltr'>et</span> <span class='ocrx_word' id='word_1_524' title='bbox 1670 1488 1858 1532; x_wconf 86' lang='lat' dir='ltr'>tanquam</span> <span class='ocrx_word' id='word_1_525' title='bbox 1889 1485 2062 1524; x_wconf 88' lang='lat' dir='ltr'>eiusdem</span> <span class='ocrx_word' id='word_1_526' title='bbox 2083 1487 2202 1525; x_wconf 89' lang='lat' dir='ltr'>eccle-</span> 
     </span>
     <span class='ocr_line' id='line_1_88' title="bbox 1237 1538 2202 1590; baseline 0.004 -16"><span class='ocrx_word' id='word_1_527' title='bbox 1237 1538 1317 1574; x_wconf 88' lang='lat' dir='ltr'>siae</span> <span class='ocrx_word' id='word_1_528' title='bbox 1338 1539 1514 1576; x_wconf 87' lang='lat' dir='ltr'>membra</span> <span class='ocrx_word' id='word_1_529' title='bbox 1531 1538 1836 1575; x_wconf 86' lang='lat' dir='ltr'>considerarent.</span> <span class='ocrx_word' id='word_1_530' title='bbox 1848 1538 1924 1580; x_wconf 90' lang='lat' dir='ltr'>Qui</span> <span class='ocrx_word' id='word_1_531' title='bbox 1941 1539 2044 1577; x_wconf 89' lang='lat' dir='ltr'>inter</span> <span class='ocrx_word' id='word_1_532' title='bbox 2058 1551 2123 1578; x_wconf 89' lang='lat' dir='ltr'>eos</span> <span class='ocrx_word' id='word_1_533' title='bbox 2138 1551 2202 1590; x_wconf 85' lang='lat' dir='ltr'>ap-</span> 
     </span>
     <span class='ocr_line' id='line_1_89' title="bbox 1238 1590 2203 1639; baseline 0.004 -12"><span class='ocrx_word' id='word_1_534' title='bbox 1238 1591 1488 1638; x_wconf 86' lang='lat' dir='ltr'>pellabantur</span> <span class='ocrx_word' id='word_1_535' title='bbox 1502 1593 1692 1639; x_wconf 77' lang='lat' dir='ltr'>perfecti,</span> <span class='ocrx_word' id='word_1_536' title='bbox 1709 1590 1831 1628; x_wconf 88' lang='lat' dir='ltr'>vitam</span> <span class='ocrx_word' id='word_1_537' title='bbox 1853 1595 2054 1630; x_wconf 88' lang='lat' dir='ltr'>austeram</span> <span class='ocrx_word' id='word_1_538' title='bbox 2075 1596 2203 1631; x_wconf 88' lang='lat' dir='ltr'>osten-</span> 
     </span>
     <span class='ocr_line' id='line_1_90' title="bbox 1239 1644 2203 1691; baseline 0.005 -11"><span class='ocrx_word' id='word_1_539' title='bbox 1239 1645 1388 1689; x_wconf 86' lang='lat' dir='ltr'>tabant,</span> <span class='ocrx_word' id='word_1_540' title='bbox 1403 1645 1452 1681; x_wconf 87' lang='lat' dir='ltr'>ab</span> <span class='ocrx_word' id='word_1_541' title='bbox 1473 1656 1541 1682; x_wconf 90' lang='lat' dir='ltr'>esu</span> <span class='ocrx_word' id='word_1_542' title='bbox 1560 1644 1751 1691; x_wconf 89' lang='lat' dir='ltr'>carnium,</span> <span class='ocrx_word' id='word_1_543' title='bbox 1772 1655 1936 1682; x_wconf 88' lang='lat' dir='ltr'>ovorum</span> <span class='ocrx_word' id='word_1_544' title='bbox 1957 1649 1996 1683; x_wconf 87' lang='lat' dir='ltr'>et</span> <span class='ocrx_word' id='word_1_545' title='bbox 2016 1646 2119 1684; x_wconf 88' lang='lat' dir='ltr'>casei</span> <span class='ocrx_word' id='word_1_546' title='bbox 2139 1647 2203 1684; x_wconf 90' lang='lat' dir='ltr'>ab·</span> 
     </span>
     <span class='ocr_line' id='line_1_91' title="bbox 1236 1697 2201 1743; baseline 0.005 -10"><span class='ocrx_word' id='word_1_547' title='bbox 1236 1697 1452 1743; x_wconf 87' lang='lat' dir='ltr'>stinebant,</span> <span class='ocrx_word' id='word_1_548' title='bbox 1473 1697 1721 1734; x_wconf 86' lang='lat' dir='ltr'>mendacium</span> <span class='ocrx_word' id='word_1_549' title='bbox 1744 1699 1783 1734; x_wconf 90' lang='lat' dir='ltr'>et</span> <span class='ocrx_word' id='word_1_550' title='bbox 1802 1697 2070 1736; x_wconf 83' lang='lat' dir='ltr'>iuramentum</span> <span class='ocrx_word' id='word_1_551' title='bbox 2092 1700 2201 1738; x_wconf 87' lang='lat' dir='ltr'>dete-</span> 
     </span>
     <span class='ocr_line' id='line_1_92' title="bbox 1236 1750 2201 1800; baseline 0.005 -14"><span class='ocrx_word' id='word_1_552' title='bbox 1236 1751 1457 1796; x_wconf 88' lang='lat' dir='ltr'>stabantur,</span> <span class='ocrx_word' id='word_1_553' title='bbox 1473 1751 1521 1787; x_wconf 91' lang='lat' dir='ltr'>de</span> <span class='ocrx_word' id='word_1_554' title='bbox 1543 1751 1724 1788; x_wconf 88' lang='lat' dir='ltr'>castitate</span> <span class='ocrx_word' id='word_1_555' title='bbox 1741 1762 1813 1788; x_wconf 88' lang='lat' dir='ltr'>sua</span> <span class='ocrx_word' id='word_1_556' title='bbox 1832 1750 2129 1800; x_wconf 74' lang='lat' dir='ltr'>gloriabantur:</span> <span class='ocrx_word' id='word_1_557' title='bbox 2152 1765 2201 1790; x_wconf 89' lang='lat' dir='ltr'>a-</span> 
     </span>
     <span class='ocr_line' id='line_1_93' title="bbox 1237 1803 2199 1853; baseline 0.004 -13"><span class='ocrx_word' id='word_1_558' title='bbox 1237 1803 1290 1849; x_wconf 89' lang='lat' dir='ltr'>lii,</span> <span class='ocrx_word' id='word_1_559' title='bbox 1316 1804 1407 1841; x_wconf 89' lang='lat' dir='ltr'>dicti</span> <span class='ocrx_word' id='word_1_560' title='bbox 1426 1804 1647 1849; x_wconf 74' lang='lat' dir='ltr'>credentes,</span> <span class='ocrx_word' id='word_1_561' title='bbox 1669 1807 1942 1853; x_wconf 88' lang='lat' dir='ltr'>corruptorum</span> <span class='ocrx_word' id='word_1_562' title='bbox 1965 1817 2119 1843; x_wconf 85' lang='lat' dir='ltr'>morum</span> <span class='ocrx_word' id='word_1_563' title='bbox 2139 1818 2199 1844; x_wconf 88' lang='lat' dir='ltr'>ar-</span> 
     </span>
     <span class='ocr_line' id='line_1_94' title="bbox 1238 1860 1423 1904; baseline 0.005 -11"><span class='ocrx_word' id='word_1_564' title='bbox 1238 1860 1423 1904; x_wconf 83' lang='lat' dir='ltr'>guuntur.</span> 
     </span>
    </p>

    <p class='ocr_par' dir='ltr' id='par_1_16' title="bbox 1237 1910 2203 2330">
     <span class='ocr_line' id='line_1_95' title="bbox 1292 1910 2199 1962; baseline 0.003 -15"><span class='ocrx_word' id='word_1_565' title='bbox 1292 1910 1533 1959; x_wconf 86' lang='lat' dir='ltr'>Praecipuae</span> <span class='ocrx_word' id='word_1_566' title='bbox 1555 1921 1691 1948; x_wconf 88' lang='lat' dir='ltr'>eorum</span> <span class='ocrx_word' id='word_1_567' title='bbox 1711 1910 1822 1947; x_wconf 90' lang='lat' dir='ltr'>sedes</span> <span class='ocrx_word' id='word_1_568' title='bbox 1842 1913 1956 1949; x_wconf 83' lang='lat' dir='ltr'>erant</span> <span class='ocrx_word' id='word_1_569' title='bbox 1975 1911 2015 1948; x_wconf 89' lang='lat' dir='ltr'>in</span> <span class='ocrx_word' id='word_1_570' title='bbox 2037 1912 2199 1962; x_wconf 86' lang='lat' dir='ltr'>Longo-</span> 
     </span>
     <span class='ocr_line' id='line_1_96' title="bbox 1237 1963 2196 2013; baseline 0.004 -14"><span class='ocrx_word' id='word_1_571' title='bbox 1237 1963 1375 2000; x_wconf 86' lang='lat' dir='ltr'>bardia</span> <span class='ocrx_word' id='word_1_572' title='bbox 1409 1970 1449 2000; x_wconf 88' lang='lat' dir='ltr'>et</span> <span class='ocrx_word' id='word_1_573' title='bbox 1477 1964 1609 2001; x_wconf 88' lang='lat' dir='ltr'>Gallia</span> <span class='ocrx_word' id='word_1_574' title='bbox 1637 1963 1904 2011; x_wconf 83' lang='lat' dir='ltr'>meridionali3</span> <span class='ocrx_word' id='word_1_575' title='bbox 1935 1964 1972 2001; x_wconf 93' lang='lat' dir='ltr'>in</span> <span class='ocrx_word' id='word_1_576' title='bbox 2005 1964 2196 2013; x_wconf 86' lang='lat' dir='ltr'>Hispania</span> 
     </span>
     <span class='ocr_line' id='line_1_97' title="bbox 1243 2015 2201 2065; baseline 0.003 -12"><span class='ocrx_word' id='word_1_577' title='bbox 1243 2017 1373 2062; x_wconf 88' lang='lat' dir='ltr'>etiam,</span> <span class='ocrx_word' id='word_1_578' title='bbox 1395 2015 1552 2065; x_wconf 85' lang='lat' dir='ltr'>Anglia,</span> <span class='ocrx_word' id='word_1_579' title='bbox 1572 2016 1707 2064; x_wconf 81' lang='lat' dir='ltr'>Belgio</span> <span class='ocrx_word' id='word_1_580' title='bbox 1729 2021 1769 2053; x_wconf 92' lang='lat' dir='ltr'>et</span> <span class='ocrx_word' id='word_1_581' title='bbox 1788 2017 2002 2056; x_wconf 87' lang='lat' dir='ltr'>Germania</span> <span class='ocrx_word' id='word_1_582' title='bbox 2021 2018 2201 2056; x_wconf 87' lang='lat' dir='ltr'>inferiori</span> 
     </span>
     <span class='ocr_line' id='line_1_98' title="bbox 1244 2069 2203 2118; baseline 0.003 -12"><span class='ocrx_word' id='word_1_583' title='bbox 1244 2073 1380 2107; x_wconf 89' lang='lat' dir='ltr'>coetus</span> <span class='ocrx_word' id='word_1_584' title='bbox 1408 2069 1681 2107; x_wconf 83' lang='lat' dir='ltr'>efformarunt.</span> <span class='ocrx_word' id='word_1_585' title='bbox 1713 2069 1841 2118; x_wconf 84' lang='lat' dir='ltr'>Vulgo</span> <span class='ocrx_word' id='word_1_586' title='bbox 1872 2071 2105 2109; x_wconf 88' lang='lat' dir='ltr'>dicebantur</span> <span class='ocrx_word' id='word_1_587' title='bbox 2131 2072 2203 2109; x_wconf 86' lang='lat' dir='ltr'>Ca-</span> 
     </span>
     <span class='ocr_line' id='line_1_99' title="bbox 1243 2122 2201 2172; baseline 0.004 -14"><span class='ocrx_word' id='word_1_588' title='bbox 1243 2123 1370 2167; x_wconf 72' lang='lat' dir='ltr'>thari,</span> <span class='ocrx_word' id='word_1_589' title='bbox 1393 2122 1485 2159; x_wconf 88' lang='lat' dir='ltr'>alibi</span> <span class='ocrx_word' id='word_1_590' title='bbox 1506 2123 1625 2160; x_wconf 90' lang='lat' dir='ltr'>etiam</span> <span class='ocrx_word' id='word_1_591' title='bbox 1648 2123 1884 2168; x_wconf 51' lang='lat' dir='ltr'>Publicamg</span> <span class='ocrx_word' id='word_1_592' title='bbox 1905 2124 2106 2172; x_wconf 68' lang='grc' dir='ltr'><em>Βιιζᾳιινί,</em></span> <span class='ocrx_word' id='word_1_593' title='bbox 2124 2125 2201 2162; x_wconf 83' lang='grc' dir='ltr'>Ρα-</span> 
     </span>
     <span class='ocr_line' id='line_1_100' title="bbox 1244 2176 2200 2223; baseline 0.002 -11"><span class='ocrx_word' id='word_1_594' title='bbox 1244 2177 1399 2221; x_wconf 77' lang='lat' dir='ltr'>tareni,</span> <span class='ocrx_word' id='word_1_595' title='bbox 1429 2176 1522 2213; x_wconf 90' lang='lat' dir='ltr'>item</span> <span class='ocrx_word' id='word_1_596' title='bbox 1555 2177 1792 2223; x_wconf 70' lang='lat' dir='ltr'>Albz‘yenses</span> <span class='ocrx_word' id='word_1_597' title='bbox 1823 2179 1862 2213; x_wconf 87' lang='lat' dir='ltr'>et</span> <span class='ocrx_word' id='word_1_598' title='bbox 1883 2177 1995 2214; x_wconf 74' lang='lat' dir='ltr'>Boni</span> <span class='ocrx_word' id='word_1_599' title='bbox 2013 2177 2200 2214; x_wconf 73' lang='lat' dir='ltr'>homines</span> 
     </span>
     <span class='ocr_line' id='line_1_101' title="bbox 1242 2226 2202 2279; baseline 0.003 -14"><span class='ocrx_word' id='word_1_600' title='bbox 1242 2230 1279 2265; x_wconf 90' lang='lat' dir='ltr'>in</span> <span class='ocrx_word' id='word_1_601' title='bbox 1301 2228 1431 2266; x_wconf 87' lang='lat' dir='ltr'>Gallia</span> <span class='ocrx_word' id='word_1_602' title='bbox 1451 2231 1490 2265; x_wconf 90' lang='lat' dir='ltr'>et</span> <span class='ocrx_word' id='word_1_603' title='bbox 1511 2228 1712 2276; x_wconf 89' lang='lat' dir='ltr'>Hispania,</span> <span class='ocrx_word' id='word_1_604' title='bbox 1734 2228 1772 2265; x_wconf 91' lang='lat' dir='ltr'>in</span> <span class='ocrx_word' id='word_1_605' title='bbox 1790 2226 1978 2267; x_wconf 86' lang='lat' dir='ltr'>Flandria</span> <span class='ocrx_word' id='word_1_606' title='bbox 1995 2230 2143 2279; x_wconf 79' lang='lat' dir='ltr'>Pz&#39;phlz&#39;</span> <span class='ocrx_word' id='word_1_607' title='bbox 2161 2233 2202 2268; x_wconf 82' lang='lat' dir='ltr'>et</span> 
     </span>
     <span class='ocr_line' id='line_1_102' title="bbox 1249 2281 1798 2330; baseline 0 -12"><span class='ocrx_word' id='word_1_608' title='bbox 1249 2281 1470 2329; x_wconf 71' lang='lat' dir='ltr'>Turlepz&#39;ozs</span> <span class='ocrx_word' id='word_1_609' title='bbox 1486 2282 1673 2330; x_wconf 84' lang='lat' dir='ltr'>appellati</span> <span class='ocrx_word' id='word_1_610' title='bbox 1695 2286 1798 2319; x_wconf 91' lang='lat' dir='ltr'>sunt.</span> 
     </span>
    </p>

    <p class='ocr_par' dir='ltr' id='par_1_17' title="bbox 1243 2334 2202 2969">
     <span class='ocr_line' id='line_1_103' title="bbox 1295 2334 2201 2374; baseline 0.004 -4"><span class='ocrx_word' id='word_1_611' title='bbox 1295 2334 1482 2371; x_wconf 87' lang='lat' dir='ltr'>Catholici</span> <span class='ocrx_word' id='word_1_612' title='bbox 1514 2334 1623 2371; x_wconf 88' lang='lat' dir='ltr'>varia</span> <span class='ocrx_word' id='word_1_613' title='bbox 1654 2335 1783 2371; x_wconf 87' lang='lat' dir='ltr'>media</span> <span class='ocrx_word' id='word_1_614' title='bbox 1804 2335 1850 2372; x_wconf 88' lang='lat' dir='ltr'>ad</span> <span class='ocrx_word' id='word_1_615' title='bbox 1874 2347 1940 2372; x_wconf 89' lang='lat' dir='ltr'>eos</span> <span class='ocrx_word' id='word_1_616' title='bbox 1961 2338 2201 2374; x_wconf 89' lang='lat' dir='ltr'>converten-</span> 
     </span>
     <span class='ocr_line' id='line_1_104' title="bbox 1243 2387 2198 2438; baseline 0.005 -16"><span class='ocrx_word' id='word_1_617' title='bbox 1243 2387 1311 2423; x_wconf 86' lang='lat' dir='ltr'>dos</span> <span class='ocrx_word' id='word_1_618' title='bbox 1327 2387 1613 2424; x_wconf 86' lang='lat' dir='ltr'>adhibuerunt:</span> <span class='ocrx_word' id='word_1_619' title='bbox 1633 2387 1759 2435; x_wconf 87' lang='lat' dir='ltr'>primo</span> <span class='ocrx_word' id='word_1_620' title='bbox 1775 2388 1931 2436; x_wconf 89' lang='lat' dir='ltr'>quidem</span> <span class='ocrx_word' id='word_1_621' title='bbox 1944 2390 2198 2438; x_wconf 88' lang='lat' dir='ltr'>persuasione</span> 
     </span>
     <span class='ocr_line' id='line_1_105' title="bbox 1244 2440 2201 2489; baseline 0.004 -13"><span class='ocrx_word' id='word_1_622' title='bbox 1244 2442 1283 2476; x_wconf 86' lang='lat' dir='ltr'>et</span> <span class='ocrx_word' id='word_1_623' title='bbox 1303 2440 1425 2477; x_wconf 89' lang='lat' dir='ltr'>divini</span> <span class='ocrx_word' id='word_1_624' title='bbox 1448 2440 1556 2476; x_wconf 79' lang='lat' dir='ltr'>verbi</span> <span class='ocrx_word' id='word_1_625' title='bbox 1583 2441 1875 2489; x_wconf 82' lang='lat' dir='ltr'>praedicatione</span> <span class='ocrx_word' id='word_1_626' title='bbox 1895 2453 1960 2479; x_wconf 85' lang='lat' dir='ltr'>eos</span> <span class='ocrx_word' id='word_1_627' title='bbox 1981 2442 2029 2479; x_wconf 87' lang='lat' dir='ltr'>ab</span> <span class='ocrx_word' id='word_1_628' title='bbox 2049 2443 2201 2480; x_wconf 84' lang='lat' dir='ltr'>errori-</span> 
     </span>
     <span class='ocr_line' id='line_1_106' title="bbox 1245 2493 2200 2542; baseline 0.006 -15"><span class='ocrx_word' id='word_1_629' title='bbox 1245 2493 1315 2530; x_wconf 86' lang='lat' dir='ltr'>bus</span> <span class='ocrx_word' id='word_1_630' title='bbox 1333 2504 1499 2530; x_wconf 87' lang='lat' dir='ltr'>avocare</span> <span class='ocrx_word' id='word_1_631' title='bbox 1516 2494 1643 2530; x_wconf 86' lang='lat' dir='ltr'>conati</span> <span class='ocrx_word' id='word_1_632' title='bbox 1662 2498 1765 2540; x_wconf 89' lang='lat' dir='ltr'>sunt,</span> <span class='ocrx_word' id='word_1_633' title='bbox 1785 2494 1939 2542; x_wconf 90' lang='lat' dir='ltr'>publice</span> <span class='ocrx_word' id='word_1_634' title='bbox 1954 2506 2044 2532; x_wconf 88' lang='lat' dir='ltr'>cum</span> <span class='ocrx_word' id='word_1_635' title='bbox 2062 2495 2200 2534; x_wconf 89' lang='lat' dir='ltr'>iisdem</span> 
     </span>
     <span class='ocr_line' id='line_1_107' title="bbox 1243 2546 2200 2598; baseline 0.004 -16"><span class='ocrx_word' id='word_1_636' title='bbox 1243 2546 1518 2595; x_wconf 85' lang='lat' dir='ltr'>disceptantes,</span> <span class='ocrx_word' id='word_1_637' title='bbox 1534 2547 1654 2584; x_wconf 86' lang='lat' dir='ltr'>verbo</span> <span class='ocrx_word' id='word_1_638' title='bbox 1675 2551 1715 2584; x_wconf 88' lang='lat' dir='ltr'>et</span> <span class='ocrx_word' id='word_1_639' title='bbox 1732 2548 1877 2596; x_wconf 84' lang='lat' dir='ltr'>scripto</span> <span class='ocrx_word' id='word_1_640' title='bbox 1890 2560 1956 2585; x_wconf 91' lang='lat' dir='ltr'>eos</span> <span class='ocrx_word' id='word_1_641' title='bbox 1971 2548 2200 2598; x_wconf 86' lang='lat' dir='ltr'>impugnan-</span> 
     </span>
     <span class='ocr_line' id='line_1_108' title="bbox 1244 2600 2200 2649; baseline 0.005 -14"><span class='ocrx_word' id='word_1_642' title='bbox 1244 2601 1321 2644; x_wconf 82' lang='lat' dir='ltr'>tes3</span> <span class='ocrx_word' id='word_1_643' title='bbox 1353 2602 1514 2636; x_wconf 88' lang='lat' dir='ltr'>coactae</span> <span class='ocrx_word' id='word_1_644' title='bbox 1544 2603 1634 2636; x_wconf 88' lang='lat' dir='ltr'>sunt</span> <span class='ocrx_word' id='word_1_645' title='bbox 1663 2600 1781 2638; x_wconf 88' lang='lat' dir='ltr'>etiam</span> <span class='ocrx_word' id='word_1_646' title='bbox 1803 2601 1941 2649; x_wconf 83' lang='lat' dir='ltr'>synodi</span> <span class='ocrx_word' id='word_1_647' title='bbox 1963 2600 2200 2640; x_wconf 84' lang='lat' dir='ltr'>Oxoniensis</span> 
     </span>
     <span class='ocr_line' id='line_1_109' title="bbox 1245 2652 2200 2701; baseline 0.005 -13"><span class='ocrx_word' id='word_1_648' title='bbox 1245 2664 1305 2688; x_wconf 86' lang='lat' dir='ltr'>au.</span> <span class='ocrx_word' id='word_1_649' title='bbox 1332 2652 1444 2697; x_wconf 75' lang='grc'>1160,</span> <span class='ocrx_word' id='word_1_650' title='bbox 1466 2652 1706 2690; x_wconf 81' lang='lat' dir='ltr'>Turonensis</span> <span class='ocrx_word' id='word_1_651' title='bbox 1727 2666 1789 2691; x_wconf 89' lang='lat' dir='ltr'>an.</span> <span class='ocrx_word' id='word_1_652' title='bbox 1812 2654 1924 2701; x_wconf 81' lang='lat'>1163,</span> <span class='ocrx_word' id='word_1_653' title='bbox 1946 2654 2200 2693; x_wconf 86' lang='lat' dir='ltr'>Lumbarien-</span> 
     </span>
     <span class='ocr_line' id='line_1_110' title="bbox 1245 2705 2198 2754; baseline 0.005 -13"><span class='ocrx_word' id='word_1_654' title='bbox 1245 2705 1296 2741; x_wconf 89' lang='lat' dir='ltr'>sis</span> <span class='ocrx_word' id='word_1_655' title='bbox 1317 2716 1378 2742; x_wconf 91' lang='lat' dir='ltr'>an.</span> <span class='ocrx_word' id='word_1_656' title='bbox 1406 2705 1518 2749; x_wconf 72' lang='lat'>1176,</span> <span class='ocrx_word' id='word_1_657' title='bbox 1539 2717 1639 2754; x_wconf 88' lang='lat' dir='ltr'>quae</span> <span class='ocrx_word' id='word_1_658' title='bbox 1660 2709 1838 2745; x_wconf 88' lang='lat' dir='ltr'>errantes</span> <span class='ocrx_word' id='word_1_659' title='bbox 1858 2707 1897 2744; x_wconf 92' lang='lat' dir='ltr'>in</span> <span class='ocrx_word' id='word_1_660' title='bbox 1920 2708 2025 2745; x_wconf 86' lang='lat' dir='ltr'>viam</span> <span class='ocrx_word' id='word_1_661' title='bbox 2046 2707 2198 2746; x_wconf 85' lang='lat' dir='ltr'>verita-</span> 
     </span>
     <span class='ocr_line' id='line_1_111' title="bbox 1246 2757 2198 2809; baseline 0.005 -16"><span class='ocrx_word' id='word_1_662' title='bbox 1246 2757 1294 2794; x_wconf 80' lang='lat' dir='ltr'>tis</span> <span class='ocrx_word' id='word_1_663' title='bbox 1316 2758 1504 2795; x_wconf 84' lang='lat' dir='ltr'>reducere</span> <span class='ocrx_word' id='word_1_664' title='bbox 1526 2761 1799 2805; x_wconf 86' lang='lat' dir='ltr'>tentaverunt,</span> <span class='ocrx_word' id='word_1_665' title='bbox 1819 2763 1858 2797; x_wconf 89' lang='lat' dir='ltr'>et</span> <span class='ocrx_word' id='word_1_666' title='bbox 1879 2761 2106 2809; x_wconf 86' lang='lat' dir='ltr'>pervicaces</span> <span class='ocrx_word' id='word_1_667' title='bbox 2126 2772 2198 2799; x_wconf 90' lang='lat' dir='ltr'>ceu</span> 
     </span>
     <span class='ocr_line' id='line_1_112' title="bbox 1246 2811 2202 2852; baseline 0.006 -6"><span class='ocrx_word' id='word_1_668' title='bbox 1246 2811 1463 2848; x_wconf 83' lang='lat' dir='ltr'>haereticos</span> <span class='ocrx_word' id='word_1_669' title='bbox 1483 2812 1856 2851; x_wconf 76' lang='lat' dir='ltr'>comtemnaverunt.</span> <span class='ocrx_word' id='word_1_670' title='bbox 1875 2816 1988 2852; x_wconf 89' lang='lat' dir='ltr'>Anno</span> <span class='ocrx_word' id='word_1_671' title='bbox 2012 2813 2112 2851; x_wconf 83' lang='lat'>1178</span> <span class='ocrx_word' id='word_1_672' title='bbox 2129 2814 2202 2852; x_wconf 93' lang='lat' dir='ltr'>Lu-</span> 
     </span>
     <span class='ocr_line' id='line_1_113' title="bbox 1245 2864 2198 2905; baseline 0.005 -6"><span class='ocrx_word' id='word_1_673' title='bbox 1245 2864 1406 2901; x_wconf 78' lang='lat' dir='ltr'>dovicus</span> <span class='ocrx_word' id='word_1_674' title='bbox 1430 2864 1501 2901; x_wconf 81' lang='lat' dir='ltr'>Vll</span> <span class='ocrx_word' id='word_1_675' title='bbox 1524 2877 1594 2902; x_wconf 81' lang='lat' dir='ltr'>rex</span> <span class='ocrx_word' id='word_1_676' title='bbox 1618 2865 1769 2902; x_wconf 81' lang='lat' dir='ltr'>Galliae</span> <span class='ocrx_word' id='word_1_677' title='bbox 1791 2870 1830 2903; x_wconf 83' lang='lat' dir='ltr'>et</span> <span class='ocrx_word' id='word_1_678' title='bbox 1851 2866 2048 2905; x_wconf 88' lang='lat' dir='ltr'>Henrieus</span> <span class='ocrx_word' id='word_1_679' title='bbox 2071 2867 2108 2904; x_wconf 90' lang='lat'>11</span> <span class='ocrx_word' id='word_1_680' title='bbox 2129 2878 2198 2904; x_wconf 85' lang='lat' dir='ltr'>rex</span> 
     </span>
     <span class='ocr_line' id='line_1_114' title="bbox 1245 2917 2199 2969; baseline 0.005 -17"><span class='ocrx_word' id='word_1_681' title='bbox 1245 2917 1410 2965; x_wconf 75' lang='lat' dir='ltr'>Angliac</span> <span class='ocrx_word' id='word_1_682' title='bbox 1451 2918 1496 2954; x_wconf 87' lang='lat' dir='ltr'>de</span> <span class='ocrx_word' id='word_1_683' title='bbox 1527 2918 1783 2966; x_wconf 85' lang='lat' dir='ltr'>reprimendis</span> <span class='ocrx_word' id='word_1_684' title='bbox 1812 2919 2074 2958; x_wconf 86' lang='lat' dir='ltr'>sectariorum</span> <span class='ocrx_word' id='word_1_685' title='bbox 2106 2931 2199 2969; x_wconf 89' lang='lat' dir='ltr'>pro-</span> 
     </span>
    </p>
   </div>
   <div class='ocr_carea' id='block_1_12' title="bbox 1244 3024 2198 3222">
    <p class='ocr_par' dir='ltr' id='par_1_18' title="bbox 1244 3024 2198 3222">
     <span class='ocr_line' id='line_1_115' title="bbox 1244 3024 2197 3075; baseline 0.004 -17"><span class='ocrx_word' id='word_1_686' title='bbox 1244 3035 1388 3070; x_wconf 75' lang='lat' dir='ltr'>sogono</span> <span class='ocrx_word' id='word_1_687' title='bbox 1418 3024 1669 3070; x_wconf 81' lang='lat' dir='ltr'>cardinalem,</span> <span class='ocrx_word' id='word_1_688' title='bbox 1699 3024 1913 3062; x_wconf 81' lang='lat' dir='ltr'>Alexandri</span> <span class='ocrx_word' id='word_1_689' title='bbox 1947 3027 2015 3075; x_wconf 86' lang='lat' dir='ltr'>Pp.</span> <span class='ocrx_word' id='word_1_690' title='bbox 2038 3025 2095 3062; x_wconf 93' lang='lat' dir='ltr'>III</span> <span class='ocrx_word' id='word_1_691' title='bbox 2117 3025 2197 3063; x_wconf 88' lang='lat' dir='ltr'>Le-</span> 
     </span>
     <span class='ocr_line' id='line_1_116' title="bbox 1244 3077 2198 3126; baseline 0.004 -15"><span class='ocrx_word' id='word_1_692' title='bbox 1244 3080 1377 3123; x_wconf 76' lang='lat' dir='ltr'>gatum</span> <span class='ocrx_word' id='word_1_693' title='bbox 1391 3106 1399 3122; x_wconf 93' lang='lat'>,</span> <span class='ocrx_word' id='word_1_694' title='bbox 1429 3088 1516 3114; x_wconf 82' lang='lat' dir='ltr'>cuin</span> <span class='ocrx_word' id='word_1_695' title='bbox 1546 3077 1696 3125; x_wconf 86' lang='lat' dir='ltr'>aliquot</span> <span class='ocrx_word' id='word_1_696' title='bbox 1716 3078 1904 3126; x_wconf 79' lang='lat' dir='ltr'>episcopis</span> <span class='ocrx_word' id='word_1_697' title='bbox 1924 3081 1965 3116; x_wconf 88' lang='lat' dir='ltr'>et</span> <span class='ocrx_word' id='word_1_698' title='bbox 1984 3078 2139 3116; x_wconf 89' lang='lat' dir='ltr'>clericis</span> <span class='ocrx_word' id='word_1_699' title='bbox 2160 3078 2198 3115; x_wconf 93' lang='lat' dir='ltr'>in</span> 
     </span>
     <span class='ocr_line' id='line_1_117' title="bbox 1245 3129 2196 3180; baseline 0.005 -16"><span class='ocrx_word' id='word_1_700' title='bbox 1245 3129 1442 3177; x_wconf 76' lang='lat' dir='ltr'>regionem</span> <span class='ocrx_word' id='word_1_701' title='bbox 1473 3130 1710 3167; x_wconf 83' lang='lat' dir='ltr'>Tolosanam</span> <span class='ocrx_word' id='word_1_702' title='bbox 1732 3130 1967 3180; x_wconf 83' lang='lat' dir='ltr'>ablegarunt</span> <span class='ocrx_word' id='word_1_703' title='bbox 1986 3131 2196 3169; x_wconf 84' lang='lat' dir='ltr'>adhaere-</span> 
     </span>
     <span class='ocr_line' id='line_1_118' title="bbox 1245 3181 2195 3222; baseline 0.006 -6"><span class='ocrx_word' id='word_1_704' title='bbox 1245 3181 1339 3219; x_wconf 78' lang='lat' dir='ltr'>ticos</span> <span class='ocrx_word' id='word_1_705' title='bbox 1373 3182 1456 3219; x_wconf 81' lang='lat' dir='ltr'>sive</span> <span class='ocrx_word' id='word_1_706' title='bbox 1491 3184 1773 3222; x_wconf 73' lang='lat' dir='ltr'>convertendos</span> <span class='ocrx_word' id='word_1_707' title='bbox 1807 3186 1892 3222; x_wconf 88' lang='lat' dir='ltr'>sive</span> <span class='ocrx_word' id='word_1_708' title='bbox 1923 3185 2195 3222; x_wconf 83' lang='lat' dir='ltr'>condemnan-</span> 
     </span>
    </p>
   </div>
  </div>
 </body>
</html>
