2241 3473
706 164 832 195 VSQVE
863 165 915 191 AD
942 162 1268 190 IANSEleTAmM
1297 162 1478 190 Exonma

1901 150 1974 188 195

103 232 254 272 Iesujtis
282 231 490 275 factorum,
520 231 690 269 falsitate
708 262 717 276 ,
751 244 850 269 anno
872 232 971 269 1604
992 231 1037 268 iis
1084 242 1205 279 usquc
1225 231 1273 268 ad
1294 242 1355 268 an.
1373 230 1471 268 1621
1491 229 1787 280 regnavit.Fuit
1802 230 1833 268 is
1851 230 2024 280 princeps

102 285 290 324 redeundi
323 286 359 323 in
394 286 563 323 Galliam
603 288 833 334 potestatem
868 285 980 328 fecit,
1000 287 1039 322 et
1084 284 1181 331 pius,
1197 283 1374 321 humanis
1399 285 1583 333 purisque
1600 284 1786 330 moribus,
1803 284 1866 322 sed
1884 296 2026 332 geren-

103 339 209 377 brevi
231 341 314 388 post
345 338 575 376 facultatem
597 339 833 388 theologicas
852 341 891 376 et
911 338 1039 386 philo-
1058 368 1060 384 Ι
1082 337 1217 374 darum
1251 348 1381 374 rerum
1421 350 1572 386 expers.
1611 337 1812 386 Philippus
1846 338 1880 374 11
1911 337 2026 386 paulo

100 392 274 440 sophicas
294 393 444 429 litteras
463 398 644 441 artesque
674 392 855 429 liberales
886 391 1037 440 publice
1058 386 1060 443 l

1082 394 1170 427 ante
1200 393 1362 427 mortem
1390 403 1499 428 suam
1530 390 1746 439 provincias
1779 390 1955 439 Belgicas
1983 394 2023 428 et

99 445 259 483 docendi
293 446 508 486 concessit:
541 457 590 482 cx
623 457 698 493 qno
720 450 892 493 tempore
920 444 1038 481 latius
1058 453 1060 482 :
1080 444 1308 480 comitatum
1319 444 1607 492 Burgundicum
1625 447 1794 481 cesserat
1812 443 1913 481 filiae
1929 456 2024 482 suae

99 510 218 547 quam
238 501 354 536 antea
377 511 443 547 pcr
461 499 628 535 Galliam
651 499 853 547 propagati
873 501 964 534 sunt
987 497 1011 534 ¹.

153 551 313 589 Interim
343 553 532 589 llenricus
555 551 608 588 IV
630 552 738 600 regni
760 550 1035 599 tranquillitati

101 607 140 642 et
160 605 409 654 prosperitati
429 605 682 642 adlaboravit.
713 604 811 641 Cum
834 615 927 640 vero
944 603 1037 641 Cal-

100 658 334 696 vinistarum
365 670 544 696 numerus
565 658 603 694 in
623 657 751 694 Gallia
780 657 943 693 nimium
974 668 1038 693 au-

101 716 188 749 ctus
203 715 318 759 esset,
335 711 436 760 iique
454 712 491 748 in
512 722 622 748 arma
643 710 765 759 proni,
781 709 961 758 publicae
979 722 1038 758 pa-

101 764 136 802 ci
152 765 333 802 continuo
351 765 637 809 minitarentur,
653 776 714 801 an.
740 763 888 801 1598111
904 774 1036 800 eorum

101 817 277 855 favorem
309 817 481 855 Nanneti
514 817 663 855 celebre
695 817 877 862 edictum,
899 816 946 853 ab
966 816 1038 852 hac

103 871 196 908 urbe
216 871 462 908 Nannetense
478 870 730 920 appellatum,
748 869 880 913 edidit,
896 881 972 918 quo
994 869 1040 906 iis

99 924 267 962 liberum
307 924 506 973 religionis
553 923 784 961 exercitium
827 923 1040 971 eademque

101 989 190 1015 cum
213 977 423 1016 Catholicis
453 978 541 1014 iura
570 977 722 1026 publica
742 976 940 1014 concessit.
962 976 1041 1013 Cle-

100 1042 168 1069 rus
179 1030 406 1076 catholicus,
415 1030 666 1068 Universitas
680 1030 922 1072 Parisiensis,
933 1040 1036 1078 prae—

101 1084 234 1122 sertim
256 1084 451 1129 Sorhona,
486 1095 689 1132 supremae
723 1083 886 1131 denique
907 1082 1039 1119 curiae

100 1138 225 1175 edicto
246 1136 485 1175 Nannetensi
521 1137 684 1174 multum
718 1137 955 1182 inviderunt,
974 1147 1040 1173 se-

102 1194 215 1228 natus
236 1190 468 1229 Parisiensis
487 1189 585 1227 illud
605 1190 643 1227 in
665 1190 885 1239 catalogum
908 1189 1036 1238 legum

101 1244 249 1282 referre
283 1244 347 1281 diu
379 1243 585 1289 recusavit,
614 1244 734 1280 donec
762 1244 918 1281 tandem
939 1254 1038 1279 anno

103 1297 206 1335 1599
220 1309 292 1335 rex
311 1298 392 1346 ipse
414 1297 453 1333 in
474 1297 581 1334 curia
602 1309 797 1346 praesens,
813 1296 925 1345 gravi
946 1307 1037 1333 ora-

100 1351 206 1388 tione
234 1363 319 1388 eum
351 1351 398 1388 ad
419 1350 490 1387 hoc
510 1349 733 1387 faciendum
754 1349 993 1399 permoverit
1012 1347 1037 1386 ².

152 1405 346 1442 Henricus
366 1416 494 1441 rerum
517 1406 716 1452 gestarum
742 1403 980 1452 praestantia
1000 1406 1039 1440 et

99 1457 294 1495 industria
313 1457 446 1507 Magni
468 1469 607 1494 nomen
629 1459 875 1496 consecutus.
894 1468 1038 1505 regna-

101 1511 158 1549 vit
180 1523 301 1560 usque
321 1511 368 1548 ad
389 1523 449 1548 an.
475 1510 588 1555 1610,
608 1522 682 1559 quo
699 1523 722 1547 a
737 1510 942 1548 Francisco
964 1510 1038 1547 Ra-

100 1564 255 1610 vaillac,
274 1564 554 1613 Engolimensi,
580 1563 807 1601 interfectus
826 1568 884 1601 est
907 1561 932 1601 ³.
955 1564 1038 1600 Hoc

100 1618 306 1667 parricidio
321 1618 535 1655 adversarii
556 1618 791 1655 Iesuitarum
807 1628 942 1654 rursus
954 1629 1039 1653 con-

99 1676 163 1710 tra
182 1683 246 1709 eos
268 1671 326 1708 usi
359 1675 449 1708 sunt
465 1701 474 1716 ,
494 1675 534 1708 et
553 1670 706 1708 libellos
739 1671 1034 1708 accusationum

101 1726 242 1774 plenos,
263 1725 451 1762 adversus
466 1724 620 1762 eosdem
637 1736 705 1761 ceu
721 1727 902 1761 auctores
921 1726 960 1760 et
980 1724 1040 1761 de-

100 1779 273 1817 fensores
293 1778 492 1816 doctrinae
514 1778 560 1814 de
581 1778 697 1814 caede
718 1789 855 1827 regum
875 1789 919 1814 ac
940 1777 1039 1826 prin-

99 1833 226 1880 cipum
240 1832 637 1881 vulgarunt;senatus
648 1831 879 1868 Parisiensis
895 1830 1038 1867 librum

99 1886 128 1923 I.
142 1885 355 1929 Marianae,
372 1885 533 1922 iesuitae
549 1885 722 1933 Hispani,
738 1885 796 1921 De
811 1895 903 1932 reye
921 1888 958 1921 et
973 1894 1040 1920 re-

95 1940 161 1986 qz's
181 1940 453 1983 institulione,
473 1938 553 1987 igni
581 1937 797 1982 damnavit,
818 1938 1040 1984 librumque

99 1991 464 2036 R.Bellarmini,De
482 1996 677 2040 potestate
689 1991 1039 2039 Szcmmz'Ponz‘z'fi'-

99 2047 159 2083 cis
173 2047 218 2083 in
235 2045 355 2082 rebus
373 2045 677 2093 temporalibus,
688 2045 759 2082 sub
776 2056 898 2092 poena
911 2044 1040 2081 laesae

98 2099 318 2136 maiestatis
350 2098 555 2135 interdixit
572 2111 581 2143 3
601 2098 668 2134 sed
690 2099 816 2135 Maria
849 2097 1039 2141 Medicea,

99 2151 235 2201 regina
250 2151 369 2188 vidua
384 2154 424 2188 et
439 2151 547 2199 regni
568 2152 825 2200 procuratrix,
842 2151 1035 2187 interdicti

99 2206 211 2243 istius
248 2205 597 2254 promulgationem
643 2205 860 2253 suspendit3
898 2204 1038 2240 librum

100 2258 300 2296 Marianae
319 2258 395 2295 iam
425 2261 516 2295 ante
545 2258 713 2295 Iesuitae
738 2259 809 2306 ipsi
838 2257 1037 2306 improba-

100 2315 200 2356 rant,
219 2312 378 2360 eiusque
412 2311 690 2349 correctionem
711 2323 772 2348 an.
797 2311 897 2348 1599
917 2311 1038 2359 impe-

100 2367 210 2401 rarat
224 2365 463 2413 praepositus
474 2365 668 2414 generalis
681 2364 900 2402 Societatis.
914 2364 1037 2405 Quan-

100 2421 185 2455 tum
204 2421 333 2454 autem
354 2418 403 2455 ad
424 2430 556 2455 necem
573 2418 733 2455 Henrici
751 2418 806 2455 IV
824 2418 1040 2466 spectabat,

99 2470 264 2508 Iesuitae
284 2482 325 2508 se
345 2475 480 2508 contra
501 2471 784 2509 obtrectatores
808 2471 925 2508 facile
947 2471 1038 2506 vin-

101 2524 297 2568 dicarunt,
326 2526 366 2560 et
392 2524 474 2571 ipse
502 2524 721 2569 Ravaillac,
752 2524 1040 2573 quaestionibus

100 2589 267 2626 pressus,
285 2578 508 2614 constanter
527 2578 694 2615 asseruit
711 2607 720 2623 ,
749 2589 789 2614 sc
807 2577 934 2614 solum
954 2588 1037 2614 esse

99 2630 274 2667 criminis
293 2631 490 2666 auctorem
510 2629 538 2667 ⁴.

152 2684 213 2722 73.
234 2683 461 2730 Requionz's
477 2689 610 2720 status
631 2685 678 2721 in
697 2684 843 2731 Belyz'o
859 2705 911 2710 —
927 2685 1039 2720 Anno

102 2736 204 2774 1598
225 2736 447 2786 Philippum
469 2736 505 2773 II
526 2748 658 2786 regem
674 2736 887 2784 Hispaniae
908 2736 1037 2773 defun-

99 2794 206 2827 ctum
225 2789 380 2838 excepit
400 2788 601 2838 Philippus
634 2790 703 2837 111,
732 2789 834 2826 filius
855 2789 950 2835 eius,
973 2790 1037 2837 qui

101 2902 131 2932 P.
149 2901 186 2931 de
202 2895 331 2936 l'Etoile,
343 2900 484 2932 Journal
495 2899 537 2930 (lu
551 2909 647 2940 regne
659 2900 696 2931 de
709 2901 810 2932 chre'
825 2901 1040 2940 IV,an.159.-·‚;

99 2942 206 2974 June
221 2943 316 2978 Thon,
333 2942 476 2973 Histoire
492 2942 628 2973 univers.
642 2943 658 2972 1.
678 2943 782 2974 13’.’;Ρ.
796 2943 1045 2979 Matthieudlist.

99 2984 138 3015 de
152 2983 283 3019 Francia,
308 2989 324 3013 Ι.
346 2984 371 3014 11
387 3009 392 3017 ,
411 2984 428 3013 Ι.
456 2983 487 3020 l,
505 2985 534 3013 Ρ.
552 2984 585 3012 V.
602 2984 704 3023 Cnyet,
726 2982 875 3015 chronol.
905 2985 920 3014 l.
940 2986 974 3016 lv
988 3010 995 3021 ‚
1013 2995 1040 3025 p.

98 3024 175 3060 43⁶2:
190 3027 228 3055 M.
243 3025 336 3064 Suny,
352 3024 529 3059 Jle'mor'res,
547 3028 567 3055 t.
585 3024 622 3061 11,
640 3035 669 3064 p.
685 3025 756 3062 457,
772 3026 842 3055 edit.
862 3025 950 3056 1763.

140 3066 149 3086 ¹
170 3066 246 3097 Hm.
264 3065 432 3097 Societalis
449 3065 529 3096 lesu.

138 3107 152 3128 ²
169 3108 336 3141 romanon.
357 3107 481 3138 Collocc.
499 3107 628 3137 muctar.
647 3116 710 3145 rel.
731 3112 748 3137 ῐ.
767 3108 815 3145 lv,
833 3108 878 3138 tit.
895 3108 922 3139 7.

137 3147 151 3167 ³
171 3149 316 3185 Peresm,
332 3148 471 3179 llis-loire
487 3149 530 3178 {Iu
549 3150 597 3178 roi
614 3147 713 3179 llenri
730 3148 777 3179 ll'.

140 3190 371 3264 4ἒροηε1ιιη.;ιι1
385 3200 436 3221 an.
453 3189 537 3228 1010,
551 3191 725 3228 nicht-ome,
739 3189 883 3222 Examen
899 3190 936 3222 (le
952 3191 1041 3224 [Λη-

105 3231 147 3262 li-
170 3230 263 3263 beon.

1080 497 1279 544 Isabellae,
1298 508 1398 545 quae
1420 498 1578 534 Alberto
1599 497 1811 542 archiduci,
1836 497 2022 535 Maximi-

1082 550 1173 587 liani
1196 550 1230 587 II
1251 549 1344 595 filio,
1378 550 1520 598 nupsit.
1556 550 1798 588 Archiduces
1835 551 2020 588 Albertus

1079 606 1119 640 et
1138 603 1302 640 Isabella
1319 615 1380 640 an.
1396 603 1496 640 1599
1515 614 1664 640 summo
1677 603 1886 653 Belgarum
1908 604 2023 652 plau-

1080 668 1123 693 su
1153 656 1303 705 excepti
1326 660 1433 700 sunt,
1454 655 1599 693 bellum
1629 657 1817 694 adversus
1842 657 2023 695 foedera-

1080 713 1141 746 tas
1169 710 1239 746 sub
1259 709 1445 747 Mani-itio
1467 708 1678 751 Nassavio,
1701 711 1871 759 principe
1891 711 2024 748 Arau-

1080 763 1230 807 sicano,
1251 763 1469 811 provincias
1491 763 1680 811 prosecuti
1712 767 1803 800 sunt
1826 775 1945 812 nsque
1974 765 2022 802 ad

1081 827 1226 853 annum
1250 816 1365 862 1609,
1382 828 1455 865 quo
1475 815 1668 864 utrimque
1683 816 1731 853 12
1746 829 1934 855 annorum
1962 817 2025 854 in-

1081 870 1215 906 duciae
1235 870 1407 907 sancitae
1428 869 1596 906 fuerunt.
1620 869 1779 906 Interim
1801 870 1838 906 in
1861 871 2023 918 provin-

1080 923 1149 960 ciis
1168 923 1490 960 meridionalibus
1509 922 1626 967 mala,
1647 923 1843 971 Religioni
1861 936 1929 973 per
1950 925 2023 962 bel-

1080 977 1117 1013 la
1138 976 1269 1014 civilia
1290 976 1413 1021 illata,
1435 979 1617 1024 reparata
1637 975 1808 1013 suerunt.
1825 977 1906 1013 Piis
1923 979 2024 1026 prin-

1081 1030 1209 1079 cipum
1229 1030 1366 1067 studiis
1387 1041 1494 1078 opem
1515 1029 1690 1066 tulerunt
1704 1029 1862 1078 Belgae.
1886 1031 2024 1068 Plures

1081 1083 1269 1120 ecclesiae
1290 1086 1329 1120 et
1349 1082 1585 1120 monasteria
1619 1082 1680 1119 vel
1715 1083 1933 1120 instaurata
1962 1085 2026 1122 vel

1081 1139 1264 1174 extructa
1284 1140 1388 1181 sunt,
1412 1137 1513 1173 bona
1534 1135 1796 1184 ecclesiastica
1829 1137 2026 1183 restituta,

1081 1190 1287 1239 disciplina
1303 1190 1525 1238 composita.
1545 1189 1586 1226 In
1603 1189 1705 1226 hunc
1721 1188 1838 1227 finem
1855 1191 2026 1228 Mat-hias

1082 1244 1245 1291 Hovius‚
1266 1243 1576 1291 archiepiscopus
1597 1242 1901 1288 Mechliniensis‚
1924 1256 2025 1281 anno

1085 1297 1184 1334 1607
1204 1296 1486 1345 provincialem
1507 1296 1699 1344 synodum
1720 1298 1866 1345 coegit,
1888 1298 1926 1334 in
1948 1310 2025 1346 qua

1082 1351 1239 1388 decreta
1278 1350 1412 1399 plura,
1431 1351 1468 1386 in
1490 1349 1541 1386 26
1581 1349 1765 1387 articulos
1803 1350 2025 1396 distributa,

1081 1404 1236 1441 condita
1257 1407 1347 1441 sunt
1367 1404 1413 1441 de
1443 1402 1552 1440 Fidei
1587 1402 1822 1451 professione
1839 1433 1847 1449 ,
1881 1404 2025 1441 Sacra-

1081 1457 1232 1503 mentis,
1253 1457 1376 1494 divini
1398 1457 1505 1493 verbi
1526 1456 1826 1504 praedicatione,
1856 1457 2024 1495 clerico-

1082 1523 1171 1549 rum
1192 1514 1231 1548 et
1250 1511 1530 1547 monachorum
1563 1509 1659 1551 vita,
1687 1510 1839 1556 scholis,
1860 1511 2024 1548 semina-

1084 1565 1153 1602 riis
1182 1564 1358 1612 aliisque.
1380 1564 1489 1605 Quae
1519 1564 1676 1600 decreta
1705 1575 1727 1600 a
1756 1563 1879 1601 Paulo
1899 1565 1968 1613 Pp.
1989 1565 2025 1602 V

1086 1619 1284 1667 recognita
1305 1620 1344 1654 et
1365 1618 1577 1666 approbat-a
1597 1616 1758 1655 fuerunt
1779 1616 1802 1655 ¹.

1138 1672 1179 1708 In
1201 1671 1410 1708 foederatis
1432 1682 1525 1707 vero
1555 1670 1766 1719 provinciis
1781 1701 1790 1717 ‚
1813 1671 1860 1707 ab
1883 1671 2026 1720 Hispa-

1084 1736 1222 1762 norum
1242 1725 1334 1773 iugo
1355 1724 1560 1772 separatis,
1581 1723 1804 1762 calviniana
1818 1724 1955 1773 religio
1977 1738 2024 1762 u-

1082 1779 1197 1826 bique
1230 1777 1465 1827 praevaluit.
1500 1777 1576 1818 Qui
1609 1779 1738 1814 autem
1759 1777 1798 1814 in
1833 1776 2024 1816 catholica

1084 1832 1274 1881 religione
1294 1831 1601 1880 perseverabant
1616 1860 1625 1876 ,
1660 1831 1775 1868 vexis
1796 1831 1968 1879 plurimis
1987 1835 2026 1870 et

1083 1885 1418 1934 persecutionibus
1439 1883 1597 1921 fuerunt
1613 1884 1782 1921 obnoxii.
1801 1885 1944 1922 Postea
1964 1898 2025 1923 ve·
2047 1900 2049 1903 ·

1084 1951 1125 1976 ro
1142 1938 1331 1976 Catholici
1351 1937 1418 1987 qui
1438 1937 1596 1975 tertiam
1617 1937 1699 1974 fere
1716 1941 1867 1987 partem
1886 1938 2029 1975 incola-

1083 2004 1170 2029 rum
1191 1992 1229 2028 in
1250 1992 1335 2030 istis
1358 1991 1578 2039 provinciis,
1601 1991 1717 2040 vulgo
1735 1991 1954 2037 Hollandia,
1976 1992 2030 2029 ef-

1083 2046 1280 2092 ficiebant,
1303 2045 1456 2082 civilem
1489 2045 1738 2081 tolerantiam
1765 2057 1851 2081 cum
1874 2045 2024 2093 publico

1083 2099 1280 2148 religionis
1315 2110 1408 2135 suae
1443 2097 1628 2134 exercitio
1645 2128 1654 2144 ,
1674 2099 1740 2136 sed
1765 2099 1885 2135 variis
1906 2100 2025 2136 modis

1083 2152 1276 2197 restricto,
1298 2152 1562 2189 obtinuerunt.

1135 2206 1295 2243 Interim
1335 2204 1692 2254 archiepiscopatus
1727 2205 2025 2244 Ultraiactensis

1081 2258 1239 2308 eiusque
1251 2259 1487 2307 suffraganei
1502 2258 2023 2307 episcopatusHarlemensis‚

1082 2312 1390 2357 Daventriensis,
1403 2311 1714 2355 Leovardiensis,
1731 2312 2021 2361 Groningensis,

1083 2368 1123 2402 et
1143 2365 1506 2414 Midflelburgensis,
1525 2377 1624 2402 anno
1638 2365 1738 2402 1559
1759 2377 1781 2402 a
1801 2366 1925 2402 Paulo
1947 2367 2018 2414 Pp.

1085 2419 1327 2462 IVinstituti,
1343 2418 1601 2467 deperierunt.
1616 2418 1741 2459 Quum
1758 2421 1844 2467 post
1859 2421 2023 2456 mortem

1083 2472 1273 2509 Friderici
1293 2472 1479 2509 Schenkii
1499 2470 1660 2521 (1580),
1682 2472 1744 2519 qui
1774 2471 1849 2508 fuit
1878 2472 2024 2520 primus

1082 2527 1122 2562 et
1143 2525 1304 2562 ultimus
1324 2529 1418 2562 tunc
1434 2525 1744 2574 archiepiscopus
1758 2523 2022 2562 Ultraiecten-

1083 2578 1147 2624 sis,
1168 2579 1382 2627 capitulum
1398 2579 1513 2615 huius
1530 2578 1725 2615 Ecclesiae
1742 2589 1816 2614 non
1840 2577 2024 2627 elegisset

1087 2632 1274 2669 vicarium
1309 2632 1576 2680 capitularem,
1600 2631 1810 2679 Gregorius
1832 2632 1902 2679 Pp.
1924 2633 2020 2670 XIII

1085 2697 1152 2734 pro
1172 2685 1366 2723 Dioecesis
1382 2683 1675 2722 Ultraiectensis
1691 2684 2023 2722 administratione

1087 2738 1278 2776 vicarium
1294 2738 1546 2788 apostolicum
1563 2736 1778 2774 nominavit
1789 2738 2020 2776 Sasboldum

1085 2792 1329 2829 Vosmerum.
1351 2793 1424 2829 An.
1444 2791 1686 2838 1583‚quum
1707 2791 1848 2827 caeteri
1871 2804 2022 2840 quoque

1085 2845 1165 2882 illic
1185 2845 1427 2894 episcopatus
1449 2844 1667 2892 pastoribus
1696 2846 1876 2881 carerent
1893 2874 1902 2891 ,
1923 2845 2023 2882 idem

1086 2898 1268 2936 Pontifex
1297 2897 1473 2934 eumdem
1502 2897 1733 2933 Vosmerum
1765 2908 1831 2946 pro
1852 2898 2024 2935 ecclesiis

1085 2951 1204 2988 tot-ius
1223 2950 1411 2989 foederati
1433 2949 1553 2998 Belgii
1573 2961 1641 2986 seu
1663 2948 1892 2988 Hollandiae
1923 2951 2025 2988 vica-

1089 3005 1185 3042 rium
1215 3003 1468 3053 apostolicum
1497 3002 1720 3049 constituit3
1741 3007 1780 3041 et
1799 3016 1901 3041 anno
1924 3004 2024 3042 1602

1086 3058 1262 3095 Clemens
1282 3056 1376 3093 VIII
1397 3068 1485 3092 eum
1506 3056 1655 3092 Romae
1685 3058 1926 3094 consecravit
1954 3070 2023 3094 ar-

1086 3111 1368 3158 chiepiscopum
1393 3110 1626 3152 titularem,
1653 3109 1708 3146 uti
1739 3122 1840 3147 nunc
1869 3110 2022 3156 dicitur,

1129 3193 1136 3212 ¹
1156 3194 1197 3222 Dc
1215 3192 1372 3226 floriac-ho,
1388 3190 1466 3222 Hist.
1483 3190 1525 3220 clu
1542 3200 1700 3232 royaume
1715 3191 1766 3221 cles
1786 3192 1956 3231 Ραῃε-Βαε,
1974 3193 2023 3223 ln-

1085 3235 1231 3271 troduct.;
1248 3235 1290 3265 De
1307 3234 1391 3269 nam,
1408 3232 1590 3273 Synodicon
1607 3233 1783 3275 Belgicam,
1800 3237 1822 3265 t.
1836 3235 1858 3265 1.
