2241 3473
796 230 889 297 IN
895 227 1372 296 TRODVOTIO

1058 386 1107 415 IN

501 501 942 590 HISTORIAM
989 498 1673 586 ECCLESIASTICAM

113 892 141 944 g
161 890 198 930 1.
219 887 450 930 Historiae
477 886 820 928 Ecclesz'astz'cae
845 883 1063 937 Definitio

171 1006 360 1049 Ecclesia
378 1008 442 1047 est
460 1005 640 1046 societas
658 1003 871 1044 hominum
889 1003 999 1044 inter
1018 1015 1062 1043 se

111 1067 429 1108 coniunctorum
453 1063 742 1106 communione
764 1062 839 1103 sub
860 1062 1062 1116 regimine

113 1125 396 1192 legitimorum
406 1126 623 1190 pastorum
634 1126 676 1164 et
684 1122 931 1176 praesertim
942 1122 1064 1162 unius

112 1186 153 1225 in
176 1185 298 1226 terris
321 1183 468 1225 vicarii
491 1181 659 1229 Christi,
679 1181 859 1223 Romani
884 1179 1062 1222 Pontifi-

113 1244 184 1285 cis.
207 1244 340 1284 Huius
363 1242 575 1284 Ecclesiae
597 1254 670 1282 seu
693 1241 906 1282 societatis
926 1240 1062 1306 origo,

112 1302 364 1368 propagatio
399 1305 442 1343 et
473 1300 756 1349 conservatio,
795 1301 940 1340 varius
974 1301 1063 1340 eius

113 1365 250 1404 status
281 1361 369 1402 sive
400 1361 595 1408 interior,
618 1360 707 1400 sive
741 1359 951 1407 exterior,
974 1357 1063 1400 fata

113 1433 316 1476 prospera
349 1423 405 1467 et,
422 1419 606 1461 adversa
638 1419 904 1460 constituunt
936 1422 1063 1459 mate-

112 1481 218 1522 riam
241 1493 317 1521 seu
334 1481 632 1534 argumentum
649 1478 852 1520 historiae
871 1477 1064 1519 ecclesia-

113 1540 267 1588 sticae3
300 1551 447 1581 eorum
478 1539 669 1579 namatio
702 1537 854 1579 dicitur
884 1537 1063 1578 historia

112 1598 412 1641 ecclesiastica.
435 1597 553 1638 Haec
575 1598 706 1652 igitur
727 1596 891 1638 definiri
908 1598 1061 1652 potest:

114 1658 314 1700 Narratio
343 1656 423 1698 fide
460 1656 589 1710 digna
622 1658 666 1697 et
698 1656 892 1698 ordinata
923 1669 1063 1697 rerum

113 1730 185 1758 seu
202 1719 432 1757 eventuum
453 1714 787 1756 memorabilium
810 1715 1020 1756 Ecclesiae
1039 1728 1063 1755 a

115 1774 282 1817 Christo
317 1774 551 1816 institutae.
575 1774 737 1815 Dicitur
759 1775 948 1815 narratio
971 1774 1064 1826 fide

113 1834 270 1888 dz‘yna,
294 1845 377 1886 qua
399 1846 539 1874 rerum
563 1836 742 1874 eventus
765 1847 787 1874 e
809 1846 1061 1874 monumen-

113 1894 166 1935 tis
187 1898 230 1934 et
252 1892 500 1934 testimoniis
523 1891 778 1933 authenticis
809 1895 936 1946 atque
968 1892 1061 1933 ido-

112 1952 202 1993 neis
216 1952 303 1992 sine
316 1952 634 2005 praeconceptis
647 1950 907 2004 opinionibus
920 1954 962 1993 et
971 1964 1064 2005 par-

112 2012 217 2053 tium
231 2010 368 2052 studio
390 2009 641 2052 referentur.
656 2011 819 2052 Dicitur
830 2010 1060 2060 ordinata,

112 2083 195 2124 qua
209 2074 440 2111 eventuum
453 2071 581 2111 series
595 2070 653 2111 ita
667 2069 842 2118 texitur,
856 2072 904 2111 ut
916 2083 1062 2111 eorum

113 2142 288 2177 causae,
312 2128 506 2183 sequelae
538 2132 580 2171 et
611 2142 746 2170 nexus
778 2128 976 2171 distincto
999 2142 1063 2170 or-

115 2188 207 2230 dine
239 2188 546 2230 consocientur.
569 2187 750 2230 Additur
778 2200 942 2230 rerum
963 2200 1060 2230 me-

114 2246 430 2296 morabilium,
454 2261 536 2302 qua
566 2261 588 2289 e
622 2247 886 2289 multitudine
918 2260 1060 2289 rerum

113 2309 154 2348 in
176 2306 365 2348 Ecclesia
396 2311 610 2362 gestarum
641 2306 896 2348 exhibentur
927 2320 1015 2356 eae,
1039 2320 1061 2348 e

114 2365 261 2419 quibus
282 2365 390 2407 illius
413 2368 552 2407 status
574 2367 815 2408 accuratius
834 2367 1060 2421 cognosci-

116 2427 198 2474 tur,
217 2436 407 2482 quaeque
427 2425 479 2467 ad
497 2439 593 2467 eum
611 2425 915 2468 immutandum
933 2426 1061 2467 maxi-

116 2495 181 2524 me
201 2484 479 2526 contulerunt.

136 2601 164 2654 ἓ
186 2600 226 2641 2.
246 2601 472 2644 Historiae
490 2603 836 2646 Ecclesz'astz'cae
863 2602 1042 2646 Vtz'lz'tas

175 2717 294 2766 Quod
313 2717 362 2759 de
379 2718 553 2762 historia
577 2723 812 2776 generatim
834 2720 1062 2764 affirmavit

115 2776 261 2819 Cicero
298 2791 437 2818 «eam
475 2793 593 2829 esse,
627 2784 778 2822 testem
812 2785 1060 2835 temporum,

114 2835 249 2878 lucem
283 2838 498 2887 veritatis,
521 2839 652 2880 vitam
680 2841 927 2889 memoriae,
951 2853 1061 2881 nun-

114 2896 220 2937 ciam
245 2897 486 2945 vetustatis,
506 2899 753 2952 magistram
782 2901 895 2941 vitae
918 2898 929 2921 ¹
952 2913 999 2948 »,
1021 2899 1060 2941 id

113 2955 293 2996 maxime
318 2956 561 3009 praedicare
592 2956 689 2999 licet
721 2958 771 3000 de
802 2958 979 3000 historia
1000 2972 1061 3000 ec-

114 3013 360 3055 clesiastica.
386 3013 502 3056 Haec
534 3016 575 3056 in
606 3016 748 3070 primis
780 3031 865 3068 eos,
889 3018 960 3072 qui
981 3017 1062 3059 Ec-

113 3072 263 3114 clesiae
297 3072 495 3129 adscripti
528 3079 646 3124 sunt,
679 3077 812 3132 magis
844 3077 1060 3132 magisque

156 3209 162 3229 ¹
183 3209 231 3238 De
246 3214 394 3246 oratore,
411 3209 429 3239 1,
447 3209 480 3247 ll,
497 3219 522 3240 c.
538 3209 565 3238 9.

268 3261 505 3302 WOU'I'ERS
536 3264 550 3300 I
562 3294 570 3308 ,

1107 884 1147 923 in
1171 884 1416 924 constanter
1438 881 1627 923 amandis
1650 883 1692 923 et
1723 881 1887 923 tuendis
1921 883 2054 924 sacris

1107 942 1192 983 suis
1214 941 1456 991 confirmat;
1480 941 1602 982 docet
1623 941 1771 995 quippe
1794 940 2054 995 apertissime

1107 1001 1290 1042 divinam
1314 1000 1563 1055 Religionis,
1583 1012 1708 1054 quam
1729 999 1994 1054 profitentur,
2015 1014 2056 1042 o-

1107 1061 1306 1116 riginem,
1330 1060 1561 1101 mirabilem
1594 1059 1683 1100 eius
1705 1059 2053 1114 propagationem

1107 1122 1149 1161 et
1170 1123 1416 1174 perpetuam
1440 1119 1815 1160 conservationem.
1839 1118 1964 1166 Aliis,
1986 1120 2056 1173 qui

1106 1179 1158 1220 ab
1180 1179 1302 1220 huius
1321 1178 1533 1220 Ecclesiae
1551 1179 1710 1233 gremio
1730 1177 1854 1218 alieni
1871 1179 1980 1226 sunt,
2000 1179 2058 1220 fa-

1107 1238 1195 1280 cilis
1219 1238 1418 1291 claraque
1439 1238 1510 1280 via
1532 1240 1608 1285 est,
1629 1250 1711 1291 qua
1727 1236 1780 1278 ad
1797 1249 1890 1277 eam
1909 1249 2056 1291 perve-

1106 1299 1243 1345 niant,
1267 1310 1432 1352 quaque
1465 1297 1709 1352 dignoscere
1741 1295 1914 1338 valeant
1935 1296 2055 1338 Reli-

1107 1357 1275 1411 gionem
1299 1370 1324 1398 a
1346 1356 1514 1399 Christo
1538 1356 1775 1398 institutam
1797 1358 1839 1397 et
1860 1354 1913 1397 ab
1935 1354 2055 1411 Apo-

1107 1416 1223 1458 stolis
1235 1418 1527 1471 propagatam.
1539 1415 1744 1470 Exempla
1756 1416 1855 1456 sunt
1866 1427 1948 1455 non
1958 1428 2056 1469 pau-

1083 1480 1086 1484 '
1106 1489 1157 1517 ca
1177 1488 1336 1525 eorum,
1360 1488 1464 1529 quos
1497 1488 1521 1516 a
1543 1476 1698 1517 teneris
1725 1474 1943 1516 haeretica
1963 1473 2056 1515 labe

1105 1534 1292 1583 infectos,
1307 1535 1405 1576 nihil
1419 1535 1553 1590 magis
1565 1533 1617 1576 ad
1634 1534 1855 1576 veritatem
1868 1533 2051 1583 reduxit,

1106 1608 1231 1648 quam
1254 1594 1456 1636 historiae
1477 1593 1791 1635 ecclesiasticae
1808 1595 2056 1648 perscruta-

1106 1655 1180 1695 tio,
1204 1653 1406 1695 Omnibus
1427 1653 1602 1707 denique
1634 1651 1913 1695 instituendae
1941 1652 2057 1694 vitae

1107 1716 1252 1755 sancte
1284 1712 1477 1767 exempla
1510 1715 1553 1753 et
1578 1712 1851 1754 hortamenta
1883 1710 2057 1753 exhibet

1107 1773 1339 1820 innumera,
1363 1775 1410 1813 ut
1433 1772 1599 1813 beatam
1622 1774 1782 1812 sortem
1804 1782 1964 1819 eorum,
1987 1771 2057 1825 qui

1106 1831 1369 1886 Religionem
1393 1830 1667 1872 christianam
1700 1829 1881 1872 fideliter
1902 1842 2055 1872 serva-

1106 1894 1218 1938 runt,
1253 1891 1556 1944 assequantur,
1591 1893 1635 1930 et
1666 1888 1912 1943 multiplicia
1943 1889 2055 1931 mala

1105 1962 1271 1998 eorum,
1295 1950 1364 2003 qui
1395 1948 1448 1990 ab
1479 1948 1549 1989 illa
1580 1948 1704 1990 alieni
1725 1947 1896 1990 fuerunt
1917 1951 1992 1990 aut
2014 1948 2057 1989 il-

1104 2008 1184 2050 lius
1206 2009 1372 2050 nomine
1404 2008 1509 2050 falso
1536 2007 1729 2062 maleque
1750 2007 1920 2063 gloriati
1942 2010 2053 2058 sunt,

1105 2068 1308 2110 devitent.

1164 2126 1246 2169 Sed
1279 2128 1462 2168 maxime
1483 2127 1526 2167 in
1557 2125 1792 2176 formando,
1815 2125 2056 2168 adiuvando

1105 2188 1148 2228 et
1171 2186 1358 2228 ornando
1391 2185 1590 2241 theologo
1622 2185 1824 2227 historiae
1848 2185 2053 2227 ecclesia-

1105 2247 1237 2288 sticae
1276 2246 1433 2288 utilitas
1465 2249 1591 2300 atque
1623 2246 1851 2287 necessitas
1884 2245 2053 2299 conspi—

1106 2306 1287 2355 ciuntur,
1312 2308 1458 2360 utpote
1481 2318 1587 2359 quae
1609 2303 1796 2359 singulas
1812 2318 1844 2346 s,
1869 2304 2054 2346 Theolo-

1105 2365 1199 2419 giae
1221 2366 1364 2419 partes
1387 2364 1492 2405 mire
1514 2365 1722 2414 illustrat3
1746 2363 1851 2405 adeo
1873 2366 1922 2405 ut
1943 2362 2053 2405 doct.

1105 2424 1309 2466 Melchior
1342 2424 1482 2466 Canus
1514 2425 1605 2465 iure
1636 2423 1811 2471 dixerit,
1834 2421 2054 2477 theologo-

1104 2496 1197 2524 rum
1229 2496 1479 2537 quemquam
1510 2482 1714 2525 historiae
1746 2481 2053 2523 ecclesiasticae

1105 2543 1312 2597 ignarum,
1335 2542 1524 2597 theologi
1545 2543 1710 2584 nomine
1726 2541 1935 2583 immerito
1957 2540 2056 2596 glo-

1103 2602 1204 2643 riari
1229 2603 1255 2644 ¹.

1163 2661 1209 2702 In
1228 2661 1371 2716 primis
1387 2660 1565 2702 historia
1583 2659 1868 2703 ecclesiastica
1879 2672 1932 2700 SS.
1947 2657 2052 2702 Scri-

1104 2722 1326 2775 pturarum
1358 2720 1575 2775 interpreti
1606 2719 1819 2762 Ecclesiae
1850 2718 2051 2761 traditio-

1103 2793 1197 2820 nem
1221 2779 1271 2821 de
1293 2793 1346 2821 ss.
1371 2779 1592 2821 Librorum
1623 2791 1810 2827 numero,
1833 2777 2053 2820 authentia

1103 2842 1146 2881 et
1177 2840 1380 2880 canonica
1412 2838 1682 2887 auctoritate,
1705 2837 1949 2880 versionum
1972 2838 2052 2879 ori·

1103 2899 1243 2952 ginem
1275 2902 1318 2939 et
1350 2897 1460 2946 fata,
1483 2897 1716 2951 legitimum
1747 2896 2051 2950 interpretandi

1102 2957 1406 3012 magisterium,
1430 2956 1684 3011 regulasque
1715 2955 2050 2998 hermeneuticas

1102 3015 1286 3058 exhibet.

1161 3074 1352 3117 Secundo
1384 3074 1563 3117 historia
1589 3075 1877 3118 ecclesiastica
1908 3073 2049 3116 subsi-

1078 3232 1080 3241 ,
1144 3209 1152 3230 ¹
1172 3210 1220 3239 De
1236 3209 1315 3240 loeis
1332 3207 1534 3248 ffleoquicis,
1550 3208 1566 3238 l.
1585 3209 1618 3244 11,
1631 3218 1657 3238 c.
1674 3207 1722 3238 11.
