2241 3473
686 155 823 185 VSQVE
844 157 898 184 AD
918 156 1204 185 PRAESENTEM
1226 158 1430 187 ΑΕΤΑΤΕΜ

83 228 239 271 Quanta
263 232 468 279 sapientia.
490 233 772 282 prudentiaque
791 235 948 272 student
966 235 1032 272 hu-

88 282 147 320 ius
162 284 338 321 beneficii
354 287 563 334 participes
582 288 740 325 efficere
754 289 928 336 populos,
939 289 1028 325 dum

86 341 195 372 sarta
207 343 246 374 et
265 343 370 374 tecta
388 346 597 377 conservat
618 341 816 378 Ecclesiae
835 343 934 385 iura,
952 343 1028 378 iam

88 389 266 434 vidimus,
293 404 380 428 cum
408 393 454 430 de
481 399 586 431 statu
606 396 820 442 Religionis
847 396 884 431 in
913 397 1030 443 impe-

84 442 165 486 riis,
193 445 305 491 regui
331 451 371 482 et
396 448 576 493 gentibus
594 448 665 484 sub
684 451 800 485 tinem
820 449 1027 485 Pontifica-

85 498 146 532 tus
173 496 232 532 Pii
267 498 319 534 IX
352 499 619 536 disseruimus.
664 503 757 538 Eius
795 503 1028 550 Encyclicae

83 548 259 588 Litterae
279 562 324 587 ac
344 553 559 599 Epistolae,
574 566 673 602 quae
692 555 874 592 doctrina
892 560 931 593 et
949 568 1029 592 ser·

84 612 200 640 mone
231 605 380 652 scripta
413 608 589 643 referunt
616 609 748 644 Sancti
778 610 919 645 Leonis
946 610 1027 646 Ma-

81 656 163 703 gni,
181 657 354 705 singulos
372 659 563 704 homines,
584 662 790 704 familiam,
810 662 1029 699 hominum-

81 720 156 757 que
184 710 298 747 civilc
318 714 556 750 consortium
585 727 608 752 a
626 716 817 752 malorum
844 717 1029 752 barathro

81 764 300 808 retrahere,
328 771 368 802 et
386 767 433 803 ad
454 773 603 805 rectum
624 770 873 817 quietumque
896 771 1026 806 trami-

84 820 162 853 tem
192 828 381 856 revocare
409 822 661 858 contendunt.

128 870 187 906 Ad
217 870 484 917 Patriarchas,
513 874 724 917 Primates,
758 877 1030 924 Archiepisco-

83 933 152 970 pos
177 928 218 960 et
247 925 462 974 Episcopos
481 929 688 965 universos
716 930 897 966 catholici
925 932 1030 967 orbis

82 976 272 1014 Litteram
300 980 552 1027 Encyclicam
572 983 677 1018 misit
697 983 775 1019 Leo
798 984 886 1020 XIII
906 984 966 1020 die
987 984 1032 1023 28

80 1029 300 1068 decembris
328 1033 433 1071 1878.
462 1035 587 1079 Haec,
615 1047 712 1083 quae
740 1037 887 1084 incipit:
917 1037 1030 1078 Quod

79 1083 300 1131 Apostolici
325 1087 510 1131 muneris,
538 1090 641 1125 mala
668 1091 829 1126 Litteris
854 1092 1029 1139 Encycli-

80 1137 136 1173 cis
151 1140 295 1176 mensis
311 1142 447 1188 aprilis
464 1141 668 1190 deplorata
688 1144 795 1180 brevi
815 1145 1030 1182 increvisse

81 1190 238 1230 indicat.
268 1194 325 1231 De
351 1195 417 1231 illa
444 1207 583 1244 nempe
611 1197 811 1234 hominum
838 1203 946 1235 secta
975 1200 1025 1236 lo·

80 1245 210 1292 quitur
238 1247 432 1291 Pontifex,
451 1263 470 1283 c
490 1251 553 1297 qui
573 1250 739 1287 diversis
758 1263 804 1288 ac
824 1264 922 1300 pene
942 1255 1026 1290 bar-

80 1297 186 1336 baris
219 1302 442 1338 nominibus
460 1303 716 1348 Socialiscae,
738 1305 1026 1344 Communistae

80 1353 141 1388 vel
167 1353 391 1391 Niltilistae
416 1358 678 1403 appellantur,
700 1359 837 1406 quique
858 1371 928 1407 per
945 1362 1026 1397 uni-

79 1416 238 1442 versum
255 1409 391 1446 orbem
411 1409 553 1453 diffusi,
572 1417 612 1448 et
630 1412 759 1459 iniquo
776 1414 879 1449 inter
892 1425 933 1450 se
949 1415 1026 1452 foe-

78 1458 172 1497 dere
203 1462 427 1500 arctissime
455 1465 654 1512 colligati,
682 1478 756 1502 non
784 1468 952 1514 amplius
977 1469 1025 1504 ab

78 1513 325 1551 occultorum
367 1524 633 1555 conventuum
675 1521 847 1557 tenebris
879 1523 1025 1568 praesi-

80 1566 185 1603 dium
217 1575 415 1616 quaerunt
433 1599 441 1615 ,
469 1572 536 1608 sed
564 1573 691 1620 palam
718 1574 958 1623 fidenterque
988 1576 1025 1611 in

80 1620 206 1657 lucem
223 1623 478 1670 prodeuntes,
493 1626 593 1673 quod
609 1627 839 1674 iampridem
855 1629 1026 1666 inierunt

80 1675 287 1712 consilium
306 1678 513 1715 cuiuslibet
530 1680 654 1716 civilis
673 1682 873 1718 societatis
891 1683 1026 1718 funda-

79 1732 214 1765 menta
240 1731 501 1776 convellendi,
531 1735 722 1780 perficere
743 1734 970 1771 adnituntur
986 1750 1019 1770 ».

77 1781 246 1818 Causam
275 1784 410 1821 horum
432 1787 669 1833 perfidorum
690 1788 888 1824 hominum
908 1789 1024 1825 auda—

79 1836 165 1873 ciae
183 1837 231 1873 ab
250 1838 296 1874 iis
313 1841 520 1876 venenatis
538 1841 726 1878 doctrinis
746 1845 902 1890 repetit,
925 1855 1023 1891 quae

76 1891 346 1937 superioribus
379 1895 621 1941 temporibus
650 1901 849 1943 tamquam
882 1897 1023 1933 vitiosa

77 1944 230 1980 semina
256 1946 407 1983 medios
432 1948 535 1984 inter
562 1950 723 1996 populos
748 1950 925 1994 diffusae,
943 1956 1022 1986 tarn

78 1997 288 2043 pestiferos
302 2011 371 2036 suo
388 2006 564 2049 tempore
579 2003 728 2039 fructus
738 2003 1023 2041 dederunt.Sed

77 2056 282 2088 sectarum
309 2060 473 2091 conatus
491 2055 528 2091 in
548 2056 701 2092 irritum
722 2068 904 2094 cessuros
923 2059 1022 2094 affir-

77 2109 171 2149 mat,
201 2106 234 2141 si
261 2107 478 2145 catholicae
507 2110 708 2146 Ecclesiae
736 2111 1023 2156 doctrina,Ro-

77 2169 360 2208 manorumque
390 2161 625 2199 Pontificum
653 2165 883 2208 auctoritas,
904 2171 942 2202 et
960 2177 1022 2212 pe-

78 2223 148 2249 nes
174 2214 373 2261 principes
399 2222 440 2252 et
466 2229 586 2264 penes
612 2219 773 2265 populos
791 2248 799 2263 ,
827 2219 956 2256 debito
984 2221 1022 2255 in

76 2265 224 2304 honore
251 2270 455 2306 manserit.
484 2271 532 2307 Et
562 2271 610 2307 ad
631 2273 826 2320 principes
844 2278 884 2309 et
902 2284 1023 2320 popu-

78 2319 135 2355 los
154 2332 290 2358 vocem
306 2323 448 2360 attollit
463 2326 541 2360 Leo
558 2325 662 2369 XIII,
681 2337 823 2373 eosque
843 2339 913 2374 per
935 2338 1023 2374 pro-

78 2373 205 2420 priam
232 2375 404 2421 ipsorum
430 2388 476 2413 ac
495 2378 732 2424 reipublicae
750 2380 917 2416 salutem
938 2392 1024 2428 pre—

76 2432 203 2471 catur,
230 2429 444 2473 obtestans,
471 2437 513 2467 ut
540 2433 775 2477 Ecclesiam,
803 2433 850 2470 de
871 2434 1024 2481 publica

77 2492 290 2527 regnorum
323 2486 583 2531 prosperitate
611 2491 691 2522 tam
718 2488 882 2534 egregie
910 2488 1025 2523 meri-

78 2537 172 2578 tam,
191 2537 421 2583 magistram
439 2539 630 2586 recipiant
646 2540 1023 2587 etaudiant,ipsam-

77 2598 150 2634 que
179 2589 397 2626 Ecclesiam
418 2592 457 2626 in
475 2603 561 2628 eam
584 2594 742 2629 tandem
762 2593 1022 2630 conditionem

77 2640 378 2691 libertatemque
393 2646 615 2689 restituant,
631 2658 706 2693 qua
721 2647 1023 2683 saluberrimam

77 2693 156 2729 vim
170 2707 282 2731 suam
302 2697 340 2732 in
359 2698 477 2734 totius
495 2699 688 2736 humanae
707 2701 909 2736 societatis
924 2712 1025 2736 com-

76 2747 233 2785 modum
260 2751 381 2797 possit
406 2762 583 2788 exerere.

125 2802 296 2850 Egregie
316 2804 457 2840 iterum
479 2806 808 2843 luctuosissimum
824 2808 1024 2843 societatis

78 2853 273 2893 humanae
300 2863 550 2904 praesentem
581 2865 725 2896 statum
754 2861 960 2897 adumbrat
986 2862 1022 2897 in

77 2908 207 2945 altera
233 2911 385 2947 Littera
411 2912 641 2960 Encyclica,
663 2925 777 2961 quam
807 2914 941 2950 iisdem
960 2915 1022 2952 de—

77 2960 134 2997 dit
163 2963 244 2999 suis
263 2964 562 3002 Venerabilibus
583 2967 786 3003 Fratribus
813 2967 873 3004 die
900 2968 945 3004 29
972 2969 1024 3004 iu-

77 3014 130 3049 nii
149 3016 251 3061 1881,
270 3029 446 3065 quaeque
465 3019 510 3055 de
533 3020 697 3056 Politice
713 3020 942 3067 principatu
958 3032 1022 3057 au-

78 3066 145 3104 dit.
176 3070 316 3118 Incipit
342 3073 446 3108 enim
473 3074 620 3110 dicens:
649 3075 905 3110 «Diuturnum
934 3075 1022 3110 illud

76 3124 402 3172 teterrimumque
436 3127 578 3162 bellum
598 3156 606 3170 ,
635 3128 825 3164 adversus
850 3127 1020 3163 divinam

78 3173 279 3214 Ecclesiae
291 3180 570 3216 auctoritatem
585 3186 823 3227 susceptum,
834 3181 937 3224 illuc,
950 3192 1023 3228 quo

78 3230 250 3273 proclive
277 3238 379 3275 erat,
398 3234 538 3278 evasit;
556 3233 739 3271 videlicet
758 3234 798 3270 in
816 3244 1021 3270 commune

1905 149 1984 187 445

1082 230 1298 276 periculum
1325 230 1526 267 societatis
1551 231 1761 275 humanae,
1789 241 1836 268 ac
1858 230 2032 267 nomina-

1082 284 1147 319 tim
1167 285 1291 320 civilis
1311 285 1564 332 principatus,
1586 285 1622 320 in
1649 296 1724 332 quo
1752 285 1857 321 salus
1877 285 2032 332 publica

1081 337 1248 373 maxime
1267 338 1414 373 nititur.
1429 338 1539 378 Quod
1555 340 1626 374 hac
1639 339 1881 386 potissimum
1899 342 2031 375 aetate

1081 398 1215 426 nostra
1225 391 1369 427 factum
1381 403 1466 428 esse
1478 397 1653 439 apparet.
1667 391 1908 439 Cupiditates
1925 392 2030 428 enIm

1082 445 1289 491 populares
1316 445 1528 492 quamlibet
1556 445 1709 493 imperii
1735 446 1814 481 vim
1842 445 2031 482 audacius

1080 498 1191 534 hodie
1227 504 1431 542 recusant,
1460 509 1575 546 quam
1602 504 1743 536 antea:
1772 505 1810 536 et
1838 503 1947 536 tanta
1974 502 2034 536 est

1082 551 1226 598 passim
1254 551 1426 594 licentia,
1457 558 1535 588 tam
1568 553 1732 589 crebrae
1751 553 1966 589 seditiones
1985 563 2032 588 ac

1081 605 1232 648 turbae,
1259 610 1300 641 ut
1325 605 1372 641 iis
1399 606 1462 653 qui
1489 617 1552 642 res
1580 606 1749 654 publicas
1775 611 1920 654 gerunt
1953 616 2031 641 non

1079 658 1203 694 solum
1224 658 1420 706 denegata
1437 670 1556 708 saepe
1575 660 1876 707 obtemperatio,
1900 659 1968 696 sed
1984 671 2032 696 ne

1080 712 1174 748 satis
1188 712 1342 759 quidem
1361 717 1482 749 tutum
1499 714 1780 750 incolumitatis
1792 713 2030 760 praesidium

1082 766 1261 802 relictum
1281 778 1368 803 esse
1387 767 1581 804 videatur.
1600 768 1672 804 Diu
1693 767 1846 815 quidem
1867 767 1959 804 data
1972 770 2032 804 est

1079 830 1215 866 opera,
1242 824 1284 855 ut
1310 821 1363 856 illi
1391 821 1427 855 in
1455 826 1724 868 contemptum
1751 827 1869 869 atque
1901 821 2031 857 odium

1079 873 1262 909 venirent
1281 874 1532 917 multitudini,
1551 879 1841 922 conceptaeque
1862 874 2031 910 flammis

1081 925 1248 963 invidiae
1275 927 1352 963 iam
1372 929 1678 974 erumpentibus,
1698 928 1795 964 satis
1819 927 1960 975 exiguo
1978 927 2032 963 in-

1081 981 1246 1016 tervallo
1273 992 1514 1017 summorum
1543 981 1759 1029 principum
1781 983 1863 1018 vita
1886 982 2032 1029 pluries

1078 1039 1137 1070 est
1164 1040 1232 1070 aut
1258 1035 1420 1071 occultis
1448 1035 1596 1072 insidiis
1631 1041 1699 1072 aut
1732 1036 1880 1083 apertis
1914 1035 2032 1071 Iatro-

1080 1087 1193 1123 ciniis
1219 1088 1265 1125 ad
1295 1089 1601 1126 internecionem
1633 1090 1807 1137 expetita
1822 1103 1856 1125 ».
1889 1091 2031 1127 Effica-

1080 1141 1240 1178 cissima
1271 1142 1447 1178 remedia
1473 1142 1532 1178 his
1565 1143 1807 1189 gravissimis
1844 1145 2029 1191 periculis

1082 1195 1326 1232 Catholicam
1353 1196 1571 1233 Ecclesiam
1598 1197 1741 1233 afferre
1771 1208 1882 1243 posse
1900 1202 2031 1234 osten-

1082 1249 1148 1293 dit;
1178 1260 1267 1285 nam
1295 1249 1342 1286 ad
1371 1250 1571 1297 politicum
1599 1250 1805 1297 imperIum
1824 1251 1924 1298 quod
1942 1253 2028 1288 atti-

1082 1308 1159 1346 net,
1180 1302 1273 1338 illud
1299 1314 1322 1339 a
1348 1304 1430 1340 Deo
1457 1304 1651 1351 proficisci
1671 1308 1779 1340 recte
1798 1305 1880 1351 ipsa
1897 1305 2026 1349 docet,

1080 1367 1168 1391 cum
1196 1357 1231 1393 id
1260 1358 1436 1403 reperiat
1461 1371 1481 1392 α
1499 1358 1623 1394 sacris
1651 1358 1813 1395 Litteris
1831 1362 1872 1395 et
1889 1371 2023 1396 monu-

1079 1410 1222 1446 mentis
1249 1411 1488 1447 christianae
1514 1411 1722 1447 vetustatis
1748 1416 1886 1459 aperte
1907 1417 2026 1449 testa-

1081 1468 1176 1507 tum;
1204 1475 1329 1511 neque
1357 1469 1566 1511 praeterea
1592 1465 1671 1500 ulla
1697 1470 1826 1512 potest
1844 1465 2025 1502 doctrina

1079 1518 1260 1564 cogitari,
1289 1529 1388 1565 quae
1416 1519 1465 1554 sit
1490 1520 1616 1565 magis
1639 1524 1706 1555 aut
1723 1519 1866 1555 rationi
1885 1531 2026 1557 conve-

1079 1570 1188 1607 niens
1206 1600 1215 1615 ,
1242 1577 1312 1608 aut
1339 1572 1558 1619 principum
1585 1576 1624 1609 et
1651 1573 1880 1620 populorum
1908 1573 2025 1610 saluti

1077 1630 1342 1661 consentanea
1357 1639 1392 1660 ».

1123 1678 1211 1713 Non
1239 1679 1368 1715 minus
1394 1684 1526 1716 autem
1553 1680 1702 1715 Summi
1723 1680 1925 1718 Pontificis
1950 1681 2023 1717 sol-

1077 1732 1313 1769 licitudinem
1340 1738 1505 1781 experta
1531 1738 1590 1770 est
1614 1734 1778 1778 familia,
1797 1735 2019 1772 rudimenta

1075 1797 1172 1832 quae
1204 1787 1380 1824 continet
1412 1788 1537 1824 civilis
1574 1789 1785 1825 societatis.
1822 1789 2021 1830 Quoniam
2067 1812 2069 1814 ·

1076 1840 1258 1877 lethifera
1284 1842 1416 1888 pestis,
1437 1853 1535 1889 quae
1564 1853 1635 1888 per
1652 1846 1762 1878 artus
1781 1842 1937 1878 intimos
1954 1843 2023 1878 hu-

1076 1905 1215 1930 manae
1240 1895 1439 1931 societatis
1465 1897 1603 1943 serpit,
1624 1897 1844 1932 naturalem
1871 1897 1947 1932 vIri
1975 1908 2022 1933 ac

1077 1948 1252 1984 mulIeris
1285 1949 1469 1985 unionem
1491 1977 1499 1992 ,
1533 1949 1713 1995 gentibus
1747 1950 1809 1987 vei
1842 1950 2022 1987 barbaris

1074 2013 1245 2045 sacram,
1265 2001 1509 2045 dehonestat,
1528 2003 1698 2039 filiorum
1725 2004 1897 2040 familias
1915 2016 2022 2041 men-

1076 2060 1134 2091 tes
1159 2063 1199 2092 et
1225 2056 1344 2093 corda
1375 2056 1593 2104 depravat,
1621 2058 1700 2093 Leo
1731 2058 1819 2093 XIII
1847 2062 1886 2094 et
1916 2058 2016 2094 chri-

1075 2109 1192 2145 stiani
1212 2111 1456 2146 Matrimonii
1475 2115 1656 2147 naturam
1676 2122 1723 2147 ac
1742 2112 2016 2148 excellentiam

1076 2162 1312 2205 vindicavit,
1347 2170 1386 2200 et
1420 2165 1603 2200 iuvenum
1638 2165 1935 2201 instructionem
1971 2165 2019 2201 ad

1077 2222 1226 2252 rectam
1254 2229 1433 2253 normam
1461 2219 1605 2265 exegit.
1638 2218 1814 2266 Epistola
1844 2219 2022 2266 Encycli-

1076 2280 1135 2305 ca:
1155 2271 1358 2306 Arcanum
1384 2270 1542 2306 diuinae
1565 2271 1799 2319 sapientiae,
1823 2283 1938 2318 quam
1957 2272 2021 2308 de-

1075 2323 1129 2359 dit
1162 2323 1223 2360 die
1251 2325 1293 2361 10
1329 2324 1516 2361 februarii
1553 2325 1663 2367 1880,
1700 2324 1936 2361 documenta
1969 2336 2016 2361 ac

1076 2384 1289 2426 praecepta
1329 2379 1503 2416 contInet
1539 2379 1585 2415 de
1625 2379 1880 2414 Matrimonio
1918 2379 2018 2414 chri-

1075 2431 1201 2467 stiano
1228 2444 1306 2468 non
1332 2434 1460 2469 minus
1487 2433 1535 2469 ad
1563 2432 1906 2468 conservationem
1927 2433 2018 2468 civi-

1076 2485 1120 2520 lis
1147 2487 1453 2529 communitatis,
1480 2497 1594 2533 quam
1625 2485 1672 2521 ad
1698 2486 1864 2521 salutem
1895 2485 2018 2522 homi-

1075 2550 1166 2574 num
1191 2540 1477 2587 sempiternam
1506 2550 1744 2586 magnopere
1776 2540 2013 2586 spectantia.

1075 2593 1184 2632 Quae
1227 2593 1274 2629 ad
1317 2593 1612 2629 instaurandam
1654 2593 1803 2628 utiliter
1852 2593 2018 2639 philoso-

1077 2646 1205 2691 phiam
1236 2648 1318 2693 ipse
1352 2648 1535 2683 Summus
1568 2646 1748 2682 Pontifex
1786 2647 1943 2693 scripsit
1975 2647 2013 2683 in

1075 2699 1250 2746 Epistola
1275 2701 1499 2748 Encyclica:
1527 2699 1688 2734 Aeterni
1713 2699 1877 2742 Patris,
1905 2699 1965 2736 die
1993 2701 2016 2736 4

1074 2754 1228 2799 augusti
1265 2754 1383 2797 1879;
1414 2754 1494 2789 alia
1527 2753 1728 2799 Epistola:
1769 2752 2016 2799 Iampridem

1074 2806 1386 2846 considerando,
1417 2817 1530 2854 quam
1558 2806 1663 2842 misit
1689 2805 1737 2842 ad
1763 2806 2014 2844 Cardinalem

1074 2861 1311 2896 Antoninum
1339 2860 1385 2896 de
1412 2862 1534 2904 Luca,
1551 2871 1664 2895 sacro
1684 2860 1857 2897 Consilio
1875 2859 2014 2896 studiis

1075 2913 1258 2960 regundis
1285 2914 1550 2956 Praefectum,
1577 2913 1637 2949 die
1658 2914 1701 2949 15
1720 2913 1890 2949 octobris
1916 2914 2016 2950 eius-

1074 2967 1160 3003 dem
1188 2967 1304 3010 anni,
1331 2972 1374 3002 ut
1401 2967 1550 3002 Romae
1586 2967 1822 3014 praesertim
1851 2966 2015 3014 philoso-

1075 3021 1212 3067 phicae
1246 3019 1473 3066 disciplinae
1513 3021 1725 3056 secundum
1764 3024 1936 3056 mentem
1975 3026 2015 3057 et

1075 3074 1264 3120 principia
1290 3074 1468 3110 Doctoris
1495 3075 1670 3121 Angelici
1701 3074 1908 3110 enucleate
1926 3102 1934 3118 ,
1961 3073 2015 3109 di-

1075 3127 1198 3163 lucide
1216 3155 1224 3169 ‚
1253 3127 1408 3173 copiose
1434 3127 1686 3164 traderentur
1715 3132 1755 3163 et
1784 3128 2013 3164 excoleren-

1074 3183 1150 3223 tur,
1171 3184 1304 3216 coetus
1329 3180 1589 3217 Academicus
1616 3181 1654 3216 in
1678 3180 1785 3217 Urbe
1804 3181 1931 3216 Roma
1958 3182 2011 3216 in-

1072 3235 1303 3270 stitueretur
1325 3262 1335 3278 ,
1361 3234 1425 3281 qui
1449 3246 1482 3271 s.
1508 3233 1684 3271 Thomae
1714 3234 1919 3281 Aquinatis
1948 3246 2013 3271 no-
