2241 3473
246 130 299 170 56

195 203 283 241 dem
303 204 460 241 textum
479 202 624 241 litteris
644 201 798 250 graecis
819 200 1027 237 exaratum
1049 210 1143 236 con-

189 256 354 302 tinebat,
378 256 426 294 3³
451 256 670 293 versionem
690 252 870 301 Aquilae,
890 251 937 288 4³
956 252 1142 300 Symma-

190 309 280 355 chi,
308 309 356 346 5²
385 308 498 346 LXX
527 308 818 354 Interpretum,
846 303 893 341 6²
919 304 1141 341 versionem

189 361 468 398 Theodotionis
493 359 727 403 exhibebat3
753 357 893 405 quibus
921 368 1011 393 cum
1044 356 1142 394 alias

187 414 285 451 duas
306 414 354 451 V.
376 413 419 450 T.
442 413 643 450 versiones
664 421 826 459 graecas
850 409 1145 456 addiderit,He-

188 467 306 515 xapla
331 467 564 514 quandoque
585 463 752 511 Octapla
772 463 877 500 dicta
898 465 991 500 sunt
1009 461 1033 500 ¹.
1055 462 1141 500 Va-

188 519 400 556 stissimum
422 529 530 566 opus,
551 516 601 553 50
618 515 884 552 voluminibus
899 516 1141 562 contentum,

186 574 274 620 post
294 582 414 608 annos
433 570 484 607 20
505 569 690 615 absolvit3
710 569 749 605 in
766 568 1004 605 bibliotheca
1022 568 1142 605 Pam-

185 624 281 673 phili
300 622 566 661 Alexandriae
586 621 816 670 repositum,
836 620 876 657 in
896 621 1014 658 huius
1035 621 1141 658 urbis

185 687 254 725 per
274 676 488 713 Saracenos
505 675 775 712 devastatione
793 674 955 722 periisse
971 673 1097 711 fertur
1113 672 1139 711 ².

244 729 475 766 Ordinatur
489 727 707 776 presbyter
721 748 774 754 —
788 727 919 764 Tanta
941 728 1027 763 erat
1047 726 1139 764 Ori-

184 781 296 830 genis
316 781 434 827 fama,
456 782 501 818 ut
516 781 698 818 Mamaea
719 781 902 829 augusta,
922 779 1139 817 Alexandri

183 834 431 882 imperatoris
443 836 584 880 mater,
595 845 716 882 quum
733 833 933 870 occasione
945 832 1036 870 belli
1047 833 1140 869 Per-

182 886 252 924 sici
268 887 503 924 Antiochiae
521 888 670 936 ageret,
688 886 799 923 illum
821 888 1059 923 conventum
1077 897 1141 922 vo-

180 939 313 984 luerit,
334 942 379 976 ut
399 940 446 977 de
466 940 654 988 religione
678 950 767 976 eum
784 939 1048 987 disputantem
1064 950 1138 975 au-

183 992 284 1029 diret
301 990 327 1030 ³.
346 993 442 1030 Post
457 993 556 1030 haec
571 993 620 1030 ad
634 992 826 1030 Ecclesias
842 991 1014 1029 Achaiae
1029 991 1138 1040 lega-

182 1044 285 1082 tione
305 1044 474 1092 functus,
485 1045 524 1082 in
535 1045 763 1083 Palaestina
778 1056 802 1081 a
813 1045 1037 1082 Theoctisto
1051 1044 1138 1092 epi-

181 1109 295 1146 scopo
307 1098 539 1145 Caesareae,
551 1099 793 1147 approbante
810 1098 1037 1134 Alexandro
1050 1097 1139 1135 Hie-

184 1151 466 1200 rosolymitano
484 1181 494 1198 ,
523 1164 573 1189 ex
604 1150 895 1188 ecclesiasticae
925 1150 1139 1199 epistolae,

181 1215 301 1252 quam
333 1204 368 1241 ei
390 1205 553 1242 dederat
574 1203 799 1242 Demetrius
820 1203 1112 1241 Alexandrinus
1128 1233 1137 1250 ,

179 1257 406 1294 testimonio
427 1258 631 1306 presbyter
652 1256 855 1294 ordinatus
875 1259 935 1293 est
951 1254 977 1294 4.

233 1310 476 1348 Damnatur
493 1312 535 1348 in
552 1310 708 1360 synodo
735 1310 841 1346 -Id
861 1311 943 1346 tam
962 1309 1139 1358 graviter

179 1363 276 1400 tulit
290 1363 531 1410 Demetrius,
553 1363 753 1413 episcopus
773 1362 1079 1408 Alexandrinus,
1097 1364 1139 1413 ut

179 1427 256 1453 non
294 1418 449 1454 tantum
485 1417 679 1454 occultam
719 1415 900 1464 Origenis
930 1415 1138 1453 castratio-

179 1481 268 1506 nem
284 1468 299 1491 ⁵
319 1470 550 1519 divulgarit,
570 1470 638 1508 sed
659 1482 722 1508 an.
739 1469 818 1509 230
834 1470 970 1506 coacta
985 1468 1137 1517 episco-

176 1534 319 1571 porum
336 1535 380 1560 ac
397 1524 723 1573 presbyterorum
740 1523 903 1572 synodo,
916 1533 1022 1567 eum,
1036 1522 1137 1570 quod

177 1576 226 1613 ab
270 1575 394 1614 alieno
437 1577 614 1626 episcopo
659 1576 797 1614 fuisset
830 1575 1034 1613 ordinatus
1051 1604 1060 1621 ,
1098 1576 1138 1612 et

177 1640 331 1667 errores
360 1630 492 1678 plures
512 1630 550 1667 in
572 1629 682 1667 libris
703 1630 785 1667 suis
807 1628 1029 1674 docuisset,
1051 1627 1137 1664 Ale-

175 1682 343 1720 xandria
363 1681 593 1732 expuleritfl.
605 1683 708 1720 Tum
721 1681 1014 1720 Alexandrinae
1031 1681 1136 1718 scho-

174 1734 237 1772 lae
257 1735 433 1785 regimen
451 1736 731 1774 demandatum
765 1738 824 1773 est
852 1734 1056 1772 Heraclae.
1079 1733 1134 1770 O-

175 1787 331 1837 rigenes
361 1801 456 1826 vero
490 1789 654 1827 secessit
683 1789 723 1825 in
745 1789 1038 1832 Palaestinam,
1069 1786 1134 1823 ubi

175 1841 224 1877 ab
241 1841 430 1890 episcopis
450 1842 663 1880 honorifice
686 1843 876 1890 exceptus
897 1843 978 1886 est,
1008 1840 1133 1888 iisque

175 1895 511 1932 consentientibus
546 1895 762 1932 Caesareae
795 1894 929 1930 eodem
969 1892 1132 1929 docendi

175 1945 314 1993 officio,
328 1959 403 1996 quo
424 1949 542 1985 antea
561 1946 828 1984 Alexandriae
858 1945 1018 1982 functus
1037 1943 1132 1982 est7.

175 1999 220 2036 Id
249 2011 367 2049 aegre
396 2000 526 2038 ferens
554 2000 782 2037 Demetrius
810 1998 1106 2036 Alexandrinus
1123 2027 1132 2043 ,

177 2051 344 2090 alteram
375 2054 646 2102 episcoporum
667 2065 716 2090 ex
736 2051 916 2100 AEgypto
937 2051 1129 2100 synodum

176 2105 348 2154 collegit,
368 2106 406 2143 in
430 2118 507 2154 qua
527 2106 693 2143 multum
716 2106 762 2142 de
779 2105 948 2153 Origene
969 2115 1133 2151 conque-

174 2161 258 2196 stus
277 2161 349 2205 cst,
370 2171 542 2208 eumque
564 2160 762 2196 annuente
782 2158 931 2206 synodo
953 2156 1133 2194 sacerdo-

176 2211 221 2248 tii
242 2212 390 2250 honore
410 2212 585 2262 privavit
595 2209 622 2249 ⁸.
640 2212 682 2248 In
699 2212 878 2248 eamdem
894 2208 1133 2248 sententiam

216 2373 227 2395 ¹
247 2374 369 2411 Euseb„
383 2372 476 2404 Hist.
491 2373 567 2404 eccl.
582 2372 599 2402 l.
614 2373 660 2410 Vl,
673 2382 698 2403 c.
716 2371 766 2408 163
780 2380 803 2401 s.
821 2371 928 2410 Epiph.
942 2369 1133 2409 LDepoml.

172 2421 204 2446 et
220 2425 379 2446 mensur.
396 2423 424 2445 n.
444 2414 498 2453 193
516 2424 539 2444 S.
559 2414 680 2444 llicron.
699 2413 738 2443 in
754 2422 778 2443 c.
798 2412 839 2442 II
850 2412 962 2451 Epist.
977 2411 1024 2442 α-(Ζ
1045 2411 1113 2441 Tit.

211 2457 226 2480 ²
243 2458 274 2488 ln
299 2455 484 2495 colligendis
509 2455 615 2494 operis
634 2454 816 2494 fragmentis
832 2461 978 2491 magnam
996 2452 1133 2491 diligen-

170 2498 243 2528 tiam
261 2497 365 2537 posuit
380 2498 412 2528 B.
431 2496 469 2526 de
491 2496 698 2533 montfaucon,
718 2498 747 2524 ct
763 2504 842 2533 quac
859 2496 1035 2533 supersunt,
1052 2493 1133 2523 edita

172 2548 209 2570 ac
225 2540 304 2570 nolis
320 2539 475 2569 illustrata
492 2541 572 2575 sunt,
590 2537 686 2567 Paris.
706 2536 795 2574 1713,
811 2535 829 2565 ⁶3
846 2536 905 2566 vol.
922 2534 1021 2565 in-t'ol.

212 2581 226 2601 ³
243 2580 354 2611 Euseb.
373 2578 451 2611 llist.
469 2579 542 2610 eccl.
560 2579 580 2611 l.
596 2579 641 2616 Vl,
673 2587 697 2609 c.
714 2577 763 2607 ⁹21.

211 2621 224 2643 ⁴
242 2622 317 2652 lbid.
333 2631 359 2652 c.
372 2620 421 2652 23.

209 2663 224 2685 5
241 2664 303 2693 lloc
320 2662 420 2693 audax
437 2661 558 2692 facinus
575 2661 728 2699 Origenes
746 2659 848 2690 adhuc
866 2658 984 2688 iuvenis
1003 2658 1031 2687 in
1049 2658 1130 2697 scip—

170 2713 237 2734 sum
266 2704 449 2741 admiscrat,
475 2703 554 2733 male
583 2702 759 2741 intelligens
789 2701 882 2731 vcrha
911 2699 1021 2729 Christi
1048 2700 1128 2738 apud

169 2745 273 2775 Matth.
299 2745 365 2775 xm
389 2744 426 2775 dc
443 2745 604 2781 eunuchis,
620 2744 671 2783 qui
689 2742 811 2781 seipsos
828 2743 1056 2777 castraverunt,
1074 2749 1128 2770 vo-

169 2785 300 2825 lensque
317 2786 429 2816 tamam
447 2786 538 2815 tutari
555 2794 572 2815 a
591 2783 819 2819 maledicentia,
836 2791 927 2822 quum
945 2782 1072 2811 scholae
1090 2783 1128 2811 Λ-

168 2826 370 2857 lexandrinae
387 2827 573 2865 praefectus,
585 2829 614 2856 ct
628 2825 702 2856 viris
719 2828 748 2855 et
763 2823 944 2854 mulieribus
958 2826 1126 2861 praccepta

168 2868 252 2898 Fidei
277 2868 428 2905 traderct3
452 2867 505 2897 svn
531 2868 558 2897 id
578 2867 696 2897 facinus
715 2869 824 2905 postca
842 2865 870 2894 in
889 2864 1124 2894 Commentariis

169 2909 199 2939 in
216 2918 239 2939 s.
258 2909 443 2939 matthaeum
460 2909 656 2945 improbavit.

208 2950 223 2971 ⁶
238 2950 265 2979 S.
280 2950 404 2980 Hieron.
418 2949 536 2985 Catal.;
552 2950 634 2979 l‘hot.
652 2947 727 2979 le.
746 2947 932 2985 ¹18;n:·1uz.
949 2946 1124 2985 Supplem.

171 2989 295 3022 Concil.
314 3000 340 3029 p.
360 2990 614 3029 izi—Origenes
639 2990 730 3028 paulo
748 2992 819 3018 antc
836 2989 916 3018 intcr
931 2988 1008 3017 alios
1026 2987 1121 3017 libros

167 3032 307 3061 ediderat
324 3031 621 3068 Per-iarclim1,s‹211
640 3031 734 3060 lihros
751 3029 771 3059 11>
785 3030 821 3059 de
836 3029 999 3067 principiis
1017 3028 1045 3058 in
1061 3037 1124 3058 ma-

166 3073 243 3103 teria
268 3073 456 3111 Religionis;
480 3075 509 3101 ct
532 3073 560 3101 in
578 3072 634 3108 his,
653 3071 871 3110 philosophiae
887 3069 1010 3109 placitis
1028 3069 1122 3100 abre—

167 3116 248 3152 ptus,
265 3122 325 3143 non
342 3113 435 3143 semel
453 3112 620 3143 aberravit.

207 3154 221 3175 7
239 3155 359 3191 Eusci»,
377 3153 470 3184 Ilisc.
487 3154 559 3183 cccl,
579 3154 595 3183 Ι.
612 3154 655 3191 Π,
672 3164 698 3183 (τ.
714 3152 823 3183 fili-27.

207 3194 222 3216 ⁸
237 3195 265 3225 S.
284 3195 417 3233 llicron„
432 3195 522 3234 Apol.
538 3195 564 3225 Il
578 3195 650 3227 ccclv.
666 3196 788 3234 ltzcsfin
802 3203 808 3231 ;
823 3194 932 3225 ltustin.
944 3192 1073 3224 snt-ecc.
1086 3192 1121 3223 ΙΙ.

715 139 871 167 ΕΡΟΟΗΑ
898 138 941 165 ΙΙ.
971 139 1000 166 Α
1027 137 1167 165 MORTE
1195 136 1226 164 S.
1256 136 1420 164 IOANNIS
1448 136 1641 164 APOSTOLI

1185 199 1428 236 consensisse
1447 199 1674 236 Romanum
1693 197 1926 236 Pontificem
1939 228 1948 246 ,
1971 197 2144 248 aliosque

1187 251 1400 297 antistites,
1419 251 1592 299 exceptis
1608 251 1875 297 Palaestinae,
1891 251 2077 298 Arabiae,
2092 251 2144 288 A-

1187 304 1322 342 chaiae
1341 306 1381 342 et
1397 303 1610 342 Phoenices
1627 303 1830 352 episcopis,
1848 304 1984 342 scribit
1998 315 2028 342 s.
2045 304 2142 342 Hie-

1186 368 1375 405 ronymus
1393 356 1418 394 ¹.

1246 410 1449 459 Origenes,
1482 410 1526 446 ut
1553 408 1683 446 famae
1713 420 1804 446 suae
1826 410 2074 456 consuleret,
2096 409 2145 447 ad

1189 461 1403 500 familiares
1423 462 1715 500 Alexandrinos
1736 462 1890 499 litteras
1909 462 2083 511 scripsit,
2102 462 2144 499 in

1189 514 1329 563 q'uibus
1348 515 1408 553 sui
1427 514 1847 564 apologiamadversus
1858 515 2049 552 Demetrii
2060 526 2143 552 sen-

1184 568 1352 615 tentiam
1371 568 1483 615 fecit,
1505 579 1692 614 errorem,
1717 567 1828 604 cuius
1857 569 2144 613 accusabatur,

1184 621 1232 658 de
1261 622 1495 658 daemonum
1525 621 1651 658 salute
1671 619 1926 669 improbavit3
1946 620 2143 668 librosque

1184 684 1273 711 suos
1294 675 1342 711 ab
1361 673 1570 711 haereticis
1587 673 1793 722 depravari
1809 674 1972 721 questus
1985 675 2045 710 est
2060 671 2088 711 ².

1238 726 1357 764 Brevi
1380 729 1467 775 post
1486 726 1583 764 obiit
1603 725 1828 764 Demetrius
1849 727 2055 774 postquam
2074 737 2142 764 ec-

1184 779 1344 816 clesiam
1379 779 1688 817 Alexandrinam
1724 778 2037 816 administrasset
2067 791 2143 817 an-

1184 831 1242 868 nis
1263 832 1326 869 43.
1348 832 1545 869 Successit
1565 831 1602 869 ei
1618 832 1824 878 Heraclas,
1840 843 1958 879 quem
1973 831 2013 868 in
2029 832 2144 870 scho-

1181 884 1220 922 la
1238 884 1508 922 Alexandrina
1528 885 1682 933 excepit
1701 885 1927 933 Dionysius.
1955 884 2144 933 Origenes

1184 949 1278 975 vero
1300 937 1517 976 Caesareae
1537 938 1578 974 in
1599 937 1779 975 docendis
1799 937 1945 974 litteris
1966 937 2142 986 philoso-

1181 991 1303 1039 phicis
1324 993 1363 1028 et
1386 990 1616 1039 theologicis
1633 989 1906 1039 perseveravit
1922 1003 1932 1036 3
1947 990 2142 1038 multique

1181 1043 1300 1081 etiam
1322 1056 1342 1080 e
1365 1044 1642 1080 remotioribus
1662 1043 1875 1091 provinciis
1896 1042 2077 1091 discipuli
2094 1044 2144 1081 ad

1181 1108 1271 1134 eum
1311 1097 1564 1134 confluebant
1581 1125 1590 1141 ,
1626 1096 1729 1133 inter
1766 1107 1862 1144 quos
1892 1095 2144 1134 celebrantur

1181 1149 1425 1196 Theodorus,
1447 1149 1545 1186 alias
1568 1149 1781 1198 Gregorius
1802 1149 2142 1198 Thaumaturgus,

1181 1202 1344 1250 eiusque
1360 1201 1486 1239 frater
1501 1202 1792 1248 Athenadorus,
1804 1201 1944 1250 quibus
1961 1213 2049 1238 cum
2058 1201 2143 1251 phi-

1181 1255 1357 1304 losophia
1372 1255 1608 1293 christianae
1618 1254 1835 1304 Religionis
1846 1254 2033 1304 dogmata
2044 1266 2146 1293 com-

1184 1308 1403 1346 municavit
1419 1306 1446 1346 3.

1234 1361 1297 1398 53.
1309 1362 1548 1399 Persecutz'o
1562 1360 1636 1399 sub
1649 1360 1890 1398 Maximino
1903 1357 2142 1411 (an.235)—

1181 1414 1410 1452 Alexander
1438 1414 1657 1463 imperator
1674 1443 1683 1459 ,
1714 1413 1913 1451 celebrato
1953 1413 2142 1452 Parthico

1181 1467 1383 1516 triumpho
1401 1497 1410 1514 ,
1432 1469 1623 1505 adversus
1649 1467 1878 1513 Germanos,
1899 1466 2049 1505 Gallias
2067 1467 2140 1505 de-

1182 1521 1415 1569 populantes
1433 1550 1441 1567 ,
1471 1520 1672 1570 profectus
1688 1521 1770 1567 est3
1792 1520 1858 1557 sed
1878 1531 1999 1568 quum
2021 1531 2141 1569 prope

1183 1573 1431 1622 Moguntiam
1462 1573 1657 1619 venisset,
1686 1573 1948 1621 quorumdam
1967 1572 2139 1611 militum

1181 1627 1469 1675 conspiratione
1499 1638 1578 1663 una
1607 1637 1697 1663 cum
1718 1625 1902 1664 Mamaea
1922 1627 2051 1663 matre
2068 1637 2142 1664 sua

1180 1679 1441 1728 interemptus
1462 1681 1521 1717 est
1542 1691 1603 1716 an.
1625 1678 1718 1716 235.
1739 1679 1796 1716 Eo
1817 1678 1984 1725 sublato,
2005 1690 2028 1715 a
2043 1677 2140 1716 mili-

1180 1732 1284 1769 tibus
1303 1732 1520 1782 imperator
1550 1732 1749 1769 salutatus
1769 1730 1847 1768 fuit
1867 1731 2112 1770 Maximinus
2128 1761 2138 1778 ,

1180 1785 1343 1822 obscuro
1371 1786 1456 1823 loco
1488 1785 1526 1822 in
1548 1784 1720 1821 Thracia
1745 1785 1877 1830 natus,
1897 1795 1946 1822 ex
1967 1784 2137 1833 opilione

1178 1838 1288 1875 miles
1305 1867 1314 1884 ,
1338 1850 1382 1876 ac
1412 1839 1570 1876 demum
1596 1840 1786 1886 tyronum
1806 1836 2040 1886 praefectus.
2063 1837 2138 1874 Hic

1179 1902 1323 1939 genere
1344 1894 1383 1929 et
1405 1891 1534 1928 indole
1550 1891 1754 1936 barbarus,
1767 1890 1806 1927 in
1822 1901 2004 1927 romanos
2020 1890 2137 1938 cives,

1179 1943 1247 1990 qui
1264 1944 1360 1981 nihil
1376 1944 1531 1981 tristius
1550 1955 1737 1991 umquam
1751 1944 1820 1980 aut
1832 1942 2009 1992 asperius
2017 1954 2137 1991 quam

1177 1995 1394 2033 Alexandri
1407 2008 1541 2034 necem
1558 1999 1803 2045 acceperant,
1815 1999 1895 2033 tam
1914 2007 2057 2034 saevus
2073 2008 2138 2033 ex-

1178 2048 1275 2096 titit,
1298 2051 1354 2095 ut,
1371 2052 1471 2086 teste
1492 2048 1591 2086 Iulio
1612 2048 1845 2097 Capitolino,
1866 2060 1956 2086 eum
1978 2048 2045 2086 alii
2065 2049 2138 2098 Cy-

1180 2101 1343 2149 clopem,
1363 2102 1431 2139 alii
1453 2101 1690 2147 Busiridem,
1711 2101 1778 2139 alii
1799 2101 2018 2145 Scironem,
2039 2114 2137 2139 non-

1179 2154 1277 2191 nulli
1289 2154 1631 2200 Phalarim,multi
1647 2155 1704 2203 Ty
1714 2155 1883 2203 phonem
1899 2154 1964 2191 vel
1977 2155 2134 2203 Gygem

1179 2206 1397 2245 vocarent&
1409 2208 1539 2249 Quum
1552 2209 1685 2244 autem
1703 2208 1776 2244 sub
1792 2206 1956 2255 imperio
1968 2207 2135 2245 Alexan-

1177 2259 1249 2304 dri,
1264 2259 1499 2297 Christianis
1512 2259 1670 2296 minime
1689 2259 2010 2309 infonsi,Religio
2021 2259 2135 2309 longe

1180 2312 1337 2361 latoque
1354 2315 1572 2362 propagata
1592 2312 1743 2357 fuisset,
1760 2315 1800 2349 et
1816 2312 1854 2349 in
1874 2312 2135 2361 ipsaimpera-

1179 2365 1275 2402 toris
1296 2365 1445 2402 familia
1474 2365 1590 2402 multi
1621 2367 1924 2402 numerarentur
1954 2365 2134 2403 christia-

1178 2418 1217 2454 ni
1235 2417 1248 2437 ⁵
1265 2432 1274 2464 3
1290 2418 1532 2455 Maximinus
1550 2429 1599 2455 cx
1614 2418 1765 2455 invidia
1780 2417 1818 2454 in
1836 2418 2054 2456 Alexandri
2070 2418 2133 2457 fa-

1176 2470 1339 2518 miliam,
1361 2471 1601 2508 Christianos
1620 2471 1798 2519 graviter
1817 2471 1910 2517 odit,
1936 2472 1988 2517 et,
2009 2483 2134 2520 quum

1175 2526 1278 2561 osset
1297 2535 1439 2561 saevus
1461 2535 1506 2560 ac
1528 2523 1639 2561 ferox
1652 2553 1661 2569 ,
1681 2524 1863 2561 acerbam
1882 2524 2132 2572 persecutio-

1175 2588 1261 2612 nem
1280 2576 1318 2613 in
1339 2588 1405 2613 eos
1422 2576 1627 2623 excitavit,
1643 2588 1759 2624 quam
1776 2578 1858 2613 toto
1879 2577 2035 2626 imperii
2051 2577 2134 2615 eius

1174 2628 1342 2666 triennio
1371 2630 1623 2678 perdurasse,
1644 2641 1693 2666 ex
1715 2629 1882 2667 Eusebio
1903 2641 1949 2667 ac
1970 2628 2133 2667 Ruffino

1172 2684 1327 2718 constat
1341 2678 1367 2719 ¹³.
1390 2683 1519 2719 Ratus
1539 2685 1670 2719 autom
1683 2712 1691 2728 ,
1707 2694 1747 2719 se
1767 2682 2025 2720 christianam
2046 2683 2131 2720 Re-

1171 2733 1369 2783 ligionem,
1387 2746 1456 2783 por
1472 2747 1585 2772 omne
1603 2735 1810 2783 imperium
1828 2735 2024 2781 diffusam,
2039 2734 2130 2784 gla-

1170 2786 1231 2823 dio
1253 2788 1476 2825 convcllcrc
1501 2800 1575 2825 non
1598 2800 1722 2836 posse,
1744 2788 1862 2837 idque
1881 2787 1955 2837 ipsi
1974 2787 2132 2837 Reipu-

1210 2904 1218 2925 ¹
1237 2905 1264 2934 S.
1281 2904 1414 2941 Hieron„
1428 2904 1513 2943 Apol
1533 2905 1561 2935 ll
1575 2905 1649 2935 adr.
1664 2905 1795 2945 Ruffin.

1207 2945 1221 2965 *2
1238 2948 1266 2975 S.
1285 2946 1404 2975 llicron.
1425 2949 1452 2975 ct
1470 2946 1591 2983 thulin„
1609 2947 1625 2975 l.
1645 2956 1669 2976 c.

1207 2986 1220 3005 ³¹
1238 2986 1361 3022 lius-rh„
1379 2986 1469 3016 Ilise.
1488 2987 1560 3016 cccl.
1581 2988 1597 3016 l.
1617 2988 1661 3024 Vl,
1678 2996 1703 3018 c.
1719 2986 1825 3017 sti-⁶27.

1206 3027 1218 3048 ⁴
1238 3026 1289 3056 lul.
1307 3028 1435 3066 Capitol.
1452 3027 1644 3057 dicut-imin.

1206 3068 1220 3089 5
1237 3068 1356 3102 Euscli„
1374 3068 1467 3099 llis-t.
1484 3069 1558 3099 eccl.
1576 3069 1594 3098 l.
1612 3070 1658 3105 Vl,
1675 3078 1700 3099 c.
1717 3068 1766 3099 ⁶28.

1205 3110 1220 3131 ⁶
1233 3108 1264 3179 ld¹
1278 3109 1374 3139 innuit
1388 3110 1583 3180 l⁴'i11scl›.‚l.c.,
1595 3110 1707 3141 diserte
1721 3109 1854 3139 affirmat
1868 3107 2019 3147 Ruffinus,
2030 3107 2127 3140 Ilist.

1164 3151 1238 3180 cccl.
1271 3151 1338 3185 Nl,
1355 3160 1379 3180 c,
1418 3153 1445 3181 a.

1208 3193 1373 3230 l‘crpcram
1397 3192 1582 3223 contendere
1608 3191 1815 3231 Dodwcllum,
1833 3192 1915 3222 hanc
1932 3191 2126 3230 persecutio-

2224 193 2241 223 ‘x
2220 0 2241 151 svn-..2:222
