2241 3473
274 138 352 176 238

222 215 350 253 tuales
370 213 546 252 fastidire
574 213 717 249 bonum
738 222 835 256 esse,
855 210 956 259 quod
976 209 1015 246 id
1035 209 1085 247 ad
1104 210 1164 247 sui

220 280 391 306 amorem
426 266 679 304 minuendum
713 263 900 301 conferat.
929 265 1040 300 Anno
1064 263 1163 300 1687

219 322 469 359 Innocentius
502 319 572 368 Pp.
606 319 666 356 XI
699 318 738 354 in
768 316 957 366 singulari
988 315 1094 353 bulla
1114 317 1164 354 68

220 374 512 424 propositiones,
541 374 580 409 in
608 371 708 409 libro
729 370 926 408 Molinosii
947 371 1163 415 contentas,

219 432 407 476 tanquam
445 426 674 470 haereticaS,
713 435 914 470 erroneas,
952 425 1164 471 suspectas,

217 480 475 526 scandalosas,
498 479 758 527 blasphemas,
780 477 995 515 damnavit.
1017 476 1164 514 Eodem

218 546 317 572 anno
338 534 505 572 Melinos
525 544 676 570 errores
697 543 786 569 suos
814 531 1042 569 solemniter
1057 530 1161 567 abiu-

219 588 333 633 ravit,
353 595 392 624 et
407 586 690 624 absolutionem
709 585 872 634 accepit3
888 585 1162 622 verumtamen

218 653 340 690 usque
370 641 417 678 ad
438 641 586 678 obitum
607 651 720 676 suum
744 637 759 689 (
780 637 909 688 1696)
930 638 967 675 in
988 637 1164 675 custodia

220 695 436 732 monastica
456 694 637 731 detentus
657 691 731 730 fuit
753 692 777 730 ¹.

272 748 334 785 27.
355 748 521 785 Ioanna
544 747 591 783 de
616 746 769 796 Guyon
788 751 830 783 et
846 744 1165 783 Fe'ne'lon—Eo-

217 801 303 838 dem
313 804 489 850 tempore
505 801 544 838 in
558 799 686 838 Gallia
702 798 1164 850 pseudo-mysticismum

215 866 430 904 propagare
450 856 591 892 conata
611 857 670 892 est
690 854 836 891 Ioanna
855 854 902 891 de
931 853 1089 902 Guyon,
1110 852 1165 888 vi-

215 909 290 945 dua
312 909 460 955 nobilis,
482 909 530 946 ad
553 919 640 946 eum
662 908 851 956 perducta
877 919 900 944 a
929 905 1164 943 confessario

214 973 281 999 suo
295 962 504 1000 Francisco
525 962 730 1008 Lacombe,
743 960 970 1005 Barnabita,
986 958 1095 997 cuius
1110 959 1160 996 li-

213 1016 309 1053 ber«
337 1015 521 1065 Analysis
542 1015 728 1053 orationis
748 1013 928 1052 mentalis
948 1025 991 1059 >›,
1022 1012 1162 1062 gallice

212 1069 391 1118 scriptus,
408 1069 577 1108 an.1688
594 1070 640 1106 ab
656 1068 878 1118 Apostolica
889 1067 989 1105 Sede
1005 1068 1162 1105 damna-

213 1126 275 1160 tus
288 1124 508 1161 est.10anna
526 1123 692 1172 primum
708 1121 1032 1168 Annecii,deinde
1055 1121 1158 1158 Gra-

211 1176 398 1226 tianopoli
419 1180 458 1214 et
478 1180 672 1226 postremo
693 1176 783 1213 inde
803 1176 852 1213 ab
872 1187 931 1213 an.
957 1174 1056 1212 1687
1079 1174 1159 1211 Pa-

210 1230 314 1268 risiis
334 1230 374 1268 in
394 1231 560 1280 privatis
576 1230 834 1267 conventibus
851 1229 1060 1273 doctrinas,
1077 1228 1156 1277 qui-

209 1284 280 1321 bus
301 1286 387 1323 erat
405 1285 567 1329 imbuta,
589 1284 635 1321 de
656 1295 753 1333 puro
776 1283 844 1320 Dei
865 1294 1011 1328 amore,
1033 1282 1080 1319 de
1102 1281 1156 1318 in-

212 1337 444 1383 differentia,
460 1342 651 1386 quantum
668 1338 715 1375 ad
734 1337 868 1383 vitam,
884 1339 1063 1381 mortem,
1080 1347 1160 1372 coe·

210 1391 290 1428 lum
321 1394 360 1430 et
388 1392 586 1429 infernum
616 1393 780 1440 spectat,
810 1391 855 1428 de
876 1389 1157 1428 annihilatione

214 1445 383 1492 animae,
412 1446 459 1482 de
480 1445 597 1494 plena
617 1446 770 1483 animae
792 1444 937 1493 quiete,
958 1443 1046 1481 aliis
1067 1454 1158 1491 per-

210 1500 374 1537 suadere
403 1503 544 1536 conata
573 1501 644 1537 est.
674 1498 816 1536 Varios
836 1498 954 1535 etiam
975 1497 1092 1534 libros
1112 1496 1159 1533 de

210 1553 348 1590 eadem
375 1564 418 1590 re
447 1552 616 1601 mystica
634 1552 789 1602 scripsit
808 1549 834 1589 ².
857 1551 983 1593 Quam
1005 1551 1052 1588 ob
1072 1562 1157 1587 rem

209 1606 380 1644 Annecio
401 1609 440 1644 et
461 1605 982 1656 Gratianopoli,curantibus
1003 1604 1156 1653 cpisco-

208 1660 279 1710 pis,
299 1661 499 1698 discedere
520 1662 668 1706 coacta,
686 1659 847 1697 Parisiis
864 1671 924 1697 an.
943 1658 1159 1696 1687man-

208 1714 299 1751 dato
320 1715 424 1763 regis
445 1715 672 1752 monasticae
701 1713 903 1751 custodiae
923 1712 1070 1750 tradita
1086 1714 1156 1750 est.

210 1768 544 1806 Intercedentibus
574 1768 812 1817 potentibus,
846 1778 942 1815 quas
976 1767 1090 1803 nacta
1113 1777 1157 1802 e-

209 1824 284 1868 rat,
304 1823 555 1870 patronabus,
575 1822 686 1859 brevi
707 1834 728 1859 e
749 1820 925 1859 custodia
945 1822 1005 1857 est
1025 1819 1158 1857 dimis-

209 1887 262 1913 sa.
288 1875 385 1913 Cum
405 1880 508 1913 esset
527 1887 679 1913 morum
701 1875 850 1924 pietate
870 1872 1028 1922 insigni,
1050 1884 1157 1922 prae-

209 1932 270 1966 ter
289 1929 384 1967 alios
403 1929 476 1967 sibi
495 1929 720 1967 conciliavit
739 1928 994 1966 Franciscum
1011 1927 1057 1964 de
1087 1926 1157 1964 Sa-

209 1982 338 2031 lignac
359 1984 405 2021 de
434 1983 472 2021 la
501 1983 626 2021 Motte
647 1983 831 2026 Fenelon,
849 1992 1017 2031 magnae
1035 1980 1157 2029 pieta·

209 2036 256 2074 tis
277 2038 563 2087 presbyterum,
585 2037 633 2074 ab
658 2049 720 2074 an.
745 2036 847 2074 1689
864 2035 1064 2083 regiorum
1081 2046 1152 2071 ne-

209 2094 341 2139 potum
372 2091 655 2140 paedagogum,
684 2094 724 2127 et
753 2102 814 2127 an.
840 2089 940 2127 1695
960 2087 1156 2136 archiepi-

206 2156 365 2193 scopum
395 2144 727 2182 Cameracensem.
750 2144 881 2185 Quum
904 2147 1034 2180 autem
1057 2154 1154 2178 non-

211 2198 308 2236 nulli
339 2198 506 2247 episcopi
530 2201 667 2235 contra
687 2197 855 2246 mystica
876 2196 1045 2234 [cannae
1066 2197 1154 2233 stu-

207 2251 271 2289 dia
300 2255 654 2297 commoverentur,
675 2263 734 2296 ea,
755 2250 917 2288 consilio
939 2249 1152 2295 Fenelonii,

205 2306 352 2354 scripta
380 2317 451 2343 sua
479 2305 661 2343 submisit
680 2304 822 2342 iudicio
845 2303 1050 2348 Bossuetii,
1071 2303 1155 2352 epi-

204 2359 308 2408 scopi
339 2359 564 2397 Meldensis.
596 2359 682 2404 Hic,
711 2357 892 2395 discussis
921 2357 1003 2394 eius
1033 2356 1155 2402 libris,

205 2425 265 2450 an.
299 2413 401 2451 1695
429 2412 746 2457 declarationem,
777 2423 876 2460 quae
895 2410 946 2448 34
967 2410 1155 2448 articulos

205 2467 454 2512 continebat,
487 2466 521 2504 ei
560 2465 772 2515 proposuit,
802 2465 865 2502 cui
896 2464 963 2501 illa
983 2464 1150 2501 demisse

205 2520 447 2570 subscripsit.
479 2521 621 2558 Postea
651 2530 808 2557 rursum
831 2520 1029 2562 accusata,
1050 2517 1151 2566 quod

206 2575 355 2622 priores
383 2574 599 2612 sententias
628 2574 767 2611 docere
797 2576 991 2621 pergeret,
1013 2571 1154 2608 iterum

206 2628 307 2677 regis
336 2627 443 2666 iussu
474 2627 675 2665 custodiae
705 2627 851 2664 tradita
871 2627 947 2670 cst3
970 2629 1010 2662 at
1040 2625 1154 2661 inno-

207 2681 377 2719 centiam
412 2693 521 2719 suam
556 2684 595 2719 et
629 2679 888 2719 obedientiam
920 2681 1077 2723 testata,
1102 2677 1154 2716 li-

205 2735 348 2773 bertati
383 2735 535 2773 reddita
565 2734 649 2773 fuit.
681 2737 794 2772 Anno
826 2744 918 2769 vero
950 2732 1050 2769 17l7
1073 2735 1156 2780 post

207 2789 393 2826 humilem
415 2787 640 2838 claramque
660 2787 751 2826 fidei
768 2785 1044 2838 professionem
1064 2786 1154 2823 Ble-

207 2842 260 2880 sis
282 2843 388 2880 obiit.

258 2896 365 2933 Haec
387 2896 470 2945 ipsa
489 2908 551 2934 res
572 2896 609 2934 in
631 2907 753 2934 causa
774 2894 848 2933 fuit
863 2904 933 2931 cur
947 2892 1050 2930 intcr
1067 2893 1156 2930 Bos-

204 2951 386 2997 suetium,
404 2951 623 3000 episcopum
646 2950 901 2995 Mcldensem,
921 2950 961 2985 et
990 2946 1156 2984 Fenelo-

247 3079 252 3098 ῑ
275 3079 305 3108 Ι)’
321 3079 482 3117 Argenti-c,
503 3078 654 3110 Collecti«)
673 3073 870 3109 iudiciormri
900 3076 937 3107 (le
951 3076 1038 3107 novis
1061 3085 1153 3108 ενι-ο·
1208 3105 1213 3107 ,

204 3119 290 3150 ribus
306 3130 313 3157 ;
332 3121 473 3157 1⁴'cm'tlon,
494 3122 641 3158 venui-es,
659 3125 677 3151 t.
695 3121 739 3157 lV,
754 3121 826 3151 edit.
844 3119 964 3150 Lc-llcl.

245 3161 258 3182 '²
281 3162 417 3193 Torrens
429 3163 594 3203 spirilucls
610 3173 617 3201 ;
634 3162 751 3203 Moycn
769 3163 860 3193 court
872 3164 900 3192 cl
919 3160 983 3191 lre's
1006 3159 1101 3200 facilc
1117 3159 1154 3191 ‹le

205 3202 288 3250 sdi'jss
319 3203 338 3233 l'
353 3205 490 3241 annixam
520 3204 559 3236 1.ae
592 3204 745 3245 Guntique
775 3203 827 3234 (les
853 3202 1022 3243 canitque<
1048 3201 1154 3242 expli-

203 3253 273 3284 qne,
291 3248 346 3276 etr,

801 143 959 171 EPOCHA
987 143 1058 170 XII.
1089 145 1115 170 A
1144 144 1299 173 LITIBVS
1327 145 1614 173 IANSENISTICIS

1210 212 1331 259 nium,
1351 212 1686 262 archiepiscopum
1707 214 2046 264 Cameracensem,
2074 229 2159 256 con-

1208 266 1373 304 certatio
1402 278 1479 304 non
1507 266 1606 304 levis
1626 267 1878 308 excitaretur.
1899 270 1971 308 Ille
1999 273 2159 309 senten-

1207 321 1282 357 tias
1303 332 1323 357 e
1351 320 1504 369 scriptis
1524 320 1692 358 Ioannae
1714 326 1919 372 excerptas
1939 325 2158 373 damnavit,

1209 376 1249 411 et
1269 374 1384 421 hunc,
1405 377 1521 411 antea
1549 386 1665 412 suum
1696 374 1942 425 discipulum,
1963 390 2066 415 nunc
2086 391 2156 417 ae-

1210 428 1373 474 mulum,
1403 429 1446 465 ut
1474 427 1577 465 idem
1598 427 1760 476 faceret,
1780 431 1947 479 rogavit.
1968 431 2045 469 Hic
2065 444 2158 470 vero

1208 481 1396 518 loannam
1426 481 1554 530 potius
1574 481 1613 518 in
1635 482 1788 520 ratione
1809 485 2062 533 exponendae
2082 486 2157 523 do-

1207 534 1357 572 ctrinae
1378 535 1581 584 mysticae,
1602 547 1722 584 quam
1743 536 1781 573 in
1803 537 1877 574 hac
1897 538 1981 587 ipsa
2000 551 2154 578 errasse

1207 588 1448 636 existimans,
1469 589 1552 626 eius
1573 589 1788 627 sententias
1805 590 1851 628 de
1867 592 2158 642 contemplatio-

1207 654 1268 689 ne,
1297 645 1404 680 statu
1436 642 1602 691 passivo,
1631 643 1826 692 spirituali
1846 645 1998 683 animae
2019 649 2158 694 morte,

1207 696 1552 734 transformatione
1573 699 1613 733 et
1633 696 1776 734 unione
1795 698 2048 737 substantiali
2066 712 2158 737 cum

1207 750 1300 798 Deo,
1314 749 1524 798 aliisquein
1537 761 1674 787 sanum
1689 754 1903 798 sensum,et
1913 752 2158 801 potissimum

1207 804 1253 841 de
1269 816 1365 853 puro
1382 803 1452 841 Dei
1468 815 1731 852 amore,quem
1742 804 2158 856 defendebat,explica-

1206 869 1248 895 re
1264 857 1416 895 studuit
1435 858 1475 895 in
1495 856 1609 903 libro,
1630 869 1692 895 an.
1717 858 1817 896 1697
1838 858 1978 908 gallice
1997 860 2156 910 scripto,

1206 911 1251 949 de
1277 911 1491 949 Sententiis
1523 914 1747 949 sanctorum
1779 912 1884 950 circa
1916 913 2040 951 vitam
2060 913 2158 953 inte-

1207 965 1350 1003 riorem
1378 964 1404 1003 ¹.
1434 967 1488 1002 At
1515 964 1746 1003 Bossuetius
1789 965 1876 1004 illas
1914 968 2156 1014 sententias,

1206 1021 1296 1056 utut
1328 1019 1545 1068 explicatas
1561 1048 1571 1065 ,
1608 1019 1752 1056 acriter
1793 1020 2054 1069 impugnavit.
2089 1021 2157 1060 Lis

1204 1073 1308 1110 inter
1329 1076 1538 1122 utrumque
1559 1072 1778 1111 antistitem
1799 1073 1962 1123 agitata,
1983 1075 2154 1113 Romam

1204 1127 1336 1164 delata
1369 1129 1439 1165 est.
1474 1126 1724 1164 Innocentius
1752 1128 1822 1175 Pp.
1844 1127 1949 1174 XII,
1983 1139 2026 1166 re
2065 1129 2155 1167 dili-

1204 1185 1344 1230 genter
1378 1180 1552 1218 discussa
1568 1209 1577 1226 ,
1612 1192 1713 1218 anno
1743 1181 1844 1219 1699
1865 1181 2015 1220 litteras
2037 1182 2155 1230 dedit,

1203 1235 1241 1272 in
1263 1235 1402 1283 quibus
1431 1234 1482 1272 23
1502 1234 1798 1283 propositiones,
1819 1247 1840 1272 e
1859 1234 1961 1273 libro
1981 1235 2150 1274 Fenelo-

1206 1288 1257 1326 nii
1280 1292 1497 1337 excerptas,
1519 1288 1565 1325 de
1586 1299 1682 1337 puro
1703 1288 1773 1325 Dei
1793 1300 1942 1336 amore,
1964 1290 2011 1327 de
2031 1290 2158 1339 perfe-

1203 1346 1267 1380 cta
1287 1342 1407 1379 animi
1428 1342 1568 1390 quiete,
1592 1342 1638 1379 de
1658 1342 1800 1392 exiguo
1822 1343 1946 1391 pretio
1965 1343 2154 1382 orationis

1204 1396 1361 1442 vocalis,
1383 1396 1428 1433 de
1448 1393 1692 1445 praestantia
1707 1396 2045 1446 contemplationis
2061 1410 2154 1447 prae

1204 1450 1480 1496 meditatione,
1519 1450 1565 1486 de
1605 1451 1760 1498 passivo
1795 1451 1908 1488 modo
1946 1451 2153 1490 resistendi

1202 1503 1486 1542 tentationibus
1523 1502 1687 1552 aliisque
1717 1504 1932 1542 damnavit.
1975 1504 2148 1543 Fenelon

1204 1557 1364 1607 egregio
1394 1557 1626 1595 humilitatis
1654 1559 1694 1595 et
1722 1557 1990 1596 submissionis
2018 1570 2154 1597 exem-

1202 1612 1264 1661 plo
1293 1622 1500 1649 censuram
1529 1610 1764 1660 pontificiam
1794 1623 1871 1648 non
1898 1613 2054 1651 tantum
2079 1625 2155 1663 ap-

1202 1665 1407 1715 probavit,
1437 1666 1503 1702 sed
1533 1664 1650 1702 etiam
1681 1676 1891 1703 conscenso
1920 1665 1960 1703 in
1989 1665 2154 1706 ecclesia

1202 1731 1272 1757 sua
1301 1718 1606 1768 metropolitana
1626 1720 1830 1768 suggestu,
1851 1719 2055 1769 praelegit,
2076 1732 2147 1759 au-

1202 1774 1360 1818 ditores,
1382 1774 1425 1809 ut
1445 1772 1568 1810 eidem
1586 1772 1916 1822 obtemperarent,
1932 1773 2149 1822 admonuit,

1201 1827 1383 1876 idemque
1413 1826 1506 1864 fecit
1534 1826 1574 1863 in
1603 1825 1747 1864 litteris
1776 1826 1825 1865 ad
1854 1826 2004 1865 clerum
2032 1839 2149 1866 suum

1203 1881 1304 1918 datis
1322 1880 1348 1919 ².

1256 1934 1320 1972 28.
1341 1934 1573 1972 Atheorum
1588 1938 1627 1972 et
1645 1933 1886 1973 Dez‘starum
1903 1935 2150 1984 magistri-

1200 1988 1391 2036 Vidimus,
1414 1988 1580 2037 qualiter
1600 1988 1798 2025 Lutherus
1815 1988 1961 2038 aliique
1977 1989 2143 2038 pseudo-

1201 2042 1490 2080 reformationis
1507 2044 1699 2087 auctores,
1713 2042 1854 2090 spretis
1865 2042 2064 2080 Ecclesiae
2076 2054 2156 2081 ma·

1198 2096 1358 2145 gisterio
1380 2099 1420 2133 et
1439 2096 1666 2140 traditione,
1688 2094 1802 2143 plura
1823 2095 2007 2144 dogmata
2027 2097 2067 2134 et
2085 2096 2148 2133 in-

1198 2150 1340 2188 stituta
1368 2150 1407 2187 in
1440 2149 1613 2187 Ecclesia
1633 2149 1814 2186 omnibus
1845 2153 1948 2186 retro
1982 2149 2149 2188 saeculis

1198 2216 1311 2242 sacra
1339 2203 1562 2249 reiecerint,
1591 2203 1694 2252 quod
1721 2214 1768 2240 ea
1798 2203 1836 2240 in
1865 2202 1904 2241 S.
1927 2202 2147 2253 Scriptura,

1197 2258 1305 2295 cuius
1327 2257 1644 2306 interpretandae
1660 2256 1719 2293 ius
1739 2256 1867 2294 cuivis
1889 2256 2042 2305 spiritui
2062 2258 2146 2307 pri-

1198 2315 1286 2349 vato
1315 2311 1440 2348 inesse
1470 2310 1663 2356 dicebant,
1695 2322 1770 2347 non
1801 2310 2079 2359 reperirentur,
2109 2314 2149 2350 et

1197 2365 1268 2402 hac
1288 2365 1439 2403 ratione
1460 2364 1655 2413 privatam
1665 2365 1849 2412 cuiusque
1861 2365 2053 2402 rationem
2063 2377 2150 2402 eon·

1194 2418 1405 2457 stituerent
1449 2418 1537 2455 fidei
1570 2418 1750 2455 iudicem.
1784 2417 1946 2455 illorum
1980 2418 2147 2456 audacia

1196 2472 1375 2518 contulit,
1407 2474 1449 2509 ut
1478 2471 1543 2509 alii
1567 2471 1730 2509 ulterius
1753 2472 2059 2521 progredientes,
2081 2471 2145 2510 vel

1195 2538 1240 2563 ea
1275 2526 1457 2575 dogmata
1475 2555 1484 2571 ,
1513 2537 1613 2574 quae
1632 2525 1686 2562 illi
1707 2525 1954 2563 retinuerant
1974 2554 1984 2572 ‚
2004 2525 2147 2564 abiice-

1198 2582 1294 2626 rcnt,
1316 2579 1417 2629 quod
1442 2591 1567 2628 neque
1591 2579 1687 2617 haec
1709 2579 1748 2616 in
1769 2580 1808 2617 S.
1830 2579 2035 2629 Scriptura
2054 2591 2144 2617 con·

1197 2634 1432 2678 timerentur,
1462 2633 1523 2670 vel
1553 2644 1686 2670 omnes
1716 2633 1912 2671 doctrinas
1948 2632 2144 2671 revelatas

1197 2699 1264 2724 seu
1295 2686 1547 2736 mysteriosas
1563 2688 1847 2736 expungerent,
1868 2687 1969 2736 quod
1989 2687 2028 2725 S.
2046 2686 2146 2724 Scri-

1198 2743 1334 2789 pturae
1355 2740 1473 2778 effata
1495 2741 1542 2777 ad
1566 2740 1757 2778 trutinam
1774 2740 1935 2778 rationis
1950 2740 2146 2778 humanae

1198 2800 1394 2841 vocantes,
1417 2794 1511 2831 nihil
1529 2794 1600 2831 nisi
1618 2794 1721 2843 quod
1738 2795 1908 2832 humano
1925 2793 2142 2832 intellectui

1197 2852 1300 2886 essct
1333 2848 1667 2885 accommodatum
1701 2860 1747 2886 ac
1790 2848 1976 2897 pervium,
2010 2846 2050 2884 in
2080 2847 2148 2886 illa

1198 2902 1477 2948 contineretur,
1498 2902 1560 2939 vcl
1582 2902 1703 2939 ctiam
1725 2902 1764 2939 S.
1786 2901 2033 2951 Scripturam
2054 2900 2141 2938 reii-

1197 2959 1340 3001 cerent,
1370 2956 1471 3004 quod
1494 2955 1631 3003 etipsa
1651 2956 1699 2993 ab
1722 2954 1897 2992 Ecclesia
1929 2957 2035 2993 esset
2067 2957 2147 2992 tra-

1197 3009 1289 3047 dita.
1321 3009 1446 3058 Igitur
1476 3007 1932 3059 pseudo-reformationis
1962 3009 2142 3047 auctores

1222 3160 1473 3207 ¹¹¹l*,'.1·plicc1lion
1485 3160 1537 3192 (tex
1551 3161 1706 3192 inarimos
1722 3161 1775 3192 des
1790 3161 1899 3194 Sainls
1913 3170 1972 3193 sur
1990 3161 2019 3194 Ia
2038 3162 2148 3195 vicin-

1198 3207 1345 3232 tet-wurt‘.

1238 3245 1250 3264 ’ἰ
1269 3244 1455 3280 Ι)“Λι·ςι“,ιιίι·ἱ·
1472 3248 1500 3275 ct
1518 3244 1659 3282 Fient-lon,
1673 3245 1728 3276 loc.
1746 3245 1807 3275 citt.
