2241 3473
555 173 823 202 INTRODVCTIO
854 172 897 200 IN
927 172 1153 200 HISTORIAM
1183 170 1516 200 ECCLESIASTICAM

124 239 169 292 o)
191 238 239 281 In
270 236 461 280 dissensu
493 239 687 287 testium,
720 237 898 280 caeteris
930 250 1010 292 pa-

67 298 180 342 ribus
195 331 204 348 ,
226 295 490 353 praeferendi
511 300 608 339 sunt
631 297 779 340 coaevi
800 298 1010 350 posterio-

67 357 194 406 ribus,
218 357 431 399 domestici
453 357 676 406 extmneis,
695 355 846 410 publici
863 356 1010 409 priva-

66 418 134 466 tis,
157 415 287 472 probi,
306 415 415 459 docti
438 419 480 458 et
502 429 658 471 graves
680 416 741 464 iis,
764 414 834 468 qui
856 414 920 455 his
938 414 1012 456 do-

67 476 177 519 tibus
209 479 365 518 carent.
399 474 441 517 Si
473 478 598 518 testes
629 474 798 516 varient
830 476 904 515 aut
934 472 1011 514 sibi

67 533 357 578 contradicant
379 535 490 576 circa
512 533 610 576 facti
627 533 838 581 adiuncta,
865 544 1009 574 mora-

67 594 239 643 litatem,
263 592 399 640 finem,
423 606 612 639 causam,
637 604 719 633 non
750 591 842 634 ideo
874 592 1009 646 ipsum

67 653 224 696 factum
246 652 498 694 censendum
515 655 580 693 est
597 650 823 693 confictum
847 649 872 691 ¹.

136 742 164 796 ἓ
186 742 226 784 6.
257 740 377 782 Ordo
399 740 576 783 Rerum
599 742 641 781 et
670 739 945 794 Temporzcm

126 829 192 872 Ad
209 829 436 884 legitimum
456 827 622 869 modum
640 828 925 883 pertractandi
941 827 1012 869 Hi-

66 889 238 932 storiam
249 887 577 930 ecclesiasticam
590 889 771 942 pertinet
784 891 925 930 rectus
937 901 1010 929 re-

65 960 159 989 rum
180 949 396 1002 gestarum
411 950 454 988 et
470 949 704 1001 temporum
722 946 838 996 ordo,
856 949 946 989 tum
965 948 1012 988 ut

65 1006 311 1048 discentium
343 1006 544 1047 memoria
565 1005 832 1055 sublevetur,
855 1011 943 1049 tum
965 1009 1013 1048 ut

65 1078 134 1107 res
165 1065 208 1106 in
239 1065 428 1107 Ecclesia
460 1067 605 1120 gestae
637 1065 748 1107 facili
778 1067 933 1107 intuitu
964 1066 1012 1106 iis

65 1125 184 1179 quasi
202 1126 444 1179 praesentes
456 1125 673 1168 sistantur.
688 1125 890 1166 Diversus
907 1137 1011 1166 vero

65 1196 206 1225 rerum
228 1185 546 1238 temporumque
563 1183 666 1225 ordo
688 1197 713 1225 a
735 1183 913 1226 diversis
934 1184 1013 1226 Hi-

65 1243 223 1284 storiae
245 1242 553 1284 ecclesiasticae
584 1243 860 1297 scriptoribus
891 1243 1013 1285 adhi-

66 1300 202 1344 betur.
235 1301 318 1344 Alii
349 1315 417 1343 res
449 1305 591 1356 gestas
623 1303 664 1343 in
686 1305 826 1344 certas
858 1303 1014 1345 classes

67 1360 333 1409 distribuunt,
357 1365 399 1403 et
428 1374 505 1415 per
526 1361 692 1416 singula
719 1364 858 1416 capita
881 1367 1015 1417 agunt

66 1419 116 1461 de
139 1420 340 1462 Romanis
361 1419 647 1470 PontificibuS‚
672 1420 721 1462 de
744 1421 944 1471 conciliis,
964 1422 1013 1463 de

67 1478 326 1527 haeresibus,
345 1478 395 1520 de
416 1479 691 1534 scriptoribus
709 1481 1013 1530 ecclesiasticis,

68 1537 118 1580 de
137 1538 437 1592 imperantibus
460 1538 666 1589 civilibus,
689 1539 740 1581 de
763 1540 954 1582 doctrina
972 1543 1014 1583 et

67 1597 293 1652 disciplina.
332 1597 493 1640 Verum
536 1597 641 1640 haec
677 1599 897 1641 methodus
935 1599 1013 1641 fre-

67 1657 211 1710 quenti
227 1669 369 1697 rerum
387 1658 623 1711 repetitioni
636 1662 678 1701 et
695 1658 929 1700 confusioni
946 1659 1014 1701 ob-

69 1715 196 1756 noxia
218 1718 294 1757 est.
317 1715 399 1756 Alii
424 1715 686 1770 procedendo
708 1731 782 1772 per
798 1731 929 1759 annos
947 1733 1013 1760 res

67 1772 258 1815 referunt
289 1787 339 1816 eo
372 1775 517 1816 ordine
549 1780 592 1818 et
622 1779 834 1831 tempore,
867 1777 1014 1831 quibus

109 1896 121 1918 ¹
137 1897 174 1928 Cs
192 1897 312 1928 Honore
334 1897 371 1928 de
393 1898 444 1928 Ste
459 1899 563 1936 Marie,
580 1898 788 1940 Re'flexions
808 1911 875 1931 sur
897 1901 945 1932 les
960 1901 1017 1931 νέ-

63 1937 137 1978 9les
155 1943 186 1968 et
199 1948 265 1969 sur
279 1939 412 1978 l'usaye
427 1939 469 1970 de
483 1939 519 1970 ἰα
534 1940 694 1980 critique,
712 1942 799 1972 Paris
816 1941 904 1980 1713,
922 1942 940 1973 3
956 1943 1014 1974 vol.

67 1978 150 2018 in·4;
166 1988 243 2019 opus
264 1980 356 2011 latine
373 1981 538 2018 redditum,
553 1980 570 2012 3
586 1984 633 2012 vel
651 1982 664 2013 1
682 1982 738 2013 vol.
754 1982 891 2014 in-‡.-l.
910 1984 1015 2015 Mabil·

67 2020 128 2059 lun,
150 2021 334 2053 Tractatus
349 2022 390 2054 de
404 2023 535 2054 Studiis
549 2029 698 2055 monast.
714 2028 793 2064 part.
808 2025 844 2062 11,
860 2034 885 2056 c.
903 2024 930 2056 8.

1874 171 1948 199 XIII

1053 236 1335 292 contigerunt.
1365 235 1446 279 Sed
1474 234 1541 277 hic
1568 233 1715 277 modus
1746 233 1861 277 filum
1892 247 1998 276 nar-

1052 296 1226 337 rationis
1255 296 1420 351 saepius
1453 293 1664 349 abrumpit
1684 298 1727 337 et
1749 294 1998 336 discentium

1053 355 1294 396 memoriam
1318 353 1480 410 affligit.
1504 354 1584 396 Alii
1607 353 1792 395 ordinem
1812 353 1998 396 chrono-

1052 413 1233 467 logicum
1254 426 1395 455 rerum
1419 416 1633 468 gestarum
1656 414 1716 455 ita
1747 415 1996 467 sequuntur,

1051 475 1098 514 ut
1119 471 1242 514 simul
1265 485 1410 514 earum
1443 472 1673 527 completae
1702 472 1935 514 narrationi
1957 475 2001 513 et

1052 532 1179 572 nexui
1216 532 1374 573 causali
1410 531 1644 573 consulant.
1678 531 1794 573 Haec
1827 534 1999 585 postre-

1053 603 1120 630 ma
1141 589 1362 632 methodus
1384 590 1501 631 nobis
1520 590 1689 633 videtur
1709 589 2000 645 praeferenda.

1054 648 1268 695 Quantum
1290 649 1343 690 ad
1367 648 1555 690 ordinem
1580 653 1813 704 temporum
1836 649 1999 698 attinet,

1053 708 1121 749 alii
1151 708 1320 762 longam
1352 721 1496 750 eorum
1527 709 1692 757 seriem,
1715 710 1756 750 in
1787 709 1999 751 Historiae

1053 766 1363 809 ecclesiasticae
1395 767 1534 808 studio
1558 767 1908 822 percurrendam,
1931 767 1999 809 di-

1055 825 1204 868 vidunt
1224 825 1451 868 secundum
1472 827 1733 868 saeculorum
1766 840 2000 869 numerum.

1054 885 1136 928 Sed
1149 884 1242 926 inde
1260 885 1339 927 hoc
1351 885 1654 927 incommodum
1669 887 1872 940 sequitur,
1891 886 2002 941 quod

1054 957 1148 985 cum
1181 943 1262 986 fine
1295 945 1481 986 cuiusvis
1524 945 1682 987 saeculi
1715 946 2003 987 narrationem

1054 1005 1135 1051 rei,
1159 1016 1233 1057 per
1254 1003 1375 1058 plura
1397 1017 1521 1059 saepe
1553 1004 1722 1046 saecula
1745 1008 2003 1059 protractae,

1053 1062 1317 1117 abrumpere,
1341 1076 1577 1118 nexumque
1610 1063 1819 1106 factorum
1849 1063 2003 1105 dissol-

1056 1134 1156 1163 vere
1179 1124 1401 1177 cogantur.
1426 1123 1506 1164 Alii
1528 1123 1674 1165 melius
1693 1126 1928 1177 temporum
1945 1137 2006 1165 se·

1054 1182 1158 1223 riem
1181 1180 1436 1223 distribuunt
1458 1183 1499 1223 in
1522 1186 1660 1224 certas
1678 1183 1876 1236 epochas,
1897 1194 2002 1236 qua-

1057 1254 1148 1282 rum
1171 1241 1380 1294 quaelibet
1407 1241 1623 1283 diversum
1647 1255 1672 1283 a
1694 1242 1899 1296 superiori
1921 1242 2005 1283 Ec-

1055 1300 1207 1342 clesiae
1238 1303 1417 1349 statum,
1440 1300 1563 1355 idque
1596 1301 1636 1342 in
1664 1302 1857 1342 maximis
1878 1300 2004 1342 rebus

1055 1358 1242 1401 exhibet.

1115 1419 1311 1473 Epochae
1331 1422 1542 1462 vocantur
1558 1419 1788 1462 celebriora
1801 1418 2005 1474 quaedam

1057 1481 1267 1533 tempora,
1291 1479 1344 1520 ad
1367 1492 1473 1533 quae
1495 1480 1721 1521 memoriae
1744 1492 1874 1520 causa
1905 1492 2006 1520 cae-

1058 1539 1148 1578 tera
1170 1537 1425 1588 referuntur;
1449 1538 1798 1592 quemadmodum
1819 1539 1861 1579 in
1883 1551 2005 1593 map-

1056 1593 1121 1650 pis
1138 1598 1431 1652 geographicis
1453 1598 1507 1639 ad
1528 1602 1667 1640 certas
1688 1599 1882 1640 civitates
1905 1597 2008 1639 cele-

1058 1655 1231 1705 briores,
1256 1670 1433 1710 quarum
1457 1658 1561 1699 situs
1593 1659 1818 1699 memoriae
1842 1655 2005 1698 facilius

1056 1714 1261 1765 inhaeret,
1292 1716 1374 1758 alia
1395 1716 1488 1758 loca
1509 1717 1644 1758 minus
1665 1717 1842 1758 illustria
1858 1715 2010 1757 referri

1057 1774 1206 1816 solent.
1229 1775 1323 1817 Non
1345 1775 1511 1817 easdem
1534 1789 1679 1817 omnes
1697 1776 1911 1818 Historiae
1931 1789 2006 1818 ec—

1057 1832 1320 1876 clesiasticae
1361 1835 1590 1888 scriptores
1632 1836 1826 1889 epochas
1856 1849 2007 1877 nume-

1058 1895 1166 1934 rant.
1189 1893 1277 1935 Nos
1300 1907 1403 1935 vero
1426 1894 1658 1936 Historiam
1677 1895 2007 1936 ecclesiasticam

1056 1950 1278 1994 dividimus
1296 1954 1337 1993 in
1355 1953 1416 1995 IV
1433 1953 1615 2008 epochas
1633 1955 1828 2001 maiores,
1845 1953 2006 2008 hasque

1054 2011 1209 2052 iterum
1230 2011 1452 2054 dividimus
1468 2014 1511 2054 in
1531 2013 1637 2055 XIII
1659 2014 1856 2055 minores.

576 2100 1171 2147 Epooharum
1199 2104 1491 2144 Index.

151 2179 265 2212 PRIMA
289 2190 324 2212 ex
346 2181 473 2222 epochis
496 2183 664 2214 maioribus
681 2185 817 2216 continet
838 2194 887 2216 res
909 2188 1014 2226 gestas
1030 2186 1069 2217 ab
1085 2196 1165 2219 anno
1181 2189 1281 2229 primo
1298 2189 1410 2221 Christi
1432 2197 1527 2229 usque
1543 2188 1582 2220 ad
1600 2189 1834 2221 conversionem
1851 2189 1926 2220 Con-

398 2224 521 2255 stantini
538 2225 574 2256 M.
591 2234 640 2256 an.
658 2224 726 2256 312.

152 2262 319 2295 SECVNDA
335 2273 354 2295 a
371 2267 570 2297 conversione
587 2267 775 2299 Constantini
790 2278 887 2308 usque
903 2268 943 2299 ad
960 2272 1090 2300 aetatem
1105 2271 1206 2303 Caroli
1222 2273 1270 2310 M,
1283 2282 1332 2304 an.
1350 2272 1419 2303 771.

153 2305 288 2336 TERTIA
304 2306 343 2336 ab
359 2310 458 2338 aetate
475 2308 575 2338 Caroli
591 2310 629 2340 M.
647 2319 744 2349 usque
761 2310 802 2340 ad
818 2311 902 2341 initia
919 2311 1291 2353 pseudo-reformationis,
1305 2324 1357 2345 an.
1372 2314 1463 2347 1517.

153 2345 304 2383 QVARTA
321 2356 339 2377 a
355 2348 706 2388 pseudo-reformatione
722 2360 819 2391 usque
836 2352 874 2382 ad
891 2356 1030 2383 nostram
1046 2358 1187 2387 aetatem.

288 2388 317 2419 1²²
331 2397 367 2420 ex
385 2391 510 2430 epochis
532 2391 703 2422 minoribus
727 2394 864 2424 continet
887 2403 935 2424 res
951 2398 1056 2433 gestas
1072 2404 1091 2426 a
1106 2397 1263 2429 nativitate
1280 2398 1347 2429 Iesu
1363 2398 1475 2430 Christi
1491 2407 1587 2438 usque
1603 2398 1643 2429 ad
1659 2398 1778 2429 obitum
1794 2407 1817 2429 s.
1837 2398 1922 2429 Ioan-

398 2433 444 2462 nis
462 2433 610 2472 Apostoli,
627 2434 666 2464 ab
683 2443 732 2464 an.
749 2435 816 2465 Chr.
835 2435 848 2465 1
870 2444 965 2475 usque
981 2435 1020 2466 ad
1040 2435 1105 2467 101.

273 2470 316 2501 11²²
331 2472 370 2502 ab
387 2473 469 2504 obitu
489 2483 512 2504 s.
527 2474 650 2505 loannis
669 2484 768 2515 usque
784 2476 824 2506 ad
841 2477 1075 2509 conversionem
1092 2479 1282 2511 Constantini
1296 2482 1345 2519 M,
1361 2482 1401 2512 ab
1417 2491 1468 2514 an.
1487 2481 1542 2513 101
1560 2491 1656 2522 usque
1673 2481 1712 2512 ad
1729 2481 1798 2513 31⁹2.

264 2511 316 2542 111³
331 2522 348 2544 3
364 2515 569 2546 conversione
585 2516 774 2548 Constantini
791 2527 888 2557 usque
901 2518 940 2548 ad
956 2517 1046 2549 finem
1063 2520 1183 2560 imperii
1200 2522 1411 2563 occidentalis,
1427 2524 1466 2554 ab
1481 2532 1528 2553 an.
1544 2522 1602 2554 31⁶2
1617 2533 1714 2563 usque
1730 2524 1770 2554 ad
1785 2521 1856 2555 476.

261 2552 315 2583 wa
331 2563 349 2585 a
365 2555 424 2586 fine
439 2556 559 2595 imperii
573 2558 773 2589 occidentalis
789 2568 886 2598 usque
899 2559 938 2589 ad
953 2561 1271 2601 pseudo-prophetam
1284 2566 1444 2602 Mahomet,
1461 2565 1501 2595 ab
1517 2574 1566 2595 an.
1583 2564 1643 2596 476
1660 2574 1757 2605 usque
1773 2564 1813 2595 ad
1827 2563 1896 2596 622.

276 2594 316 2624 va
330 2605 349 2626 a
364 2597 533 2629 Mahomete
550 2608 647 2639 usque
664 2599 703 2630 ad
720 2603 852 2631 aetatem
870 2601 972 2631 Caroli
989 2602 1037 2639 M„

1056 2603 1095 2633 ab
1112 2612 1160 2634 an.
1177 2603 1236 2635 622
1255 2615 1352 2646 usque
1369 2607 1408 2637 ad
1424 2606 1493 2638 771.

263 2635 317 2666 Vl³
330 2645 349 2666 a
364 2637 471 2668 Carolo
485 2640 520 2670 M.
537 2641 684 2680 usquead
702 2641 912 2680 pontificatum
929 2651 955 2672 S.
971 2643 1112 2683 Gregorii
1131 2645 1190 2683 Vll,
1207 2647 1246 2677 ab
1263 2657 1311 2678 an.
1328 2648 1382 2679 771
1400 2658 1495 2688 usque
1512 2648 1551 2679 ad
1572 2647 1658 2680 1073.

249 2676 318 2707 vna
330 2686 349 2708 a
363 2687 388 2709 s.
403 2679 551 2720 Gregorio
566 2682 615 2712 VH
633 2691 728 2722 usque
745 2683 783 2713 ad
800 2683 1012 2723 pontificatum
1028 2685 1195 2717 lnnocentii
1211 2688 1258 2725 111,
1271 2689 1311 2719 ab
1327 2698 1376 2720 an.
1394 2689 1474 2720 1073
1491 2699 1586 2731 usque
1604 2690 1642 2720 ad
1661 2688 1752 2720 1198.

242 2717 317 2749 vlw
330 2719 370 2749 31)
390 2720 563 2767 Innocentio
579 2723 616 2754 111
632 2733 728 2764 usque
745 2724 783 2754 ad
800 2725 935 2755 schisma
951 2725 1140 2766 Occidentis,
1153 2729 1192 2758 ab
1209 2738 1258 2760 an.
1276 2730 1355 2762 1198
1373 2740 1471 2771 usque
1489 2732 1527 2762 ad
1546 2731 1636 2762 1378.

263 2759 319 2789 111εἰ
330 2769 348 2790 3
364 2761 527 2793 schismate
543 2763 717 2796 Occidentis
734 2774 830 2805 usque
847 2766 886 2797 ad
903 2766 993 2797 finem
1008 2767 1129 2807 imperii
1146 2772 1261 2809 graeci,
1277 2772 1316 2802 ab
1333 2782 1382 2803 an.
1398 2772 1475 2804 1378
1493 2782 1590 2812 usque
1606 2773 1645 2803 ad
1662 2771 1751 2804 1453.

273 2801 317 2849 1ζᾶ
331 2810 349 2832 3
365 2801 424 2832 fine
438 2802 555 2842 imperii
570 2805 676 2845 graeci
690 2815 787 2847 usque
803 2807 842 2837 ad
858 2808 1252 2851 pseudo-reformationem,
1270 2813 1308 2843 ab
1325 2823 1373 2844 an.
1388 2810 1472 2845 ‘1453
1490 2823 1589 2853 usque
1606 2814 1645 2844 ad
1664 2814 1752 2845 1517.

259 2842 315 2873 Ma
329 2852 349 2874 a
365 2843 710 2883 pseudo-reformatione
727 2857 825 2888 usque
841 2849 879 2879 ad
896 2850 1127 2889 lansenismum,
1144 2852 1183 2882 31)
1199 2863 1251 2886 an.
1273 2854 1348 2886 1517
1365 2864 1464 2895 usque
1479 2855 1519 2886 ad
1534 2854 1623 2886 1640.

248 2883 315 2914 XI!a
328 2894 346 2914 a
363 2886 551 2916 lansenismo
568 2896 664 2928 usque
681 2889 720 2920 ad
737 2890 892 2929 publicam
911 2899 1012 2921 rerum
1029 2893 1264 2927 subversionem
1279 2897 1310 2927 in
1323 2897 1432 2936 Gallia,
1444 2896 1482 2927 31)
1499 2906 1547 2927 an.
1565 2895 1645 2928 1610
1661 2906 1759 2937 usque
1774 2896 1814 2927 ad
1834 2895 1927 2929 1789.

232 2925 314 2956 xiil*
327 2935 344 2956 a
360 2935 462 2957 rerum
477 2927 680 2961 subversione
702 2931 733 2961 in
750 2931 848 2962 Gallia
863 2940 959 2972 usque
976 2933 1015 2964 ad
1031 2937 1167 2966 nostram
1191 2940 1332 2968 aetatem.

127 2987 323 3056 Singulae
339 2990 420 3033 hae
439 2992 625 3058 epochae
646 3007 802 3050 magna
835 2996 1014 3050 quadam
1056 3002 1374 3054 praemittemus
1394 3004 1655 3057 prooemium,
1678 3003 1719 3044 in
1737 3017 1818 3058 quo
1837 3015 2007 3044 earum-

70 3050 304 3091 mutatione
321 3053 421 3092 sunt
437 3051 632 3102 illustres,
651 3052 770 3096 facile
788 3057 1014 3097 memoriae
1056 3059 1147 3100 dem
1165 3062 1412 3116 praecipuas
1425 3064 1704 3117 proprietates
1717 3062 2004 3111 indicabimus,

71 3108 426 3173 commendantur,
451 3113 492 3152 et
513 3110 615 3152 bene
638 3116 763 3155 notae
784 3115 1014 3157 maximum
1056 3122 1102 3160 ut
1123 3119 1284 3161 facilius
1316 3124 1482 3175 pateat,
1506 3123 1597 3176 quis
1625 3122 1805 3165 durante
1836 3121 2005 3176 singula

71 3165 345 3210 addiscendae
355 3168 568 3212 Historiae
578 3170 884 3215 ecclesiasticae
894 3187 1013 3229 opem
1057 3179 1216 3234 epocha
1239 3179 1364 3222 fuerit
1386 3181 1599 3224 Ecclesiae
1621 3183 1772 3224 status.

72 3223 278 3269 adferunt.
304 3228 535 3271 Praeterea
557 3230 690 3272 cuivis
716 3244 861 3273 earum
883 3232 1014 3276 breve
1033 3236 1037 3284 l
