2241 3473
625 168 897 194 INTRODVCTIO
928 168 971 194 IN
1001 167 1222 194 HISTORIAM
1254 167 1592 194 ECCLESIASTICAM
1955 170 2013 196 vn

129 234 278 275 rimum
302 232 421 272 iuvat
445 232 558 273 notio
582 245 742 280 eorum,
766 231 833 285 qui
856 243 923 271 res
943 231 982 271 in
1002 232 1076 273 Ec·
1116 231 1169 272 ad
1191 230 1278 273 439
1299 230 1460 286 septem
1474 230 1588 273 libris
1600 231 1845 286 complexus
1860 234 1938 275 est.
1952 232 2062 275 Her-

127 292 251 334 clesia
270 292 413 346 gestas
427 289 687 345 collegerunt
705 293 779 332 aut
792 290 1073 332 illustrarunt.
1117 291 1218 331 mias
1253 291 1521 338 Sozomenus,
1557 289 1769 340 Gazensis,
1805 291 1972 345 scripsit
1992 292 2066 334 Hi-

127 351 182 393 Ut
213 350 262 391 de
296 350 358 391 liis
392 351 618 391 secundum
651 349 799 391 seriem
824 353 1074 402 temporum,
1093 349 1096 387 l
1115 350 1272 390 storiae
1290 350 1599 391 ecclesiasticae
1616 349 1743 391 libros
1767 362 1920 391 novem
1934 350 1985 392 ab
1997 363 2066 393 an-

126 409 273 463 quibus
290 407 537 452 floruerunt.
556 421 745 463 agamus,
760 421 783 448 a
802 407 1074 462 scriptoribus
1093 393 1095 427 l

126 468 346 511 Canonicis
370 468 589 509 exordium
614 467 802 508 facimus.

183 527 414 570 Historiam
436 540 509 568 seu
527 528 660 568 vitam
683 524 919 567 Salvatoris
933 526 1074 567 'nostri

126 588 467 641 conscripserunt
525 587 708 638 quatuor
759 584 1072 639 Evangelistae.

124 646 362 688 Primordia
381 644 589 686 Ecclesiae
616 657 642 685 a
664 640 834 685 Christo
857 645 1073 686 institutae

123 720 155 747 s.
175 705 313 746 Lucas
331 703 546 746 enarravit
563 703 602 742 in
622 703 740 744 Actis
759 703 1070 756 Apostolorum.

125 764 254 805 Plura
285 763 409 805 etiam
442 762 655 803 nascentis
685 761 897 803 Ecclesiae
925 775 1074 803 monu-

124 826 265 865 menta
286 821 538 863 hauriuntur
559 833 615 861 ex
637 821 922 875 apostolorum
939 821 1070 870 Petri,

124 881 258 929 Pauli,
277 880 457 927 Ioannis,
477 878 618 920 Iacobi
637 883 678 921 et
696 879 822 921 Iudae
841 881 1039 934 epistolis.

183 939 247 982 Ab
269 951 318 981 eo
341 942 543 992 tempore,
567 951 648 992 quo
672 938 868 981 desinunt
890 940 1068 994 scripto-

123 1012 190 1041 res
215 998 411 1041 Canonici
435 1010 565 1052 usque
587 997 638 1038 ad
662 998 874 1039 saeculum
898 999 980 1047 IV,
1005 1012 1072 1040 ne·

124 1071 205 1106 mo,
231 1057 467 1112 Hegesippo
499 1060 702 1111 excepto,
725 1056 970 1099 historicam
992 1071 1066 1099 re-

121 1131 212 1158 rum
236 1117 560 1159 christianarum
582 1115 832 1158 relationem
855 1117 1068 1171 scripsisse

121 1177 319 1218 noscitur.
340 1175 658 1223 Verumtamen,
692 1178 786 1230 post
817 1178 925 1218 Acta
949 1189 1066 1217 mar-

119 1242 276 1289 tyrum,
295 1247 402 1289 quae
420 1239 656 1289 supersunt,
677 1248 759 1275 non
777 1247 911 1289 pauca
929 1236 1067 1277 Eccle-

119 1297 205 1336 siae
227 1294 351 1335 huius
375 1294 574 1347 temporis
608 1298 880 1336 monumenta
913 1307 1066 1336 occur-

119 1357 218 1396 runt
238 1354 279 1394 in
305 1353 488 1407 epistolis
511 1365 564 1393 ss.
591 1352 831 1400 Clementis,
851 1354 1006 1408 Ignatii
1024 1358 1066 1396 et

118 1412 356 1468 Polycarpi;
392 1413 432 1452 in
465 1412 658 1466 operibus
679 1425 711 1453 s.
735 1413 896 1462 Iustini‚
922 1412 1064 1455 Theo-

118 1471 230 1526 phili,
255 1471 570 1525 Athenagorae,
594 1484 626 1513 s.
646 1471 822 1520 Irenaei,
847 1472 1067 1513 Tertullia-

117 1531 168 1579 ni,
189 1544 224 1572 s.
245 1529 458 1586 Cypriani,
482 1533 524 1572 et
546 1530 724 1572 aliorum
744 1532 933 1580 Patrumg
951 1532 993 1572 in
1011 1532 1066 1586 ip·
1084 1556 1086 1571 t

116 1591 172 1631 sis
195 1591 320 1631 etiam
342 1589 615 1644 scriptoribus
632 1589 791 1631 iudaeis
814 1595 856 1632 et
875 1591 1062 1645 paganis,

114 1649 264 1690 Flavio
287 1648 477 1702 Iosepho,
502 1649 692 1697 Philone,
717 1650 882 1698 Tacito,
907 1649 1063 1691 Sueto-

115 1708 197 1755 ni0,
215 1707 349 1748 Plinio
367 1708 543 1755 iuniore,
562 1708 821 1761 Hegesippus
839 1711 980 1750 autem
994 1708 1064 1749 flo-
1083 1753 1085 1763 Ι

115 1767 199 1807 ruit
222 1765 407 1813 saeculo,
432 1767 679 1820 scripsitque
701 1768 912 1808 Historiae
936 1768 1062 1809 eccle-

115 1825 310 1866 siasticae
328 1824 454 1865 libros
472 1825 499 1866 5
516 1839 540 1866 a
558 1827 750 1880 passione
765 1827 918 1868 Christi
931 1840 1060 1880 usque

114 1883 166 1924 ad
198 1896 274 1924 sua
306 1887 515 1937 tempora;
549 1884 619 1925 sed
650 1889 814 1927 tantum
837 1894 1061 1938 supersunt

113 1942 318 1996 quaedam
348 1955 490 1983 eorum
519 1942 778 1997 fragmenta,
801 1943 853 1985 ab
876 1944 1057 1986 Eusebio

112 2002 154 2042 in
172 2014 248 2042 sua
271 2001 456 2043 Historia
478 2002 758 2044 ecclesiastica
779 2002 928 2044 relata.

171 2059 348 2102 Saeculo
370 2060 430 2102 IV
453 2060 502 2102 de
524 2061 700 2102 historia
717 2061 929 2103 Ecclesiae
951 2062 1055 2105 bene

112 2120 262 2161 meruit
283 2119 498 2169 Eusebius,
523 2121 742 2175 episcopus
760 2120 1053 2164 Caesareensis

112 2179 153 2218 in
186 2178 448 2228 Palaestina,
480 2179 549 2233 qui
571 2179 784 2222 Historiae
806 2181 1053 2223 ecclesiasti-

112 2250 185 2278 cae
203 2235 344 2278 decem
361 2237 488 2280 libros
505 2251 530 2279 a
549 2237 715 2280 Christo
734 2242 832 2281 nato
850 2252 981 2294 usque
1000 2240 1052 2282 ad

112 2309 266 2337 annum
287 2295 372 2338 325
390 2297 666 2340 elucubravit.
687 2297 859 2353 Scripsit
877 2302 1048 2353 praete-

111 2367 185 2396 rea
197 2354 322 2396 libros
335 2359 516 2410 quatuor
526 2356 575 2398 de
589 2357 690 2398 Vita
701 2356 964 2400 Constantini
976 2359 1047 2408 M.;

112 2412 346 2456 Chronicon
378 2428 403 2456 a
430 2415 570 2457 mundi
601 2418 815 2458 creatione
840 2429 972 2471 usque
995 2419 1047 2460 ad

111 2484 264 2514 annum
282 2477 375 2527 post
390 2473 599 2517 Christum
615 2478 758 2517 natum
772 2475 857 2517 326
872 2490 880 2525 3
895 2477 1046 2518 librum
1067 2482 1069 2496 ²

111 2530 159 2572 de
176 2532 434 2586 Martyribus
451 2533 729 2576 Palaestinae.
749 2535 943 2578 Exeunte
965 2535 1047 2578 hoc

110 2589 277 2631 saeculo
295 2590 497 2642 Ruffinus,
511 2594 648 2647 patria
660 2594 852 2636 Toranus
865 2598 908 2637 et
917 2597 1046 2637 ecole-

109 2650 192 2690 siae
210 2649 481 2702 Aquileiensis
493 2652 726 2707 presbyter,
738 2651 970 2696 Historiam
983 2668 1044 2697 ec-

109 2707 385 2750 clesiasticam
406 2709 574 2752 Eusebii
595 2725 617 2752 e
639 2724 792 2765 graeco
810 2712 850 2753 in
868 2713 1043 2755 latinum

108 2768 240 2809 vertit
277 2770 319 2808 et
357 2780 485 2821 usque
524 2770 577 2811 ad
618 2771 776 2812 obitum
819 2769 1042 2814 Theodosii

108 2827 162 2868 M.
187 2825 306 2880 (395)
331 2825 489 2868 duobus
516 2827 628 2870 libris
651 2829 868 2882 perduxit;
894 2844 1042 2873 verum

107 2886 147 2925 in
169 2885 374 2927 vertendo
396 2885 563 2927 liberior
584 2891 627 2930 et
649 2889 690 2930 in
713 2888 935 2932 referendo
957 2904 1039 2932 non

107 2947 175 2985 sat
198 2948 424 2986 accuratus
448 2943 537 2986 fuit.

164 3001 340 3044 Saeculo
378 3004 418 3045 V
455 3004 564 3045 inter
608 3000 797 3048 Graecos
839 3008 1039 3050 historiae

105 3061 410 3104 ecclesiasticae
452 3063 774 3107 adlaborarunt:
813 3066 1010 3109 Socrates
1028 3100 1037 3117 ‚

106 3120 244 3174 Cpnus
265 3154 274 3169 ,
307 3120 442 3164 dictus
474 3121 770 3173 Scholasticus,
803 3127 872 3179 qui
902 3126 1038 3168 Histo-

105 3179 209 3221 riam
241 3180 565 3224 ecclesiasticam
593 3178 646 3224 ab
667 3194 775 3224 anno
797 3184 882 3227 306
904 3198 1035 3240 usque

1117 420 1168 448 no
1187 408 1273 449 323
1292 421 1421 462 usque
1443 409 1494 450 ad
1515 408 1890 450 439.—Baronius
1914 409 2066 464 aliique

1115 465 1270 516 dicunt,
1291 466 1522 516 Socratem,
1544 471 1587 509 et
1614 468 1890 511 Sozomenum
1909 466 2066 510 favisse

1116 525 1451 567 Novatianorum
1476 528 1641 576 sectae;
1665 526 1717 568 H.
1742 526 1939 568 Valesius
1963 541 2064 569 vero

1115 587 1158 626 et
1179 584 1248 625 alii
1273 588 1496 638 utrumque
1515 585 1566 626 ab
1584 585 1664 627 hac
1691 586 1961 628 accusatione
1980 587 2067 629 vin·

1114 642 1640 693 dicant.—-Theodoretus,
1665 645 1884 699 episcopus
1909 644 2064 701 Cyren-

1114 703 1182 749 sis,
1205 702 1434 744 Historiam
1453 702 1787 745 ecclesiasticam
1814 703 1928 745 libris
1950 705 2063 759 quin·

1113 773 1192 814 que
1210 762 1475 802 continuavit
1493 760 1545 803 ab
1563 763 1733 803 arianae
1752 762 1978 805 haereseos
1992 764 2064 806 ini-

1113 821 1179 861 tiis
1189 818 1450 875 (324)usque
1468 820 1520 861 ad
1539 820 1698 862 obitum
1717 821 1929 864 Theodori
1947 822 2063 879 Mop-

1110 879 1307 927 suesteni,
1326 881 1613 934 praeceptoris
1630 880 1694 921 sui
1712 879 1848 937 (428).
1864 881 2060 925 Gelasius

1111 936 1340 992 Cyzicenus
1373 939 1540 993 scripsit
1571 938 1699 980 libros
1734 940 1821 982 tres
1859 940 1908 982 de
1941 940 2060 985 Actis

1108 997 1273 1038 concilii
1298 998 1470 1040 Nicaeni
1493 998 1524 1038 Ι.
1550 997 1864 1054 philostorgius
1888 998 2058 1055 Cappa-

1107 1055 1191 1097 dox
1210 1089 1219 1104 ,
1253 1058 1424 1098 arianus
1444 1089 1452 1105 ,
1491 1057 1705 1100 Historiae
1753 1059 2060 1103 ecclesiasticae

1107 1114 1324 1157 duodecim
1362 1115 1489 1157 libros
1532 1117 1753 1159 contexuit
1792 1117 1847 1159 ab
1885 1119 2058 1161 arianae

1107 1174 1331 1216 haereseos
1345 1175 1506 1229 origine
1530 1188 1663 1229 usque
1682 1176 1734 1217 ad
1755 1189 1910 1218 annum
1925 1177 2011 1219 425
2030 1178 2057 1221 ¹.

1167 1234 1199 1275 E
1224 1234 1382 1275 Latinis
1404 1233 1549 1275 eodem
1571 1235 1739 1276 saeculo
1759 1236 1967 1291 Sulpicius
1989 1238 2058 1280 Se-

1108 1305 1251 1341 verus,
1275 1293 1397 1334 domo
1416 1293 1656 1347 Aquitanus
1674 1297 1717 1336 et
1736 1294 1975 1351 presbyter,
1989 1296 2056 1338 Hi-

1107 1353 1283 1394 storiam
1317 1365 1482 1393 sacram
1505 1366 1530 1394 a
1553 1352 1705 1395 mundo
1729 1354 1901 1396 condito
1924 1367 2057 1409 usque

1107 1411 1157 1452 ad
1176 1424 1330 1453 annum
1348 1413 1445 1466 post
1463 1410 1678 1454 Christum
1699 1415 1844 1455 natum
1859 1413 1946 1455 400
1958 1413 2056 1456 duo-

1107 1469 1183 1512 bus
1195 1470 1309 1512 libris
1323 1472 1524 1513 exaravit
1541 1470 1567 1511 ².
1581 1471 1740 1514 Paulus
1755 1471 1946 1522 Orosius,
1965 1486 2057 1527 pre·

1107 1529 1253 1584 sbyter
1271 1531 1611 1580 Tarraconensis,
1627 1530 1737 1573 dedit
1751 1531 1879 1574 libros
1894 1534 2055 1588 septem

1106 1588 1392 1631 Historiarum
1415 1589 1467 1631 ab
1489 1590 1720 1632 universali
1741 1590 1897 1639 diluvio
1921 1604 2054 1646 usque

1105 1648 1157 1689 ad
1180 1661 1336 1690 annum
1365 1662 1491 1690 aerae
1525 1648 1781 1693 christianae
1809 1651 1918 1701 4163
1949 1664 2054 1706 opus

1108 1707 1334 1762 dogmatici
1351 1709 1490 1763 potius
1503 1720 1627 1762 quam
1644 1708 1833 1751 historici
1850 1711 2049 1765 generis³.

1166 1767 1343 1808 Saeculo
1367 1767 1428 1809 VI
1452 1768 1563 1809 inter
1581 1768 1767 1809 Graecos
1786 1769 2049 1819 Theodorus,

1107 1825 1308 1867 ecclesiae
1332 1825 1471 1879 Cpnae
1493 1826 1650 1873 lector,
1676 1827 1887 1869 Historias
1910 1829 2050 1870 eccle-

1105 1886 1296 1926 siasticas
1319 1885 1526 1934 Socratis,
1551 1885 1771 1927 Sozomeni
1792 1887 1834 1929 et
1864 1887 2049 1930 Theodo-

1103 1944 1181 1985 reti
1211 1943 1374 1999 redegit
1408 1945 1449 1985 in
1482 1945 1796 1999 compendium3
1826 1949 2047 2000 praeterea

1101 2002 1333 2045 Historiam
1352 2003 1565 2045 Ecclesiae
1582 2017 1606 2045 a
1624 2006 1828 2058 tempore,
1847 2018 1929 2059 quo
1952 2019 2045 2048 eam

1100 2061 1269 2115 reliquit
1301 2061 1512 2112 Socrates,
1547 2063 1812 2105 continuavit
1838 2077 1971 2118 usque
1992 2066 2046 2107 ad

1098 2121 1376 2175 principatum
1407 2122 1555 2164 Iustini
1588 2123 1762 2164 senioris
1795 2123 1938 2179 (518);
1970 2125 2042 2166 sed

1098 2176 1263 2222 tantum
1295 2183 1519 2235 supersunt
1551 2181 1805 2236 fragmenta.
1831 2183 2043 2239 Evagrius

1096 2238 1243 2293 Syrus,
1267 2244 1546 2294 cognomento
1571 2240 1874 2290 Scholasticus,
1894 2243 2041 2284 Histo-

1095 2299 1199 2339 riam
1223 2299 1564 2348 eeclesiasticam,
1585 2300 1792 2342 eruditam
1815 2301 1943 2355 atque
1962 2302 2040 2343 ele-

1094 2359 1279 2412 gantem,
1302 2371 1378 2400 sex
1410 2358 1524 2400 libris
1556 2359 1755 2414 perduxit
1785 2360 1838 2401 ab
1860 2374 1926 2402 an.
1952 2361 2032 2403 431

1093 2429 1224 2470 usque
1247 2416 1300 2458 ad
1323 2417 1410 2459 594
1433 2417 1461 2458 ⁴.

1149 2476 1306 2517 Eodem
1320 2476 1488 2518 saeculo
1505 2489 1527 2519 e
1541 2477 1700 2520 Latinis
1714 2477 1907 2520 laudandi
1920 2480 2031 2520 sunt:

1091 2535 1344 2589 Epiphanius
1373 2536 1505 2578 Italus
1524 2569 1533 2585 ,
1567 2536 1705 2579 dictus
1737 2537 2030 2587 Scholasticus,

1089 2595 1170 2648 qui,
1184 2594 1384 2638 hortante
1399 2595 1663 2646 Cassiodoro,
1678 2596 1886 2638 Historias
1905 2597 2032 2639 eccle-

1129 2749 1138 2770 1
1158 2750 1268 2781 Eorum
1291 2751 1393 2781 versio
1417 2751 1515 2782 latina
1536 2751 1650 2790 prodiit
1672 2752 1769 2783 Paris.
1794 2752 1883 2791 1600,
1899 2752 1977 2784 in-8.
1992 2772 2031 2776 —

1087 2790 1225 2822 Gelasius
1242 2792 1412 2831 Cyzicenus·
1437 2793 1466 2824 in
1484 2793 1577 2823 variis
1594 2802 1662 2823 cum
1678 2794 1856 2826 melioribus
1871 2795 2027 2827 historicis

1087 2836 1215 2872 pugnat.
1239 2833 1322 2871 Quae
1345 2833 1446 2869 adhuc
1469 2837 1573 2865 extant
1596 2835 1702 2873 operis
1727 2835 1924 2876 Philostorgii
1939 2837 2029 2878 frag-

1086 2878 1198 2910 menta,
1223 2875 1326 2914 potius
1349 2875 1531 2906 Ariauorum
1555 2876 1737 2915 encomium,
1762 2886 1854 2917 quam
1870 2877 2027 2910 Ecclesiae

1085 2915 1249 2946 historiam
1266 2916 1432 2947 continent.

1125 2956 1139 2977 '2
1154 2957 1184 2988 In
1202 2957 1335 2996 Operum
1352 2958 1417 2987 eius
1435 2956 1568 2987 editione
1586 2958 1693 2990 Veron.
1711 2957 1800 2991 1741.

1124 2998 1138 3018 3
1154 2998 1249 3038 Lugd.
1268 2999 1371 3028 Batav.
1390 2997 1479 3036 1738,
1495 2997 1575 3031 in-4.

1126 3039 1138 3061 ⁴
1156 3040 1189 3070 H.
1209 3039 1343 3070 Valesius
1366 3040 1510 3079 optimam
1532 3040 1676 3081 notisque
1697 3041 1881 3073 illustratam
1907 3043 2024 3074 curavit

1084 3080 1248 3110 editionem
1271 3081 1532 3119 graeco-latinam
1566 3081 1771 3114 Historiarum
1795 3084 2025 3115 ecclesiastica-

1083 3130 1150 3152 rum
1163 3122 1298 3159 Eusebii,
1310 3121 1456 3161 Socratis,
1474 3123 1644 3163 Sozomeni,
1657 3125 2021 3164 Theodoreti,Philostor·

1083 3163 1135 3203 gii,
1159 3163 1311 3194 Theodori
1327 3165 1355 3193 et
1370 3164 1508 3202 Evagrii3
1526 3165 1622 3196 Paris.
1644 3165 1732 3206 1659,
1748 3169 1778 3198 et
1794 3167 1921 3208 August.
1940 3167 2022 3198 Tau*

1083 3205 1138 3235 rin.
1154 3203 1242 3241 1746,
1259 3203 1276 3235 3
1287 3204 1346 3236 vol.
1363 3204 1465 3236 in-sol.
1504 3239 1506 3241 ,
