2241 3473
534 177 658 208 VSQVE
685 177 737 203 An
766 177 959 204 Excmivm
986 176 1144 204 IMPERII
1172 177 1449 205 OCCIDENTALIS

45 244 92 283 ad
112 242 231 280 vitam
249 241 327 278 tam
349 240 502 277 mollem
524 240 698 287 descivit,
714 241 757 278 ut
776 251 862 277 cum
879 239 982 276 chri-

43 298 270 334 stianorum
304 295 537 341 epe'curemn
572 296 685 331 vocet
719 305 746 330 s.
782 292 981 340 Hierony-

43 360 136 388 mus.
171 348 219 391 Is,
251 346 297 383 B.
321 346 485 383 Mariam
514 346 776 395 virginitatem
806 356 915 382 suam
942 345 979 381 in

43 405 153 452 partu
166 399 329 436 Messiac
345 399 616 448 deperdidisse,
628 398 802 436 asseruit.
816 397 982 434 Conten-

43 455 99 492 dit
118 455 342 501 praeterea,
364 453 518 502 nuptias
547 455 586 489 et
613 451 878 499 virginitatem
898 462 981 487 esse

43 506 212 545 eiusdem
230 505 372 545 meriti:
385 505 657 543 abstinentiam
671 515 744 540 non
763 503 885 551 magis
897 514 982 551 pro-

43 560 148 597 desse
170 569 284 606 quam
301 559 372 595 cibi
389 558 644 606 sumptionem
661 567 750 593 cum
766 555 981 604 gratiarum

41 611 210 657 actione3
232 611 422 648 homiuem
456 610 691 658 baptizatum
713 620 785 646 non
815 620 923 657 posse
943 608 981 644 in

41 667 240 714 peccatum
263 664 356 709 labi3
377 663 560 707 omnium,
577 662 640 710 qui
657 662 888 710 baptismum
905 671 983 698 ser-

41 718 235 761 vaverint,
257 728 387 765 parem
415 716 495 753 fore
516 715 554 752 in
575 715 681 752 coelo
702 714 986 751 remuneratio-·

41 782 126 808 nem
146 782 212 808 seu
233 769 392 817 gloriam
416 768 438 805 ¹.
461 768 590 809 Quum
617 768 684 804 hos
705 779 857 804 errores
877 766 981 803 Iovi-

40 824 179 861 nianus
193 824 342 860 Romae
354 825 568 870 spargeret,
580 820 736 857 Siricius
752 821 820 868 Pp.
837 832 896 857 an.
907 819 983 857 390

40 878 231 925 synodum
256 875 392 922 coegit,
413 875 451 911 in
463 885 541 922 qua
560 873 671 910 illum
687 873 844 921 eiusque
860 874 984 910 secta-

41 934 145 967 tores
167 929 380 973 damnavit,
402 927 630 975 litterasque
655 938 702 963 ea
729 926 776 963 de
809 937 851 962 re
881 926 984 962 dedit

40 981 320 1025 Mediolanum,
342 992 416 1028 quo
436 979 708 1017 haeresiarcha
731 978 983 1027 migraverat.

41 1035 78 1072 S.
100 1034 329 1073 Ambrosius
349 1032 669 1077 Mediolanensis,
690 1032 856 1080 acceptis
877 1032 985 1068 Pon-

43 1087 158 1126 tificis
177 1087 328 1132 litteris,
357 1086 546 1134 synodum
577 1085 818 1130 convocavit,
840 1085 878 1122 in
909 1096 986 1133 qua

43 1141 193 1189 pariter
214 1139 437 1178 Iovinianus
457 1139 615 1187 eiusque
641 1141 851 1176 sectatores
871 1138 984 1175 dam-

41 1194 123 1232 nati
142 1197 231 1231 sunt
252 1191 278 1230 ².

93 1245 284 1284 Ioviniani
309 1256 460 1282 errores
488 1244 640 1293 scriptis
674 1243 929 1281 confutarunt
953 1255 982 1281 s.

43 1301 303 1348 Hieronymus
321 1298 348 1344 3,
377 1310 405 1335 s.
416 1298 638 1350 Ambrosius
654 1296 682 1343 4,
702 1299 741 1334 et
756 1309 783 1334 s.
797 1297 984 1345 Augusti-

41 1365 113 1391 nus
132 1352 158 1390 5.
179 1351 451 1390 Iovinianistus
476 1351 593 1388 etiam
623 1350 772 1399 legibus
805 1350 985 1388 insectati

41 1408 134 1444 sunt
153 1406 406 1455 imperatores
422 1404 657 1441 Theodosius
672 1401 700 1449 ⁶,
722 1406 761 1441 et
781 1402 984 1450 Honorius,

43 1460 108 1509 qui
122 1458 295 1496 Iovinian
303 1469 365 1495 um
378 1457 416 1494 in
432 1457 723 1494 insulamBoam
740 1456 931 1504 relegavit
941 1454 967 1494 ⁷.

106 1511 503 1560 szqz'lante'us—Post
523 1510 669 1557 aliquot
684 1520 804 1547 annos
825 1509 988 1546 Iovinia-

46 1565 86 1603 ni
101 1576 250 1602 errores
265 1564 502 1601 instauravit
516 1562 754 1611 vigilantius
769 1563 985 1611 presbyter,

44 1619 201 1656 natione
214 1617 362 1662 Gallus,
378 1628 492 1665 quem
511 1628 579 1665 per
594 1617 721 1653 iocum
738 1617 781 1653 D.
798 1616 987 1664 Hierony-

44 1683 128 1709 mus
145 1670 448 1708 Dormitantium
465 1669 646 1718 appellat.
664 1669 700 1706 Is
721 1680 782 1706 an.
793 1669 869 1706 404
885 1669 986 1705 edito

44 1725 143 1762 libro
165 1723 407 1772 impugnavit
422 1734 623 1760 sacrarum
639 1721 890 1770 reliquiarum
909 1721 988 1758 cul-

42 1781 141 1823 tum,
161 1777 294 1814 Ssrum
315 1776 600 1813 invocationem
614 1805 622 1821 ,
643 1775 766 1812 vitam
786 1775 985 1821 caelibem,

43 1831 259 1868 institutum
281 1830 551 1867 monasticum.
572 1828 684 1866 illum
705 1829 824 1865 etiam
847 1827 985 1865 confu-

43 1884 145 1922 tavit
165 1896 194 1922 s.
216 1883 479 1929 Hieronymus
499 1880 525 1919 8.

97 1936 159 1974 60.
182 1937 324 1974 Status
345 1936 550 1973 Ecclesiae
577 1934 858 1973 Antiochenam
874 1954 921 1961 —
943 1933 984 1970 In

44 1991 203 2028 Oriente
224 1989 408 2026 divisioin
419 1988 581 2026 ecclesia
590 1987 844 2034 Antiochena,
864 1999 886 2025 a
901 1986 985 2024 Me-

45 2043 128 2081 letii
148 2042 388 2091 temporibus
409 2045 563 2090 coepta,
592 2043 677 2090 post
707 2040 791 2078 eius
821 2041 984 2085 obitum,

45 2098 92 2134 ob
113 2096 395 2133 ordinationem
414 2094 593 2132 Flaviani
608 2097 743 2131 contra
757 2096 871 2142 pacta
886 2094 988 2130 inter

43 2149 246 2188 Meletium
276 2152 316 2185 et
342 2148 551 2186 Paulinum
580 2147 792 2195 composita
822 2147 986 2191 factam,

45 2202 189 2240 revixit
207 2200 233 2239 ⁹.
254 2201 331 2239 Alii
351 2201 687 2238 communicabant
707 2212 793 2237 cum
821 2200 987 2237 Paulino

45 2255 232 2304 episcopo,
253 2254 318 2291 alii
340 2266 429 2292 cum
449 2253 638 2292 Flaviano
658 2252 806 2291 Meletii
836 2264 986 2290 succes-

46 2320 151 2355 sore3
171 2320 301 2345 omnes
317 2311 444 2345 tamen
466 2308 505 2344 in
532 2307 707 2344 doctrina
739 2306 849 2344 Fidei
874 2308 986 2344 erant

44 2361 263 2399 concordes.
275 2361 428 2398 An.388
440 2360 641 2406 Paulinus,
652 2360 767 2409 paulo
779 2361 986 2408 antequam

44 2417 284 2458 moreretur,
304 2414 516 2463 Evagrium
539 2413 611 2450 sibi
631 2424 890 2450 successorem
921 2423 987 2448 or-

45 2467 207 2513 dinavit,
228 2466 403 2515 Episcopi
425 2466 630 2504 orientales
651 2466 793 2515 passim
822 2477 987 2502 commu-

47 2520 228 2558 nicabant
244 2531 328 2556 cum
346 2520 547 2565 Flaviano,
560 2519 887 2568 quemadmodum
899 2530 989 2555 cum

45 2572 202 2611 Meletio
223 2572 407 2619 fecerant,
429 2572 610 2609 Pontifex
630 2584 722 2609 vero
743 2574 783 2609 et
803 2572 987 2609 Occiden-

49 2625 146 2664 tales
167 2637 251 2662 cum
273 2625 456 2673 Evagrio,
476 2626 590 2662 sicuti
610 2637 697 2662 cum
720 2625 799 2662 eius
816 2625 989 2662 decesso-

47 2691 90 2716 re
112 2678 288 2724 Paulin03
302 2678 491 2716 catholiea
505 2682 635 2715 tamen
648 2678 866 2716 communio
887 2678 990 2715 inter

49 2743 116 2770 eos
137 2735 251 2780 rupta
275 2743 347 2767 non
369 2735 466 2776 erat,
485 2743 608 2779 neque
629 2732 752 2769 altera
772 2743 860 2779 pars
881 2743 920 2768 se
941 2731 989 2767 ab

47 2785 170 2822 altera
191 2784 420 2822 absciderat.
441 2784 535 2821 Cum
553 2796 647 2821 vero
668 2797 716 2822 ex
734 2784 922 2821 eiusmodi
938 2784 990 2821 di-

90 2913 100 2933 ¹
118 2914 146 2944 S.
156 2914 276 2944 Hieron.
289 2910 629 2947 LL.ac1v.102·iniau.;s.
639 2912 805 2951 Augustin„
813 2911 856 2943 De
869 2911 990 2943 haeres.

89 2953 104 2974 ἒ
120 2954 230 2991 Labbe,
247 2953 363 2985 Concil.
381 2957 398 2983 t.
418 2953 450 2989 ll,
469 2962 495 2990 p.
515 2951 601 2983 loto.

89 2996 103 3016 ³
118 2996 197 3025 Libri
214 2996 242 3026 II
259 2995 326 3025 adv.
343 2994 497 3024 lovinium.

89 3036 103 3058 ⁴
119 3036 218 3075 Epist.
235 3036 274 3067 ⁹26
290 3036 330 3066 ad
345 3035 427 3067 Ecel.
447 3033 572 3065 l'ercell.

90 3077 104 3099 5
121 3079 170 3108 LL.
188 3077 236 3107 De
252 3077 330 3107 bono
347 3075 507 3115 coniugali
523 3079 551 3104 et
567 3074 603 3105 (le
619 3083 642 3104 ε.
661 3073 858 3114 Υἱνρὶηέίαίθ.

89 3118 104 3140 ⁶
122 3118 183 3149 Cod
211 3118 357 3149 Themlos.
373 3118 391 3148 1.
409 3118 421 3148 1
439 3117 475 3147 cle
490 3116 635 3147 monach.

88 3159 103 3181 ⁷
119 3159 194 3190 lbid.
208 3159 227 3190 l.
244 3160 300 3190 Llll
317 3158 354 3188 de
369 3159 488 3189 haeres.

91 3199 105 3221 ⁸
120 3201 149 3231 L.
165 3202 276 3231 contra
295 3200 449 3239 Viyt'lant.,
465 3202 493 3230 ct
509 3198 606 3239 Epist.
624 3197 664 3229 ad
680 3197 856 3238 Riparium.

92 3241 107 3263 9
122 3241 184 3271 Vid.
203 3250 232 3280 p.
251 3241 309 3273 104
324 3245 353 3272 et
372 3240 438 3271 111.

1834 165 1909 204 115

1024 240 1171 278 visione
1183 240 1286 278 mala
1301 241 1483 289 graviora
1499 241 1537 277 et
1553 238 1761 277 schismata
1776 239 1883 286 sequi
1901 251 1962 288 po·

1023 294 1199 340 tuissent,
1219 294 1265 331 de
1287 305 1332 331 ea
1353 297 1482 331 actum
1503 295 1562 331 est
1583 304 1643 330 an.
1665 292 1742 329 389
1757 291 1796 328 in
1815 293 1962 340 synodo

1023 346 1217 395 Capuana,
1237 358 1334 395 quae
1355 358 1493 384 causae
1513 345 1615 383 illius
1624 344 1880 393 cognitionem
1895 345 1963 388 de-⁴

1023 400 1170 447 legavit
1190 399 1422 448 Theophilo,
1443 398 1689 448 patriarchae
1721 397 1960 435 Alexandri-

1024 464 1083 497 no,
1100 456 1181 488 tum
1199 453 1299 500 quod
1316 452 1500 500 dignioris
1518 452 1556 489 in
1574 452 1732 489 Oriente
1747 450 1850 488 sedis
1864 451 1965 488 esset

1024 505 1236 553 episcopus,
1256 507 1340 542 tum
1361 505 1460 553 quod
1482 504 1609 542 neutri
1630 503 1730 553 parti
1763 502 1940 541 addictus
1955 532 1965 550 ,

1025 569 1102 594 una
1121 569 1206 594 cum
1228 557 1397 606 AEgypti
1418 557 1606 606 episcopis
1635 555 1791 595 dissidia
1810 555 1964 594 facilius

1024 621 1250 658 componere
1271 612 1409 658 posset.
1431 609 1592 647 Siricius
1608 610 1678 658 Pp.
1699 610 1745 646 de
1768 609 1902 647 eadem
1922 620 1964 646 re

1024 662 1288 711 interpellavit
1309 662 1570 700 Theodosium
1587 662 1875 711 imperatorem.
1891 662 1965 700 Ve-

1025 718 1243 753 rumtamen
1265 715 1401 752 divisio
1423 714 1496 752 non
1518 714 1593 751 fuit
1613 716 1824 764 composita
1844 713 1868 753 ¹.
1888 716 1964 753 An.

1024 769 1113 814 392,
1134 768 1316 805 defuncto
1336 768 1519 816 Evagrio,
1539 767 1641 805 solus
1653 767 1867 815 Flavianus
1882 779 1968 817 per·

1025 821 1167 859 mansit
1188 821 1407 870 episcopus3
1436 821 1502 858 sed
1536 820 1790 866 Antiocheni,
1823 821 1889 869 qui
1918 821 1966 858 ab

1024 875 1194 924 Evagrio
1206 873 1599 922 steterant,privatim
1618 873 1911 920 conveniebant,
1927 875 1967 911 et

1025 940 1112 965 cum
1128 927 1315 966 Flaviano
1331 939 1406 965 non
1426 925 1774 964 communicabant.
1796 927 1868 964 An.
1889 927 1967 965 398

1025 981 1237 1018 Flavianus
1253 981 1300 1018 ad
1313 979 1593 1017 conciliandam
1609 978 1855 1016 concordiam
1867 979 1968 1029 lega-

1024 1037 1083 1072 tos
1098 1034 1201 1072 misit
1221 1034 1269 1071 ad
1289 1033 1551 1081 Apostolicam
1563 1031 1714 1068 Sedem.
1726 1031 1967 1078 Anastasius,

1025 1087 1091 1135 qui
1108 1088 1178 1125 hoc
1199 1099 1296 1124 anno
1312 1086 1450 1123 Siricio
1460 1086 1529 1134 Pp.
1547 1087 1802 1129 successerat,
1818 1085 1971 1122 Flavia-

1025 1141 1063 1177 ni
1080 1140 1361 1178 ordinationem
1373 1140 1501 1176 ratam
1514 1137 1778 1185 habuit,eique
1790 1149 1967 1174 commu-

1026 1194 1149 1231 nionis
1168 1193 1317 1231 litteras
1337 1191 1535 1237 concessit;
1557 1191 1658 1227 unde
1678 1190 1884 1228 concordia
1904 1192 1967 1227 in-

1025 1250 1087 1284 ter
1102 1247 1298 1296 episcopos
1314 1245 1496 1283 restituta
1516 1243 1602 1281 fuit.
1620 1244 1786 1281 Demum
1803 1243 1968 1281 Alexan-

1026 1301 1094 1337 der
1110 1330 1120 1346 ,
1151 1300 1217 1348 qui
1246 1311 1307 1337 an.
1342 1299 1418 1336 413
1453 1296 1675 1346 patriarcha
1707 1296 1969 1334 Antiochenus

1027 1355 1178 1391 creatus
1216 1352 1308 1398 fuit,
1344 1363 1476 1389 omnes
1513 1349 1792 1387 Eustathianos
1828 1349 1970 1387 blanda

1026 1408 1235 1444 verborum
1255 1405 1504 1455 persuasione
1520 1404 1568 1441 ad
1586 1415 1701 1440 unam
1719 1403 1970 1451 eamdemque

1027 1472 1113 1497 cum
1135 1459 1220 1497 aliis
1242 1458 1554 1496 communionem
1578 1455 1760 1505 perduxit
1780 1454 1806 1494 ².

1078 1513 1139 1551 61.
1167 1513 1385 1550 Theodosii
1407 1511 1463 1548 M.
1485 1510 1619 1547 obitus
1636 1509 1743 1546 -In
1764 1507 1972 1546 Occidente

1027 1567 1213 1604 Gratiano
1233 1566 1466 1614 imperatore
1492 1575 1553 1601 an.
1574 1563 1651 1600 383
1670 1561 1887 1608 interfecto,
1905 1561 1973 1599 im-

1027 1620 1176 1669 perium
1196 1619 1236 1655 in
1257 1619 1396 1663 Gallia,
1417 1616 1622 1654 Britannia
1641 1618 1680 1653 et
1699 1614 1887 1663 Hispania
1907 1626 1971 1652 ar-

1027 1673 1145 1722 ripuit
1163 1667 1369 1710 Maximus.
1391 1670 1577 1717 Reliquas
1606 1668 1758 1717 imperii
1778 1668 1970 1706 Occiden-

1027 1727 1115 1763 talis
1144 1725 1364 1774 provincias
1396 1723 1556 1760 tenebat
1590 1721 1890 1759 Valentinianus
1920 1721 1970 1759 ΙΙ,

1029 1779 1100 1816 Hic
1119 1778 1358 1816 invasionem
1387 1779 1427 1814 et
1455 1787 1563 1813 arma
1589 1775 1751 1812 Maximi
1782 1776 1972 1818 metuens,

1027 1833 1074 1870 ad
1095 1844 1182 1869 eum
1208 1831 1357 1880 legavit
1389 1841 1419 1867 s.
1449 1828 1716 1874 Ambrosium,
1745 1827 1970 1876 archiepisc.

1028 1885 1374 1929 Mediolanensem3
1405 1894 1479 1931 quo
1514 1881 1728 1919 mediatore
1759 1892 1837 1929 pax
1869 1880 1973 1917 inter

1027 1938 1264 1984 Maximum,
1293 1935 1614 1975 Valentinianum
1644 1936 1684 1972 et
1711 1933 1974 1971 Theodosium

1028 1991 1239 2040 composita
1257 1992 1325 2028 est.
1346 1990 1398 2027 At
1417 1990 1552 2037 postea
1571 1987 1676 2036 pacis
1696 1987 1817 2024 initae
1836 1985 1973 2036 poeni-

1028 2045 1104 2082 tuit
1123 2044 1363 2090 Maximum3
1385 2042 1452 2091 qui
1470 2042 1589 2079 totius
1609 2040 1829 2078 Occidentis
1848 2039 1972 2088 impe-

1027 2099 1130 2136 rium
1151 2097 1355 2142 affectans,
1375 2107 1485 2133 arma
1512 2095 1701 2132 adversus
1726 2092 1974 2131 Valentinia-

1032 2163 1124 2189 num
1152 2149 1318 2199 paravit.
1339 2149 1378 2187 S.
1399 2147 1625 2186 Ambrosius
1654 2159 1757 2184 nova
1776 2145 1973 2195 legatione

1030 2205 1078 2242 ad
1095 2203 1311 2242 Maximum
1331 2201 1498 2247 functus,
1517 2213 1560 2239 re
1578 2200 1723 2238 infecta
1749 2198 1877 2238 rediit.
1899 2200 1974 2236 Sed

1030 2256 1266 2295 Theodosius
1294 2256 1504 2305 imperator
1532 2253 1724 2299 Orientis,
1743 2265 1766 2290 a
1793 2252 1973 2290 Valenti-

1030 2311 1144 2348 niano
1164 2311 1360 2354 evocatus,
1380 2321 1440 2346 an.
1462 2308 1539 2345 388
1558 2306 1822 2344 truculentum
1841 2305 1973 2343 Maxi-

1031 2376 1138 2402 mum
1158 2363 1258 2412 apud
1279 2361 1497 2410 Aquileiam
1518 2359 1749 2406 debellavit,
1769 2361 1972 2408 pacatum-

1031 2429 1104 2466 que
1124 2416 1329 2465 imperium
1350 2414 1626 2453 Valentiniano
1657 2412 1841 2450 restituit.
1861 2413 1973 2449 Anno

1032 2482 1123 2508 vero
1143 2470 1220 2507 392
1240 2467 1445 2505 interfecto
1465 2466 1754 2511 Valentiniano,
1770 2464 1976 2513 imperium

1032 2523 1235 2571 usurpavit
1255 2519 1452 2570 Eugenius
1467 2525 1673 2569 tyrannus.
1687 2518 1835 2556 Verum
1851 2518 1973 2554 Theo-

1031 2577 1160 2614 dosius
1189 2587 1275 2612 cum
1302 2574 1477 2612 exercitu
1503 2574 1541 2610 in
1570 2572 1816 2610 Occidentem
1842 2569 1974 2619 profe-

1031 2632 1130 2675 ctus,
1149 2641 1210 2666 an.
1232 2628 1307 2666 394
1329 2626 1545 2676 Eugenium
1567 2624 1789 2670 debellavit,
1808 2625 1847 2661 et
1866 2623 1972 2661 solus

1032 2686 1196 2730 utroque
1215 2681 1379 2729 imperio
1400 2680 1543 2729 potitus
1564 2680 1633 2716 est.

1082 2734 1320 2772 Theodosius
1349 2734 1481 2782 quinto
1508 2733 1592 2780 post
1620 2729 1816 2767 devictum
1841 2729 1974 2779 Euge-

1030 2788 1135 2826 nium
1156 2798 1286 2824 mense
1302 2798 1402 2823 anno
1421 2785 1498 2823 395
1518 2783 1725 2822 Mediolani
1742 2783 1824 2820 vita
1839 2783 1974 2820 deces-

1030 2842 1092 2887 sit,
1108 2843 1268 2890 propter
1287 2851 1348 2877 res
1365 2838 1566 2888 praeclare
1584 2839 1713 2885 gestas
1729 2838 1768 2873 et
1784 2835 1974 2873 sinceram

1030 2895 1068 2932 in
1089 2895 1214 2931 Deum
1241 2892 1424 2941 pietatem
1445 2901 1654 2939 cognomen
1675 2888 1808 2938 Magni
1836 2901 1974 2927 conse-

1031 2950 1155 2985 cutus.
1176 2946 1320 2993 Utique
1349 2945 1387 2981 in
1417 2942 1816 2980 Thessalonicensium
1845 2943 1974 2988 caede,

1032 3011 1148 3049 quam
1179 2999 1225 3035 ad
1248 2997 1494 3046 castigandos
1524 2995 1725 3034 seditiosos
1753 2995 1975 3045 imperave-

1032 3056 1107 3098 rat,
1129 3051 1301 3088 iustitiae
1323 3050 1468 3087 limites
1488 3052 1752 3098 transgressus
1772 3051 1842 3095 est,
1861 3049 1926 3086 sed
1946 3060 1974 3086 s.

1033 3103 1228 3144 Ambrosii
1245 3103 1427 3140 mandato
1444 3102 1572 3152 palam
1586 3102 1864 3152 poenitentiam
1884 3102 1975 3151 egit.

1074 3198 1085 3219 1
1102 3197 1281 3228 Theodorei.
1299 3196 1318 3226 l.
1334 3196 1366 3233 V,
1380 3205 1404 3227 c.
1421 3194 1477 3233 23,
1494 3195 1608 3236 Laium,
1620 3195 1743 3227 Concil.
1756 3197 1777 3227 t.
1791 3195 1829 3234 ΙΙ,
1842 3205 1870 3236 p.
1886 3194 1972 3227 1039.

1073 3239 1087 3261 2
1102 3239 1280 3271 Theodoret.
1299 3238 1371 3269 ibid.
1386 3246 1411 3269 c.
1427 3236 1512 3268 23·et
1527 3235 1574 3269 35.
1832 3242 1837 3247 ·

1676 3288 1690 3304 ἁ
