2241 3473
258 133 338 173 366

202 218 432 255 earumdem
461 217 750 264 provinciarum
776 215 961 262 negotiis,
981 218 1022 250 et
1038 214 1150 261 spiri-

203 272 297 307 tuali
325 272 476 307 illorum
502 270 676 306 fidelium
714 270 817 305 bono
845 273 1032 304 accurate
1060 280 1151 304 con-

200 326 328 361 sulere
344 324 596 367 studuerunt;
617 328 749 359 tamen
770 324 818 358 ob
837 334 973 359 rerum
993 326 1034 359 et
1053 326 1151 358 tem—

200 390 338 426 porum
365 377 652 413 vicissitudines
680 377 759 412 alia
785 376 1037 423 suscipienda
1062 388 1148 412 esse

199 431 358 467 consilia
385 435 467 466 turn
494 430 542 466 ad
571 431 763 466 maiorem
792 431 946 466 illorum
974 430 1148 467 fidelium

196 485 408 519 utilitatem
437 483 743 530 procurandam,
764 488 843 519 tum
865 483 914 519 ad
934 495 1002 520 eas
1022 495 1148 519 remo-

197 537 344 573 vendas
362 537 626 579 difficultates,
656 548 756 584 quae
776 537 853 573 illis
869 538 1018 573 ultimis
1036 548 1147 585 prae-

196 590 307 638 cipue
320 590 561 636 temporibus
578 595 742 627 exortae
758 590 1063 632 fuerant-Quum
1081 602 1146 627 au-

196 650 273 679 tem
293 644 529 679 Guilielmus
555 644 581 686 l,
608 644 934 691 VVirtembergae
960 656 1044 687 rex,
1072 645 1146 680 Ro-

195 708 311 733 mano
330 697 511 733 Pontifici
527 698 801 744 efflagitasset,
815 703 859 734 ut
873 699 1148 735 ecclesiastica

196 753 232 786 in
251 762 320 787 suo
336 763 460 799 regno
475 752 637 798 negotia
652 763 892 799 componere
902 753 1147 796 vellet,nulla

194 805 425 853 interposita
440 817 553 842 mora
568 805 661 842 Pius
676 806 747 854 Pp.
765 807 819 842 IX
834 807 1144 853 negotiationem

195 859 364 906 excepit,
384 865 423 895 et
441 859 600 896 tandem
620 860 914 897 Concordatum
932 861 1032 903 iniit,
1045 864 1147 908 quod

193 913 417 949 continetur
447 914 485 948 in
518 914 683 950 Litteris
714 914 953 962 Apostolicis
980 914 1078 952 Cam
1106 915 1145 951 in

190 966 348 1002 sublimi
372 966 449 1003 diei
476 967 523 1003 22
551 967 646 1003 iunii
665 967 770 1004 1857.

239 1021 324 1057 Hoc
345 1026 480 1059 autem
501 1022 742 1070 propositum
763 1023 811 1059 ad
831 1025 1021 1060 Senatum
1043 1034 1145 1059 anno

192 1075 280 1112 1861
307 1076 502 1113 reiectum
527 1077 612 1112 fuit.
633 1079 749 1113 Anno
768 1078 947 1125 sequenti
965 1089 1062 1114 vero
1081 1078 1145 1114 ad-

191 1130 355 1176 probata
370 1130 442 1166 suit
461 1131 524 1167 lex
542 1131 667 1167 relate
688 1131 736 1167 ad
756 1144 821 1168 res
841 1132 1144 1169 Ecclesiasticas

190 1185 228 1219 in
256 1184 332 1220 illis
360 1185 586 1232 regionibus
609 1216 617 1229 ,
643 1197 742 1233 quae
771 1187 855 1224 fere
882 1188 1145 1224 conveniebat

189 1253 278 1277 cum
299 1241 475 1277 articulis
489 1241 739 1278 Concordati.
757 1241 924 1278 Carolus
938 1254 1025 1286 rex,
1040 1243 1103 1290 qui
1119 1254 1143 1279 a

188 1306 324 1332 mense
351 1295 447 1332 iunii
475 1295 567 1332 1864
593 1295 680 1331 illas
703 1300 833 1331 terras
854 1296 956 1343 regit
975 1298 1061 1343 pari
1080 1308 1142 1334 ae-

188 1350 349 1397 quitate,
378 1361 547 1396 regnum
566 1361 737 1398 suasque
759 1350 948 1393 subditos,
969 1352 1017 1387 ab
1037 1352 1143 1387 omni

186 1403 333 1440 dissidii
353 1408 491 1439 contra
511 1404 733 1440 Ecclesiam
754 1404 945 1451 periculo,
961 1405 1061 1452 quod
1075 1405 1143 1442 ho-

186 1463 267 1494 stes
298 1457 516 1494 catholicae
551 1457 758 1504 religionis
793 1458 1045 1496 introducere
1079 1472 1143 1496 cu-

187 1511 347 1559 piebant
367 1541 375 1554 ,
416 1512 610 1548 liberavit.
644 1512 760 1548 Nunc
794 1513 987 1560 temporis
1021 1525 1143 1561 supra

186 1565 396 1609 1‚800‚000,
415 1565 476 1613 qui
498 1565 584 1602 illas
609 1567 786 1603 incolunt
813 1574 957 1611 terras,
983 1568 1142 1611 600‚000

184 1619 367 1656 catholici
385 1625 672 1656 enumerantur
687 1620 758 1656 sub
772 1621 959 1669 episcopo
977 1622 1140 1659 Rotten-

184 1673 384 1719 burgensi.

229 1726 290 1763 63.
308 1725 519 1763 Ecclesiae
536 1729 664 1764 status
684 1727 723 1763 in
742 1728 989 1768 Hollandia,
1012 1732 1049 1766 ct
1066 1730 1139 1765 Ec-

182 1779 434 1817 clesiasticae
465 1779 742 1818 Hieras-chiac
772 1782 971 1818 restitutio
997 1804 1034 1810 —
1062 1784 1142 1820 Sub

181 1834 389 1870 Guilielmo
418 1835 449 1871 Il
477 1835 763 1872 catholicorum
791 1837 962 1872 conditio
991 1838 1027 1873 in
1048 1839 1140 1873 Hol-

184 1887 313 1924 landia
326 1889 459 1925 mitior
477 1890 675 1932 evasit‚uti
689 1901 753 1926 am
769 1896 1031 1927 memoratum
1043 1895 1137 1928 estl.

184 1942 285 1978 Hinc
305 1954 450 1990 magna
475 1955 525 1980 ex
552 1948 665 1991 parte
685 1944 827 1981 ablatis
848 1944 1139 1991 impedimentis

184 1996 273 2039 illis,
293 2007 392 2044 quae
413 1998 614 2044 religionis
634 1997 852 2035 catholicae
878 1999 1140 2037 incolumitati

184 2062 230 2088 ac
243 2051 499 2098 prosperitati
515 2052 800 2088 inBatavorum
815 2053 1044 2100 regionibus
1061 2056 1139 2091 val-

183 2107 230 2143 de
250 2105 577 2148 adversabantur,
595 2106 814 2152 Gregorius
834 2107 925 2143 XVI
946 2109 1061 2153 plura
1079 2120 1140 2145 sa-

184 2161 339 2208 pienter
367 2160 524 2195 molitus
550 2165 609 2195 est
627 2160 674 2195 ad
693 2161 1006 2197 ecclesiasticam
1026 2163 1140 2199 iuris-

183 2215 393 2251 dictionem
410 2215 448 2249 in
464 2213 677 2249 Hollandia
693 2215 806 2261 plene
827 2216 1137 2253 instaurandam.

186 2270 294 2305 lnitis
312 2269 430 2316 igitur
449 2278 511 2304 au.
534 2268 623 2304 1841
645 2268 978 2315 negotiationibus
1004 2270 1050 2307 de
1080 2284 1140 2307 re—

184 2323 380 2359 stituenda
406 2322 620 2369 episcopali
649 2322 886 2358 Hierarchia
913 2325 1136 2371 cogitabat;

186 2377 391 2425 perpensis
415 2381 547 2412 tamen
571 2380 795 2423 temporum
814 2376 1022 2422 adiunctis,
1041 2391 1138 2428 opus

188 2438 277 2467 tunc
292 2431 482 2479 temporis
492 2428 823 2477 haudurgendum
834 2443 921 2467 esse
938 2432 1136 2477 iudicavit,

186 2486 385 2532 auctisque
410 2485 624 2533 episcopali
645 2484 877 2521 charactere
897 2485 1069 2523 Vicariis
1087 2490 1137 2523 A—

186 2540 384 2587 postolicis
420 2539 679 2581 Brabautiae,
717 2538 882 2586 aliisque
916 2546 1135 2588 opportune

186 2594 406 2630 constitutis
427 2593 475 2629 ad
493 2592 747 2630 sternendam
766 2598 925 2641 optatae
946 2595 1139 2632 instaura-

188 2649 280 2684 tioni
300 2649 420 2692 viam,
439 2649 537 2684 tanti
559 2648 749 2684 momenti
769 2659 851 2684 rem
867 2651 1135 2696 opportuniori

187 2704 354 2751 tempori
373 2702 633 2740 definiendam
662 2702 828 2739 remisit.
850 2703 942 2739 Pius
970 2715 1063 2740 vero
1084 2706 1135 2742 IX

187 2768 280 2805 prae
308 2758 431 2794 oculis
457 2757 605 2794 habens
637 2757 845 2805 praeclara
872 2757 1134 2795 Decessorum

184 2825 342 2850 suorum
363 2813 558 2860 exempla,
574 2812 766 2858 simulque
784 2811 1038 2848 considerans
1056 2815 1137 2848 uni-

187 2881 343 2905 versum
367 2870 401 2903 in
431 2871 650 2903 memorato
679 2877 803 2912 regno
833 2868 888 2902 rei
917 2867 1136 2905 catholicae

185 2929 328 2960 statum
358 2934 692 2972 progressusque,
719 2927 758 2958 et
788 2932 1047 2969 permagnum
1076 2935 1136 2959 ca-

187 2979 420 3014 tholicorum
439 2989 663 3019 numerum,
683 2988 755 3011 noc
776 2987 849 3012 non
867 2975 1137 3014 fundamenta—

187 3033 274 3067 lium
294 3033 422 3077 legum
442 3032 894 3078 reformationem,quae
910 3042 934 3066 a
948 3032 1137 3068 Gubernii

187 3085 499 3122 moderatoribus
526 3085 684 3120 inducta
712 3090 785 3128 cst;
819 3084 986 3132 denique
1016 3087 1136 3133 probe

187 3149 352 3175 noscens
371 3139 601 3176 benevolum
623 3137 818 3173 Guilielmi
838 3139 865 3174 ll
883 3139 1057 3175 animuin
1078 3151 1137 3176 er-

235 3240 239 3259 ·
262 3239 333 3279 P-tss.
353 3240 513 3273 270-271.

544 134 710 173 EPOCHA
731 145 819 172 xm.
844 146 871 170 Α
893 144 1075 170 PVBLICA
1096 143 1246 170 RERVM
1267 144 1309 170 IN
1331 144 1500 171 GALLIIS
1519 145 1809 174 SVBVERSIONE

1203 224 1255 259 ga
1269 213 1380 249 illam
1395 225 1546 261 quoque
1557 214 1800 250 subditorum
1813 227 1973 252 suorum
1985 219 2156 263 partem,

1204 267 1266 314 qui
1284 267 1519 303 catholicam
1534 268 1766 315 profitentur
1778 269 1909 312 fidem,
1921 275 2077 318 tempus
2090 270 2154 307 ad-

1202 322 1360 358 venisse
1379 322 1591 368 reputavit,
1611 328 1652 360 ut
1668 323 1874 370 regiminis
1887 324 2157 362 Ecclesiastici

1204 374 1333 410 forma
1358 375 1397 410 in
1423 375 1659 413 Hollandiae
1679 388 1807 424 regno
1826 377 1874 413 ad
1892 389 1982 414 eum
2003 378 2157 415 restitui

1203 434 1336 474 posset
1352 429 1524 471 modum,
1536 441 1609 476 quo
1625 430 1762 467 fideles
1777 442 1898 477 penes
1909 431 2008 467 alias
2018 436 2157 479 gentes

1200 480 1400 526 fruuntur,
1425 482 1527 530 apud
1553 494 1649 530 quas
1677 483 1784 519 nulla
1809 484 2019 530 peculiaris
2045 484 2158 522 adest

1201 545 1336 579 causa,
1352 536 1581 572 instituendi
1592 537 1775 573 Vicarios
1789 537 2155 584 Apostolicos.Tum

1201 590 1388 634 maxime,
1410 602 1499 626 cum
1520 590 1556 625 id
1575 591 1703 626 enixis
1723 591 1954 639 iteratisque
1974 591 2155 637 precibus

1201 644 1448 688 postularent
1474 644 1619 680 nedum
1645 656 1783 682 omnes
1809 644 1982 681 cuiusvis
2007 644 2156 683 ordinis

1201 701 1241 734 et
1272 697 1508 734 conditionis
1534 698 1691 734 illarum
1719 699 1924 746 regionum
1951 698 2042 735 laici
2064 700 2154 744 viri,

1201 763 1339 788 verum
1362 752 1483 788 etiam
1502 752 1656 788 Vicarii
1674 753 1891 800 Apostolici
1916 753 1990 801 ipsi
2013 757 2054 790 et
2069 753 2153 790 Cle—

1200 818 1267 842 rus
1285 807 1510 843 universus.
1529 807 1784 855 Quapropter
1799 807 1896 844 scite
1923 807 2154 855 prudenter-

1200 871 1276 907 que
1297 860 1482 897 Pontifex
1500 872 1572 897 sua
1590 861 1827 897 allocutione
1846 861 1981 898 habita
1998 861 2038 897 in
2055 862 2154 899 Con-

1199 915 1358 950 sistorio
1378 919 1535 951 secreto
1552 915 1664 951 nonis
1683 916 1814 951 martii
1829 915 1933 959 1853,
1944 926 2044 963 quae
2059 915 2152 952 inci-

1201 968 1256 1014 pit
1270 968 1368 1004 Cum
1378 968 1599 1016 placuerit,
1615 968 1927 1005 ecclesiasticam
1942 970 1979 1005 in
1995 969 2156 1005 Hollan—

1198 1021 1262 1057 dia
1284 1022 1530 1069 provinciam
1551 1023 1731 1067 instituit,
1753 1027 1793 1060 et
1818 1022 1987 1070 quinque
2006 1022 2156 1071 episco-

1200 1077 1306 1123 pales
1333 1077 1451 1114 sedes
1477 1078 1620 1122 erexit,
1642 1089 1784 1126 nempe
1803 1078 2154 1122 Ultraiectensem‚

1199 1131 1530 1177 Harlemensem,
1549 1132 1910 1173 Buscoducensem‚
1929 1131 2155 1168 Bredanam

1197 1190 1237 1221 et
1251 1185 1638 1230 Ruremondensem,
1656 1199 1705 1224 ex
1720 1186 1857 1234 quibus
1870 1186 2155 1224 Ultraiectensi

1197 1240 1256 1276 ius
1272 1241 1606 1287 metropoliticum
1622 1241 1816 1285 attribuit,
1833 1245 2015 1278 caeteras
2033 1241 2155 1288 ipsius

1195 1295 1472 1342 suffraganeas
1487 1294 1708 1331 declaravit
1722 1298 1747 1329 1.

1242 1350 1316 1384 Ast
1341 1352 1611 1396 protestantes
1630 1360 1752 1396 aegre
1771 1351 1943 1386 ferentes
1969 1348 2151 1386 catholici

1195 1403 1364 1439 nominis
1386 1403 1652 1446 incrementa,
1671 1403 1778 1440 omni
1803 1405 1840 1440 vi
1868 1414 1916 1440 ac
1939 1404 2067 1440 studio
2086 1414 2154 1451 ag-

1195 1457 1324 1503 gressi
1342 1462 1435 1493 sunt
1459 1457 1649 1493 eiusmodi
1677 1457 1940 1494 Hierarchiae
1967 1458 2152 1494 ecclesia-

1193 1511 1318 1547 sticae
1350 1511 1682 1548 instaurationem
1717 1512 1957 1548 convellere.
1988 1512 2151 1548 Hollan-

1193 1564 1281 1601 diae
1302 1565 1561 1609 Gubernium,
1589 1570 1630 1602 et
1655 1566 1808 1613 publica
1833 1565 2023 1608 Consilia,
2050 1565 2150 1602 Pon-

1195 1619 1330 1655 tificali
1341 1620 1480 1656 Bullae
1491 1620 1690 1657 contraire
1706 1632 1780 1656 non
1794 1620 2152 1662 dubitarunt‚eam-

1193 1684 1267 1720 que
1281 1673 1384 1709 male
1400 1674 1693 1721 promulgatam
1706 1675 1840 1711 Status
1854 1674 1942 1710 iura
1957 1685 2004 1710 ac
2013 1674 2151 1720 vigen-

1193 1732 1252 1763 tes
1272 1728 1381 1776 leges
1400 1728 1592 1776 impetere
1612 1735 1881 1765 asseruerunt.
1903 1728 2053 1764 Verum
2081 1738 2147 1775 ap-

1194 1782 1343 1829 positae
1364 1782 1538 1820 Litterae
1565 1783 1788 1820 Cardinalis
1813 1793 1836 1818 a
1854 1782 2020 1819 secretis
2047 1781 2148 1818 Pon-

1194 1836 1285 1872 tifici
1313 1836 1361 1872 ad
1389 1838 1582 1873 trutinam
1607 1837 1826 1873 istiusmodi
1846 1837 2020 1873 rationes
2038 1847 2151 1873 revo-

1192 1896 1348 1934 carunt,
1368 1896 1408 1927 et
1426 1902 1562 1927 eorum
1585 1891 1943 1939 propugnatoribus
1964 1889 2144 1927 ostende-

1193 1950 1284 1980 runt
1304 1945 1547 1981 Batavorum
1567 1945 1676 1993 leges
1696 1945 1900 1982 catholicis
1924 1943 2145 1982 concedere

1192 1999 1479 2046 Episcoporum
1493 2011 1653 2036 suorum
1669 2000 1849 2047 regimini
1865 1998 2147 2043 subesse,illos—

1191 2065 1264 2100 que
1283 2053 1332 2089 ob
1351 2054 1612 2091 instauratam
1634 2054 1911 2091 Hierarchiam
1931 2053 2148 2101 impensius

1190 2108 1466 2145 satisfacturos
1486 2109 1614 2145 officio
1639 2121 1710 2145 suo
1737 2107 1942 2145 obediendi
1969 2108 2145 2154 legitime

1192 2162 1490 2209 imperantibus.
1511 2164 1702 2200 Attamen
1731 2163 1886 2211 publica
1903 2162 2078 2200 Consilia
2096 2161 2145 2198 le-

1190 2228 1280 2263 gem
1300 2217 1774 2253 condideruntcatholicis
1791 2223 1869 2254 tam
1887 2217 2087 2260 infestam,
2103 2225 2147 2253 ut

1189 2270 1448 2306 ecclesiastici
1475 2271 1547 2305 viri
1576 2271 1696 2307 etiam
1725 2274 1874 2308 vestem
1898 2270 2067 2307 talarem
2089 2270 2146 2305 in-

1189 2324 1309 2361 duere
1330 2325 1752 2372 prohiberenturTum
1770 2325 1956 2373 Episcopi
1970 2336 2019 2362 ea
2034 2324 2082 2362 de
2103 2337 2148 2362 re

1190 2380 1310 2415 multa
1338 2379 1443 2416 iuter
1467 2391 1509 2415 se
1537 2380 1933 2416 communicaverunt
1951 2379 2145 2426 Tiburgii,

1189 2444 1288 2480 quae
1316 2434 1415 2480 Regi
1435 2434 1665 2470 summatim
1685 2435 1733 2470 ab
1752 2434 1810 2470 eis
1826 2433 2021 2481 exposita,
2041 2433 2074 2469 si
2094 2433 2144 2470 le-

1190 2499 1278 2534 gem
1307 2488 1503 2535 abrogare
1536 2500 1611 2524 non
1643 2493 1871 2536 potuerunt,
1897 2489 2037 2524 saltem
2060 2487 2146 2524 eius

1188 2542 1370 2579 duritiem
1391 2542 1598 2579 moderata
1617 2548 1719 2586 sunt,
1739 2543 1787 2579 ob
1803 2543 1924 2579 animi
1945 2541 2142 2590 Principis

1191 2598 1490 2644 propensionem
1525 2598 1560 2632 in
1595 2598 1750 2634 bouum.
1785 2597 1886 2634 Hinc
1919 2599 2026 2633 facto
2060 2597 2143 2644 ipso

1188 2651 1426 2687 dioecesium
1447 2652 1691 2695 constitutio,
1711 2652 1873 2699 eiusque
1891 2651 2143 2688 consectaria

1189 2704 1361 2741 admissa
1380 2705 1559 2748 suerunt;
1580 2706 1699 2742 immo
1719 2707 1818 2742 tales
1831 2705 2062 2744 Catholicae
2081 2705 2144 2740 Fi-

1189 2759 1248 2794 dei
1278 2771 1513 2806 progressus
1539 2760 1577 2795 in
1606 2760 1817 2797 Hollandia
1847 2763 2081 2804 evenerunt,
2100 2766 2142 2798 ut

1189 2814 1278 2848 ‹lum
1310 2814 1422 2849 huius
1440 2814 1562 2849 nostri
1589 2815 1737 2851 saeculi
1765 2814 1874 2850 initio
1902 2813 2139 2852 catholicum

1191 2880 1331 2904 nomeu
1361 2867 1460 2915 apud
1482 2869 1656 2905 Batavos
1681 2868 1883 2906 videretur
1904 2880 2024 2916 penes
2049 2869 2139 2906 abo-

1191 2923 1314 2964 lituui,
1337 2934 1437 2958 nuuc
1460 2922 1565 2958 iutra
1591 2928 1749 2959 centum
1771 2923 2005 2960 Hollandiae
2034 2923 2142 2971 regis

1190 2977 1361 3012 subditos
1387 2977 1651 3024 quadraginta
1678 2978 1860 3014 catholici
1880 2977 2139 3015 adnumeren-

1192 3037 1265 3066 tur.
1283 3033 1361 3067 Sub
1380 3032 1577 3067 Guilielmi
1597 3033 1643 3068 lll
1665 3033 1830 3080 imperio
1845 3034 2005 3071 liberius
2023 3045 2069 3071 ac
2088 3034 2141 3072 se—

1192 3085 1301 3121 licius
1329 3097 1392 3121 res
1412 3086 1606 3122 catholica
1634 3088 1668 3122 in
1698 3099 1821 3135 regno
1841 3088 2074 3125 Hollandiae
2098 3100 2140 3125 se

1190 3139 1319 3175 habet.
1343 3140 1603 3187 Metropolita
1629 3153 1716 3177 cum
1745 3142 2018 3190 Sum-agaueis
2037 3142 2140 3179 illius

1239 3239 1244 3257 '
1269 3239 1310 3270 La
1325 3239 1466 3271 Scirum
1485 3247 1501 3269 e
1520 3240 1551 3270 Ia
1571 3239 1668 3278 Ferte,
1690 3242 1757 3275 vol.
1772 3251 1851 3280 xxv,
1868 3242 1997 3285 pp.265
2011 3247 2043 3274 et
2059 3242 2135 3276 344.
