2241 3473
227 103 279 142 52

173 177 320 215 lentiae
346 176 459 215 Felix
483 177 712 225 presbyter,
734 174 977 211 Fortunatus
999 175 1039 210 et
1069 173 1128 210 A-

173 230 337 267 chilleus
352 229 515 274 diaconi,
532 228 597 276 qui
613 239 636 264 a
653 239 681 264 s.
699 227 861 263 Irenaeo
877 226 925 262 ad
942 226 1044 263 hanc
1061 237 1130 262 ur-

172 284 261 320 bem
277 282 396 328 missi,
407 282 620 318 maximam
638 279 745 316 illius
761 279 915 326 partem
931 278 980 314 ad
991 278 1130 315 Fidem

173 335 319 373 Christi
349 334 642 377 converterant,
668 331 842 379 primum
869 330 910 366 in
930 341 1129 367 carcerem

173 387 339 424 coniecti
359 389 463 430 sunt,
485 384 621 421 deinde
643 382 872 419 verberibus
893 383 1010 427 caesi,
1032 395 1128 420 con-

173 439 308 477 fractis
339 438 520 475 cruribus
549 436 654 472 circa
683 438 862 472 rotarum
892 435 1129 484 vertiginem

172 492 312 536 stricti,
341 491 493 527 fumum
519 489 558 524 in
579 487 737 535 equulei
756 489 1011 536 suspensione
1031 500 1127 537 per-

171 545 273 593 pessi
293 546 333 580 et
352 543 400 580 ad
420 544 644 579 extremum
659 540 790 588 gladio
810 541 982 589 percussi
1000 543 1090 578 sunt
1103 540 1127 578 ¹.

225 597 323 638 Tam
351 593 560 631 manifesta
589 597 682 630 sunt
702 596 881 630 veterum
901 593 1128 631 testimonia

171 650 218 686 de
247 647 520 696 perseeutione
542 646 853 683 Christianorum
879 646 949 683 sub
969 646 1128 693 Severo,

173 697 565 747 utDodwellus²ipse
577 710 663 736 eam
676 710 822 747 negare
839 711 913 735 non
930 698 1049 736 fuerit
1065 711 1131 735 au-

170 765 258 800 sus;
287 753 353 790 sed
375 756 420 788 ut
440 754 661 799 martyrum
682 763 886 789 numerum
909 751 1103 788 minueret
1119 781 1128 797 ,

170 806 278 843 illam
299 805 405 842 intra
426 804 571 841 biennii
592 804 796 853 angustias
811 804 1042 849 coarctavit,
1058 804 1128 841 ad-

172 859 361 905 diditque,
384 869 460 894 non
481 859 636 894 tantam
656 856 774 894 fuisse
795 863 1017 905 martyrum
1033 856 1131 894 mul-

167 911 376 948 titudinem
399 939 409 956 ,
446 911 633 958 quantam
672 909 801 946 innuit
836 910 1038 946 Eusebius.
1074 911 1129 946 At

168 963 398 1001 confutatur
417 961 759 1011 petulantissimus
778 962 944 1010 scriptor
963 974 1039 998 non
1061 974 1127 999 so-

167 1017 241 1054 lius
262 1015 432 1062 Eusebii,
449 1015 516 1052 sed
535 1015 652 1052 etiam
671 1015 882 1052 Clementis
898 1014 1127 1052 Alexandri-

167 1069 219 1115 ni,
237 1068 487 1113 Tertulliani,
500 1067 683 1116 Gregorii
699 1067 1011 1113 Turonensis,P.
1026 1068 1127 1105 Oro-

167 1122 225 1168 sii,
244 1121 403 1169 Sulpicii
424 1121 575 1166 Severi,
590 1120 835 1168 aliorumque
850 1120 1087 1158 testimoniis
1099 1118 1126 1157 3.

220 1174 283 1211 43.
318 1174 608 1211 Tertullianus
633 1195 680 1202 —
698 1173 742 1209 In
768 1173 827 1209 his
854 1174 1050 1221 angustiis
1080 1174 1126 1210 de

168 1227 484 1265 Christianorum
505 1238 625 1264 causa
640 1227 740 1263 bene
757 1226 902 1263 meruit
917 1226 1126 1264 Tertullia-

167 1293 252 1326 nus,
273 1292 374 1316 anno
392 1279 550 1316 circiter
567 1279 642 1317 160
658 1281 769 1327 patre
786 1279 1126 1327 proconsularium

167 1333 367 1382 copiarum
402 1332 628 1370 centurione
653 1331 893 1380 Carthagine
923 1332 962 1368 in
990 1332 1126 1370 Africa

168 1390 301 1431 natus,
322 1397 369 1422 ex
391 1385 549 1422 ethnico
571 1384 811 1422 christianus
832 1387 872 1422 et
891 1385 1101 1434 presbyter
1116 1415 1125 1432 ,

166 1439 230 1476 vir
259 1439 361 1476 acris
396 1441 435 1475 et
454 1437 700 1474 vehementis
720 1437 891 1486 ingenii,
922 1438 1125 1486 omnisque

166 1491 391 1529 litterarum
413 1490 571 1539 generis
596 1490 759 1539 peritus.
786 1491 829 1527 In
849 1489 985 1539 primis
1008 1491 1124 1541 Chri-

164 1544 381 1581 stianorum
402 1554 562 1580 causam
584 1543 740 1580 fortiter
761 1543 937 1580 defendit
964 1543 1004 1580 in
1019 1545 1126 1592 Apo-

167 1597 335 1644 loyetc'eo
370 1596 468 1633 libro
497 1596 544 1632 ad
574 1595 869 1644 provinciarum
900 1597 1124 1645 praesides3

164 1648 342 1698 depingit
357 1648 397 1685 in
414 1660 459 1686 eo
475 1648 660 1697 graphice
677 1648 851 1698 iniquam
866 1649 1127 1687 condemnan-

165 1702 203 1739 di
224 1702 465 1739 Christianos
485 1701 675 1748 formam3
697 1702 881 1747 ostendit,
893 1713 957 1739 eos
972 1703 1020 1739 ab
1037 1702 1124 1739 affi-

165 1754 236 1791 ctis
252 1754 500 1802 irreligionis,
522 1754 754 1799 rebellionis,
770 1755 941 1792 incestus
956 1755 1129 1792 crimini-

164 1808 239 1844 bus
255 1818 338 1844 esse
357 1807 627 1852 alienissiinos;
640 1807 780 1844 deinde
802 1807 1020 1855 perstrictis
1042 1809 1125 1845 eth-

165 1859 261 1896 nicis
290 1859 482 1896 institutis
502 1889 511 1905 ,
535 1861 646 1896 docte
675 1859 831 1897 disserit
860 1860 905 1896 de
935 1860 1124 1898 Christia-

168 1923 309 1949 norum
331 1912 510 1949 doctrina
531 1914 571 1948 et
591 1914 728 1949 saneta
749 1911 963 1960 disciplina.
986 1912 1123 1950 Eidem

168 1966 404 2013 argumento
434 1964 577 2001 institit
606 1964 646 2000 in
673 1964 786 2002 libris
811 1965 963 2002 duobus
989 1968 1125 2002 contra

165 2020 304 2066 gentes
316 2030 325 2062 ;
337 2017 375 2053 in
388 2017 509 2065 priori
525 2016 769 2054 Christianos
790 2017 935 2053 iterum
951 2017 1125 2055 vindicat

167 2082 190 2107 a
210 2070 344 2118 pravis
362 2069 578 2114 calumniis,
606 2081 704 2117 quae
732 2073 871 2107 contra
891 2081 956 2106 eos
982 2070 1122 2118 vulga-

165 2123 332 2168 bantur3
354 2123 393 2159 in
418 2122 621 2171 posteriori
642 2123 842 2159 ethnicum
864 2123 1022 2159 deorum
1047 2123 1126 2160 cul-

164 2178 251 2213 tum
271 2174 431 2213 refutat.

217 2228 364 2265 Eodem
387 2231 574 2275 tempore,
595 2239 671 2275 quo
693 2227 938 2275 Religionem
959 2228 1122 2276 eiusque

165 2282 383 2318 sectatores
412 2280 647 2317 defendebat
667 2283 803 2317 eontra
825 2280 992 2329 gentiles
1006 2310 1014 2325 ,
1035 2292 1121 2318 eam

164 2333 434 2381 propugnavit
464 2333 654 2370 adversus
674 2332 770 2369 alios
792 2333 933 2370 hostes.
956 2333 998 2369 In
1021 2333 1121 2369 libro

162 2390 299 2423 contra
327 2385 494 2422 Iudaeos
527 2385 727 2423 Christum
750 2397 833 2422 esse
855 2397 991 2422 verum
1014 2386 1122 2423 Mes-

161 2437 274 2485 siam,
291 2441 331 2475 et
345 2437 393 2475 V.
410 2437 593 2475 Foederis
610 2437 793 2474 instituta
809 2449 878 2487 per
897 2450 987 2475 eum
1009 2439 1121 2476 abro-

164 2493 257 2537 gata
280 2490 579 2528 demonstravit.
593 2490 701 2527 Alios
721 2491 876 2539 scripsit
896 2491 1015 2528 libros
1037 2503 1121 2528 con-

161 2547 224 2580 tra
258 2543 577 2589 Valentinianos,
606 2543 868 2588 Marcionem,
898 2544 1120 2591 Hermoge-

162 2607 272 2641 nem,
293 2599 335 2632 et·
368 2597 578 2641 Praxeam,
612 2596 658 2632 dc
689 2596 801 2633 cuius
835 2596 986 2633 haeresi
1017 2597 1121 2634 infra

160 2648 550 2685 ‹licemusAslversus
567 2649 746 2685 haereses
762 2660 894 2685 omncs
911 2649 1031 2686 edidit
1042 2650 1118 2686 exi-

162 2701 283 2736 mium
314 2713 407 2749 opus
443 2702 502 2738 De
533 2702 955 2749 Praescriplz'onihus,
982 2701 1017 2738 in
1040 2713 1117 2749 quo

160 2753 330 2801 primum
365 2756 520 2798 monet,
543 2753 765 2790 mirandum
789 2765 864 2790 non
887 2766 992 2799 csse,
1014 2755 1113 2802 quod

160 2808 364 2853 emergant
376 2806 571 2852 haereses,
585 2806 725 2854 quippe
738 2818 837 2853 quac
851 2806 996 2843 fuerint
1008 2819 1117 2855 prae-

160 2858 311 2904 dictae3
340 2870 464 2906 neque
484 2859 797 2907 quibuscumque
817 2870 954 2896 earum
976 2862 1114 2896 aucto-

159 2911 266 2948 ribus
286 2910 563 2949 offendendum
584 2923 666 2949 csse
681 2941 690 2959 ,
715 2923 835 2960 quum
857 2924 930 2948 non
951 2924 1000 2949 ex
1020 2924 1113 2961 pcr-

199 3095 207 3115 ¹
227 3095 399 3132 Tillrmonl.
415 3096 486 3126 ibid.
505 3106 531 3135 p.
551 3095 589 3126 97
608 3100 635 3127 ct
653 3095 722 3126 (328.

198 3136 212 3157 ²
228 3137 317 3167 Diss.
337 3137 505 3178 Cyprian.
523 3138 568 3168 xi.

197 3178 211 3199 ³
227 3179 264 3210 Cs
277 3179 414 3218 Ruinam,
432 3179 531 3210 Praei.
547 3179 585 3209 ad
604 3180 674 3210 Act.
694 3179 801 3210 Marc.

681 111 841 139 EPOCHA
869 111 911 138 11.
940 111 968 137 A
995 110 1136 137 MORTE
1163 110 1195 138 S.
1224 110 1391 138 IOANNIS
1417 112 1609 140 APOSTOLI

1175 174 1280 212 sonis
1295 175 1425 222 Fides,
1440 176 1508 213 sed
1521 188 1572 213 ex
1585 176 1682 214 Fide
1699 187 1886 225 personae
1901 178 2128 227 probentur.

1176 227 1276 264 Dein
1296 229 1466 266 ostendit
1485 228 1580 276 quid
1600 229 1678 266 sint
1693 231 1876 269 haereses
1893 233 1934 269 et
1947 230 2090 280 quibus
2107 244 2130 270 e

1173 280 1302 317 causis
1330 281 1474 329 passim
1502 284 1730 320 nascantur.·
1749 283 1793 320 In
1809 283 1973 332 reliquis
1994 285 2131 322 adver-

1173 345 1238 371 sus
1254 333 1436 371 haereses
1453 346 1666 382 earumque
1678 339 1860 373 auctores
1872 336 2129 384 demonstrat,

1172 397 1237 423 eos
1264 386 1460 424 immerito
1491 398 1706 436 provocare
1736 388 2037 436 Scripturarum
2065 390 2129 427 di-

1171 439 1438 487 sputationem
1459 453 1468 486 3

1171 492 1481 541 Scripturarum,
1497 504 1597 541 quae
1623 493 1756 530 variae
1781 493 2129 542 circumferuntur,

1170 545 1358 593 possessio
1393 547 1432 583 et
1470 545 1741 593 interpretatio
1771 549 1997 594 competant
2017 560 2026 594 ;
2060 548 2132 585 has

1171 610 1253 635 esse
1285 598 1324 635 in
1357 597 1404 635 iis
1437 598 1611 636 ecclesiis
1634 628 1643 645 ,
1677 611 1773 647 quas
1805 599 1982 647 Apostoli
2014 599 2130 638 insti-

1169 653 1354 696 tuerunt,
1381 653 1421 688 et
1449 663 1549 700 quae
1579 652 1628 688 ab
1653 651 1702 689 iis
1729 663 1867 689 veram
1885 651 2044 699 Fidem,
2065 665 2130 691 ve-

1171 715 1335 752 ramque
1367 715 1455 741 eam
1487 704 1670 742 tradendi
1697 703 1941 753 disciplinam
1961 716 2128 754 accepe-

1169 759 1284 803 runt3
1311 768 1400 793 cum
1422 756 1480 794 his
1506 757 1730 805 apostolicis
1756 757 1933 795 ecclesiis
1956 757 2057 795 solos
2072 770 2132 796 ca·

1169 809 1333 846 tholicos
1366 808 1544 858 legitima
1577 809 1849 860 episcoporum
1881 810 2130 848 successione

1169 862 1478 908 communicare;
1508 863 1609 911 apud
1636 863 1706 900 hos
1726 875 1818 912 ergo
1838 874 1921 901 esse
1941 874 2129 901 verarum
2191 906 2195 909 ,

1171 915 1467 963 Scripturarum
1487 915 1773 963 possessionem
1789 918 1830 953 et
1843 916 2132 964 interpretatio-

1171 967 1534 1015 nem,omniumque
1551 969 1809 1006 traditionum
1827 969 2132 1015 veritatem,non

1169 1031 1262 1057 vero
1287 1021 1390 1068 apud
1415 1021 1646 1067 haereticos,
1669 1022 1735 1070 qui
1752 1021 1844 1058 novi
1865 1023 1961 1059 sunt
1981 1023 2021 1058 et
2042 1034 2132 1059 cum

1169 1072 1393 1122 apostolicis
1412 1073 1589 1111 eeclesiis
1609 1086 1684 1111 non
1705 1074 2008 1112 communicant.

1223 1126 1362 1163 Plures
1392 1125 1512 1164 etiam
1532 1126 1653 1164 libros
1673 1128 1842 1165 morales
1862 1127 1912 1165 ad
1935 1127 2131 1166 docendos

1168 1178 1305 1216 fideles
1321 1179 1549 1228 composuit,
1566 1182 1675 1228 puta,
1691 1181 1740 1218 cle
1761 1181 1970 1225 Oratione,
1987 1181 2130 1229 Bapti-

1167 1243 1275 1276 smo,
1306 1233 1593 1279 Poenitentia,
1623 1234 1863 1281 Asartyrio,
1891 1233 2130 1281 Patientia,

1177 1285 1430 1333 Virginibus,
1452 1285 1720 1334 Spectaculis,
1740 1286 2001 1324 Idololatria.

1220 1337 1373 1375 Verum
1393 1338 1674 1385 Tertullianus,
1695 1351 1817 1387 quum
1836 1350 1960 1387 usque
1976 1339 2026 1377 ad
2041 1350 2128 1376 me-

1168 1390 1272 1427 diam
1302 1393 1474 1428 aetatem
1495 1392 1703 1440 presbyter
1724 1389 1923 1430 Ecclesiae
1951 1403 2132 1440 perman-

1167 1443 1296 1489 sisset,
1321 1443 1450 1492 inquit
1475 1455 1506 1481 s.
1528 1444 1796 1494 Hieronymus
1815 1444 1840 1491 ¹,
1861 1456 2127 1493 magnamque

1168 1495 1335 1534 nominis
1354 1496 1500 1534 famam
1521 1500 1625 1535 esset
1645 1501 1881 1535 consecutus
1894 1527 1903 1543 ,
1924 1509 2027 1534 anno
2049 1497 2128 1535 cir-

1169 1549 1269 1587 citer
1287 1550 1366 1587 207
1382 1551 1430 1587 ab
1447 1549 1556 1588 avita
1572 1552 1611 1587 et
1628 1550 1824 1588 catholica
1842 1550 1939 1588 Fide
1955 1550 2005 1587 ad
2021 1551 2130 1589 Mon-

1167 1602 1407 1640 tanistarum
1427 1603 1621 1641 haeresim
1642 1604 1811 1641 deflexit.
1833 1603 1906 1641 Vir
1930 1603 2060 1641 severi
2076 1603 2133 1641 in-

1167 1655 1274 1704 genii
1300 1658 1339 1693 et
1365 1656 1485 1693 animi
1516 1656 1763 1702 austerioris,
1793 1655 1948 1694 avidius
1978 1655 2132 1694 audivit

1168 1708 1362 1746 famosum
1390 1709 1495 1746 inter
1522 1709 1783 1747 Montanistas
1813 1708 2039 1755 Proelum²‚
2060 1721 2130 1747 cu-

1167 1762 1229 1799 ius
1254 1762 1490 1799 commercio
1522 1762 1712 1800 adversus
1743 1761 1942 1799 Ecclesiae
1962 1761 2128 1811 discipli-

1168 1827 1258 1852 nam
1278 1817 1603 1864 praeoccupatus,
1624 1827 1673 1852 ex
1694 1814 1905 1863 asperioris
1926 1814 2034 1852 vitae
2051 1815 2131 1852 cul-

1166 1870 1209 1905 tu
1239 1869 1286 1905 de
1314 1867 1398 1916 ipsa
1427 1867 1606 1905 Ecclesia
1634 1879 1680 1905 ac
1700 1868 1927 1916 dogmatum
1955 1867 2128 1905 veritate

1166 1920 1351 1957 iudicium
1366 1920 1469 1958 tulit.
1483 1920 1568 1958 Hac
1579 1920 1790 1958 severioris
1802 1919 2030 1969 disciplinae
2046 1932 2133 1969 spe-

1168 1973 1227 2009 cie
1248 1974 1461 2018 excitatus,
1482 1976 1523 2010 et
1542 1985 1565 2010 a
1585 1974 1788 2010 Romanae
1809 1972 1999 2010 ecclesiae
2027 1973 2130 2011 clero

1168 2025 1314 2074 despici
1334 2026 1407 2063 sibi
1428 2026 1548 2072 visus,
1565 2027 1613 2063 ad
1630 2025 1962 2063 Montanistarum
1977 2028 2127 2065 sectam

1167 2078 1322 2116 transiit
1337 2077 1373 2125 3;
1403 2082 1443 2116 et
1471 2078 1538 2126 qui
1568 2081 1685 2116 antea
1704 2080 1819 2116 tanta
1838 2090 1928 2116 cum
1944 2078 2062 2117 laude
2082 2091 2128 2118 ac

1166 2131 1387 2169 eruditione
1417 2131 1609 2169 catholica
1644 2133 1830 2180 dogmata
1863 2131 2124 2179 defenderat,

1166 2184 1309 2221 exhinc
1339 2183 1522 2231 profanas
1549 2185 1741 2229 Montani,
1762 2184 1978 2231 Priscillae,
1999 2185 2127 2223 Maxi-

1165 2237 1298 2274 millae
1329 2237 1524 2275 novitates
1557 2237 1842 2287 propugnavit,
1864 2240 1909 2275 ut
1927 2237 2018 2275 libri
2039 2238 2122 2277 eius

1165 2290 1213 2327 (le
1230 2290 1457 2335 Pudicitia,
1469 2290 1748 2339 Monoyainia,
1762 2291 1954 2336 Ieiuniis,
1964 2291 2127 2329 Exhor-

1167 2344 1325 2380 tatione
1354 2345 1575 2390 eastitatis,
1604 2344 1745 2391 Fuya,
1772 2343 1935 2381 Corona
1961 2345 2126 2391 militis,

1166 2399 1373 2434 testantur.

1219 2449 1312 2490 Quis
1333 2452 1464 2486 autem
1484 2449 1601 2487 fuerit
1616 2448 1852 2486 Tertulliani
1873 2448 2028 2497 exitus,
2049 2462 2123 2499 pa-

1164 2514 1251 2539 rum
1271 2505 1434 2540 constat.
1463 2503 1610 2540 Scribit
1629 2514 1657 2539 s.
1682 2502 1944 2549 Augustinus,
1967 2515 2058 2541 eum
2079 2505 2125 2541 ut

1164 2567 1186 2591 a
1208 2555 1419 2592 Catholicis
1448 2555 1505 2593 ita
1534 2555 1653 2592 etiam
1676 2558 1810 2602 postea
1829 2567 1852 2592 a
1872 2554 2124 2594 Montanistis

1164 2607 1363 2653 defecisse,
1379 2620 1595 2656 novamque
1613 2607 1817 2656 collegisse
1833 2610 1996 2654 sectam,
2008 2609 2121 2647 cuius

1164 2661 1332 2698 asseclae
1345 2661 1664 2698 Tertullianistac
1681 2661 1773 2697 dicti
1789 2661 1974 2703 sunt.Qui
1989 2664 2124 2700 autem

1164 2726 1212 2750 ex
1230 2714 1287 2750 his
1304 2716 1480 2762 tempore
1497 2715 1541 2751 Ι).
1556 2714 1771 2762 Augustini
1788 2718 2037 2763 supererant,
2058 2716 2128 2754 hu-

1163 2766 1224 2804 ius
1241 2778 1357 2815 opera
1373 2767 1421 2803 ad
1438 2767 1669 2804 catholicam
1684 2766 1875 2805 unitatem
1887 2768 2086 2807 redierunt
2097 2767 2126 2809 ⁴.

1204 2928 1212 2948 ¹
1234 2927 1386 2965 Catulos).

1202 2970 1214 2990 '-‘
1232 2971 1317 3000 {lime
1351 2969 1490 2999 l‘rocluin
1521 2969 1549 2999 in
1582 2969 1810 3009 disceptatione
1833 2969 1949 3001 Romae
1974 2968 2083 3000 habita
2107 2979 2126 3002 a

1161 3011 1243 3047 Caio,
1268 3011 1335 3040 viro
1361 3010 1388 3039 in
1414 3011 1520 3049 primis
1546 3012 1595 3050 pio
1619 3014 1648 3041 ct
1665 3011 1800 3049 diserto,
1817 3011 1921 3050 palam
1938 3011 2122 3051 convictum,

1160 3054 1317 3084 damnavit
1339 3063 1362 3082 s.
1386 3052 1574 3090 erliyrinus
1598 3061 1688 3092 papa.
1706 3053 1835 3090 Euseb.,
1852 3052 1942 3084 Hist.
1959 3053 2035 3084 eccl.
2050 3052 2070 3084 l.
2087 3053 2120 3093 V,

1160 3107 1184 3126 c.
1203 3095 1253 3131 ⁹2⁸,
1270 3093 1288 3123 Ι.
1307 3094 1352 3129 vi,
1369 3103 1394 3123 r.
1415 3092 1460 3130 li,
1476 3097 1505 3123 ct
1521 3093 1569 3124 ⁶20.

1199 3136 1212 3154 ³³
1230 3136 1269 3165 bn
1286 3134 1388 3164 causis
1406 3135 1470 3164 eius
1487 3133 1594 3174 lapsus
1611 3135 1677 3175 agit
1693 3135 1855 3173 Barouius,
1868 3135 1907 3166 ad
1924 3143 1972 3167 au.
1990 3133 2061 3167 201.

1200 3177 1212 3198 ⁴
1229 3178 1258 3207 S.
1276 3176 1449 3215 Augustini,
1473 3176 1616 3208 Ilaeres.
1641 3176 1689 3208 86.
1713 3177 1817 3215 Opera
1839 3176 2020 3209 Tertulliani
2036 3176 2121 3209 edita

1507 440 1618 488 prius
1657 440 1868 478 videndum
1887 453 1987 486 ‚esse
2017 471 2028 488 ,
2066 442 2130 480 eui
2189 446 2193 449 ’
