2241 3473
252 119 329 157 208

199 197 470 243 declinabant,
491 207 535 233 eo
563 193 770 233 infestiora
788 194 863 234 sibi
882 194 1034 245 experti
1055 194 1151 231 sunt

198 263 309 290 arma
320 251 541 288 Turcarum
555 277 564 293 ,
580 248 660 295 qui,
682 249 918 287 chalifarum
933 249 1148 286 Saraceno-

198 318 283 345 rum
298 303 473 353 potentia
488 301 668 338 civilibus
682 302 794 342 bellis
808 303 960 348 attrita,
976 301 1022 340 iis
1037 312 1143 350 prae-

198 358 418 401 valuerunt,
439 354 610 400 Perside,
626 355 822 405 Armenia,
838 357 1000 405 aliisque
1015 354 1138 404 regio-

196 414 306 451 nibus
325 409 437 459 potiti
456 411 561 454 sunt,
581 419 843 462 graecumque
862 410 1068 461 imperium
1089 409 1137 447 ad

196 476 367 504 summas
386 462 589 512 angustias
608 463 856 514 redegerunt.

251 520 283 557 l.
310 518 482 556 Carolus
498 516 554 554 M.
573 528 649 554 rem
664 518 929 559 Francorum
945 520 1031 569 (cm.
1049 517 1144 568 771)

195 595 243 602 —
259 571 418 621 Carolus
448 572 502 609 M.
532 582 593 608 an.
622 572 696 609 771
720 575 947 613 universum
967 574 1147 611 Franco-

195 639 280 665 rum
300 637 421 674 regno
441 626 547 664 solus
567 625 714 673 potitus
729 627 740 649 ¹
756 659 764 673 ,
782 629 895 679 regni
917 627 977 666 sui
1000 627 1147 664 limites

194 691 428 729 magnopere
446 680 632 729 protulit:
654 682 930 732 Longobardos
951 683 990 720 in
1013 680 1146 724 Italia,

192 735 352 773 Mauros
378 733 418 771 in
448 734 635 784 Hispania
651 765 660 779 ,
683 737 833 775 Avares
852 737 891 774 in
912 737 1120 785 Hungaria
1137 762 1146 778 ‚

191 789 329 826 Slavos
349 788 388 825 in
419 788 626 833 Bohemia,
652 789 880 840 ferocesque
901 791 1078 828 Saxones
1102 789 1142 826 et

191 844 319 881 Danos
350 842 431 880 acie
458 842 570 889 vicit,
590 842 803 882 Ecclesiam
822 845 1006 894 protexit,
1026 845 1132 894 Apo-

191 897 350 936 stolicae
368 896 457 934 Sedi
477 899 613 935 contra
631 898 795 936 rebelles
815 901 854 936 et
873 899 1004 936 hostes
1019 910 1131 948 opem

191 950 293 998 tulit,
309 950 470 999 eiusque
486 951 671 989 ditionem
687 952 894 1001 plurimum
912 953 1036 999 auxit,
1052 965 1136 1002 pro-

191 1004 393 1054 pagandae
423 1005 658 1043 christianae
678 1006 872 1055 Religioni
896 1007 996 1044 inter
1017 1008 1139 1045 suba-

191 1060 273 1096 ctos
292 1057 454 1107 populos
473 1071 630 1108 operam
647 1060 854 1108 praestitit,
869 1060 917 1098 ad
934 1061 1140 1098 restituen—

190 1112 278 1150 dam
297 1113 337 1149 in
357 1111 510 1161 populo,
530 1112 633 1150 clero
655 1116 694 1150 et
713 1113 751 1151 in
769 1114 1012 1152 monasteriis
1028 1114 1137 1153 disci-

192 1166 337 1215 plinam
351 1166 540 1215 episcopis
560 1166 749 1205 auxilium
772 1168 961 1216 praebuit,
981 1168 1136 1206 instau-

187 1220 334 1258 randae
368 1220 591 1258 litterarum
614 1223 655 1258 et
683 1221 934 1259 scientiarum
957 1222 1135 1260 culturae

190 1273 362 1311 animum
383 1273 580 1322 applicuit.
602 1274 747 1316 Quibus
763 1275 927 1324 aliisque
943 1276 1057 1314 rebus
1074 1289 1135 1325 ge-

188 1327 276 1373 stis,
313 1329 356 1364 ut
394 1327 610 1365 videbimus
624 1358 632 1373 ,
666 1329 801 1378 Magni
840 1332 1136 1378 cognomentum

189 1381 347 1419 meruit.

240 1435 277 1472 2.
307 1435 557 1472 Hadrianus
586 1435 614 1472 I
637 1436 835 1484 Pontifeoe
864 1435 947 1487 (an.
979 1436 1139 1487 772)-

189 1489 286 1526 Post
317 1488 559 1537 Stephanum
592 1489 649 1526 III
661 1518 670 1533 ,
692 1493 757 1537 qui
774 1490 871 1527 obiit
890 1503 950 1528 an.
972 1491 1072 1535 772,
1092 1492 1139 1529 ad

188 1553 383 1579 summum
415 1542 683 1591 pontificatum
712 1548 756 1579 v⁰
785 1543 870 1581 idus
888 1543 1075 1582 februarii
1095 1557 1140 1582 e-

189 1598 326 1633 vectus
345 1595 418 1633 fuit
441 1596 664 1633 Hadrianus
685 1596 713 1639 I,
733 1596 948 1643 Romanus,
964 1599 1138 1636 cardina-

188 1649 235 1686 lis
255 1649 452 1695 diaconus,
473 1649 617 1697 pietate
637 1662 682 1687 ac
697 1650 916 1689 eruditione
937 1663 1138 1689 commen-

189 1703 351 1750 dandus,
371 1703 432 1752 qui
457 1703 673 1740 Ecclesiam
696 1704 934 1753 gubernavit
954 1705 1004 1743 23
1025 1706 1138 1743 annis

188 1759 229 1793 et
244 1757 288 1793 11
306 1756 386 1794 fere
401 1756 609 1803 mensibus,
620 1769 757 1806 nempe
773 1770 895 1808 usque
911 1758 958 1796 ad
971 1771 1032 1796 an.
1046 1759 1134 1797 795.

191 1811 228 1848 Is
261 1812 396 1848 contra
425 1810 668 1849 Desiderium
697 1822 828 1857 regem
857 1813 1134 1861 Longobardo-

189 1876 274 1901 rum
289 1894 297 1909 ,
319 1865 365 1902 R.
387 1864 586 1903 Ecclesiae
621 1864 759 1902 ditioni
782 1865 967 1904 infestum
981 1896 989 1911 ,
1010 1866 1136 1904 Caroli

189 1917 241 1954 M.
258 1929 367 1966 opem
389 1918 632 1967 imploravit,
653 1918 907 1969 obtinuitque.
926 1920 1026 1957 Eum
1043 1922 1136 1958 tunc

189 1971 227 2007 in
249 1972 426 2008 Romana
446 1972 594 2020 synodo
612 1973 740 2010 Caroli
757 1973 808 2010 M.
827 1974 1061 2011 concessisse
1077 1974 1135 2011 ius

190 2024 357 2073 eligendi
379 2026 425 2063 R.
443 2025 672 2063 Pontificem
688 2029 727 2064 et
742 2026 974 2065 investiendi
990 2028 1136 2065 archie-

189 2077 362 2127 piscopos
392 2082 432 2116 et
457 2079 653 2128 episcopos
682 2092 752 2128 per
779 2080 952 2129 singulas
972 2081 1134 2130 provin-

189 2131 285 2173 cias.
311 2134 572 2169 commentum
603 2135 662 2170 est
692 2133 886 2182 Sigeberti
903 2133 929 2172 ².
956 2136 1028 2172 An.
1059 2135 1132 2173 781

189 2186 321 2223 ambos
354 2185 482 2223 Caroli
511 2186 562 2223 M.
584 2186 683 2223 filios
700 2217 709 2233 ,
740 2187 922 2236 Pipinum
940 2188 1076 2226 Italiae
1096 2192 1135 2226 et

189 2238 430 2276 Ludovicum
462 2239 697 2289 Aquitaniae
716 2252 828 2289 reges
847 2253 871 2279 a
891 2244 1000 2290 patre
1022 2254 1134 2279 crea-

189 2293 247 2329 tos
263 2322 272 2339 ,
293 2293 442 2330 Romae
462 2292 546 2330 oleo
567 2304 676 2330 sacro
699 2295 825 2331 unxit.
847 2295 976 2333 Irenes
1005 2307 1133 2345 augu-

188 2347 271 2383 stae
299 2345 458 2395 eiusque
478 2346 545 2383 filii
568 2346 811 2385 Constantini
832 2347 1077 2397 imperatoris
1096 2351 1135 2386 et

188 2399 365 2437 Tharasii
387 2399 633 2449 patriarchae
653 2400 718 2449 Cp.
739 2401 840 2438 votis
857 2403 902 2439 de
918 2414 1135 2439 convocan-

188 2453 236 2490 do
256 2453 428 2500 generali
451 2452 612 2491 concilio
631 2454 679 2491 ad
695 2455 1030 2493 condemnandam
1048 2456 1134 2493 Ico-

188 2507 446 2545 noclastarum
469 2507 661 2545 haeresim
683 2510 722 2544 et
742 2509 1024 2547 restituendum
1046 2510 1135 2559 dog-

188 2572 252 2598 ma
270 2561 501 2599 catholicum
518 2560 695 2606 assensit,
716 2562 953 2612 legatosque,
975 2563 1040 2612 qui
1062 2575 1132 2600 suo

189 2614 342 2652 nomine
367 2615 400 2653 ei
429 2611 861 2664 praesiderentgmisit,
885 2619 927 2653 ut
948 2617 1050 2655 infra
1071 2617 1132 2654 vi-

188 2668 376 2706 debimus.

239 2721 274 2759 3.
295 2723 411 2759 Finis
428 2723 549 2770 reqm’
564 2722 929 2771 Lonqobarclorum
949 2722 1131 2772 (anJ‘M)

186 2775 377 2817 —Quum
411 2776 632 2814 Desiderius
663 2789 733 2814 rex
762 2777 1105 2825 Longobardorum
1124 2806 1132 2822 ,

187 2829 326 2877 spretis
347 2831 524 2868 omnibus
544 2831 668 2879 pactis
689 2833 728 2869 et
748 2831 913 2877 iuribus,
929 2844 1067 2869 rursus
1089 2844 1131 2867 c-

187 2883 420 2921 xarchatum
451 2885 792 2923 Ravennatensem
814 2885 1043 2937 invasisset3,
1075 2898 1135 2922 va-

226 2989 234 3010 ¹
254 2989 318 3020 vid.
336 2999 365 3029 p.
386 2989 454 3021 207.

226 3030 238 3052 2
257 3031 378 3063 Chr-on.
403 3032 441 3061 ad
466 3040 514 3063 an.
538 3032 618 3069 773,
643 3035 723 3074 apud
752 3035 858 3066 Pistor.
884 3034 1047 3076 Scriptor.
1069 3045 1136 3067 rer.

188 3073 349 3104 German.
368 3077 386 3103 t.
404 3074 427 3111 Ι,
444 3083 470 3112 p.
488 3073 557 3105 780.
575 3074 613 3105 Cs
632 3076 740 3107 Baron.
758 3077 795 3107 ad
820 3086 868 3107 an.
892 3077 951 3108 774
970 3082 1000 3108 ct
1020 3077 1089 3113 96&
1108 3080 1137 3110 Ρ.

185 3115 222 3144 dc
235 3116 346 3150 Marca,
364 3114 406 3146 De
422 3116 576 3146 concord.
592 3119 718 3149 sacerd.
736 3124 770 3149 et
785 3119 904 3159 imper.
916 3120 933 3150 l.
955 3120 1027 3155 vm,
1051 3130 1074 3150 c.
1095 3119 1138 3154 12:

184 3156 384 3191 Thomassin,
405 3157 587 3197 Disciplin.
605 3160 679 3191 eccl.
705 3170 731 3199 p.
759 3161 798 3199 ll,
816 3161 833 3192 l.
859 3162 898 3197 Η,
923 3171 946 3192 c⁴
979 3162 1014 3191 10
1040 3166 1069 3191 οἱ
1090 3163 1138 3194 25:

185 3197 325 3235 Sandini,
347 3198 494 3230 Dissert.
511 3199 595 3230 XIX.

891 127 1046 154 EPOCHA
1074 127 1128 155 V1.
1157 126 1185 154 A
1213 127 1374 157 CAROLO
1403 131 1446 158 M.

1191 192 1271 232 rias
1290 195 1338 232 R.
1359 195 1558 234 Ecclesiae
1579 197 1694 236 urbes
1712 201 1752 236 et
1771 201 1934 240 castella
1948 213 2138 251 occupas-

1191 249 1263 293 set,
1274 247 1443 298 ipsisque
1459 250 1646 288 Romanis
1660 251 1839 292 timorem
1850 255 2038 302 iniiceret3
2049 267 2137 295 cum

1191 300 1414 340 Hadrianus
1437 302 1504 351 Pp.
1526 315 1608 341 rem
1629 317 1718 342 eum
1737 318 1783 344 eo
1803 319 2031 357 componere
2051 309 2137 347 fru-

1191 357 1273 391 stra
1297 356 1511 400 tentasset,
1532 357 1716 396 Pontifex
1737 371 1806 407 pro
1826 362 1931 399 urbis
1951 364 1990 399 et
2006 362 2137 412 populi

1190 406 1249 444 sui
1261 407 1483 447 defensione
1494 409 1720 460 imploravit
1735 413 1921 452 auxilium
1937 415 2065 453 Caroli
2080 416 2137 455 M.

1189 460 1291 509 regis
1319 461 1562 501 Francorum
1597 466 1636 501 et
1666 464 1827 503 Patrieii
1856 468 2136 508 Romanorum.

1189 513 1352 552 Carolus
1371 516 1496 565 primo
1512 517 1664 566 legatos
1684 518 1791 556 misit
1809 520 1857 556 ad
1879 521 2135 568 Desiderium,

1190 569 1232 605 ut
1248 579 1335 605 eum
1351 569 1389 606 in
1407 569 1582 608 ordinem
1597 571 1805 620 redigeret.
1818 572 1914 610 Cum
1930 586 2024 612 vero
2038 575 2137 614 nihil

1189 621 1408 669 proficeret,
1424 623 1584 661 Carolus
1605 636 1667 662 an.
1681 625 1758 663 773
1778 625 1897 675 Alpes
1917 639 2004 664 cum
2025 639 2134 666 exer-

1188 674 1268 711 citu
1288 677 1502 724 superavit,
1532 678 1880 727 Longobardorum
1908 680 2026 730 copiis
2047 682 2137 719 ubi-

1188 739 1261 776 que
1294 729 1534 779 profiigatis,
1569 731 1773 778 Ticinum,
1808 745 1882 782 quo
1912 733 2136 772 Desiderius

1188 780 1427 831 confugerat,
1437 784 1634 822 obsidione
1651 785 1781 823 cinxit.
1796 786 1907 824 Tunc
1923 786 2135 836 Spoletani,

1187 835 1356 882 Reatini,
1376 837 1567 884 Firmani,
1587 839 1800 876 Auximani
1813 869 1822 885 ,
1841 840 2075 879 Anconitani
2095 844 2136 879 et

1185 888 1497 938 Fulginatenses,
1518 903 1540 928 a
1562 891 1751 930 Desiderii
1772 895 1880 930 metu
1900 893 2031 941 liberi,
2048 895 2134 932 Ro-

1186 953 1290 979 mam
1311 943 1574 993 confugerunt
1590 975 1600 990 ,
1627 945 1870 984 Hadrianum
1901 959 2043 996 papam
2061 948 2133 985 de-

1184 999 1400 1044 precantes,
1423 1000 1466 1035 ut
1485 1010 1551 1035 eos
1571 999 1609 1035 in
1631 999 1834 1036 servitium
1855 1001 1899 1038 B.
1923 1001 2033 1038 Petri
2049 1003 2089 1040 et
2103 1013 2133 1040 s.

1184 1050 1385 1088 Romanae
1404 1051 1602 1089 Ecclesiae
1621 1052 1848 1101 susciperet,
1868 1054 2135 1104 praestitoque

1183 1103 1404 1141 iuramento
1425 1105 1707 1154 promiserunt,
1727 1118 1768 1143 se
1789 1107 1827 1143 in
1848 1106 1924 1144 fide
1945 1107 2141 1146 Hadriani-

1184 1157 1345 1206 eiusque
1365 1170 1636 1196 successorum
1657 1159 1826 1198 fideliter
1845 1172 2134 1209 permansuros3

1183 1222 1277 1259 quos
1317 1223 1447 1249 omnes
1477 1212 1661 1250 Pontifex
1689 1225 1830 1262 magna
1865 1225 1951 1251 cum
1981 1214 2135 1252 laetitia

1183 1265 1350 1313 suscepit
1369 1263 1392 1302 ¹.
1429 1265 1529 1302 Tum
1569 1266 1737 1304 Romam
1772 1267 1821 1304 ad
1857 1267 2135 1306 celebrandum

1182 1317 1333 1356 Pascha
1368 1321 1406 1356 et
1435 1319 1661 1356 honoranda
1689 1321 1967 1368 Apostolorum
1997 1321 2134 1360 limina

1185 1383 1410 1420 progressus
1430 1376 1509 1410 est:
1530 1373 1579 1409 ab
1598 1373 1799 1411 Hadriano
1827 1374 1897 1423 Pp.
1919 1374 2132 1413 honorifice

1182 1429 1389 1474 exceptus,
1412 1426 1638 1464 donationes
1658 1438 1680 1463 a
1702 1426 1839 1475 Pipino
1859 1431 1970 1475 patre
1991 1440 2060 1466 suo
2081 1429 2130 1466 R.

1183 1479 1378 1517 Ecclesiae
1397 1478 1536 1526 factas,
1557 1492 1630 1517 non
1651 1479 1776 1518 solum
1793 1480 2054 1527 confirmavit,
2064 1482 2132 1520 sed

1183 1544 1281 1569 novo
1303 1532 1513 1582 diplomate
1534 1545 1556 1570 a
1577 1545 1618 1571 se
1638 1536 1677 1571 et
1697 1533 1897 1583 episcopis,
1913 1535 2132 1581 abbatibus,

1182 1586 1344 1624 ducibus
1371 1587 1411 1623 et
1441 1586 1646 1625 comitibus
1661 1617 1670 1633 ,
1690 1587 1758 1635 qui
1778 1589 1892 1625 erant
1910 1587 1948 1624 in
1970 1600 2041 1625 suo
2062 1600 2132 1626 co-

1181 1639 1334 1686 mitatu,
1361 1640 1589 1689 subscripto⁷
1619 1641 1819 1678 Romanae
1849 1641 2045 1679 Ecclesiae
2067 1641 2133 1679 do-

1182 1693 1290 1730 navit
1318 1695 1442 1731 totum
1473 1695 1729 1731 exarchatum
1760 1695 2104 1733 Ravennatensem
2121 1725 2131 1742 ,

1180 1747 1345 1784 insulam
1375 1746 1593 1794 Corsicam,
1622 1747 1845 1797 provincias
1873 1748 2132 1787 Venetiarum

1180 1803 1220 1838 et
1239 1800 1390 1846 Istriae,
1411 1801 1578 1839 ducatus
1598 1801 1851 1851 Spoletanum
1868 1803 1907 1839 et
1923 1803 2131 1840 Beneven-

1179 1857 1328 1899 tanum,
1351 1866 1439 1891 cum
1452 1855 1597 1892 Parma
1618 1859 1657 1892 et
1679 1855 1842 1893 Mantua
1861 1853 1888 1893 ².
1906 1855 2130 1894 Hadrianus

1180 1920 1273 1945 vero
1305 1909 1442 1946 Carolo
1469 1909 1569 1946 dono
1600 1909 1708 1946 dedit
1728 1908 1899 1946 codicem
1920 1921 1989 1947 seu
2011 1909 2129 1947 colle·-

1178 1962 1346 1999 ctionem
1376 1974 1565 1999 canonum
1585 1992 1593 2008 ‚
1623 1962 1787 2000 Carolus
1815 1962 1955 2000 deinde
1985 1962 2129 2000 bellum

1177 2018 1315 2053 contra
1331 2016 1609 2064 Longobardos
1626 2018 1868 2065 prosecutus,
1885 2028 1950 2053 eos
1965 2027 2130 2064 supera-

1178 2069 1246 2115 vit,
1258 2069 1503 2107 Desiderium
1518 2069 1778 2118 interceptum
1788 2069 2025 2107 monasterio
2038 2070 2128 2108 Cor-

1177 2122 1325 2160 beiensi
1344 2122 1511 2170 inclusit,
1535 2125 1574 2160 et
1594 2135 1655 2161 an.
1677 2123 1753 2160 774
1769 2122 1955 2160 ditionem
1971 2123 2130 2172 Longo-

1176 2176 1371 2214 bardicam
1391 2179 1544 2225 sceptro
1564 2188 1636 2215 suo
1656 2176 1822 2214 subiecit
1837 2174 1866 2214 ³.

1229 2229 1392 2267 Carolus
1430 2231 1495 2267 vix
1533 2229 1571 2266 in
1602 2229 1769 2267 Galliam
1800 2240 2002 2279 regressus
2029 2230 2129 2277 erat,

1176 2295 1294 2332 quum
1315 2283 1685 2332 Rotgandus,quem
1707 2282 1866 2320 ducatui
1887 2282 2129 2321 Foroiulien-

1176 2337 1205 2373 si
1229 2336 1484 2385 praefecerat,
1504 2335 1752 2373 rebellionem
1773 2336 1934 2374 molitus
1954 2337 2035 2382 est,
2051 2348 2130 2374 om-

1176 2401 1340 2438 nemque
1362 2389 1513 2426 Italiam
1535 2389 1581 2426 ad
1600 2389 1857 2427 defectionem
1873 2389 2124 2436 sollicitabat.

1175 2443 1336 2481 Carolus
1352 2443 1492 2480 litteris
1508 2443 1696 2480 Hadriani
1715 2443 1784 2492 Pp.
1801 2443 1849 2481 de
1866 2455 1914 2481 ea
1929 2454 1969 2480 re
1986 2442 2129 2481 certior

1175 2497 1370 2541 redditus,
1390 2508 1452 2534 an.
1473 2497 1550 2534 776
1570 2496 1790 2534 exercitum
1815 2496 1853 2534 in
1874 2495 2030 2534 Italiam
2050 2497 2126 2534 du-

1177 2551 1234 2588 xit
1254 2553 1294 2587 et
1313 2550 1505 2588 debellato
1527 2550 1748 2599 RotgandO,
1767 2549 1936 2588 rebelles
1959 2549 2008 2587 ad
2023 2549 2128 2587 obse-

1176 2603 1309 2653 quium
1345 2603 1522 2651 reduxit,
1552 2606 1591 2640 et
1624 2604 1671 2641 R.
1708 2603 1906 2642 Ecclesiae
1939 2602 2126 2641 ditionem

1178 2657 1289 2695 auxit
1307 2657 1505 2695 territorio
1525 2657 1741 2695 Sabinensi.
1771 2657 1843 2695 An.
1864 2656 1942 2694 787
1961 2655 2126 2694 Carolus

1179 2722 1331 2748 rursum
1361 2711 1398 2748 in
1421 2711 1572 2749 Italiam
1594 2710 1717 2748 movit
1736 2711 1785 2748 ad
1805 2709 2123 2760 compescendam

1178 2764 1382 2802 audaciam
1408 2764 1588 2813 Arigisii,
1613 2764 1720 2801 ducis
1739 2761 2034 2807 Beneventani,
2059 2762 2125 2811 qui

1181 2819 1455 2866 Longobardos
1483 2818 1530 2855 ad
1552 2817 1827 2856 excutiendum
1847 2816 1984 2865 iugum
2005 2815 2126 2853 Fran-

1180 2872 1304 2909 eicum
1335 2873 1542 2909 excitabat.
1572 2871 1765 2921 Arigisius
1794 2870 1963 2908 adventu
1993 2868 2121 2907 Caroli

1182 2926 1423 2975 perterritus,
1453 2938 1493 2963 se
1522 2925 1681 2970 dedidit,
1709 2924 1825 2962 fidem
1851 2922 1886 2960 ei
1914 2922 2064 2960 iuravit
2083 2924 2124 2960 et

1223 3032 1230 3052 ¹
1252 3010 1354 3064 Anasi.
1375 3010 1471 3064 Vitae
1482 3031 1542 3063 ΠΒ.
1561 3030 1710 3071 Pontis..
1733 3028 1892 3062 Hadrian.
1911 3026 1937 3058 Ῑ.

1221 3075 1234 3096 ²
1250 3075 1493 3155 {triglibktilin
1517 3115 1602 3145 ltalia
1618 3113 1748 3155 ingrcssi
1764 3115 1834 3144 sunt
1851 3120 1931 3143 anno
1946 3110 2018 3149 568,
2034 3111 2122 3143 ideo-

1181 3150 1386 3200 ‹pis-,i-cgiuim
1401 3157 1664 3197 Longobardicum
1677 3155 1797 3186 duravit
1814 3157 1929 3202 tanturn
1939 3162 1988 3184 an.
1998 3152 2121 3191 ⁶206;vi-

1188 3203 1270 3234 desis
1286 3212 1313 3242 p.
1335 3198 1564 3237 ιῑ»7,164,17”2,
1583 3198 1650 3236 177,
1671 3196 1734 3228 196.
1753 3198 1826 3235 rag·
1843 3195 1883 3227 ad
1899 3193 2026 3233 an.774‚
2042 3193 2058 3236 ἃ
2073 3194 2100 3225 7.
