2241 3473
644 123 771 155 vsovn·
798 123 852 150 AD
879 119 1177 149 roN'rirtcATvM
1205 120 1236 148 s.
1258 119 1455 148 ensseotm
1482 118 1554 146 vn.
1938 107 2018 145 287

123 205 219 233 num
252 191 394 231 saltem
431 189 711 228 communionis
749 188 950 226 vinculum
988 197 1075 224 cum
1165 186 1251 225 144.
1272 186 1478 224 Ecclesiae
1497 188 1631 222 status
1666 185 1714 221 in
1733 181 1890 230 Anylz'a
1909 187 1951 219 et
1971 183 2071 220 Gal-

126 245 294 285 ecclesia
331 243 475 281 Latina
506 244 802 280 conservarunt.
837 239 1080 278 Confirmant
1122 237 1693 287 Iz'a—InAngliapostobitum
1708 234 2070 286 s.Eduardi(1066)

125 300 164 337 id
180 300 266 336 tum
283 295 493 333 relationes
513 295 714 332 interRR.
730 294 943 331 Pontifices
966 294 1005 329 et
1023 303 1081 329 ee·
1121 292 1168 329 de
1195 303 1317 340 regno
1346 293 1542 328 certatum
1571 292 1632 327 est
1659 290 1761 326 inter
1787 287 2004 326 Haraldum
2033 293 2073 326 et

126 349 284 389 clesiam
301 349 491 385 Graecam
515 347 730 390 institutae,
747 349 828 382 tum
846 346 923 382 alia
942 356 1076 382 monu-

128 405 274 441 menta.
306 403 420 438 Anno
451 400 551 438 1071
574 399 799 437 Alexander
818 398 888 445 l’p.
916 398 951 434 11
973 398 1077 434 Con-

128 453 423 502 stantinopolim
462 453 510 490 ad
539 452 817 500 imperatorem
847 449 1079 486 Michaelem

131 509 281 546 Ducam
305 506 454 555 legavit
475 506 638 542 Petrum
658 503 880 551 episcopum
901 501 1081 549 Anagni-

131 571 238 603 num,
257 559 322 607 qui
344 570 420 596 uuo
440 569 542 594 anno
563 555 801 605 apocrisiarii
821 565 983 591 munere
1004 553 1082 590 illic

130 613 288 651 functus
308 614 379 648 est.
406 611 514 647 Idem
543 609 756 657 imperator
785 619 870 644 cum
893 605 1082 654 Gregorio

132 665 203 714 Pp.
240 664 315 701 vll
345 663 426 711 egit
453 663 500 699 de
530 659 830 709 comprimendis
865 659 1082 696 Turcarum

133 716 490 766 progressionibus,
510 714 650 761 hicque
678 711 862 750 Pontifex
889 723 951 748 an.
984 710 1084 747 1078

134 769 399 818 Nicephorum
434 766 682 804 Botaniatem
711 763 1084 808 excommunicavit,

135 823 238 870 quod
258 821 407 858 deiecto
427 818 622 857 Michaele
636 846 646 863 ,
675 817 881 865 imperium
912 826 1084 863 usurpa-

130 872 469 912 verat.Paschalis
484 872 554 920 Pp.
567 870 603 906 II
629 870 677 907 ad
706 869 982 917 imperatorem
999 868 1084 905 Ale-

130 927 241 965 xium
268 926 511 964 Comnenum
540 921 994 971 legavit-Grosolanum-
1015 931 1084 957 ar-

133 979 424 1028 chiepiscopum
452 975 785 1014 Mediolanensem
806 1003 815 1019 ,
846 976 890 1011 ut
919 985 984 1010 eos
1019 973 1084 1021 qui

133 1031 335 1070 schismati
352 1029 631 1073 adhaerebant,
647 1028 696 1064 ab
712 1037 756 1064 eo
774 1027 991 1071 reduceret,
1007 1037 1088 1062 cae-

137 1087 245 1122 teros
273 1084 311 1120 in
332 1082 428 1120 Fide
458 1084 499 1118 et
527 1080 678 1118 unitate
707 1080 936 1116 contineret.
957 1079 1088 1116 Etiam

1132 344 1386 381 iuiliclmum.
1406 342 1630 380 Alexander
1649 342 1718 391 Pp.
1740 341 1777 378 II
1796 341 1868 378 hac
1886 340 1925 377 in
1946 351 1989 377 re
2008 340 2072 377 in-

1122 396 1373 445 terpellatus,
1393 407 1464 444 pro
1484 394 1709 440 Guilielmo,
1731 404 1845 442 quem
1865 405 1894 430 s.
1915 392 2072 430 Eduar-

1124 449 1194 485 dus
1219 448 1427 485 haeredem
1455 459 1569 485 suum
1598 447 1844 492 instituerat,
1864 445 2073 494 respondit.

1125 501 1297 538 Haraldo
1316 500 1429 538 brevi
1449 502 1536 547 post
1554 500 1592 536 in
1614 498 1759 548 praelio
1774 510 1901 544 caeso,
1917 497 2074 535 Guiliel·

1125 565 1229 598 mus,
1249 554 1298 590 ab
1317 552 1487 589 Aldredo
1508 552 1798 600 archiepiscopo
1818 550 2052 588 Ebot-acensi
2066 579 2076 598 ,

1125 606 1225 654 quod
1241 605 1456 653 Stigandus
1471 604 1766 642 Cantuariensis
1782 615 1806 641 a
1820 604 1868 642 R.
1885 602 2076 641 Pontifice

1126 660 1229 696 esset
1248 657 1610 695 excommunicatus
1630 659 1669 694 et
1690 656 1898 705 depositus,
1919 667 2077 694 corona·

1125 713 1189 749 tus
1208 710 1298 757 fuit,
1313 709 1574 759 regnavitque
1595 721 1715 758 usque
1735 710 1784 746 ad
1804 720 1867 747 an.
1887 709 1999 746 1087.
2016 708 2077 746 Ad

1126 764 1211 801 eius
1226 773 1357 810 preces
1368 761 1593 800 Alexander
1610 762 1681 810 Pp.
1702 761 1742 798 in
1764 761 1946 810 Angliam
1966 761 2077 811 lega-

1128 816 1187 853 vit
1215 814 1545 853 Hermenfredum
1574 814 1690 862 episc.
1716 813 1984 852 Sedunensem
2012 815 2078 851 at-

1128 880 1204 917 que
1234 868 1423 905 Ioannem
1462 869 1503 904 et
1532 868 1695 904 Petrum
1728 866 1946 904 cardinales
1975 878 2077 916 pres-

1128 922 1347 969 byteros,ut
1362 919 1618 957 ecclesiarum
1632 920 1778 956 statum
1790 920 2077 966 componerent.

1129 974 1180 1011 Hi
1196 985 1258 1011 an.
1275 973 1375 1010 1070
1390 972 1583 1021 synodum
1599 972 1821 1009 habuerunt
1835 971 2079 1018 Wintoniae,

1128 1027 1167 1064 in
1189 1038 1266 1075 qua
1294 1025 1518 1074 stigandus,
1549 1024 1614 1073 qui
1641 1024 1888 1072 episcopatus
1917 1024 2079 1062 Winto-

1130 1081 1304 1117 niensem
1340 1081 1380 1116 et
1413 1077 1732 1115 Cantuariensem
1766 1076 1882 1113 simul
1910 1088 2080 1125 occupa-

136 1135 456 1185 Theophylactus
468 1133 784 1181 archiepiscopus
795 1130 1090 1180 Bulga1¹iae,qui
1130 1134 1210 1177 bat,
1231 1134 1272 1169 et
1292 1131 1544 1180 posteriorem
1558 1159 1568 1178 ,
1584 1130 1743 1167 vivente
1761 1128 1888 1166 adhuc
1908 1129 2081 1166 Roberto

142 1190 212 1228 sub
232 1187 425 1230 Michaele
445 1187 554 1224 Duca
574 1186 735 1233 eiusque
754 1185 794 1222 in
816 1184 978 1233 imperio
998 1195 1088 1221 suc-

135 1241 349 1280 cessoribus
368 1238 516 1285 floruit,
537 1239 577 1275 in
597 1238 710 1284 libro,
730 1249 845 1286 quem
866 1237 1023 1285 scripsit
1043 1237 1089 1273 de

136 1294 332 1333 erroribus
343 1292 589 1337 Latinorum,
606 1290 787 1339 quamvis
808 1292 960 1328 asserat
972 1289 1087 1327 Lati-

137 1359 209 1386 nos
228 1347 275 1384 de
297 1345 541 1395 processione
561 1343 730 1392 Spiritus
746 1342 784 1380 S.
802 1345 841 1380 et
860 1343 1089 1391 quibusdam

135 1400 222 1438 aliis
243 1410 318 1436 non
332 1391 445 1435 recte
465 1396 611 1435 sentire
624 1426 633 1442 ,
653 1407 790 1433 eorum
818 1398 949 1433 tamen
963 1425 972 1442 ,
993 1407 1090 1443 quos

137 1453 271 1502 putat,
291 1461 443 1488 errores
464 1461 540 1487 non
559 1449 659 1487 tales
678 1460 762 1486 esse
782 1449 936 1495 scribit,
956 1448 1022 1495 qui
1043 1447 1091 1485 ad

134 1504 368 1543 scindendas
395 1502 580 1540 ecclesias
609 1501 687 1538 sint
715 1501 863 1547 idonei,
884 1501 985 1549 quod
1014 1512 1089 1536 non

137 1558 185 1596 ad
205 1558 328 1606 ipsum
341 1556 451 1593 Fidei
472 1556 591 1604 caput
604 1553 858 1602 pertinerent.
871 1554 1016 1591 Postea
1031 1564 1093 1590 ve-

137 1622 204 1656 ro,
223 1613 267 1647 ut
294 1608 536 1653 videbimus,
556 1607 724 1644 schisma
752 1607 855 1644 inter
884 1607 1092 1653 utramque

137 1661 356 1701 Ecclesiam
377 1665 698 1698 consummatum
714 1661 774 1696 est
791 1659 816 1697 ¹.

191 1715 340 1753 Verum
355 1725 430 1762 quo
443 1713 568 1761 magis
583 1712 724 1749 Graeci
741 1712 789 1749 ab
805 1711 1094 1749 ecclesiasticae

139 1768 301 1806 unitatis
329 1768 485 1812 centro,
506 1767 546 1802 et
568 1764 813 1813 Apostolicae
840 1763 953 1802 Sedis
976 1764 1092 1801 obse-

139 1821 229 1870 quio
244 1819 509 1863 discedebant,
523 1819 635 1855 tanto
655 1817 781 1866 magis
800 1828 932 1854 eorum
949 1828 1011 1853 res
1026 1816 1095 1853 de-

139 1873 333 1924 peribant.
351 1871 498 1909 Eorum
514 1869 675 1918 imperio
690 1870 729 1906 in
745 1869 860 1907 Italia
874 1869 994 1907 finem
1009 1881 1095 1906 con·

139 1927 358 1964 stituerunt,
378 1923 618 1969 Normanni3
638 1922 677 1959 in
698 1923 858 1959 Oriente
886 1922 981 1959 illud
1009 1925 1093 1959 tum

139 1980 314 2028 ipsorum
330 1977 572 2014 Graecorum
589 1975 989 2013 dissensionibustum
1001 1975 1096 2011 Tur-

142 2043 280 2069 carum
315 2028 779 2066 Scheldschukjdensium
811 2027 1095 2076 progressioni-

141 2085 213 2122 bus
230 2081 594 2121 declinabat.Erant
605 2080 1097 2130 Tu1¹cae,inq11itZonaras,

143 2148 238 2186 gens
269 2134 464 2180 Hunnica,
493 2133 793 2182 populosissima
813 2136 851 2170 et
871 2133 1012 2179 libera,
1031 2144 1096 2170 se-

145 2187 407 2238 ptentrionale
421 2186 698 2224 Caucasiorum
715 2186 907 2223 montium
923 2186 1025 2222 latus
1040 2197 1097 2222 ac-

148 2241 289 2279 colcns.
312 2239 375 2278 Illi
401 2239 579 2276 dissidiis·
597 2237 789 2286 bellisque
814 2238 1017 2276 califarum
1040 2240 1096 2275 A-

144 2294 283 2331 rabum
309 2292 368 2329 usi
385 2294 476 2329 sunt
496 2292 544 2328 ad
573 2291 836 2328 invadendum
858 2302 992 2327 eorum
1019 2291 1096 2327 im-

147 2346 321 2395 perium3
342 2348 432 2382 ante
453 2344 656 2381 dimidium
676 2344 794 2381 huius
812 2343 957 2382 saeculi
974 2343 1099 2380 Persi-

147 2400 236 2435 dem
257 2398 327 2434 sibi
360 2397 602 2444 subegerunt
629 2399 669 2433 et
697 2396 834 2433 ducem
863 2407 977 2433 suum
999 2396 1099 2433 Tan-

148 2450 375 2499 grolipicem
396 2461 462 2486 seu
489 2449 778 2497 Togulbrecum
809 2453 992 2486 crearunt
1019 2449 1099 2485 sul-

150 2509 308 2548 tanum,
330 2513 428 2550 quae
448 2513 524 2538 vox
545 2501 702 2538 Persice
723 2513 858 2550 regyem
877 2512 1022 2549 reglum
1043 2513 1097 2538 so-

148 2559 228 2594 nat.
242 2556 353 2592 Anno
371 2553 471 2591 1055
496 2554 898 2602 Bagdadum,regiam
919 2553 1098 2591 califatus

135 2606 305 2646 'Arabici
321 2607 467 2651 urbem,
488 2608 687 2654 ceperunt,
701 2610 740 2643 et
761 2618 871 2643 arma
892 2618 963 2644 sua
983 2606 1097 2654 longe

149 2661 306 2708 lateque
323 2658 576 2707 proferentes,
593 2659 728 2696 califas
744 2671 861 2696 unum
879 2662 963 2707 post
979 2659 1098 2696 alium

147 2714 408 2761 subegerunt,
436 2711 641 2759 imperium
660 2712 973 2748 mahometanum
990 2711 1098 2760 (nam

1130 1185 1304 1234 legitimo
1323 1184 1625 1232 archiepiscopo,
1640 1183 1840 1220 invaserat
1859 1183 1936 1219 eta
1950 1182 2080 1218 Bene-

1133 1240 1236 1276 dicto
1256 1239 1294 1276 X
1310 1236 1497 1285 antipapa
1516 1235 1680 1286 pallium
1700 1236 1946 1283 susceperat,
1966 1245 2083 1271 exau-

1133 1292 1307 1329 ctoratus
1328 1289 1723 1338 fuit.Depositietiam
1743 1289 1835 1324 sunt
1850 1287 2083 1336 Agelmarus

1134 1344 1248 1393 episc.
1279 1342 1509 1392 Estangliae
1538 1343 1579 1379 et
1607 1340 1782 1379 nonnulli
1810 1341 1969 1386 abbates
1997 1340 2082 1376 tum

1133 1399 1293 1446 propter
1312 1397 1549 1444 pravitatem
1564 1394 1670 1432 vitae
1689 1396 1776 1431 tum
1797 1395 1954 1442 propter
1973 1392 2082 1430 insci·

1133 1451 1230 1488 tiam
1259 1449 1467 1486 ministerii
1497 1446 1751 1485 ecclesiastici
1783 1444 1807 1485 ¹.
1841 1445 1968 1483 Paulo
1997 1446 2084 1494 post

1136 1502 1432 1540 Hermenfridus
1450 1501 1628 1550 legatus,
1648 1500 1795 1537 Ioanne
1815 1500 1855 1536 et
1874 1499 1994 1535 Petro
2010 1499 2087 1535 Ro-

1133 1567 1237 1593 mam
1257 1554 1436 1601 reversis,
1452 1553 1650 1603 praesedit
1669 1551 1820 1601 synodo
1835 1551 2083 1588 Windlesho-

1135 1608 1257 1655 rensi,
1277 1608 1317 1645 in
1337 1619 1414 1655 qua
1432 1606 1617 1656 Algerius
1646 1605 1847 1654 episcopus
1866 1603 2085 1641 Sudsaxiae

1135 1662 1344 1711 pluresque
1364 1660 1523 1697 abbates
1543 1657 1706 1707 depositi
1726 1657 1889 1694 fuerunt
1906 1654 1933 1694 ².

1172 1715 1216 1752 In
1227 1714 1356 1751 locum
1368 1724 1462 1750 vero
1472 1709 1909 1760 Stigandi,Guilielmus
1923 1707 2085 1757 rex,'qui

1138 1766 1254 1805 simul
1273 1767 1360 1804 erat
1379 1766 1458 1803 dux
1477 1763 1760 1809 Normanniae,
1775 1762 1824 1799 ad
1843 1762 1971 1799 sedem
1991 1762 2088 1799 Can-

1138 1820 1380 1858 tuariensem
1400 1830 1421 1855 e
1440 1816 1685 1856 Normannia
1711 1814 1868 1852 vocavit
1886 1813 2085 1852 Lanfran-

1138 1884 1227 1911 cum
1243 1873 1439 1918 abbatem,
1452 1871 1585 1908 virum
1605 1869 1710 1918 pium
1726 1879 1771 1905 ac
1790 1867 2002 1913 eruditum,
2021 1866 2085 1916 qui

1141 1938 1214 1963 non
1234 1925 1308 1962 nisi
1328 1925 1376 1962 ab
1396 1923 1605 1973 apostolico
1623 1922 1754 1970 legato
1780 1922 1936 1958 coaetus
1955 1931 2087 1958 assen-

1138 1979 1201 2025 sit,
1221 1980 1261 2016 et
1279 1978 1339 2014 1v⁰
1361 1977 1543 2014 calendas
1563 1973 1796 2024 septembris
1818 1973 1918 2010 1070
1938 1984 2087 2011 summo

1139 2031 1312 2069 omnium
1332 2041 1519 2067 consensu
1540 2028 1793 2065 consecratus
1812 2028 1882 2063 est.
1900 2026 2014 2063 Anno
2033 2037 2087 2062 se-

1140 2086 1282 2132 quente
1311 2082 1555 2120 Lanfrancus
1582 2083 1622 2118 et
1641 2080 1812 2117 Thomas
1831 2077 2089 2116 Eboracensis

1141 2139 1307 2175 Romam
1329 2135 1506 2184 profecti,
1527 2135 1575 2171 ab
1595 2132 1822 2171 Alexandro
1838 2130 1910 2179 Pp.
1925 2131 2088 2180 pallium

1141 2192 1390 2238 acceperunt.
1408 2188 1535 2230 Quum
1550 2198 1642 2224 vero
1664 2186 1997 2232 inter-utrumque
2017 2194 2088 2220 ar-

1140 2242 1421 2291 chiepiscopum
1439 2242 1525 2278 orta
1540 2240 1642 2278 esset
1656 2236 1922 2276 controversia
1941 2237 1988 2273 de
2007 2235 2088 2284 pri-

1140 2298 1247 2333 matu
1268 2295 1306 2332 in
1323 2294 1481 2343 Anglia,
1497 2292 1670 2342 synodus
1684 2290 1899 2338 Anglicana
1915 2301 1975 2326 an.
1987 2287 2089 2324 1072

1140 2349 1210 2385 sub
1230 2347 1410 2384 Huberto
1425 2345 1669 2395 Apostolicae
1690 2343 1805 2380 Sedis
1825 2342 1953 2390 legato
1975 2353 1995 2378 e
2017 2352 2088 2377 ve-

1140 2401 1255 2438 tustis
1283 2400 1538 2437 ecclesiarum
1560 2397 1729 2446 Angliae
1758 2393 2018 2432 monumentis
2047 2393 2087 2429 et

1141 2454 1227 2491 RR.
1247 2452 1484 2490 Pontificum
1504 2450 1702 2498 rescriptis
1723 2448 1933 2497 primatum
1955 2444 2093 2482 confir-

1142 2506 1265 2543 mavit
1284 2505 1468 2542 ecclesiae
1490 2500 1761 2541 Cantuariensi
1781 2498 1807 2537 ³.

1195 2559 1291 2595 Erat
1310 2562 1442 2596 autem
1464 2555 1665 2604 disciplina
1686 2551 1946 2590 ecclesiastica
1961 2550 1999 2587 in
2017 2549 2091 2587 cle-

1143 2623 1199 2658 ro,
1218 2611 1258 2647 in
1287 2610 1484 2648 monachis
1514 2612 1554 2646 et
1582 2609 1622 2645 in
1651 2605 1794 2655 populo
1823 2604 2005 2652 collapsa,
2026 2602 2091 2639 cui

1143 2664 1404 2701 restituendae
1433 2667 1471 2701 et
1501 2659 1740 2709 corrigendis
1769 2656 1954 2694 abusibus
1983 2656 2090 2692 Lan-

1144 2719 1300 2754 francus
1326 2729 1446 2765 usque
1475 2716 1522 2753 ad
1553 2726 1614 2751 an.
1638 2711 1752 2758 1089,
1772 2721 1847 2758 quo
1868 2708 1976 2755 obiit,
1996 2719 2093 2745 con-

148 2769 188 2803 et
206 2766 360 2802 Turcae
386 2763 504 2800 Islam
525 2775 593 2800 seu
622 2764 920 2801 mahometicam
946 2763 1098 2812 religio·
1142 2773 1292 2808 stanter
1311 2768 1566 2806 adlaboravit,

152 2830 242 2855 nem
271 2816 544 2863 sectabantur)
565 2815 613 2852 ad
640 2827 825 2863 magnum
845 2817 993 2864 gloriae
1014 2817 1098 2864 api-

1197 2823 1241 2859 In
1262 2822 1388 2859 Gallia
1409 2821 1577 2858 Henrico
1599 2817 1682 2866 regi
1702 2828 1763 2853 an.
1787 2814 1888 2852 1060
1908 2813 2096 2852 successit

150 2882 233 2908 cem
260 2871 506 2928 ΘΎΘΧΘΓΗΠΠ
527 2868 687 2905 GffiOCiS
706 2869 746 2904 in
771 2869 974 2927 Assfflessia,
995 2869 1098 2917 Cap·
1146 2875 1362 2923 Philippus,
1391 2873 1497 2910 filius
1526 2872 1608 2908 eius
1638 2868 1847 2918 septennis,
1867 2868 1939 2904 sub
1968 2865 2095 2904 tutela

151 2923 316 2982 1’3d00{‘51
335 2951 344 2968 ³
371 2921 498 2980 Pon-10
526 2920 629 2980 Pella
657 2923 931 2958 CPUGHUSSDD&
957 2922 1101 2958 inlUlO·
1146 2926 1328 2965 Balduini
1348 2926 1502 2962 comitis
1522 2923 1747 2962 Flandriae.
1764 2920 1978 2958 Balduinus
1994 2920 2095 2956 tuto-

151 2978 260 3022 runt‚
281 2985 405 3022 nsque
425 2977 571 3020 eiectis,
591 2973 793 3022 plerasque
813 2974 928 3011 Asiae
944 2974 1098 3022 provin·
1145 2981 1198 3017 1213
1226 2982 1355 3027 partes
1385 2976 1634 3027 integerrimo
1664 2969 1799 3021 obivit}
1819 2973 1885 3011 sed
1905 2984 1969 3010 an.
1992 2971 2095 3009 1067

152 3029 232 3066 cias
252 3031 504 3075 occuparunt.
1148 3036 1437 3099 m„

1187 3100 1290 3132 ²1biu.
1308 3100 1439 3140 [116103.

194 3150 205 3171 ¹
221 3151 319 3182 Natal.
339 3148 485 3182 Alexand.
501 3147 580 3180 Htst.
599 3147 673 3180 eccl.
686 3155 768 3178 saec.
786 3147 835 3184 xi,
851 3155 875 3177 c.
894 3147 938 3183 iv,
956 3155 981 3177 a.
999 3146 1025 3178 3.
1188 3135 1291 3173 ³1bid.
1309 3152 1337 3181 p.
1357 3141 1443 3172 1211.
