2241 3473
718 187 856 217 VSQVE
879 184 933 213 AD
957 183 1242 212 PRAESENTEM
1266 178 1471 208 AETATEM

108 260 347 297 clarationes
375 263 411 294 et
443 257 760 305 protestationes,
780 256 952 303 ipsorum
979 253 1052 288 vir-

110 319 190 350 tute
217 312 343 360 gradu
373 322 419 348 ac
447 311 639 358 religione
666 310 803 357 dignas
821 338 829 353 ,
857 313 965 344 ratas
991 307 1055 343 ha-

110 367 259 409 bemus,
278 377 422 413 easque
442 365 691 413 Apostolicae
711 363 958 400 auctoritatis
978 362 1054 410 ple-

110 420 283 456 nitudine
311 420 590 456 confirmamus
615 433 646 453 ».

158 474 199 510 In
227 474 297 509 hoc
325 473 557 516 luctamine,
586 483 659 520 quo
687 473 744 507 vis
772 471 969 519 perimere
998 472 1056 507 ius

110 528 268 575 sategit,
296 527 332 562 id
358 528 502 563 effectu
529 527 829 573 comprobatum
857 530 938 567 est,
958 524 1055 573 quod

113 582 214 618 alias
239 581 506 618 saevientibus
534 580 570 615 in
598 580 834 615 christianos
865 579 1056 621 ethnicis,

111 635 290 672 omnibus
316 635 441 671 visum
474 639 533 671 est
561 634 804 682 permirum;
837 633 1057 669 constantia

111 694 153 726 et
172 689 362 737 patientia
378 693 610 724 vexatorum
622 688 939 735 persequentium
957 688 1054 722 iram

113 743 369 790 impotentem
396 743 630 778 effecerunt.
662 741 912 786 Imperatoris
939 740 1057 776 admi-

113 796 226 832 nistri
254 800 294 832 et
321 796 475 843 publica
501 795 674 832 Consilia
700 794 792 830 nihil
819 795 1056 830 intentatum

116 850 378 897 reliquerunt,
397 855 440 886 ut
467 850 614 896 legibus
633 848 811 885 nefandis
829 849 1057 896 Episcopos,

112 908 320 951 utrumque
347 904 527 945 Clerum,
563 906 793 949 ceterosque
825 902 1058 946 catholicos,

114 967 276 1003 quorum
303 957 452 993 centies
479 962 646 993 centena
666 956 788 991 millia
807 956 972 992 circiter
990 959 1000 980 1
1022 957 1057 991 in

118 1010 331 1047 Borussiae
359 1022 483 1057 regno
511 1010 548 1046 in
568 1021 759 1058 praesens
788 1014 1057 1051 numerantur,

117 1064 166 1101 ad
201 1062 341 1101 incitas
375 1066 668 1112 redigerentur.
686 1064 866 1100 Potestas
881 1063 1061 1100 coerciti—

115 1118 372 1162 va,divinitus
388 1119 530 1155 collata
550 1119 766 1166 Episcopis,
786 1123 829 1154 ut
847 1119 984 1165 poenis
1000 1129 1062 1153 ca-

116 1172 266 1209 nonicis
292 1174 442 1220 possint
468 1173 627 1208 afficere
655 1183 743 1208 reos
788 1183 836 1208 ex
863 1183 934 1207 sua
960 1171 1060 1207 dioe-

117 1225 222 1268 cesi,
257 1226 412 1262 abiecta
445 1230 533 1267 est;
568 1237 774 1261 sacrorum
812 1225 1061 1261 Antistitibus

117 1279 322 1316 Miecislao
333 1279 616 1317 Ledochowski
628 1279 846 1315 Gnesnensi
865 1283 905 1315 et
916 1278 1059 1315 Posna-

117 1332 258 1376 niensi,
286 1344 331 1368 ac
347 1333 528 1370 Conrado
556 1333 705 1368 Martin
733 1332 1062 1375 Paderbornensi,

121 1387 160 1422 in
186 1386 401 1422 custodiam
430 1387 583 1423 traditis
609 1387 819 1430 indicitur,
848 1391 890 1422 ut
917 1387 1065 1433 episco-

119 1440 228 1486 patui
265 1441 510 1483 renuntient,
536 1440 717 1487 idemque
745 1440 951 1476 factitatur
979 1451 1065 1476 cum

119 1494 233 1531 exule
273 1494 496 1530 Coloniensi
535 1494 771 1541 archiepisc.
812 1493 934 1529 Paulo
970 1494 1067 1529 Mel-

119 1547 248 1590 chers,
265 1553 305 1583 et
323 1548 519 1595 Episcopo
539 1548 783 1592 Trevirensi;
800 1547 867 1584 sed
891 1548 965 1583 illis
985 1548 1066 1583 iure

119 1602 398 1644 abnuentibus,
424 1602 463 1636 in
483 1612 551 1638 eos
570 1602 766 1637 sententia
794 1601 874 1637 lata
900 1606 972 1645 est,
994 1613 1069 1649 qua

120 1656 169 1691 ab
187 1656 403 1703 episcopali
423 1667 560 1692 eorum
577 1655 677 1691 Sede
693 1660 731 1691 et
749 1655 984 1692 auctoritate
1001 1668 1069 1703 per

122 1720 317 1745 summam
340 1710 523 1746 iniuriam
559 1709 701 1745 deiecti
735 1709 1067 1753 declarabantur;

123 1763 317 1810 neglectis
332 1763 390 1800 his
407 1792 415 1806 ‚
443 1774 542 1811 quae
562 1764 600 1798 in
620 1763 733 1798 Bulla
751 1763 810 1799 De
828 1763 957 1799 salute
985 1763 1070 1799 ani-

124 1829 280 1854 marum
299 1818 511 1854 constituta
536 1819 720 1860 fuerant,
756 1829 932 1864 quaeque
960 1818 1069 1864 regio

124 1871 285 1909 decreto
296 1872 467 1908 admissa
479 1876 517 1908 et
534 1872 580 1907 ad
598 1872 745 1908 exitum
758 1871 926 1907 adducta
940 1875 1069 1914 erant,

124 1930 312 1962 statutum
328 1932 388 1963 est
402 1926 552 1962 differri
567 1937 704 1962 omnes
719 1925 882 1968 reditus,
899 1937 993 1973 quos
1009 1926 1069 1961 vel

125 1980 341 2023 aerarium,
361 1979 423 2016 vel
444 1979 617 2016 thesauri
644 1980 708 2027 qui
729 1980 767 2014 in
788 1980 911 2015 tutela
937 1980 1071 2016 Status

125 2037 234 2077 sunt,
269 2033 500 2080 Episcopis,
538 2034 758 2080 ceterisque
793 2045 814 2069 e
847 2034 963 2070 Clero
998 2034 1071 2081 piis

125 2087 317 2123 Institutis
336 2088 490 2123 solvere
511 2088 755 2123 tenebantur.
770 2087 1072 2135 Accessit,quod

126 2140 172 2177 iis
199 2142 262 2189 qui
289 2142 444 2189 publica
471 2142 713 2178 exercebant
730 2142 872 2184 officia,
894 2142 988 2177 talia
1014 2153 1071 2178 se-

126 2203 236 2232 creta
252 2195 400 2231 monita
415 2195 541 2242 quoad
557 2195 849 2231 ecclesiasticos
875 2195 981 2230 viros
997 2200 1075 2230 tra-

126 2248 209 2285 dita
234 2253 337 2292 sunt,
370 2255 414 2285 ut
443 2248 639 2284 delatores
666 2249 738 2284 sibi
766 2248 813 2284 ad
840 2248 1070 2284 imitandum

127 2302 490 2349 proposuerint‚qui
506 2303 544 2337 in
560 2303 703 2348 Anglia
717 2302 787 2338 sub
799 2302 970 2338 Heni-ico
987 2303 1074 2338 VIII

129 2360 169 2392 et
195 2356 423 2392 Elisabetha
442 2357 612 2392 fuerunt.
635 2357 783 2392 Omnes
799 2356 1074 2402 religiosorum

130 2409 322 2445 sodalium
342 2409 523 2452 Ordines,
549 2410 695 2446 Puellis
721 2410 936 2447 Charitatis
964 2411 1074 2446 mini-

128 2474 191 2500 me
222 2463 413 2510 exceptis,
437 2464 486 2499 ab
515 2464 701 2500 universa
716 2464 902 2499 Borussia
925 2464 1073 2511 expulsi

132 2522 236 2560 sunt,
252 2517 371 2552 immo
387 2516 730 2553 animadversione
750 2528 796 2553 ac
815 2518 952 2564 poenis
971 2517 1077 2564 digni

132 2571 256 2607 habiti
282 2576 373 2607 sunt
398 2582 535 2607 omnes
549 2571 800 2615 Sacerdotes,
817 2572 877 2618 qui
893 2572 955 2607 vel
984 2572 1078 2606 Mis-

131 2636 216 2661 sam
248 2636 381 2661 coram
410 2624 584 2672 pluribus
610 2625 876 2668 celebrarunt,
896 2626 960 2661 vel
978 2625 1078 2661 chri-

130 2678 320 2715 stifideles
363 2678 411 2714 ad
453 2679 783 2715 sacramentalem
835 2678 1078 2716 admiserunt

129 2732 440 2769 Confessionem.

176 2786 423 2833 Quamquam
440 2797 536 2822 vero
554 2796 602 2822 ea
621 2785 829 2833 tyrannide
845 2786 990 2823 Christi
1006 2787 1078 2823 Ec-

131 2840 252 2877 clesia
262 2840 571 2887 opprimeretur,
586 2839 690 2875 Deus
706 2840 768 2886 qui
784 2840 935 2876 solatur
954 2841 1078 2887 Spon-

131 2905 217 2930 sam
242 2904 354 2929 suam
388 2893 426 2927 in
452 2894 558 2928 omni
593 2893 845 2929 tribulatione
866 2922 874 2937 ,
911 2905 985 2929 non
1013 2894 1076 2930 de-

134 2947 232 2984 stitit
259 2947 344 2983 eius
372 2946 547 2982 mulcere
574 2946 729 2983 dolores
755 2952 795 2983 et
820 2959 930 2994 spem
951 2948 1076 2984 redin-

133 3005 309 3048 tegrare.
347 3000 461 3035 Multi
495 3011 516 3036 e
549 3001 851 3047 protestantium
885 3013 1074 3046 numero,

131 3055 197 3092 vel
223 3065 355 3097 censu,
376 3054 440 3090 vel
459 3053 653 3098 doctrina,
671 3054 731 3090 vel
765 3055 891 3091 officio
923 3056 1076 3103 publico

178 3170 189 3192 1
217 3169 378 3202 Numerus
405 3167 614 3207 10,000,000
640 3172 764 3201 sumtus
790 3173 838 3201 est
866 3170 903 3201 ab
928 3171 1074 3203 oratione

133 3223 228 3257 quam
264 3215 378 3247 Petrus
414 3212 666 3256 Reichensperg,
693 3214 848 3254 Berolini,
877 3216 908 3247 in
933 3215 1075 3257 publicis

133 3260 289 3294 Consiliis
314 3259 533 3304 (Landstaq)
560 3260 696 3295 habebat
720 3260 771 3294 die
799 3261 835 3294 11
866 3261 946 3294 iunii
973 3261 1071 3297 1883.

1917 159 1996 200 389

1105 251 1296 291 illustres,
1323 245 1524 284 erroribus
1550 241 1714 280 eiuratis
1731 269 1740 285 ,
1767 239 1883 275 fidem
1914 238 2048 274 catho-

1106 305 1223 340 licam
1252 300 1417 349 professi
1445 301 1547 336 sunt.
1570 295 1773 344 Episcopis
1798 305 1822 330 a
1847 292 1926 329 suis
1952 292 2050 328 sedi-

1107 359 1174 394 bus
1199 356 1352 398 eiectis,
1375 352 1565 390 Parochis
1592 362 1616 387 a
1642 348 1839 397 paroeciis
1865 347 2046 384 exturba-

1107 413 1167 456 tis,
1195 411 1268 446 viri
1295 408 1461 458 patricia
1489 405 1712 447 nobilitate,
1738 402 1904 446 divites,
1932 411 2049 448 popu-

1106 468 1210 503 lares
1235 465 1322 512 ipsi‚
1341 463 1474 506 aedes,
1492 461 1644 503 domos,
1664 457 1843 494 cubicula
1862 456 2051 504 praebue-

1109 525 1211 563 runt,
1231 519 1412 565 omnique
1439 514 1701 553 subsidiorum
1729 523 1876 559 genere
1895 511 2054 547 adiuva-

1109 578 1213 611 runt.
1236 571 1440 617 Limburgi
1467 567 1693 606 sacerdotes
1712 577 1780 602 aes
1799 564 2053 602 collectitium

1109 628 1210 664 inter
1236 637 1323 663 sese
1351 627 1602 664 statuerunt,
1630 625 1673 657 ut
1707 619 1894 656 fratribus
1925 630 1949 655 a
1980 618 2055 654 Gu-

1110 681 1242 718 bernio
1269 678 1518 715 facultatibus
1549 675 1726 723 spoliatis
1756 676 2052 710 succurrerent.

1110 735 1262 771 Eximio
1289 731 1507 769 Gnesnensi
1527 735 1566 766 et
1592 726 2056 772 Posnaniensiarchiepi-

1109 800 1255 836 scopo,
1284 788 1323 823 in
1351 786 1433 834 ipso
1461 783 1637 821 Ostrovii
1675 793 1838 818 carcere
1875 781 2057 817 Romana

1111 843 1294 889 Purpura
1321 840 1502 881 adaucto,
1523 836 1707 873 catholici
1728 835 1937 871 Borussiae
1956 834 2058 871 datis

1111 896 1253 932 litteris
1285 892 1470 942 gratulati
1497 895 1600 928 sunt.
1636 890 1762 931 Quum
1792 894 1924 925 autem
1964 888 2056 924 Pius

1113 950 1183 997 Pp.
1211 949 1265 985 IX
1284 947 1571 994 octogesimum
1606 944 1767 980 tertium
1802 954 1825 979 a
1853 942 2059 979 nativitate

1112 1014 1185 1039 sua
1210 1000 1527 1039 anniversarium
1555 998 1657 1034 diem
1685 998 1931 1040 celebraret,
1970 996 2060 1032 duo-

1115 1057 1243 1092 decim
1271 1055 1391 1092 millia
1418 1053 1600 1090 catholici
1627 1051 1857 1099 germanici,
1885 1050 1956 1098 per
1982 1050 2060 1098 epi-

1114 1111 1256 1146 stolam
1284 1109 1332 1145 ad
1360 1108 1595 1144 Pontificem
1625 1105 1800 1148 missam,
1820 1104 1955 1140 testati
1972 1107 2062 1140 sunt

1114 1164 1318 1199 immotam
1351 1173 1463 1199 suam
1497 1160 1728 1196 fidelitatem
1767 1159 1805 1194 in
1839 1160 2061 1194 Romanam

1115 1218 1272 1253 Sedem.

1162 1271 1312 1307 Eadem
1339 1270 1525 1306 laudabili
1553 1270 1789 1312 constantia,
1809 1279 1896 1304 cum
1915 1279 2062 1304 sermo-

1118 1325 1229 1361 nibus
1255 1325 1294 1360 in
1321 1324 1489 1361 comitiis
1515 1327 1554 1359 et
1580 1322 1742 1370 publicis
1777 1322 1891 1369 regni
1921 1323 2066 1358 Borus-

1117 1379 1187 1414 sici
1213 1378 1420 1421 Consiliis,
1449 1382 1530 1413 tum
1558 1376 1716 1423 scriptis
1745 1387 1815 1423 per
1849 1375 2062 1412 catholicas

1118 1432 1406 1479 ephemerides,
1434 1429 1706 1467 christifideles
1733 1429 1938 1466 Ecclesiae
1965 1429 2066 1465 eius-

1122 1497 1195 1532 que
1224 1486 1498 1521 Ministrorurn
1526 1485 1749 1520 libertatem
1767 1483 1969 1519 vindicare
1988 1493 2067 1518 non

1121 1544 1289 1575 cessant.
1328 1538 1497 1574 Proinde
1531 1537 1743 1573 auxiliaria
1780 1548 1917 1573 eorum
1944 1547 2068 1584 opera

1120 1595 1177 1630 usi
1207 1593 1299 1629 Pius
1328 1593 1381 1628 IX
1409 1597 1449 1628 et
1475 1593 1554 1628 Leo
1581 1592 1670 1627 XIII
1699 1602 1781 1627 rem
1809 1602 1855 1627 eo
1875 1590 2068 1637 perduxe-

1123 1652 1227 1689 runt,
1244 1657 1319 1694 qua
1346 1646 1508 1682 lenitate
1525 1645 1744 1687 modorum,
1761 1655 1837 1691 qua
1862 1644 2067 1691 principio-

1122 1712 1206 1736 rum
1235 1701 1330 1736 iuris
1349 1700 1464 1735 firma
1478 1699 1769 1743 defensione‚ut
1789 1698 1907 1733 misso
1922 1698 2066 1734 iterum

1122 1755 1294 1791 an 1882
1316 1754 1363 1790 ad
1380 1755 1566 1790 Sanctam
1585 1753 1726 1789 Sedem
1747 1752 1975 1795 Oratorem,
1996 1752 2069 1787 Bo-

1124 1809 1276 1845 russiae
1314 1808 1555 1844 Gubernium
1594 1806 1828 1853 specialibus
1866 1805 2067 1848 decretis,

1123 1863 1260 1910 quibus
1287 1862 1439 1898 mederi
1465 1861 1618 1897 videtur
1638 1861 1834 1897 nonnullis
1852 1872 1899 1896 ex
1918 1859 2070 1895 damnis

1123 1916 1325 1952 Ecclesiae
1353 1915 1571 1951 catholicae
1597 1914 1675 1950 illis
1701 1914 1909 1950 ditionibus
1935 1913 2070 1957 illatis,

1122 1981 1231 2016 spem
1252 1972 1288 2005 in
1308 1970 1462 2005 animos
1489 1969 1649 2005 inducat
1678 1968 1880 2015 proximae
1915 1968 2072 2004 Statum

1124 2023 1226 2060 inter
1258 2029 1298 2060 et
1323 2023 1544 2059 Ecclesiam
1572 2022 1866 2070 pacificationis.

1168 2078 1210 2113 In
1238 2089 1360 2125 regno
1379 2077 1600 2120 Baoariae,
1620 2076 1667 2112 de
1685 2088 1759 2124 quo
1779 2076 1871 2112 alibi
1891 2076 2067 2113 breviter

1123 2131 1292 2167 diximus
1320 2134 1346 2174 1,
1365 2131 1465 2167 duae
1492 2135 1626 2178 partes
1657 2130 1830 2166 civitatis
1847 2141 1966 2177 supra
1992 2134 2068 2166 ter·

1126 2185 1232 2228 tiam,
1253 2196 1273 2221 e
1301 2185 1557 2232 quinquagies
1584 2187 1751 2220 centena
1777 2184 1917 2227 millia,
1939 2183 2069 2219 catho-

1128 2240 1241 2275 licam
1259 2240 1377 2276 fidem
1397 2241 1644 2287 profitentur.
1666 2239 1926 2286 Episcopatus
1945 2238 2071 2274 Bava-

1129 2293 1227 2330 rien.
1248 2304 1447 2341 nunquam
1467 2292 1614 2328 defecit
1631 2291 1849 2328 defensioni
1868 2291 2010 2327 iurium
2029 2294 2071 2327 et

1125 2348 1257 2394 legum
1285 2348 1372 2384 Iesu
1399 2347 1543 2384 Christi
1570 2346 1788 2382 Ecclesiae.
1817 2345 1946 2385 Quum
1973 2345 2070 2380 Affa-

1128 2401 1354 2437 trimoniam
1372 2401 1427 2437 sic
1453 2400 1598 2436 dictum
1620 2399 1732 2435 ciuile
1750 2399 1963 2435 Borussiae
1990 2398 2068 2435 iam

1126 2455 1316 2502 suffragia
1343 2457 1381 2490 in
1408 2455 1570 2502 publicis
1596 2453 1776 2490 Consiliis
1815 2452 1994 2495 tulisset,
2031 2455 2072 2488 et

1127 2509 1361 2555 gubernium
1389 2507 1590 2545 Monachii
1617 2507 1655 2542 in
1681 2517 1751 2542 suo
1778 2517 1900 2553 regno
1941 2506 2068 2553 ipsum

1127 2563 1376 2600 introducere
1410 2562 1600 2604 voluerit,
1625 2571 1830 2596 sacrorum
1862 2558 2072 2595 Antistites

1128 2616 1323 2653 Bavariae
1350 2628 1421 2665 pro
1455 2616 1604 2651 viribus
1630 2613 1883 2662 propositum¹
1910 2623 2072 2660 respue-

1129 2674 1233 2714 runt,
1245 2674 1284 2707 et
1298 2669 1590 2713 Concordatum
1611 2668 1737 2703 adhuc
1750 2667 1950 2713 vigentem
1968 2678 2070 2702 corn-

1129 2729 1413 2761 memorarunt.
1433 2724 1543 2758 Anno
1560 2722 1650 2758 1875
1666 2732 1800 2757 mense
1815 2720 1994 2756 ianuario
2013 2721 2072 2756 lit-

1130 2781 1235 2814 teras
1254 2778 1414 2814 Summo
1429 2775 1608 2811 Pontifici
1624 2774 1807 2822 Episcopi
1833 2785 1985 2821 quoque
2004 2774 2072 2809 mi-

1129 2836 1292 2874 serunt,
1322 2830 1459 2877 quibus
1493 2829 1726 2865 reiiciebant
1753 2827 1934 2875 quidquid
1969 2827 2072 2864 Can-

1129 2884 1319 2920 cellarius
1338 2883 1564 2920 Germanici
1593 2881 1747 2929 imperii
1775 2881 1906 2917 dolose
1933 2885 2073 2928 egerat

1129 2938 1167 2973 in
1190 2939 1318 2973 futuro
1338 2937 1533 2973 Conclave
1558 2938 1586 2979 2,
1604 2946 1794 2972 erroneas
1812 2935 2014 2971 doctrinas
2032 2939 2072 2972 et

1130 2991 1397 3027 cavillationes
1416 2990 1605 3026 adversus
1616 2990 1838 3025 Romanam
1858 2989 2000 3026 Sedem
2019 2989 2072 3025 di-

1128 3045 1294 3091 vulgans
1317 3055 1363 3080 ac
1380 3043 1654 3080 disseminans.
1672 3044 1754 3079 «Et
1771 3043 1872 3090 quia,
1897 3042 2073 3079 Praelati

1129 3099 1299 3142 aiebant,
1314 3098 1409 3135 satis
1435 3108 1511 3133 non
1531 3097 1603 3134 fuit
1619 3107 1756 3134 eorum
1774 3097 1952 3134 malitiae
1969 3097 2072 3145 prin-

1173 3212 1183 3233 ¹
1201 3214 1276 3253 Pag.
1295 3212 1372 3247 339.

1171 3259 1186 3281 2
1204 3259 1270 3292 Vid.
1288 3269 1320 3302 p.
1341 3258 1417 3292 388.
