2241 3473
235 127 310 165 164

183 202 465 242 mentariorum
487 199 631 249 placita
644 190 847 246 probabat,
868 196 932 233 sed
952 194 1068 232 facile
1085 193 1125 231 in

183 269 327 295 novam
346 254 587 302 religionem,
608 263 656 288 ex
678 250 738 287 his
758 252 795 286 et
813 260 863 287 ex
882 247 959 285 illis
979 247 1124 284 confia-

181 313 264 349 tam
285 308 572 347 consenserunt.
594 306 666 342 An.
692 302 791 340 1547
811 302 850 338 in
871 301 1037 338 comitiis
1057 312 1124 338 seu

183 365 290 402 curia
321 360 430 409 regia
457 370 527 395 sex
558 356 727 400 articuli,
746 355 819 393 sub
839 354 1009 392 Henrico
1029 353 1125 392 VIII

183 413 419 465 promulgati
459 413 594 447 contra
631 409 945 446 Lutheranorum
976 406 1126 444 doctri-

183 481 271 507 nam
293 467 319 513 1,
338 463 515 512 abrogati
533 464 637 510 sunt,
654 461 882 510 supplicium
898 471 1124 509 supremum

183 522 380 559 decretum
401 519 535 554 contra
555 529 631 562 eos,
648 515 713 564 qui
734 526 868 563 regem
883 513 1125 562 Anglicanae

183 572 367 613 ecclesiae
387 572 504 619 caput
536 581 618 607 esse
653 579 794 617 negare
803 570 862 615 nt3
883 567 1023 604 missae
1043 565 1125 615 pri-

182 630 297 664 vatae
329 623 560 662 interdictae
579 635 588 669 3
623 621 847 659 communio
869 621 938 658 sub
959 621 1126 668 utraque

183 679 309 729 specie
342 676 601 726 praescripta.
635 676 747 712 Anno
777 675 976 723 sequente,
997 673 1125 710 recla-

183 732 376 771 mantibus
413 729 553 767 multis
589 727 794 778 episcopis,
832 726 1126 765 matrimonium

184 785 332 824 clericis
355 794 579 821 concessum
614 785 683 820 est.
718 782 827 818 Tunc
855 780 972 818 etiam
994 791 1127 817 sacrae

183 837 369 887 reliquiae
390 839 430 873 et
448 836 637 884 imagines
655 865 663 879 ,
689 835 766 872 iam
788 847 810 872 a
831 834 1085 871 novatoribus
1107 845 1127 870 e

183 892 357 942 pluribus
377 889 550 927 ecclesiis
568 889 728 935 eiectae,
752 887 986 925 auctoritate
1007 886 1128 936 publi·

182 958 226 983 ca
245 945 420 982 sublatae
440 945 543 989 sunt3
563 942 722 990 liturgia
742 944 896 978 mutata
909 970 918 986 ,
939 952 1031 978 usus
1051 940 1128 977 lin-

182 1010 283 1048 guae
303 995 536 1035 vernaculae
556 996 594 1032 in
617 995 795 1032 omnibus
816 994 938 1032 sacris
955 993 1129 1031 functio—

185 1052 297 1090 nibus
325 1051 563 1099 imperatus3
586 1047 740 1087 Calvini
776 1048 955 1085 doctrina
988 1048 1034 1084 de
1056 1047 1130 1084 Eu-

181 1104 368 1142 charistia
388 1102 608 1152 proposita3
630 1101 782 1140 altaria
802 1101 840 1138 in
861 1112 1016 1139 mensas
1037 1112 1130 1138 con-

185 1170 310 1205 versa3
330 1157 519 1194 Extrema
538 1155 681 1192 Unctio
701 1158 740 1193 et
761 1154 1028 1201 Confirmatio,
1050 1166 1131 1203 pre-

186 1224 248 1249 ces
281 1222 349 1260 pro
383 1209 576 1247 defunctis
593 1238 600 1254 ,
635 1208 771 1246 Crucis
788 1208 900 1258 signa
920 1208 1130 1257 abrogata.

186 1265 262 1307 Qui
296 1266 427 1302 autem
448 1275 471 1300 a
491 1274 593 1299 nova
626 1262 818 1312 religione
851 1264 967 1299 erant
1001 1261 1131 1307 alieni,

187 1317 416 1367 magisterio
437 1316 474 1353 in
496 1316 635 1353 scholis
659 1317 699 1353 et
719 1315 936 1353 ministerio
963 1314 1073 1352 verbi
1093 1315 1132 1351 in

188 1371 359 1410 ecclesiis
380 1369 522 1418 privati
556 1372 670 1415 sunt,
695 1372 735 1406 et
753 1368 791 1405 in
809 1380 946 1406 eorum
966 1368 1051 1405 loca
1071 1369 1133 1404 in-

188 1425 290 1463 trusi
310 1422 674 1472 pseudo-doctores3
696 1422 758 1470 qui
781 1434 820 1460 se
841 1422 964 1459 eidem
985 1421 1137 1471 religio-

190 1480 228 1516 ni
250 1477 516 1526 opponebant,
537 1476 687 1513 carceri
707 1475 918 1524 mancipati
939 1477 1039 1512 sunt.
1060 1477 1133 1513 An.

190 1532 290 1570 1549
309 1543 331 1568 a
351 1530 491 1567 multis
512 1528 680 1574 rusticis,
697 1529 859 1575 civibus,
876 1530 916 1566 et
932 1529 1135 1573 nobilibus,

187 1585 353 1634 priorem
380 1582 580 1631 religionis
600 1585 745 1620 statum
766 1583 1021 1631 poscentibus,
1043 1582 1136 1619 sedi-

188 1639 244 1676 tio
262 1638 437 1675 excitata
451 1636 539 1682 fuit,
555 1636 620 1673 sed
638 1636 744 1673 brevi
763 1647 981 1685 suppressa.
1000 1636 1060 1674 Ita
1076 1648 1136 1673 no-

189 1704 239 1729 va
261 1691 401 1740 religio
421 1690 602 1727 omnibus
622 1689 782 1727 obtrusa
802 1694 860 1727 est
881 1687 906 1727 ².

242 1746 305 1783 32.
327 1745 447 1781 Fidei
461 1744 706 1792 propayatz‘o
728 1744 774 1781 in
793 1744 1000 1787 Amerz'ea,
1022 1743 1136 1791 Afri·

189 1810 237 1837 ca
256 1803 293 1835 et
308 1798 444 1835 Inclz'z's
459 1818 510 1823 —
524 1797 583 1834 Ad
604 1808 793 1846 magnum
813 1809 904 1834 sane
926 1796 1136 1834 Catholico-

190 1863 278 1889 rum
299 1850 471 1889 solamen
505 1849 675 1896 accidit,
699 1852 742 1887 ut
761 1850 936 1900 Religio,
956 1850 994 1887 in
1017 1849 1136 1887 variis

191 1907 369 1954 Europae
405 1904 619 1954 provinciis
654 1904 849 1952 depressa,
871 1904 909 1941 in
930 1903 1016 1941 aliis
1036 1903 1137 1940 orbis

193 1957 417 2008 regionibus
439 1957 627 1995 latissime
649 1960 939 2006 propagaretur
959 1959 998 1994 et
1017 1957 1139 1994 incre-

192 2016 322 2050 menta
340 2023 482 2061 magna
498 2011 803 2060 caperet.Supra
821 2011 1138 2056 memoravimus,

197 2066 397 2103 occasione
427 2064 821 2114 pervestigationum,
839 2076 933 2112 quas
963 2064 1139 2102 Lusitani

195 2122 236 2157 et
264 2118 425 2168 Hispani
454 2118 493 2155 in
522 2117 695 2155 Africam
713 2148 723 2164 ,
752 2118 883 2155 Asiam
914 2120 953 2155 et
981 2117 1139 2156 Ameri-

193 2184 277 2210 cam
298 2172 454 2210 saeculo
484 2170 614 2219 elapso
643 2174 681 2209 et
711 2171 910 2220 praesenti
943 2171 1140 2217 fecerunt,

194 2226 309 2264 fidem
343 2225 596 2262 christianam
617 2224 654 2261 in
675 2224 761 2262 illas
782 2225 961 2274 regiones
988 2225 1139 2262 illatam

194 2279 315 2318 fuisse
331 2277 357 2316 ³.
377 2278 485 2316 Inter
507 2278 778 2323 missionarios,
795 2278 862 2326 qui
883 2279 920 2315 in
942 2278 1140 2326 occupatis

194 2334 245 2371 ab
276 2331 458 2381 Hispanis
496 2332 700 2369 Americac
735 2332 850 2369 terris
880 2331 1139 2381 Evangelium

196 2386 488 2436 praedicarunt,
504 2385 663 2422 celebris
679 2387 738 2422 est
753 2385 1078 2423 Bartholomaeus
1095 2385 1140 2422 de

197 2441 274 2478 Las
307 2439 424 2477 Casas
439 2468 448 2484 ,
470 2439 721 2488 Hispalensis,
758 2439 1053 2484 Dominicanus,
1075 2439 1140 2486 qui

196 2494 355 2531 ineunte
376 2493 447 2530 hoc
468 2493 622 2530 saeculo
644 2492 683 2528 in
705 2492 925 2529 Americam
945 2492 1141 2540 profectus

198 2548 309 2584 annis
343 2546 476 2584 multis
511 2545 784 2583 convertendis
818 2546 866 2583 ad
887 2545 1140 2583 christianam

198 2600 427 2649 religionem
463 2599 656 2637 insulanis
691 2599 958 2645 adlaboravit3
981 2599 1075 2636 nihil
1096 2611 1140 2636 e-

199 2654 295 2692 tiam
315 2653 457 2698 omisit,
477 2656 520 2691 ut
540 2653 624 2690 illos
644 2664 668 2690 a
687 2652 893 2698 servitute,
913 2653 959 2689 ad
981 2663 1099 2700 quam
1120 2663 1143 2689 a

200 2706 528 2756 gubernatoribus
545 2706 728 2756 Hispanis
744 2706 1037 2756 redigebantur,
1054 2705 1144 2743 libe-

200 2763 316 2807 raret3
340 2760 378 2797 in
399 2760 503 2798 hunc
535 2760 651 2798 finem
684 2759 836 2798 iteratis
856 2759 1006 2797 vicibus
1027 2770 1142 2796 ocea-

202 2826 293 2851 num
316 2813 604 2862 pernavigavit,
627 2815 668 2850 ut
688 2825 818 2851 coram
846 2813 1057 2862 Hispaniae
1077 2823 1142 2849 re-

199 2879 247 2917 ge
267 2867 531 2905 insulanorum
552 2878 711 2905 causam
732 2867 966 2905 defenderet.

253 2921 464 2970 Postquam
494 2920 655 2970 Hispani
675 2933 735 2958 an.
762 2920 857 2958 1521
881 2918 1142 2958 vastissimam

201 2974 400 3023 regionem
423 2973 682 3021 Mexicanam,
705 2977 744 3011 et
759 2974 897 3011 deinde
919 2973 1142 3018 Poruviam,

202 3026 381 3074 Chilcm⁴‚
403 3028 665 3077 Paraguaiam
687 3025 1143 3077 occuparunnamplissi-

203 3093 287 3118 mus
307 3093 464 3130 campus
481 3082 706 3131 evangelico
723 3081 1056 3120 missionariorum
1078 3091 1144 3116 ar-

238 3142 253 3184 ⁷¹
272 3141 334 3195 vni.
354 3175 380 3203 p.
407 3164 515 3195 155—
529 3163 541 3184 '²
559 3164 727 3199 sanderus,
746 3164 787 3194 De
802 3163 979 3195 schismate
996 3160 1089 3202 Anyl.

244 3208 257 3228 ὖ
274 3207 336 3237 Vid.
355 3216 381 3247 p.
404 3205 509 3238 ΙΝ,-
525 3205 537 3228 ⁴
555 3207 654 3247 Vulgo
674 3205 761 3239 Chili
778 3205 899 3237 dictam.

797 129 951 157 EPOCHA
979 128 1033 155 XI.
1061 127 1114 154 AB
1141 125 1273 154 INITIIS
1302 124 1478 152 LVTHERI

1166 191 1249 230 dori
1260 190 1401 240 patuit.
1410 189 1662 236 Missionarii,
1674 190 1738 240 qui
1749 190 1977 240 praesertim
1995 202 2109 230 assu-

1166 245 1374 282 mebantur
1396 255 1417 280 e
1438 243 1543 280 clero
1563 243 1747 292 regulari,
1765 256 1888 293 neque
1907 244 2030 283 labori
2050 257 2112 283 ne-

1165 309 1238 346 que
1267 296 1520 334 incommodis
1549 299 1825 345 pepercerunt,
1848 299 1890 335 ut
1907 297 2112 347 indigenas

1165 349 1326 399 populos
1339 350 1386 387 ab
1397 349 1591 387 idolorum
1605 349 1726 395 cultu,
1741 351 2114 399 asuperstitiosisri-

1166 403 1280 450 tibus,
1294 403 1341 441 ab
1362 404 1509 440 inculta
1528 402 1689 440 vivendi
1706 403 1858 440 ratione
1879 404 1926 441 ad
1947 404 2031 442 veri
2042 404 2115 442 Dei

1166 457 1312 493 cultum
1336 458 1375 494 et
1395 457 1444 494 ad
1464 456 1718 494 christianam
1752 458 1870 505 atque
1902 457 2114 495 humanam

1169 510 1272 547 vitae
1281 509 1522 558 disciplinam
1534 512 1818 547 converterent.
1833 511 1915 548 Iam
1928 522 1990 548 an.
2011 511 2111 549 1524

1167 563 1206 600 in
1226 562 1379 600 Mexico
1399 563 1569 612 synodus
1590 562 1788 600 celebrata
1808 563 1952 611 legitur
1971 575 2114 601 secun-

1168 616 1260 654 dum
1280 616 1446 654 formam
1467 616 1713 663 canonicam,
1735 615 1774 653 in
1795 627 1872 665 qua
1891 616 2117 666 polygamia

1169 670 1323 718 aliaque
1344 669 1440 707 vitia
1453 699 1462 714 ,
1481 669 1585 707 inter
1604 669 1808 718 indigenas
1836 669 2118 717 communiora,

1169 723 1326 761 fuerunt
1345 734 1478 761 severe
1493 722 1702 771 prohibita,
1721 724 1761 759 et
1780 726 1936 771 praeter
1951 722 2042 768 alia,
2061 723 2116 761 si-

1169 788 1217 814 ve
1239 777 1288 814 ad
1308 776 1596 825 praeparandos
1616 776 1664 813 ad
1685 775 1920 823 baptismum
1941 776 2118 825 neophy-

1168 832 1241 877 tos,
1258 830 1344 867 sive
1364 829 1412 867 ad
1432 829 1718 866 confirmandos
1733 829 1772 866 in
1788 829 1882 867 Fide
1901 829 2117 878 baptizatos

1170 883 1394 930 constituta,
1415 883 1616 920 decretum
1637 885 1709 928 est,
1732 886 1775 919 ut
1791 882 1865 923 viri
1881 882 2117 932 baptismum

1172 939 1365 986 petentes,
1388 948 1530 973 uxores
1550 948 1639 973 suas
1659 936 1927 980 dimitterent,
1949 948 2025 974 una
2045 947 2120 974 ex-

1171 993 1304 1039 cepta,
1325 1001 1441 1039 quam
1462 989 1538 1027 ritu
1559 1001 1669 1027 sacro
1699 989 1896 1028 ducerent.
1919 989 1989 1027 His
2018 989 2119 1027 mis-

1172 1043 1342 1082 sionibus
1376 1055 1489 1092 reges
1522 1043 1735 1091 Hispaniae
1773 1055 1882 1091 opem
1917 1042 2122 1089 ferebant,

1172 1101 1211 1135 et
1229 1108 1347 1146 quum
1367 1096 1446 1133 iam
1479 1108 1553 1133 non
1587 1096 1711 1133 solum
1732 1108 1781 1133 ex
1800 1095 2030 1144 Europaeis,
2051 1095 2119 1143 qui

1172 1151 1210 1188 in
1230 1150 1318 1188 illas
1339 1152 1467 1187 terras
1500 1149 1736 1196 transibant,
1751 1150 1817 1187 sed
1848 1149 1968 1188 etiam
1988 1160 2038 1187 ex
2058 1150 2116 1186 A-

1178 1204 1388 1241 mericanis
1428 1203 1681 1241 ecclesiastici
1715 1206 1861 1249 coetus,
1881 1202 2023 1240 fierent
2043 1202 2124 1240 fre-

1175 1258 1413 1307 quentiores,
1433 1256 1584 1294 Paulus
1601 1257 1669 1305 Pp.
1688 1256 1744 1293 III
1758 1286 1767 1301 ,
1787 1256 2028 1305 supplicante
2045 1256 2124 1293 Ca-

1175 1312 1259 1349 rolo
1288 1311 1345 1356 V,
1366 1310 1496 1348 varios
1531 1309 1774 1359 episcopatus
1804 1313 1844 1348 et
1862 1309 2125 1359 archiepisco-

1178 1367 1291 1414 patus
1312 1364 1390 1401 illic
1413 1364 1576 1401 creavit.

1231 1417 1420 1455 Similiter
1453 1417 1492 1454 in
1522 1416 1693 1454 Brasilia
1729 1416 1894 1465 aliisque
1923 1415 2128 1455 Americae

1175 1471 1304 1517 terris,
1326 1482 1422 1518 quas
1450 1470 1624 1508 Lusitani
1663 1470 1914 1519 subegerunt,
1936 1469 2011 1507 viri
2031 1469 2128 1506 reli-

1177 1525 1290 1575 giosi,
1310 1523 1575 1569 Franciscani,
1609 1523 1853 1561 Dominicani
1881 1526 1920 1561 et
1939 1522 2106 1561 Iesuitae
2120 1552 2130 1569 ,

1178 1579 1250 1616 sub
1272 1578 1377 1626 regis
1397 1576 1629 1615 Lusitaniae
1650 1577 1836 1625 auspiciis
1857 1576 2130 1614 convertendis

1180 1631 1370 1670 insulanis
1410 1632 1458 1668 ad
1500 1629 1755 1668 christianam
1793 1629 1910 1667 fidem
1945 1629 2131 1667 ardenter

1180 1685 1477 1723 adlaborabant.
1502 1684 1575 1721 Hic
1608 1695 1760 1732 quoque
1781 1695 1828 1721 ac
1848 1682 1927 1720 illic
1948 1681 2130 1731 Religio-

1179 1739 1237 1777 nis
1268 1737 1540 1787 propagationi
1573 1737 1697 1774 multa
1725 1736 1953 1783 obstabant,
1974 1736 2129 1785 praeci-

1181 1805 1253 1842 pue
1274 1791 1546 1840 indigenarum
1566 1790 1791 1836 barbaries,
1812 1801 1949 1828 eorum
1969 1802 1992 1827 a
2010 1789 2129 1828 Lusi-

1180 1846 1282 1884 tanis
1316 1845 1469 1883 aversio
1490 1847 1527 1883 et
1550 1856 1631 1882 mos
1665 1844 1711 1882 de
1731 1844 1813 1881 loco
1833 1844 1882 1881 ad
1900 1843 2027 1881 locum
2049 1842 2127 1880 mi·-

1180 1899 1330 1949 grandi.
1364 1898 1651 1936 Verumtamen
1688 1897 1898 1946 apostolico
1919 1895 2127 1934 missiona-

1182 1954 1328 1991 riorum
1364 1953 1503 1990 ardore
1523 1953 1563 1989 et
1582 1951 1804 1989 constantia
1823 1950 1968 1988 factum
1991 1951 2062 1996 est,
2085 1952 2128 1987 ut

1183 2018 1368 2044 numerus
1388 2016 1679 2050 conversorum,
1695 2007 1906 2052 coetusque
1926 2002 2130 2041 christiani

1183 2061 1306 2110 magis
1325 2060 1527 2108 magisque
1548 2059 1800 2107 augerentur,
1821 2061 1860 2095 et
1880 2068 1942 2094 an.
1967 2056 2065 2094 1551
2087 2056 2127 2093 in

1182 2115 1343 2151 civitate
1379 2112 1597 2151 Salvatoris
1614 2141 1622 2157 ‚
1644 2123 1761 2160 quam
1783 2110 1947 2148 Ioannes
1980 2109 2036 2147 111
2059 2121 2130 2147 rex

1182 2166 1410 2206 Lusitaniae
1432 2165 1675 2203 condendam
1695 2167 1868 2211 curarat,
1887 2163 2130 2214 episcopatus

1182 2222 1232 2260 sit
1252 2223 1408 2258 erectus
1430 2219 1454 2257 ¹.

1234 2275 1278 2312 In
1313 2273 1447 2312 Africa
1483 2283 1636 2322 quoque
1666 2270 1899 2309 missionarii
1932 2270 1971 2307 in
1999 2269 2129 2317 terris,

1182 2340 1278 2377 quas
1300 2327 1495 2375 Europaei
1532 2325 1594 2363 vel
1627 2327 1868 2374 occuparunt
1888 2324 1954 2362 vel
1973 2335 2129 2361 merca-

1183 2384 1298 2419 turae
1318 2392 1437 2418 causa
1453 2379 1625 2425 adibant,
1638 2378 1896 2428 Evangelium
1913 2377 2131 2415 annuntia-

1184 2437 1290 2480 runt,
1311 2434 1376 2471 sed
1408 2436 1541 2471 coetus
1569 2444 1636 2470 seu
1656 2431 1842 2470 ecclesias
1875 2430 2033 2469 stabiles
2054 2442 2131 2468 non

1183 2488 1453 2533 condiderunt,
1470 2486 1501 2524 si
1524 2487 1699 2535 Congum
1718 2488 1758 2523 et
1773 2485 1955 2523 adiacens
1975 2483 2130 2534 Angola

1185 2541 1443 2590 excipiantur3
1465 2552 1550 2577 cum
1572 2539 1609 2576 in
1634 2540 1692 2577 his
1714 2538 1893 2577 Lusitani
1915 2537 2130 2576 dominium

1183 2594 1377 2644 quoddam
1399 2605 1622 2643 supremum
1637 2594 1878 2638 exercerent,
1891 2590 2129 2629 missionarii

1184 2648 1237 2686 ibi
1253 2650 1409 2696 coeptas
1425 2649 1595 2685 exeunte
1606 2647 1760 2684 saeculo
1776 2644 2021 2695 praecedenti
2035 2655 2130 2681 con-

1186 2701 1384 2739 versiones
1405 2700 1597 2750 prosecuti
1620 2702 1722 2746 sunt,
1744 2701 2016 2747 auxeruntque
2036 2695 2063 2734 ².

1240 2755 1281 2792 In
1301 2754 1413 2792 India
1430 2753 1619 2792 latissime
1635 2755 1852 2803 propagata
1868 2751 1942 2790 fuit
1957 2750 2133 2789 christia-

1189 2820 1238 2846 na
1258 2808 1355 2845 fides
1375 2820 1397 2845 a
1425 2820 1454 2846 s.
1484 2807 1693 2846 Francisco
1719 2805 1906 2845 Xaverio.
1928 2805 2010 2842 Iam
2039 2805 2133 2842 ante

1187 2863 1271 2899 eius
1301 2862 1392 2899 illuc
1423 2861 1638 2899 adventum
1659 2859 1918 2908 Evangelium
1940 2857 1978 2895 in
1998 2869 2045 2895 ea
2066 2857 2135 2894 In-

1187 2916 1273 2953 diae
1303 2917 1412 2965 parte
1443 2915 1656 2964 insulisque
1675 2913 1878 2959 Asiaticis,
1897 2923 1996 2961 quas
2025 2909 2134 2949 Lusi-

1204 2986 1213 2989 ⁵
1229 2998 1235 3017 ¹
1259 2985 1449 3033 (thau-lixum,
1465 2994 1609 3026 Histoire
1632 2994 1670 3025 cte
1686 2993 1780 3026 Saint
1797 2993 1996 3033 Dominytm
2018 2992 2061 3023 Dc
2076 2992 2136 3023 So-

1190 3039 1237 3075 lis,
1255 3037 1395 3069 Histoire
1412 3037 1466 3068 (les
1482 3039 1650 3077 conque'tes
1665 3035 1702 3068 de
1718 3035 1846 3074 C‹)rlez‚;
1864 3037 1996 3072 Touron,
2013 3032 2134 3066 Histoi-

1188 3089 1224 3110 re
1240 3080 1277 3109 ‹lt›
1295 3080 1515 3118 I'Ameri‹1ue;
1535 3078 1683 3118 ltaynald.
1703 3078 1821 3109 Amml.
1836 3076 1910 3108 eccl.

1233 3122 1245 3143 ²
1264 3123 1400 3158 Cavazzi,
1420 3120 1627 3152 Descriz-ione
1649 3119 1697 3150 de·
1715 3122 1762 3151 tre
1786 3119 1897 3158 requi,
1917 3116 2025 3158 Gonqo
2039 3142 2046 3155 ,
2063 3115 2136 3149 Ma-

1190 3166 1263 3201 lapa
1286 3172 1303 3193 c
1319 3162 1465 3203 Αιιῃοίιι,
1482 3162 1595 3201 gallice
1618 3170 1740 3192 versum
1766 3170 1783 3191 a
1809 3161 1907 3191 habat
1941 3160 1998 3190 sub
2026 3158 2132 3191 titulo:

1189 3205 1334 3237 Ite'lalion
1352 3205 1529 3244 hislorcque
1541 3202 1578 3235 cle
1597 3202 1767 3244 l'Elhiopie
1783 3199 1990 3235 occidentale.
