2241 3473
249 140 327 178 220

198 219 284 255 ctus
294 216 527 254 Pontificatu
542 226 612 264 per
626 225 757 252 annos
771 214 831 261 10,
847 224 974 251 mens.
990 213 1015 250 3
1035 212 1134 249 dies-

198 282 276 320 que
293 271 356 307 23.
813 314 818 318 ,

250 324 286 361 5.
308 323 652 360 Meomom'tarum
681 323 773 369 fata
790 341 838 348 —
854 320 1011 357 Interea
1031 320 1136 356 secta

197 376 541 424 Anabaptistarum
555 405 564 421 ,
584 375 646 423 qui
669 377 709 412 et
727 373 978 412 Mennonitae
996 385 1017 410 a
1032 372 1136 409 Men-

199 442 296 467 none
316 428 440 467 Frisio
461 428 554 465 dicti
579 430 669 466 sunt
689 427 716 474 ¹,
736 428 854 465 variis
882 427 975 464 satis
994 428 1034 464 et
1054 425 1137 463 dis-

197 483 302 521 sidiis
322 482 522 530 exagitata
542 484 614 519 est.
637 482 733 519 Post
753 483 919 519 mortem
930 479 1137 518 Mennonis

196 536 234 573 in
262 536 436 584 pluribus
464 535 581 572 terris
609 535 853 572 incrementa
891 547 965 572 non
994 533 1137 582 exigua

198 592 390 637 ceperant.
412 589 455 625 In
471 588 693 635 Hollandia,
708 600 806 638 quae
821 588 896 626 fuit
911 586 1135 637 principalis

198 654 330 680 eorum
351 643 476 690 sedes,
496 643 574 680 iam
592 643 800 691 posteriori
816 642 958 680 saeculi
978 652 1137 690 praece-

198 696 323 733 dentis
342 697 520 745 tempore
542 695 738 733 Guilielmi
767 695 951 745 principis
971 693 1138 733 Arausi-

196 749 305 796 cani,
325 761 440 798 quem
460 749 603 788 collata
623 750 671 787 ad
699 749 844 787 bellum
873 751 1040 798 pecunia
1068 747 1137 785 sibi

195 803 554 850 conciliaverant,et
566 803 821 853 quorumdam
833 803 1138 852 magistratuum

196 856 330 894 favore
348 856 508 894 tolerari
531 859 756 907 coeperunt.
785 858 900 894 Anno
931 856 1033 894 1626
1059 855 1139 892 ibi-

197 911 283 947 dem
304 910 458 959 publica
477 911 666 948 Ordinum
688 909 774 960 lege
793 911 948 960 plenam
969 909 1135 959 religio-

196 964 256 1001 nis
294 964 517 1002 libertatem
546 965 755 1011 consecuti,
787 975 996 1001 numerum
1024 975 1137 1001 suum

197 1020 405 1056 auxerunt.
436 1018 481 1055 In
520 1018 732 1056 Germania
761 1018 918 1056 diversa
946 1019 1050 1055 sorte
1081 1017 1139 1054 usi

196 1074 299 1109 sunt.
320 1071 590 1110 Ferdinandus
626 1073 728 1110 Ieos
756 1083 821 1110 an.
846 1071 946 1109 1548
975 1083 1025 1108 ex
1053 1072 1140 1109 Au·-

196 1125 304 1170 stria,
325 1125 365 1162 in
393 1138 468 1174 qua
489 1129 601 1164 erant
620 1126 860 1175 frequentes,
880 1125 1041 1174 expulit.
1063 1124 1140 1162 Ni—

195 1179 404 1217 hilominus
424 1183 509 1229 post
528 1180 670 1218 multos
685 1192 808 1217 annos
822 1191 986 1229 magnus
1005 1190 1138 1216 eorum

196 1244 382 1270 numerus
402 1234 663 1282 deprehensus
683 1236 742 1271 est
761 1234 992 1282 praesertim
1011 1233 1050 1269 in
1071 1244 1137 1269 re-

196 1286 373 1335 gionibus
403 1287 606 1325 Moraviae
626 1287 900 1333 conterminis,
929 1298 1025 1335 quos
1051 1287 1138 1323 Ru-

199 1339 364 1388 dolphus
384 1340 421 1377 II
441 1353 501 1377 an.
528 1341 624 1378 1601
648 1342 720 1378 sub
740 1353 864 1390 poena
883 1340 1022 1389 capitis
1050 1340 1137 1377 inde

197 1395 385 1431 excedere
414 1394 538 1432 iussit.
555 1394 741 1443 Plerique
760 1407 907 1440 eorum,
932 1405 1138 1431 concesse—

197 1452 291 1484 runt
310 1447 348 1484 in
370 1448 588 1486 Moraviam
604 1447 912 1494 meridionalem,
927 1449 990 1485 ubi
1009 1449 1139 1485 coetus

196 1513 284 1539 suos
319 1501 533 1550 plurimum
563 1505 777 1548 auxerunt,
806 1503 927 1539 donec
962 1501 1137 1538 eamdem

196 1557 352 1601 sortem,
379 1567 496 1604 quam
517 1555 789 1593 Ferdinandus
818 1556 854 1594 II
885 1556 1062 1593 omnibus
1091 1568 1136 1592 a-

198 1609 399 1646 catholicis
420 1610 459 1646 in
479 1610 595 1647 terris
617 1610 696 1647 suis
727 1609 970 1647 Germanicis
991 1609 1138 1646 consti-

197 1663 292 1708 tuit,
313 1663 465 1712 experti
494 1666 593 1701 sunt.
616 1664 728 1700 Tunc
748 1663 862 1701 multi
893 1675 1042 1709 eorum,
1071 1664 1135 1712 qui

197 1716 390 1754 catholica
410 1729 522 1754 sacra
551 1717 731 1766 amplecti
761 1717 958 1763 nolebant,
989 1717 1138 1765 migra-

197 1772 288 1807 runt
307 1770 346 1807 in
366 1771 707 1819 Transylvaniam.
731 1771 773 1808 In
795 1771 945 1819 reliqua
965 1771 1136 1808 Germa-

197 1824 261 1861 nia
280 1824 530 1862 Mennonitae
550 1828 687 1862 coetus
707 1825 905 1862 habebant
934 1825 973 1861 in
996 1824 1140 1862 Holsa-

195 1879 263 1923 tia,
276 1878 404 1916 Frisia
423 1878 617 1924 orientali,
638 1880 675 1915 in
697 1878 915 1927 principatu
933 1878 1139 1924 Mindensi,

198 1931 236 1968 in
258 1931 482 1969 Palatinatu
504 1932 697 1981 superiori
718 1935 758 1969 et
786 1931 984 1979 inferiori,
1004 1932 1043 1969 in
1065 1932 1139 1969 du-

196 1985 349 2022 catibus
378 1986 582 2023 Iuliacensi
611 1989 650 2023 et
680 1986 888 2031 Cliviensi,
917 1985 958 2022 in
988 1986 1136 2034 quibus,

196 2039 299 2076 sicut
327 2039 365 2076 in
396 2039 560 2077 Polonia
580 2042 619 2077 et
640 2039 830 2077 Borussia
852 2039 1008 2076 Polonis
1043 2040 1137 2076 sub-

198 2092 311 2138 iecta,
333 2093 380 2130 iis
409 2092 617 2130 tolerantia
647 2093 799 2131 indulta
827 2094 897 2130 est.
922 2094 964 2130 In
987 2093 1139 2130 Helve-

203 2147 260 2183 tia
279 2145 438 2184 minime
462 2147 745 2193 tolerabantur,
767 2147 830 2184 ubi
852 2158 875 2184 a
903 2146 1140 2193 Calvinistis,

200 2199 445 2249 potissimum
467 2201 514 2238 ab
535 2213 596 2238 an.
622 2200 734 2247 1536,
754 2200 928 2246 exilium,
950 2201 1137 2238 bonorum

200 2254 397 2303 ademptio
418 2256 457 2291 et
474 2255 639 2291 verbera
658 2257 794 2291 contra
822 2266 887 2291 eos
917 2255 1074 2292 decreta
1101 2257 1140 2292 et

200 2306 422 2356 frequenter
449 2308 604 2345 effectui
626 2309 718 2345 data
737 2310 838 2345 sunt.
869 2307 1047 2345 Omnium
1077 2320 1142 2346 se-

199 2361 402 2399 verissime
422 2361 460 2398 in
483 2362 569 2399 illos
590 2362 953 2398 animadvertebant
975 2362 1143 2399 Beruen-

199 2427 272 2462 ses,
293 2415 357 2464 qui
387 2427 447 2453 an.
474 2415 572 2453 1659
602 2415 638 2452 in
671 2427 736 2452 eos
757 2415 898 2464 inquiri
929 2415 1140 2461 iusserunt,

198 2473 249 2515 et,
263 2481 335 2506 non
354 2470 532 2507 obstante
550 2469 833 2506 Hellandorum
853 2469 1141 2515 intercessione,

198 2534 298 2560 anno
323 2523 422 2561 1693
443 2523 544 2568 illos,
572 2523 639 2572 qui
669 2534 717 2560 ex
747 2522 864 2559 exilio
894 2524 1039 2560 reversi
1071 2523 1140 2560 de-

198 2577 554 2625 prehendebantur,
584 2575 792 2625 ergastulis
825 2575 1002 2623 nauticis,
1041 2577 1140 2626 stig-

198 2631 366 2668 matibus
387 2631 536 2680 ipsique
557 2631 670 2667 morti
693 2629 942 2667 addixerunt.

253 2685 505 2722 Mennonitae
535 2687 712 2732 caeteros
746 2683 888 2720 imitati
928 2683 1141 2720 haereticos

197 2737 233 2774 in
265 2739 509 2785 dogmatibus
539 2738 620 2775 suis
650 2749 785 2787 parum
807 2740 1031 2773 constantes
1052 2736 1139 2773 sue-

197 2795 301 2829 runt.
326 2793 465 2830 Plures
486 2792 641 2841 quidem
663 2791 751 2828 fidei
774 2790 1033 2827 confessiones
1055 2791 1139 2827 cdi-

196 2845 350 2892 dcrunt,
372 2847 438 2883 sed
462 2846 610 2883 nullam
641 2845 697 2882 cis
726 2844 998 2882 auctoritatem
1029 2856 1138 2891 sym-

196 2898 361 2936 bolicam
392 2900 631 2937 tribuebant.
661 2898 880 2936 Secundum
921 2898 1015 2935 istas
1044 2909 1140 2934 con-

198 2952 386 2991 fessiones
406 2953 586 2991 doctrina
606 2964 738 2990 eorum
762 2964 784 2989 a
805 2951 990 2988 doctrinis
1010 2954 1138 2988 cacte—

198 3017 328 3043 rorum
351 3008 659 3044 acatholicorum
683 3006 915 3055 praesertim
937 3005 1141 3042 differebat

196 3059 233 3096 in
256 3060 333 3098 his:
356 3061 532 3098 Hominis
553 3061 762 3104 iustitiam,
783 3059 858 3097 fide
879 3059 1139 3104 obtinendam,

196 3125 243 3150 cx
262 3114 342 3152 cius
359 3115 658 3164 regeneratione
675 3114 769 3151 oriri
782 3113 974 3160 dicebant,
990 3112 1140 3162 baptis-
1187 3134 1190 3135 ν

244 3240 252 3261 ¹
271 3240 334 3271 vni.
353 3250 379 3280 μ.
402 3240 465 3272 ¹52.

696 141 702 147 '
752 147 908 174 EPOCHA
936 145 1006 173 ΧΠ.
1034 146 1063 171 A
1089 138 1241 172 L1⁵r113vs
1269 145 1555 174 IANSENISTICIS

1180 222 1287 249 mum
1316 224 1393 250 non
1413 212 1487 250 nisi
1506 211 1752 251 credentibus
1771 213 1810 249 et
1827 211 2123 261 poenitentibus

1186 276 1270 302 esse
1297 266 1598 313 conferendum3
1618 265 1767 303 homini
1795 265 1894 303 inid
1923 266 2123 304 nitendum

1181 319 1518 364 esse,utChristus
1536 320 1576 357 in
1598 332 1643 357 eo
1663 318 1834 366 habitet,
1849 330 1890 356 se
1907 319 1943 357 ei
1963 319 2121 368 revelet,

1181 384 1270 410 eum
1287 373 1463 421 perficiat
1473 377 1513 411 et
1524 373 1677 411 divinae
1689 384 1782 411 suae
1793 375 1958 410 naturae
1974 373 2124 422 partici-

1182 438 1269 475 pem
1285 426 1418 475 faciat3
1427 439 1585 465 coenam
1598 438 1681 464 esse
1691 426 2076 474 memorialeChristi,
2086 429 2126 464 et

1180 491 1319 529 panem
1340 492 1385 518 ac
1404 481 1540 518 vinum
1560 492 1643 518 esse
1663 479 1804 518 summi
1823 479 1914 517 boni
1933 480 2125 529 symbola,

1181 545 1343 582 quorum
1366 535 1614 583 perceptione
1629 534 1806 571 homines
1821 535 2065 581 moneantur,
2082 537 2127 571 ut

1182 587 1278 624 illud
1295 600 1319 625 a
1335 589 1415 625 Deo
1440 588 1672 638 efflagitent3
1698 587 1973 626 abstinendum
1991 599 2075 625 esse
2103 599 2126 624 a

1183 641 1344 679 vocibus
1373 642 1752 688 consubstantialis,
1767 651 1944 690 persona
1964 640 2122 687 divina,

1188 695 1387 742 Trinitas,
1415 707 1535 744 quum
1554 695 1593 732 in
1616 707 1644 733 s.
1662 695 1868 743 Scriptura
1887 706 1962 731 non
1982 705 2124 731 occur-

1183 750 1292 796 rant3
1312 749 1529 788 Ecclesiam
1551 761 1571 786 e
1591 749 1681 787 solis
1710 747 1964 786 sanctificatis
1992 747 2125 786 consi-

1183 804 1286 840 stere
1312 816 1322 849 3
1364 802 1808 841 excommunicationem
1854 802 2075 851 peccatorib
2084 814 2128 839 us

1183 856 1477 894 contumacibus
1515 856 1723 906 diligenter
1750 855 2017 904 infligendam,
2050 867 2128 905 qua

1183 909 1300 947 etiam
1329 922 1353 948 a
1381 911 1462 948 Deo
1495 912 1746 960 separentur3
1783 909 2061 958 magistratum
2104 921 2128 946 a

1183 975 1278 1000 vero
1316 963 1526 1002 christiano
1555 976 1631 1002 non
1660 964 1897 1013 gerendum3
1919 974 2030 1001 arma
2058 964 2127 1000 aut

1184 1016 1328 1054 bellum
1362 1029 1498 1067 gerere
1527 1019 1566 1055 et
1594 1017 1865 1055 iusiurandum
1895 1016 2128 1063 emittere,a

1183 1071 1336 1109 Christo
1357 1071 1615 1120 prohibitum3
1644 1070 1935 1109 matrimonium
1964 1082 2051 1108 cum
2079 1082 2128 1108 a-

1182 1125 1310 1162 lienae
1325 1125 1518 1174 religionis
1536 1125 1691 1163 asseclis
1708 1125 1820 1171 inire,
1836 1135 1920 1162 esse
1936 1123 2126 1162 illicitum.

1183 1178 1312 1220 Quum
1340 1190 1433 1216 vero
1462 1179 1500 1216 in
1530 1179 1590 1217 his
1618 1179 1712 1227 ipsis
1733 1179 1899 1227 aliisque
1920 1189 1968 1215 ne
1996 1189 2128 1215 omnes

1183 1232 1340 1281 quidem
1360 1232 1611 1270 Mennonitae
1632 1232 1736 1270 idem
1756 1232 1960 1278 sentirent,
1977 1231 2017 1268 in
2039 1231 2129 1280 plu-

1183 1298 1245 1324 res
1266 1285 1454 1324 factiones
1471 1287 1576 1324 scissi
1598 1289 1701 1324 sunt.
1728 1285 1972 1335 Praecipuae
1991 1296 2130 1322 eorum

1184 1339 1369 1377 factiones
1389 1343 1501 1378 erant
1520 1340 1720 1378 Mitiorum
1741 1352 1807 1378 seu
1829 1341 2062 1377 Grossorum
2090 1342 2130 1377 et

1183 1394 1435 1431 Severiorum
1455 1406 1523 1432 seu
1543 1394 1768 1440 Subtilium,
1790 1393 1890 1442 quod
1910 1392 1966 1430 illi
1995 1393 2043 1430 de
2063 1404 2132 1431 ex-

1183 1448 1532 1485 communicatione
1561 1448 1725 1496 aliisque
1753 1446 1946 1484 nonnullis
1973 1445 2131 1493 mitius,

1183 1501 1222 1538 hi
1256 1502 1431 1539 severius
1469 1502 1673 1539 sentirent.
1708 1501 1948 1547 Posteriores
1984 1500 2129 1538 iterum

1182 1557 1342 1604 propter
1361 1556 1550 1602 habitum,
1580 1555 1782 1604 liturgiam
1813 1558 1853 1592 et
1873 1554 1952 1592 alia
1978 1554 2018 1591 in
2037 1554 2131 1603 plu-

1182 1620 1244 1647 res
1263 1608 1451 1646 factiones
1472 1609 1642 1658 separati
1671 1612 1771 1647 sunt.
1803 1608 1981 1646 Mitiores
2009 1608 2130 1645 etiam

1184 1675 1244 1700 an.
1269 1662 1371 1700 1664
1392 1663 1431 1699 in
1461 1663 1556 1701 duas
1585 1666 1727 1712 partes,
1756 1662 1941 1700 nimirum
1970 1661 2131 1699 Galeni-

1184 1718 1335 1754 starum
1356 1718 1395 1754 et
1415 1717 1691 1766 Apostolorum
1713 1716 1885 1766 separari
1905 1719 2129 1765 coeperunt.

1184 1771 1420 1815 Galenistae,
1441 1774 1602 1808 auctore
1623 1771 1849 1808 Abrahamo
1878 1769 2039 1815 Galerio,
2055 1781 2132 1808 me-

1184 1824 1267 1862 dico
1297 1827 1336 1862 et
1367 1824 1637 1873 praedicatore
1666 1824 2031 1870 Amstelodamensi,
2065 1823 2130 1861 do-

1183 1879 1334 1924 cebant,
1351 1890 1546 1915 summam
1563 1878 1764 1927 religionis
1778 1878 1992 1916 consistere
2007 1877 2046 1914 in
2067 1877 2128 1915 ob-

1181 1932 1402 1970 servatione
1422 1935 1720 1982 praeceptorum
1742 1931 1960 1978 moralium,
1976 1942 2130 1980 parum-

1181 1998 1254 2035 que
1274 1986 1478 2030 interesse,
1500 1986 1591 2035 quid
1612 1986 1696 2035 quis
1716 1986 1763 2023 de
1783 1985 2029 2035 dogmatibus
2044 1995 2130 2022 cre-

1182 2041 1269 2087 dat3
1301 2040 1402 2077 unde
1430 2040 1586 2078 reiectis
1615 2040 1705 2077 fidei
1734 2038 2051 2085 confessionibus,
2081 2039 2129 2076 ad

1182 2093 1395 2132 sententias
1415 2094 1630 2131 socinianas
1651 2093 1902 2131 inclinarunt.
1923 2092 2127 2142 Apostoli,

1182 2151 1340 2185 auctore
1361 2147 1543 2185 Samuele
1563 2147 1770 2196 Apostool,
1789 2147 1883 2185 item
1914 2146 2063 2184 medico
2091 2148 2130 2184 et

1183 2201 1531 2239 Amstelodamensi
1552 2201 1831 2250 praedicatore,
1844 2199 1999 2238 illorum
2019 2200 2133 2249 prin-

1183 2255 1283 2304 cipia
1303 2256 1567 2302 reprobantes,
1589 2256 1636 2292 ab
1656 2255 1793 2292 iisdem
1813 2256 2067 2292 secesserunt
2089 2253 2114 2292 ¹.

1234 2309 1269 2346 6.
1294 2309 1387 2345 Pam
1413 2307 1686 2357 IVeslplzale‘ca
1716 2308 1803 2358 (an.
1838 2306 2021 2358 1648)-
2038 2308 2132 2346 Post

1182 2362 1328 2399 bellum
1351 2361 1590 2408 diuturnum,
1612 2363 1647 2399 in
1669 2362 1888 2400 Germania
1917 2361 2130 2400 catholicos

1183 2417 1285 2453 inter
1313 2417 1352 2452 et
1374 2418 1633 2463 protestantes
1656 2415 1848 2465 principes
1869 2418 2022 2465 gestum
2037 2413 2066 2462 ²,
2082 2415 2129 2453 ab

1184 2470 1386 2517 utriusque
1408 2470 1530 2518 partis
1551 2470 1769 2508 oratoribus
1790 2470 1836 2507 de
1865 2469 2131 2518 componenda

1183 2535 1276 2573 pace
1297 2524 1426 2559 actum
1449 2523 1533 2561 fuit.
1556 2524 1662 2561 Inter
1683 2523 1773 2570 alia,
1802 2523 1850 2561 de
1869 2523 2012 2572 quibus
2031 2534 2129 2572 age-

1183 2579 1312 2621 batur,
1334 2577 1502 2615 maxime
1523 2578 1687 2615 arduum
1708 2580 1793 2615 crat
1813 2576 2012 2626 negotium
2032 2576 2131 2614 reli-

1183 2631 1320 2680 gionis.
1344 2630 1545 2680 Principes
1574 2631 1843 2680 protestantici
1873 2643 1948 2668 non
1975 2631 2129 2668 tantum

1185 2683 1386 2733 religionis
1407 2697 1499 2722 suae
1521 2685 1755 2732 libertatem,
1777 2685 1843 2723 sed
1861 2687 1901 2722 et
1917 2684 2035 2734 plura
2053 2684 2132 2722 alia

1185 2740 1221 2775 in
1243 2737 1458 2776 catholicae
1482 2740 1535 2776 rei
1559 2739 1838 2776 detrimentum
1860 2738 2062 2787 petebant,
2091 2741 2130 2775 et

1185 2792 1263 2829 fere
1286 2790 1428 2839 ubique
1451 2792 1638 2839 victores,
1660 2793 1764 2841 pacis
1784 2792 2024 2830 conditiones
2044 2791 2130 2828 dic-

1184 2847 1331 2883 tabant.
1366 2847 1636 2884 Ferdinandus
1665 2847 1876 2896 imperator
1905 2845 1960 2883 III
1990 2845 2036 2883 iis
2064 2845 2129 2882 diu

1185 2901 1347 2948 rostitit,
1368 2902 1526 2939 tandem
1548 2901 1762 2938 Succorum
1783 2902 1822 2938 et
1840 2899 2041 2937 Gallorum
2063 2909 2129 2935 ar-

1184 2954 1255 2991 inis
1295 2955 1494 2998 acessitus,
1517 2954 1620 3002 pacis
1637 2953 1932 2999 conditionibus,
1948 2963 2008 2990 an.
2029 2951 2129 2989 1648

1184 3008 1282 3045 inter
1321 3009 1536 3059 principum
1574 3011 1748 3046 oratores
1778 3007 1921 3056 pactis,
1951 3006 2128 3044 assensit.

1187 3062 1290 3099 llaec
1325 3067 1383 3101 est
1411 3061 1574 3099 celebris
1603 3074 1679 3111 pax
1710 3061 1816 3099 dicta
1845 3058 2131 3109 Westphalica,

1225 3155 1234 3176 ¹
1252 3156 1283 3187 1³.
1299 3131 1420 3193 (buron,
1439 3153 1579 3185 llistnire
1596 3152 1638 3183 ‹lu
1653 3152 1828 3192 sanatismc
1843 3151 1924 3183 dans
1940 3150 1971 3182 la
1989 3149 2129 3191 reliyion

1184 3199 1396 3237 profestorum
1415 3198 1433 3226 Ι.
1456 3196 1487 3227 Β.
1505 3195 1631 3233 Stat-ck,
1657 3193 1843 3227 Geschichle
1864 3191 1922 3226 der
1941 3191 2040 3233 Taufe
2062 3191 2131 3226 und

1184 3239 1238 3270 der
1258 3238 1512 3277 'l'ualistzsinnlew
1528 3253 1565 3261 —-
1576 3236 1589 3257 '²
1607 3235 1669 3267 Vid.
1688 3245 1716 3275 p.
1730 3235 1800 3267 212.
