2241 3473
602 139 730 170 VSQVE
759 138 813 166 AD
840 129 1141 165 PONTIFICATVM
1170 128 1201 158 S.
1221 129 1419 158 GREGORII
1449 129 1518 156 vn.

86 205 189 244 tione
208 203 326 242 fuisse
345 202 575 251 legitimum,
596 203 792 252 episcopos
812 202 1035 251 dispensare

88 269 202 309 posse
221 257 258 294 in
279 257 457 293 omnibus
479 257 703 301 canonibus,
722 260 761 294 et
782 257 1035 304 imperatores

88 323 163 349 non
182 322 264 348 esse
283 309 466 346 obnoxios
486 310 637 358 legibus
655 309 808 354 divinis3
824 319 956 345 omnes
974 318 1034 342 ve-

87 376 144 410 ro,
161 363 225 413 qui
247 363 306 399 his
325 363 490 400 decretis
510 362 686 400 assentiri
707 362 864 406 nollent,
880 360 1033 397 anathe-

87 417 202 455 matis
223 416 415 453 sententia
437 416 747 465 perstrinxerunt
761 414 784 452 ¹.
807 414 933 455 Quum
959 425 1032 450 au-

86 473 164 508 tem
184 469 242 507 his
262 469 437 506 omnibus
457 469 596 506 merito
615 469 837 506 resisterent
857 478 885 503 s.
907 467 1032 502 Theo-

87 523 224 567 dorus,
253 522 492 560 Studitarum
528 522 805 558 monachorum
834 519 974 562 abbas,
1002 530 1031 555 s.

87 575 200 613 Plato
220 576 350 621 abbas,
372 576 554 624 Iosephus
575 573 886 622 archiepiscopus
905 571 1032 608 Thes-

85 628 346 675 salonicensis,
366 628 524 677 aliique3
540 628 753 675 imperator
766 626 805 662 in
822 636 886 662 cos
902 635 1033 672 oppro-

87 681 194 727 briis,
222 693 379 718 carcere
410 684 449 718 et
477 680 596 717 exilio
615 679 766 716 saeviit.
789 679 865 715 Leo
888 678 955 725 Pp.
978 676 1032 713 III

87 735 133 772 de
162 736 208 772 iis
236 734 380 772 certior
409 733 556 778 factus,
584 731 829 769 conciliabuli
858 731 923 779 Cp.
945 735 1033 767 acta

86 792 285 837 tamquam
305 787 434 824 divino
453 789 492 823 et
512 785 774 823 ecclesiastico
796 784 867 821 iuri
888 783 1029 820 adver-

86 852 130 878 sa
159 840 422 890 reprehendit.
453 839 668 887 Imperator
690 850 763 875 non
784 839 937 875 tantum
959 848 1032 873 non

87 894 262 943 resipuit,
277 893 342 930 sed
358 893 475 930 etiam
493 892 729 929 paulicianis
744 890 948 928 haereticis
963 901 1031 927 seu

86 949 197 984 novis
217 945 454 984 Manichaeis
474 947 704 994 potestatem
728 944 891 992 degendi
915 943 952 980 in
970 942 1034 979 im-

86 999 191 1048 perio
209 999 410 1036 concessit.
430 1000 542 1036 Auno
563 1009 655 1035 vero
675 998 749 1035 811
771 998 808 1034 in
830 997 928 1033 bello
949 1008 1032 1033 con-

84 1056 147 1091 tra
167 1052 355 1101 Bulgaros
370 1064 458 1089 cum
474 1052 678 1089 innumera
693 1051 860 1088 militum
876 1061 1033 1088 suorum

85 1105 335 1143 multitudine
355 1106 500 1142 occisus
521 1103 614 1142 est‘2.

135 1158 302 1196 Michael
322 1158 597 1206 Curopalates,
617 1157 823 1206 Nicephori
845 1156 882 1193 in
903 1156 1030 1204 impe-

82 1211 140 1249 rio
156 1223 367 1257 successor,
387 1211 594 1260 tyrannica
609 1210 692 1248 eius
709 1213 796 1248 acta
813 1209 1030 1257 abrogavit,

83 1277 145 1302 res
173 1264 346 1302 ecclesiis
376 1269 416 1302 et
443 1264 686 1301 monasteriis
707 1264 856 1300 ablatas
878 1263 1030 1300 restitui

83 1318 257 1364 curavit,
284 1318 531 1354 Theodorum
561 1317 757 1355 studitam
786 1316 958 1364 aliosque
988 1328 1031 1352 e-

82 1371 192 1409 xules
202 1370 681 1419 revocavit,Nicephorum
694 1369 955 1418 patriarcham
965 1369 1030 1417 Cp.

85 1424 201 1461 Leoni
223 1424 291 1474 Pp.
314 1423 590 1469 reconciliavit;
610 1424 649 1460 in
676 1423 919 1460 Paulieianos
939 1423 1032 1459 hae—

84 1478 227 1514 reticos
256 1489 418 1526 poenam
438 1476 577 1525 capitis
596 1477 706 1522 tulit,
728 1488 750 1513 a
770 1477 882 1513 cuius
901 1479 1031 1512 tamen

82 1531 309 1568 executione
329 1530 494 1567 aliorum
524 1530 682 1567 consilio
701 1530 914 1567 deterritus
934 1529 1030 1573 t'uit3

83 1586 124 1622 at
142 1595 228 1621 cum
245 1584 283 1620 in
300 1584 559 1621 Iconoclastas
587 1585 918 1620 animadverteret
937 1582 1033 1619 invi-

83 1637 189 1674 diam
210 1636 424 1682 exercitus,
446 1637 484 1673 in
504 1647 580 1684 quo
600 1636 713 1673 multi
732 1648 778 1673 ea
799 1636 948 1673 haeresi
969 1635 1030 1672 in-

84 1690 176 1727 fecti
205 1693 337 1735 erant,
360 1689 494 1734 subiit3
516 1689 618 1726 unde
637 1689 782 1727 factum
804 1692 883 1735 est,
907 1692 950 1726 ut
969 1701 1030 1726 an.

85 1743 162 1781 813
181 1743 389 1781 commissa
408 1755 493 1780 cum
511 1743 694 1791 Bulgaris
709 1743 874 1780 adversa
889 1754 1031 1791 pugna,

83 1796 226 1834 milites
246 1797 294 1834 ab
313 1807 358 1833 eo
378 1795 593 1833 defecerint
613 1799 651 1833 et
671 1796 944 1844 imperatorem
964 1807 1029 1833 sa-

83 1850 247 1887 lutarint
266 1851 433 1888 Leonem
453 1851 678 1886 Armenum.
695 1849 862 1887 Michael
879 1848 1031 1897 imperii

82 1902 247 1951 insignia
275 1906 410 1952 sponte
440 1903 637 1951 deposuit,
668 1905 707 1940 et
735 1914 823 1939 cum
845 1902 1033 1950 Procopia

84 1957 247 2005 coniuge
275 1956 480 2005 liberisque
500 1955 754 1993 monasticum
775 1955 953 1992 habitum
972 1956 1032 1992 in-

84 2009 170 2047 duit
185 2007 212 2048 ³.

135 2063 213 2099 Leo
232 2063 424 2101 Armenus
444 2064 555 2102 varia
573 2062 807 2111 reipublicae
827 2062 925 2099 bono
944 2073 1032 2110 ges-

84 2116 147 2153 sit:
175 2119 312 2154 contra
340 2117 529 2165 Bulgaros
559 2118 598 2153 et
616 2116 831 2153 Saracenos
851 2127 1033 2164 prospero

83 2172 209 2207 marte
239 2171 426 2215 certavit;
446 2170 697 2208 athaeresim
718 2169 1033 2206 Iconoclasticam

82 2225 123 2259 et
141 2223 288 2260 bellum
308 2226 442 2260 contra
462 2236 510 2261 ss.
532 2222 729 2271 Imagines
744 2234 954 2270 earumque
970 2223 1034 2259 de-

86 2274 257 2314 fensores
284 2277 532 2314 instauravit.
564 2276 828 2325 Nicephorum
858 2275 1028 2324 patriar-

85 2329 211 2375 cham,
230 2328 410 2367 Nicetam
430 2342 451 2367 e
468 2330 628 2379 patricio
643 2329 890 2375 monachum,
906 2328 1032 2365 AEmi-

85 2382 229 2419 lianum
259 2383 386 2431 Cyzici
408 2388 448 2420 et
468 2383 700 2421 Michaelem
721 2382 965 2430 Synadorum
986 2393 1030 2418 e-

86 2435 274 2483 piscopos,
293 2436 570 2485 Theophanem
591 2437 771 2473 abbatem
793 2437 831 2472 et
851 2435 1030 2472 Theodo-

88 2499 175 2524 rum
207 2488 423 2532 studitam,
443 2491 543 2538 quod
565 2488 770 2526 haereticis
792 2488 873 2525 eius
893 2488 1031 2525 studiis

86 2541 332 2585 resisterent,
351 2542 389 2578 in
411 2543 570 2579 exilium
591 2542 709 2587 misit,
729 2544 768 2578 et
788 2541 1027 2578 Theodotum

87 2594 360 2631 iconoclastam
375 2594 414 2630 in
429 2596 558 2632 sedem
573 2595 638 2643 Cp.
655 2594 821 2632 intrusit.
840 2595 910 2631 Hic
922 2606 1031 2643 pseu-

87 2647 255 2696 (lo-patri
263 2648 380 2685 archa
392 2648 836 2685 an.8l5conciliabulum
851 2648 1032 2685 Constan-

86 2700 247 2749 tinopoli
269 2700 396 2748 coegit
410 2729 418 2743 ,
439 2700 476 2736 in
497 2713 573 2749 quo
593 2701 796 2738 concilium
811 2700 1028 2738 Nicaenum

87 2753 122 2790 II
136 2782 146 2799 ,
167 2753 348 2802 generale
370 2753 455 2798 VII,
476 2755 664 2791 reiectum
686 2753 771 2799 fuit,
791 2755 1029 2803 pseudo-sy-

85 2807 209 2843 nodus
237 2806 480 2844 Constantini
511 2806 743 2855 Copronymi
780 2806 1027 2851 confirmata,

86 2860 288 2908 omnisque
309 2871 357 2896 ss.
376 2859 594 2907 Imaginum
615 2861 743 2896 cultus
763 2859 1027 2908 proscriptus⁴.

139 2912 197 2949 Ex
218 2913 288 2949 hoc
304 2916 475 2961 tempore
493 2912 530 2948 in
549 2925 596 2950 ss.
615 2912 805 2960 Imagines
820 2925 1030 2961 earumque

86 2964 306 3003 defensores
335 2966 389 3003 ita
417 2966 606 3003 saevitum
628 2967 704 3008 est,
739 2968 819 3001 «ut
847 2966 1029 3013 vidisses,

127 3090 136 3111 ¹
157 3091 270 3127 Labbe,
291 3090 409 3122 Concil.
428 3096 445 3122 t.
465 3092 525 3127 vn,
543 3101 570 3130 p.
593 3091 676 3122 1191.

127 3130 141 3152 Ξ
155 3133 345 3172 Theophan.,
363 3134 499 3169 Censen„
517 3134 663 3163 Zonaras.

128 3171 142 3194 3
156 3173 343 3212 Theophan,
361 3175 498 3211 Cedren.,
514 3176 659 3205 Zonaras.

126 3216 140 3235 ⁴
153 3214 264 3252 Labbe,
281 3216 338 3247 loc.
353 3217 400 3246 cit.
420 3226 448 3255 p.
471 3216 556 3246 1229.

1898 114 1976 152 219

1078 195 1212 233 scribit
1231 194 1406 243 Ignatius
1426 189 1638 238 diaconus1,
1650 189 1758 228 velut
1774 188 1812 226 in
1830 187 2032 237 captivita-

1078 251 1118 286 te
1139 248 1266 285 hostili
1287 258 1488 285 sacrarum
1507 246 1659 283 aedium
1679 241 1899 281 conculcari
1915 242 2029 278 dona-

1079 303 1158 345 ria,
1180 305 1219 338 et
1239 313 1336 350 quae
1356 300 1474 349 vulgo
1494 299 1642 336 intacta
1660 296 1835 340 fuerant,
1855 294 2028 343 profanis

1079 355 1181 392 trahi
1213 355 1389 392 manibus
1418 366 1462 390 ac
1492 351 1710 402 promiscue
1739 348 1858 398 plebis
1887 347 2026 396 exponi

1077 407 1318 456 spectaculo.
1347 407 1394 444 ab
1423 406 1598 443 ecclesiis
1627 403 1766 453 expelli
1796 403 1970 451 pastores
1989 403 2029 436 et,

1079 461 1188 509 lupos
1218 460 1403 509 gregibus
1432 458 1616 507 praefici3
1647 456 1773 505 fugari
1795 455 1859 504 qui
1880 457 2028 491 rectam

1078 512 1292 565 doctrinam
1309 512 1604 560 profitebantur,
1620 511 1758 559 quibus
1773 519 1865 546 vero
1875 517 2028 545 execra-

1078 566 1171 602 tioni
1192 565 1261 602 illa
1280 567 1379 610 erat,
1400 577 1464 602 eos
1485 564 1523 601 in
1544 563 1772 601 domesticos
1792 564 1832 600 et
1852 571 2026 598 necessa-

1076 619 1154 655 rios
1182 618 1262 655 reci
1269 618 1327 667 pi;
1347 618 1507 655 clericos
1528 616 1696 654 ludibria
1725 621 1840 664 atque
1860 614 2028 651 verbera

1076 673 1271 719 expertos,
1291 670 1521 708 firmissimis
1544 669 1798 717 undequaque
1819 666 2025 717 ergastulis

1076 724 1260 769 detineri3
1291 735 1498 761 nazaraeos
1527 724 1677 760 nostros
1698 721 1943 765 verberibus,
1964 719 2025 757 fa-

1075 789 1158 822 me,
1187 777 1274 821 siti,
1304 776 1497 814 diuturnis
1525 775 1744 812 carceribus
1765 786 1809 812 ac
1828 773 2026 811 laboribus

1077 832 1303 875 maceratos,
1323 830 1371 867 ad
1391 833 1571 867 extrema
1591 840 1708 876 usque
1729 827 1901 876 pericula
1921 826 2027 863 inter

1075 883 1274 920 cruciatus
1295 893 1561 932 perseverare,
1582 883 1622 918 et
1642 881 1778 917 horum
1801 880 1959 928 quidem
1981 890 2027 916 a-

1075 936 1144 974 lios
1165 936 1292 984 gladio
1313 936 1436 973 vitam
1457 935 1648 979 amittere,
1686 934 1784 971 alios
1822 933 1940 970 culeis
1971 932 2027 968 in-

1075 988 1224 1035 clusos,
1246 989 1470 1037 vinctosque
1490 998 1671 1026 saxorum
1692 997 1798 1027 more
1819 986 1898 1022 alto
1918 985 2025 1034 pela-

1074 1054 1122 1091 go
1139 1043 1324 1092 demergi;
1344 1042 1509 1079 feminas
1526 1039 1734 1086 vero‚viris
1749 1039 2025 1087 spectantibus,

1073 1095 1283 1141 denudari,
1312 1108 1356 1133 ac
1377 1095 1484 1133 velut
1503 1106 1587 1132 reas
1607 1093 1770 1142 equuleo
1792 1091 1959 1129 distendi
1980 1103 2025 1128 ac

1075 1149 1207 1195 coedi,
1237 1149 1366 1187 omnia
1386 1148 1490 1186 virili
1510 1159 1624 1186 sensu
1645 1145 1790 1184 Christi
1809 1157 1925 1182 causa
1944 1155 2027 1193 per-

1076 1202 1244 1241 ferentes
1265 1214 1300 1240 ».

1127 1256 1236 1293 Hanc
1251 1255 1492 1304 impietatem
1508 1255 1587 1292 Leo
1599 1254 1790 1291 Armenus
1801 1253 2026 1300 prosecutus

1074 1312 1133 1346 est
1153 1321 1271 1358 usque
1292 1309 1339 1346 ad
1359 1321 1419 1346 an.
1436 1308 1526 1354 820,
1542 1319 1631 1356 quo,
1647 1309 1804 1356 propter
1819 1305 2024 1342 saevitiam

1074 1363 1251 1401 omnibus
1263 1362 1472 1407 invisus,in
1488 1362 1584 1398 aede
1600 1371 1711 1398 sacra
1727 1358 1897 1408 palatina
1908 1370 1931 1395 a
1942 1369 2026 1395 con-

1075 1416 1214 1454 iuratis
1235 1416 1452 1453 trucidatus
1472 1416 1541 1452 est.

1131 1470 1190 1507 19.
1212 1470 1425 1517 Martyres
1444 1468 1629 1516 Bulyarz'
1642 1488 1692 1494 —-
1708 1464 1868 1514 Bulgari
1891 1465 2021 1502 autem

1074 1534 1133 1559 an.
1156 1523 1232 1560 813
1254 1522 1418 1560 devictis
1439 1521 1610 1568 Graecis,
1632 1531 1752 1568 usque
1773 1519 1822 1556 ad
1841 1517 2026 1555 Constan-

1074 1576 1275 1624 tinopolim
1302 1576 1591 1624 pervenerunt3
1619 1573 1684 1611 sed
1704 1572 1791 1610 novi
1812 1572 2024 1620 imperato-

1075 1629 1142 1675 ris,
1162 1629 1302 1666 Leonis
1323 1628 1501 1672 Armeni,
1522 1629 1627 1664 metu
1648 1627 1916 1669 removentes,
1937 1636 2024 1661 om-

1075 1694 1164 1719 nem
1194 1682 1392 1732 regionem
1413 1683 1631 1718 vastarunt.
1657 1677 1935 1726 Hadrianopoli
1957 1689 2025 1714 ar-

1075 1735 1358 1784 chiepiscopum
1368 1734 1457 1772 Man
1464 1734 1591 1771 uelem
1600 1744 1863 1782 magnumque
1876 1731 2024 1768 civium

1074 1800 1276 1826 numerum
1296 1790 1335 1826 in
1354 1787 1581 1836 Bulgariam
1602 1787 1858 1823 abduxerunt.
1879 1784 2023 1832 Bulga-

1074 1841 1106 1878 ri
1136 1841 1309 1879 ethnicos
1328 1842 1426 1879 ritus
1445 1841 1718 1884 sectabantur,
1738 1839 1804 1876 sed
1825 1837 1939 1884 multi
1958 1849 2023 1874 ar-

1073 1895 1302 1943 chiepiscopi
1330 1894 1525 1932 Manuelis
1543 1896 1582 1930 et
1602 1893 1765 1930 aliorum
1790 1891 2023 1928 christiano-

1074 1960 1161 1984 rum
1177 1949 1423 1996 captivorum
1439 1946 1628 1995 exemplis
1639 1949 1679 1983 et
1690 1944 1932 1983 sermonibus
1943 1955 2026 1992 per-

1074 2001 1183 2047 moti,
1202 2001 1338 2039 relicto
1355 2001 1596 2046 ethnicismo‚
1611 1999 1823 2037 christiana
1838 2009 1950 2035 sacra
1964 2009 2023 2034 su-

1074 2058 1292 2104 sceperunt.
1315 2055 1526 2102 Cutragon,
1546 2053 1608 2102 qui
1629 2065 1691 2090 an.
1709 2052 1785 2089 814
1801 2052 1969 2089 Crumno
1985 2050 2023 2086 in

1072 2119 1193 2157 regno
1209 2108 1472 2157 Bulgarorum
1487 2106 1684 2151 successit,
1701 2108 1890 2150 metuens,
1905 2116 1954 2141 ne
1969 2106 2024 2140 to-

1073 2163 1114 2198 ta
1129 2173 1222 2210 gens
1237 2162 1286 2198 ad
1303 2161 1544 2209 Religionem
1562 2158 1816 2196 christianam
1826 2158 2023 2202 transiret,

1074 2214 1294 2251 Manuelem
1311 2215 1644 2263 archiepiscopum
1661 2212 1832 2259 aliosque
1847 2211 2022 2259 captivos

1073 2268 1304 2316 insigniores
1334 2268 1381 2305 ad
1404 2267 1658 2304 deserendam
1679 2265 1813 2302 Fidem
1832 2263 2023 2307 tentavit;

1073 2333 1236 2369 cumque
1255 2321 1351 2358 nihil
1367 2321 1518 2358 efficere
1535 2321 1674 2369 posset,
1692 2318 2020 2366 archiepiscopum

1073 2386 1159 2411 cum
1179 2375 1302 2411 tribus
1322 2374 1407 2411 aliis
1429 2373 1614 2422 episcopis
1634 2371 1767 2409 necari
1783 2370 1907 2408 iussit.
1924 2369 2018 2406 Cum

1072 2427 1119 2465 iis
1147 2427 1381 2475 martyrium
1409 2427 1581 2476 perpessi
1610 2427 1699 2463 sunt
1727 2424 1794 2462 alii
1815 2424 2018 2472 plusquam

1072 2481 1162 2526 300,
1183 2492 1346 2528 quorum
1367 2480 1594 2517 memoriam
1614 2478 1776 2515 ecclesia
1797 2477 1947 2513 Graeca
1961 2487 2018 2512 ce-

1072 2534 1200 2571 lebrat
1219 2533 1280 2571 X1⁰
1299 2534 1480 2571 calendas
1500 2532 1713 2570 februarias
1722 2529 1748 2567 ².

1124 2587 1187 2624 20.
1213 2587 1525 2624 Christianismi
1551 2590 1686 2623 slatus
1714 2586 1820 2620 inter
1842 2582 2016 2619 Sarace-

1073 2652 1146 2677 nos
1166 2661 1216 2666 —-
1236 2641 1279 2677 In
1301 2640 1420 2677 terris
1450 2640 1626 2677 Arabum
1656 2649 1721 2674 seu
1741 2636 2019 2672 Saracenorum

1072 2693 1234 2741 imperio
1250 2693 1447 2738 subiectis,
1458 2695 1544 2741 post
1559 2692 1719 2728 mortem
1732 2688 1869 2726 califae
1877 2689 2021 2725 Aaron·

1075 2746 1321 2792 al-Raschid,
1342 2746 1407 2794 qui
1427 2745 1628 2782 calis-atum
1649 2741 1942 2790 Bagdadensem
1958 2741 2021 2778 fir-

1072 2799 1212 2844 mavit,
1245 2799 1509 2847 Nicephorum
1538 2798 1812 2844 imperatorem
1832 2806 2017 2843 graecum

1072 2853 1119 2889 ad
1141 2853 1363 2901 augendum
1382 2852 1594 2893 tributum,
1619 2849 1718 2897 quod
1740 2847 1878 2885 Graeci
1898 2848 2018 2884 Sara-

1072 2906 1176 2942 cenis
1206 2905 1446 2953 pendebant,
1473 2903 1618 2951 coegit,
1640 2901 1806 2939 insulam
1826 2901 2019 2949 Cyprum,

1071 2970 1300 3005 omnemque
1330 2958 1461 2994 Asiam
1482 2956 1670 2992 minorem
1691 2954 1879 2998 vastavit,
1900 2953 2018 2990 obiit-

1071 3024 1146 3060 que
1176 3023 1238 3048 an.
1268 3010 1366 3056 8093
1398 3009 1557 3047 dissidia
1584 3012 1623 3046 et
1641 3006 1746 3046 bella
1764 3007 1895 3044 civilia
1915 3007 2020 3044 inter

1114 3175 1124 3195 ¹
1147 3173 1217 3205 Vita
1234 3171 1408 3212 Niceplmri
1423 3171 1602 3212 palriarch.
1622 3171 1676 3212 Cp.

1114 3216 1126 3236 ‘²
1142 3216 1319 3255 Theophan.
1339 3213 1586 3263 p'ltronoyruplt.
