2241 3473
455 117 581 149 stVss
610 120 663 148 AD
693 120 898 149 PVBLICAM
926 117 1073 146 RERVM
1102 118 1143 146 IN
1172 120 1329 149 GALLIIS
1358 122 1663 152 SVBVERSIONEM

96 193 159 219 an.
181 180 293 226 1669,
314 192 430 229 quum
451 194 550 221 ann.
573 183 610 229 2,
631 197 757 224 mens.
776 186 801 224 5
824 188 862 224 ct.
881 185 966 224 dies
989 183 1035 221 19

98 234 371 272 Pontificatum
389 236 630 276 obtinuisset.

150 287 209 325 19.
245 287 428 326 Clemens
457 290 501 326 X
531 291 728 341 Pontz'feoe
745 292 828 342 (an.
854 291 970 339 1670)
988 310 1035 318 -

97 340 217 382 Quem
249 340 425 380 Clemens
446 343 503 380 IX
535 345 771 383 vaticinatus
805 345 930 383 fuerat
950 355 1036 382 mo-

96 394 199 431 riens
219 393 299 431 fore
319 406 578 434 successorem
600 410 724 443 suum,
746 399 777 436 is
799 401 885 448 post
905 401 1038 436 extra-

95 448 159 484 cta
178 446 215 484 in
235 448 412 496 quintum
435 462 606 488 mensem
628 452 785 489 comitia
805 451 868 489 111⁰
886 450 1035 488 calend.

95 500 185 538 maii
205 512 266 538 an.
306 501 406 540 1670
436 504 622 541 Pontifex
656 505 829 553 eligitur,
850 503 1037 541 [Emilius

94 553 469 599 Altieri‚Romanus.
484 559 618 595 Annos
635 557 686 594 80
704 558 788 595 fere
807 560 920 594 natus
938 558 1034 593 crat..

95 606 371 645 Pontificatum
402 609 449 646 ob
478 612 648 647 aetatem
672 610 875 648 excusanti
896 609 1036 647 Cardi—

96 659 202 698 nales
232 660 299 698 vix
315 662 469 699 demum
502 675 750 712 persuasere,
773 666 814 701 ut
835 664 1036 712 pateretur

95 724 136 751 se
165 713 392 752 Pontificem
422 717 677 764 pronuntiari.
707 717 744 755 Is
774 728 913 754 nomen
943 715 1033 753 Cle-

94 766 238 805 mentis
254 767 292 805 X
315 770 536 818 assumpsit,
558 782 706 808 memor
726 769 903 808 beneficii
921 779 1034 806 acee-

94 820 151 871 pti
167 832 190 858 a
205 820 404 860 Clemente
419 822 485 868 IX,
498 835 521 861 a
537 836 610 873 quo
629 824 799 873 quinque
813 825 903 861 ante
925 833 1033 860 men-

95 874 201 912 sibus
229 874 268 912 in
305 875 570 914 Cardinalium
591 877 775 915 Ordinem
812 876 1034 925 adscriptus

97 928 238 966 fuerat.
251 928 394 966 Curam
415 929 584 968 intendit
603 931 652 968 ad
674 931 951 969 stabiliendam
983 927 1034 966 di-

95 982 296 1032 sciplinam
308 982 624 1029 ecclesiasticam,
635 987 674 1022 et
687 983 966 1021 absolvendam
982 982 1036 1019 in-

96 1036 277 1074 choatam
299 1047 320 1072 a
340 1036 539 1074 decessore
560 1049 628 1075 suo
645 1037 828 1075 basilicae
863 1036 1035 1075 Liberia·

97 1101 172 1127 nae
192 1101 260 1127 seu
282 1101 310 1127 s.
332 1089 483 1127 Mariae
504 1091 664 1129 Maioris
694 1091 1034 1135 instaurationem3

97 1143 337 1192 martyribus
351 1172 360 1189 ‚
376 1143 488 1182 dictis
517 1144 861 1182 Gorcomiensibus
882 1144 930 1181 ab
951 1142 1034 1180 loco

98 1197 205 1234 neeis
224 1196 377 1242 illatae,
397 1208 527 1235 sacros
546 1198 755 1236 Beatorum
776 1198 943 1235 honores
962 1196 1033 1233 de-

98 1250 235 1288 crevit.
253 1249 330 1298 Ipsi
347 1251 540 1299 superiori
556 1252 725 1298 saeculo,
735 1251 791 1289 uti
805 1251 949 1288 dictum
963 1251 1034 1293 est,

99 1304 199 1352 apud
216 1303 360 1352 Belgas
375 1307 540 1341 mortem
558 1305 747 1352 obierant,
761 1305 870 1342 vario
883 1302 1032 1352 suppli-

98 1357 245 1394 ciorum
275 1369 417 1407 genere
447 1357 596 1404 affecti,
629 1359 730 1407 quod
758 1357 1035 1396 confirmarent

98 1410 318 1448 Primatum
335 1411 504 1448 Romani
525 1412 741 1458 Pontificis,
761 1414 801 1449 et
818 1412 1036 1449 assererent

98 1475 236 1502 verum
250 1464 390 1502 Christi
408 1477 545 1514 corpus
565 1466 601 1502 in
621 1466 869 1503 Eucharistia
906 1463 1035 1501 conti-

98 1517 183 1555 neri
205 1516 384 1556 ¹.Rosam
399 1518 602 1567 Virginem
618 1520 838 1564 Limanam‚
859 1516 1036 1555 Ludovi-

97 1582 188 1608 cum
207 1571 469 1609 Bertrandum
489 1600 499 1618 ,
520 1573 749 1610 Caietanum
771 1572 1033 1616 Thienaeum,

98 1624 321 1674 Philippum
343 1625 560 1672 Benitium,
587 1630 626 1664 et
654 1625 909 1664 Franciscum
930 1624 1033 1662 Bor-

97 1678 202 1727 giam
217 1678 321 1716 inter
336 1678 499 1716 Sanctos
509 1680 658 1727 retulit;
671 1680 861 1717 Lusitano
876 1678 972 1726 regi,
996 1680 1034 1714 ut

97 1730 145 1769 ad
165 1731 425 1770 imitationem
443 1733 608 1770 aliorum
626 1745 760 1782 regum
780 1735 974 1771 oratorem
996 1730 1033 1767 in

97 1784 201 1823 Urbe
216 1785 392 1832 haberet,
413 1786 588 1834 indulsit;
609 1787 782 1832 dissidia,
803 1787 906 1823 inter
925 1784 1033 1834 prin-

98 1837 226 1888 cipum
242 1842 416 1877 oratores
435 1843 533 1887 orta,
555 1841 793 1889 composuit3
813 1838 1034 1877 Moscoviae

99 1892 188 1929 duci
208 1904 345 1930 nomen
368 1894 559 1940 Caesaris,
580 1895 679 1943 quod
701 1905 770 1942 per
788 1892 1032 1942 legatosRo-

100 1957 203 1983 mam
233 1946 371 1985 missos
401 1947 580 1996 petierat,
601 1947 780 1985 conferre
810 1945 1034 1990 recusavit3

99 1998 266 2037 Polonos
296 2000 474 2039 hortatus
502 2004 572 2047 est,
593 2005 649 2046 ut,
679 2000 862 2049 depositis
891 1997 1035 2036 mutuis

100 2052 212 2099 odiis,
231 2053 334 2090 vires
363 2066 451 2092 suas
472 2060 607 2093 contra
627 2055 846 2092 Turcarum
867 2053 1035 2101 impetus

101 2107 396 2156 coniungerent,
410 2108 532 2156 iisque
548 2108 699 2146 auxilia
714 2107 833 2154 misit3
850 2119 910 2144 an.
935 2104 1037 2143 1675

101 2160 261 2197 solemni
290 2172 376 2198 cum
394 2173 534 2211 pompa
552 2173 771 2211 magnaque
792 2160 1035 2209 populorum,

103 2224 150 2250 ex
181 2214 358 2253 omnibus
385 2215 610 2263 regionibus
637 2216 677 2252 in
706 2215 851 2253 Urbem
881 2223 1036 2251 concur-

102 2267 439 2316 rentium,pietate
466 2269 681 2307 Iubilaeum
700 2268 892 2306 decimum
913 2277 1036 2315 quar-

103 2321 189 2356 tum
209 2318 436 2360 celebravit.
458 2323 641 2372 Regnare
671 2321 786 2360 desiit
813 2332 913 2358 anno
941 2320 1035 2357 inse-

103 2372 251 2420 quenti,
267 2374 327 2411 X1⁰
341 2375 664 2425 calend.augusti,
678 2375 892 2419 sewenm'o,
908 2384 1034 2410 mem.

102 2426 141 2470 2,
158 2425 256 2464 dieb.
270 2426 321 2465 23
335 2440 451 2477 quam
464 2430 508 2468 D.
522 2429 632 2467 Petri
647 2429 777 2467 sedem
788 2431 925 2466 tenere
945 2438 1037 2464 coe-

103 2481 229 2528 perat.

157 2532 220 2570 20.
241 2533 471 2582 Relzyz'onz's
498 2540 631 2573 status
660 2537 705 2573 z‘n
725 2535 886 2583 Aozylz‘a
901 2554 951 2560 -
968 2532 1036 2570 Di-

106 2585 249 2632 ximus,
286 2587 371 2635 quis
407 2587 529 2626 fuerit
559 2587 769 2638 religionis,
791 2592 831 2625 et
860 2585 1040 2635 reipubli-

104 2650 172 2677 cae
191 2642 318 2677 status
337 2640 376 2677 in
396 2641 550 2690 Anglia‚
568 2642 700 2681 Scotia
716 2645 755 2680 et
771 2641 958 2679 Hibernia
968 2639 1038 2677 sub

106 2703 222 2730 saevo
231 2692 468 2732 Cromwell.²
478 2695 532 2732 Eo
543 2707 643 2732 anno
654 2696 756 2733 1658
765 2691 1039 2738 exstincto,Ri-

105 2746 285 2793 chardus,
304 2746 407 2785 filius
427 2748 522 2795 eius,
542 2751 736 2797 protector
757 2747 887 2797 populi
908 2745 1038 2783 accla-

106 2801 234 2837 matus
263 2804 333 2837 est.
353 2801 501 2838 Verum
521 2814 584 2839 an.
607 2802 706 2840 1660
727 2801 886 2839 Carolus
906 2800 955 2845 Il,
972 2799 1040 2836 Ca-

106 2852 178 2889 roli
201 2853 217 2889 1
237 2853 352 2899 filius,
371 2854 409 2891 in
432 2854 613 2903 Angliam
633 2857 841 2892 revocatus
861 2856 900 2890 et
919 2852 959 2889 in
981 2863 1041 2900 pa-

105 2906 261 2944 ternum
289 2907 428 2944 solium
450 2912 608 2945 evectus
627 2910 697 2954 est,
718 2907 974 2956 regnavitque
996 2917 1042 2942 u·-

107 2970 200 3007 sque
220 2960 269 2997 ad
290 2972 350 2998 an.
376 2961 486 2998 1685.
508 2961 545 2998 Is
565 2960 764 2998 confestim
787 2961 825 2997 in
845 2958 987 3008 Anglia
1006 2961 1044 2995 et

108 3011 238 3052 Scotia
258 3015 452 3064 episcopos
472 3014 652 3052 restituit.
665 3014 775 3051 Tunc
790 3014 830 3051 in
850 3014 984 3050 senatu
1007 3013 1045 3049 et

152 3108 163 3130 1
178 3107 401 3147 Lambertinus,
416 3108 435 3139 l.
453 3108 473 3147 1,
486 3107 523 3140 de
538 3106 715 3140 Servorum
730 3107 786 3140 Dei
801 3107 918 3149 Beatif.
935 3111 991 3140 etc.
1014 3116 1042 3139 c.

109 3145 161 3186 24,
174 3157 203 3179 n.
221 3148 268 3185 10,
285 3152 314 3180 et
330 3149 466 3189 Append.
482 3149 511 3189 6,
523 3150 589 3182 vid.
605 3159 729 3191 quoque
741 3160 770 3191 p.
789 3148 858 3181 176.

153 3188 168 3210 2
183 3190 214 3222 P.
231 3189 377 3222 ‘zebe-22.

1886 114 1962 151 231

1081 185 1313 234 magistratu
1364 189 1668 237 praevaluerunt
1707 187 1911 238 Anglicani
1949 201 2015 227 seu

1082 239 1329 290 Episcopalcs
1347 254 1355 287 ;
1385 245 1424 279 et
1444 243 1622 291 quamvis
1639 254 1707 280 rex
1729 254 1790 280 an.
1816 243 1915 280 1672
1934 243 2017 280 edi-

1081 296 1183 330 ctum
1199 294 1429 332 tolerantiae
1442 296 1477 331 in
1492 295 1667 334 favorem
1681 295 2017 345 Non-conformi-

1079 351 1241 383 Starum
1271 348 1574 397 promulgasset,
1603 350 1855 398 magistratus
1885 351 2018 394 tamen

1080 398 1300 437 insistentes
1329 402 1455 449 potius
1485 403 1654 451 legibus,
1684 403 1771 440 inde
1805 404 1852 440 ab
1890 402 2018 440 Elisa-

1080 453 1196 490 betha
1212 452 1314 500 latis,
1330 465 1512 502 magnum
1530 455 1641 492 illoru
1651 468 1684 492 m
1703 468 1907 494 numerum
1939 467 2018 493 car-

1079 517 1164 543 cere
1193 506 1357 554 aliisque
1387 508 1518 554 poenis
1548 509 1804 548 mulctarunt.
1835 511 1921 547 Rex
1951 509 2018 547 Ca·

1079 559 1182 596 rolus
1211 559 1245 596 ΙΙ
1267 559 1475 597 Catholicis
1496 561 1605 605 favit,
1628 563 1802 611 quinimo
1823 563 1860 600 in
1884 574 2017 600 corum

1077 612 1345 648 communione
1366 613 1505 651 obiisse
1519 615 1673 662 dicitur;
1688 619 1741 662 at,
1754 629 1826 653 non
1840 617 2018 654 obstante

1076 664 1158 702 eius
1180 665 1474 712 benevolentia,
1494 667 1549 704 illi
1571 668 1856 707 haereticorum
1886 670 2017 707 odium

1076 719 1115 755 et
1147 717 1336 756 invidiam
1377 720 1612 767 subierunt,
1642 721 1850 771 pluresque
1867 753 1875 769 ,
1914 723 2016 760 inter

1076 783 1172 820 quos
1211 771 1406 810 Olivierus
1446 773 1647 822 Plunquet
1664 804 1673 820 ,
1708 777 2019 826 archiepiscopus

1077 825 1346 863 Armachanus
1366 825 1405 862 in
1427 826 1628 873 Hibernia,
1649 830 1717 866 aut
1736 831 1774 867 vi
1795 829 1939 879 legum,
1961 842 2023 867 an-

1077 881 1141 915 tea
1170 880 1306 916 contra
1326 878 1545 918 Catholicos
1573 880 1757 929 latarum,
1779 886 1847 921 aut
1866 885 2023 933 propter

1077 931 1241 969 conficta
1257 932 1433 978 crimina,
1454 934 1651 983 suppliciis
1667 935 1796 973 affecti
1815 940 1917 974 sunt.

1128 986 1240 1022 Anno
1274 985 1373 1023 1685
1393 986 1530 1024 Carolo
1551 988 1586 1025 II
1607 988 1645 1024 in
1666 989 1845 1038 Angliae,
1867 989 2021 1027 Scotiae

1076 1039 1114 1076 et
1135 1038 1346 1076 Hiberniae
1368 1051 1487 1088 regno
1507 1041 1695 1079 successit
1714 1042 1877 1081 Iacobus
1894 1043 1944 1089 II,
1964 1043 2024 1079 fra

1075 1094 1137 1129 ter
1156 1092 1252 1130 eius.
1272 1092 1345 1129 Hic
1361 1093 1408 1130 ab
1426 1094 1688 1132 adolescentia
1708 1107 1778 1133 sua
1791 1097 2022 1134 catholicam

1076 1145 1194 1182 fidem
1214 1144 1412 1194 professus
1431 1146 1574 1195 fuerat,
1595 1150 1634 1185 et
1649 1149 1686 1185 in
1705 1149 1843 1186 solium
1865 1152 2024 1187 evectus

1077 1199 1174 1235 nihil
1194 1199 1393 1247 antiquius
1406 1200 1558 1249 habuit,
1574 1213 1688 1250 quam
1702 1205 1746 1240 ut
1766 1203 1930 1240 subditis
1946 1202 2023 1241 suis

1077 1252 1277 1290 catholicis
1310 1253 1507 1291 meliorem
1537 1258 1681 1292 sortem
1708 1260 1876 1304 pararet.
1907 1257 2022 1301 Nam,

1078 1317 1153 1342 non
1184 1306 1431 1344 obstantibus
1460 1309 1806 1358 persecutionibus,
1831 1322 1926 1360 quas
1948 1310 2022 1347 Ca-

1077 1359 1211 1396 tholici
1242 1360 1374 1397 multis
1403 1364 1509 1399 retro
1531 1363 1641 1399 annis
1663 1364 1830 1412 perpessi
1854 1363 2023 1409 fuerant,

1077 1412 1101 1449 ii
1121 1415 1253 1450 tamen
1275 1425 1415 1462 magno
1436 1418 1549 1452 erant
1570 1428 1732 1453 numero
1753 1417 1790 1454 in
1809 1417 1962 1466 Anglia.
1980 1417 2021 1454 In

1076 1465 1161 1514 ipsa
1181 1466 1313 1503 Scotia
1335 1467 1445 1505 multi
1462 1468 1500 1505 in
1516 1469 1623 1506 avita
1639 1469 1829 1520 religione
1846 1482 2024 1519 perseve-

1078 1522 1223 1557 rarant.
1255 1520 1415 1557 Hiberni
1446 1525 1620 1561 maxima
1640 1529 1750 1572 parte
1772 1524 1813 1561 in
1833 1524 2027 1561 catholica

1077 1572 1152 1610 fide
1191 1576 1414 1611 constanter
1454 1580 1762 1624 permanserant.
1793 1578 1955 1615 Iacobus
1989 1578 2027 1615 11

1076 1626 1242 1663 liberum
1252 1627 1449 1676 religionis
1470 1630 1684 1668 catholicae
1707 1631 1939 1668 exercitium
1971 1642 2030 1668 re-

1079 1680 1222 1727 stituit3
1237 1680 1458 1729 religiosam
1476 1682 1699 1721 libertatem
1711 1683 2037 1722 Non-conformi-

1079 1733 1149 1770 stis
1161 1745 1205 1770 ac
1217 1733 1481 1773 Conformistis
1494 1735 1555 1773 ind
1564 1737 1666 1784 ulsit3
1680 1738 1824 1775 nemini
1835 1738 2034 1787 religionis

1079 1798 1194 1824 causa
1210 1787 1289 1824 vim
1310 1790 1378 1825 aut
1399 1789 1613 1828 molestiam
1634 1792 1789 1839 intulit;
1805 1792 1922 1841 leges,
1941 1792 2032 1839 qui-
2062 1816 2063 1819 =

1079 1841 1150 1877 bus
1166 1840 1355 1878 Catholici
1372 1853 1395 1879 a
1415 1844 1641 1882 muneribus
1662 1845 1824 1894 publicis
1846 1847 2033 1883 arceban-

1080 1897 1155 1939 tur,
1177 1895 1375 1942 abolevit3
1397 1908 1483 1933 cum
1514 1897 1738 1935 Innocentio
1762 1899 1830 1948 Pp.
1862 1899 1932 1946 XI,
1962 1911 2029 1936 seu

1079 1947 1160 1985 eius
1181 1948 1337 1994 nuncio,
1350 1949 1395 1985 de
1408 1949 1611 1988 formando
1628 1952 1877 1990 ecclesiarum
1900 1953 1935 1989 in
1955 1954 2030 1990 An-

1080 2000 1160 2050 glia
1188 2003 1292 2039 statu
1323 2004 1498 2041 contulit.
1532 2004 1714 2043 Pontifex
1743 2007 1924 2055 Angliam
1946 2007 1984 2043 in
2005 2007 2029 2043 4

1079 2055 1292 2092 districtus
1322 2055 1467 2103 divisit,
1491 2060 1530 2095 et
1552 2059 1757 2108 unicuique
1786 2061 2026 2109 episcopum,

1080 2107 1216 2145 vicarii
1237 2109 1436 2157 apostolici
1454 2113 1646 2159 potestate
1662 2113 1907 2158 instructum,
1925 2125 2030 2161 prae-

1078 2160 1182 2199 fecit.
1214 2162 1275 2199 Ita
1295 2174 1439 2201 aurora
1459 2164 1611 2202 felicior
1630 2166 1839 2204 Catholicis
1859 2166 2001 2204 illuxit.

1133 2215 1282 2252 Verum
1310 2217 1510 2263 haeretici,
1541 2219 1824 2258 Conformistae
1854 2223 1893 2258 et
1922 2219 2027 2257 Non-

1080 2267 1366 2316 conformistae,
1388 2271 1517 2308 Iacobi
1537 2273 1573 2309 11
1593 2284 1688 2322 erga
1708 2273 1926 2311 Catholicos
1943 2276 2028 2311 stu-

1081 2322 1187 2359 dium
1208 2324 1424 2371 aegerrime
1444 2324 1635 2373 tulerunt,
1656 2339 1842 2376 suamque
1863 2326 2026 2375 religio-

1080 2387 1167 2412 nem
1189 2376 1260 2413 sub
1282 2376 1451 2426 principe
1471 2379 1663 2417 catholico
1684 2381 1841 2429 deperdi
1862 2380 2023 2417 concla-

1080 2432 1243 2475 mantes,
1264 2431 1448 2479 populum
1468 2432 1506 2469 in
1527 2444 1658 2481 regem
1681 2434 1939 2471 concitarunt.
1953 2435 2026 2471 Re-

1080 2482 1258 2520 bellionis
1278 2483 1388 2522 initia
1409 2485 1561 2533 quidem
1583 2487 1766 2535 repressit
1782 2499 1864 2533 rex,
1882 2488 1947 2524 sed
1968 2499 2028 2524 an.

1085 2535 1197 2583 1688,
1226 2548 1347 2585 quum
1375 2538 1573 2587 inopinato
1604 2540 1707 2577 filius
1728 2540 1810 2588 regi
1831 2542 1944 2577 natus
1963 2552 2027 2577 es-

1083 2592 1153 2635 set,
1162 2590 1412 2628 rebellionem
1422 2592 1707 2639 instaurarunt,
1720 2595 1759 2630 et
1770 2593 2025 2631 Guilielmum

1084 2643 1602 2692 principemArausicanum,
1613 2646 1844 2684 Hollandiae
1859 2658 1926 2685 seu
1941 2647 2027 2684 foe-

1083 2695 1207 2733 derati
1228 2696 1690 2747 Belgiigubernatorem,
1710 2700 1840 2737 Iaeobi
1860 2701 1897 2738 II
1914 2712 2028 2749 gene-

1085 2761 1184 2796 rum,
1218 2754 1443 2789 evocarunt.
1479 2752 1563 2797 Hic,
1598 2753 1784 2800 regnandi
1813 2754 2027 2802 cupiditate

1085 2815 1160 2840 non
1181 2803 1308 2842 minus
1328 2816 1443 2852 quam
1464 2805 1660 2853 religionis
1681 2818 1804 2844 novae
1824 2807 1950 2845 studio
1974 2807 2029 2843 in-

1086 2857 1241 2902 citatus,
1271 2858 1407 2895 eodem
1427 2859 1552 2895 adhuc
1572 2871 1671 2896 anno
1692 2871 1779 2896 eum
1800 2860 1938 2905 classe,
1958 2872 2026 2896 co·-

1087 2910 1156 2958 piis
1194 2910 1406 2956 instructa,
1439 2911 1477 2947 in
1515 2912 1698 2960 Angliam
1733 2914 1894 2962 appulit.
1931 2913 2027 2950 Cum

1087 2963 1258 3011 plerique
1272 2964 1318 3001 ad
1330 2976 1414 3001 eum
1427 2965 1896 3012 convolarent,Iacobo‚ab
1910 2966 2030 3003 omni-

1087 3017 1156 3054 bus
1186 3018 1359 3064 deserto,
1387 3016 1501 3054 facile
1535 3019 1757 3067 praevaluit
1790 3031 1956 3069 eumque
1988 3019 2027 3056 in

1087 3068 1358 3118 captivitatem
1387 3071 1550 3120 redegit.
1567 3072 1727 3110 Iacobus
1757 3085 1777 3110 e
1797 3073 2026 3122 captivitate

1088 3123 1257 3170 elapsus,
1287 3135 1374 3160 cum
1404 3125 1538 3173 regina
1566 3126 1731 3175 coniuge
1763 3126 1918 3176 filioque
1947 3138 2028 3171 sue,

1089 3175 1260 3225 principe
1273 3177 1458 3225 Wa'lliae,
1477 3178 1516 3215 in
1532 3178 1659 3217 Gallia
1673 3179 1864 3227 exulavit,
1879 3180 1944 3218 ubi
1955 3180 2029 3217 Lu—
