2241 3473
187 142 267 180 444

141 223 181 255 et
206 220 357 256 titulum
386 220 468 265 ipse
494 222 733 254 testamento
764 219 952 259 caverat,
982 214 1091 250 redo-

141 274 300 320 lentque
339 272 595 307 christianam
638 270 945 317 simplicitatem.
991 268 1093 303 Nam

146 327 183 362 in
203 328 335 362 fronte
361 325 491 371 exigui
519 324 655 360 tumuli
690 324 758 359 sub
791 324 935 359 mortui
968 323 1093 358 calva-

144 380 204 415 ria
222 380 387 425 legitur:
410 378 509 413 Ossa
538 380 573 413 et
600 376 751 412 cineres
777 376 845 411 Pit·
864 376 950 411 PP.
973 375 1093 411 IX—

147 432 259 467 Vixit
274 442 397 467 annos
411 442 543 467 Lxxxv
560 453 599 458 —
618 430 657 465 in
668 429 918 477 Pontzflcatu
937 441 972 465 a.
990 441 1096 465 xxxi.

148 499 199 522 m.
215 485 717 531 vi1.d.xx111.-Oratepr0
733 483 895 519 eo.Tam
914 483 1097 518 diuturno

147 539 383 575 Pontificatu
411 538 505 574 Pius
532 538 606 574 etsi
634 548 792 584 pressus
820 537 1015 580 adversis,
1043 540 1099 572 ta-

146 604 237 628 men
264 592 417 628 creavit
443 596 600 627 centurn
627 590 769 636 viginti
802 595 885 626 tres
910 589 1099 627 Cardina-

149 646 224 690 les,
245 650 284 681 et
308 645 383 680 duo
410 645 534 680 millia
551 655 672 691 supra
688 650 848 680 centum
868 644 1097 691 Episcopos.

146 698 207 734 Ad
234 698 404 734 honores
431 702 470 734 et
496 698 582 733 iura
600 697 805 733 Ecclesiae
824 697 1100 744 Metropolita-

149 764 222 789 nae
239 752 377 788 extulit
391 751 530 798 viginti
540 763 679 787 novem
692 751 950 799 Episcopales
963 750 1100 792 Sedes,

147 806 389 852 instituitque
402 810 558 841 centum
573 805 739 851 triginta
752 805 848 840 duas
864 815 988 840 novas
999 804 1101 839 dioe-

147 871 272 903 ceses,
285 865 366 895 tres
384 859 634 903 Apostolicas
649 859 946 906 Delegationes,
964 858 1101 905 trigin-

151 919 190 950 ta
208 919 290 949 tres
307 913 535 948 Vicariatus
561 916 603 948 et
619 912 843 959 quindecim
874 913 1100 948 Praefectu-

151 978 215 1003 ras
235 966 494 1014 Apostolicas,
515 977 670 1002 necnon
687 967 929 1003 Coenobium
948 966 1009 1002 Ss.
1029 965 1103 1000 Ni-

151 1020 259 1057 colai
268 1022 302 1056 ec
311 1019 532 1063 Benedicti,
546 1019 820 1056 Praelaturae
829 1020 1010 1063 Nullius,
1021 1019 1103 1055 Mo-

151 1087 277 1112 naec-1.

156 1178 316 1219 accipere:
340 1175 502 1217 vultuque
529 1178 561 1207 et
586 1183 663 1207 voce
689 1178 721 1206 et
741 1174 787 1206 ira
807 1175 950 1207 minaces
969 1175 1104 1206 circum-

154 1224 267 1256 venire
293 1221 463 1254 hostiliter
491 1220 658 1261 lugubrem
686 1221 888 1260 comitatum,
906 1226 937 1253 et
963 1221 1105 1253 verberi-

153 1269 212 1301 bus
238 1272 392 1310 saxisque
421 1269 566 1300 certatim
595 1271 720 1308 petere.
748 1266 844 1298 Immo
864 1291 871 1304 ,
897 1268 982 1309 quod
1012 1266 1103 1298 nulla

155 1315 300 1347 barbaria
328 1313 540 1350 tentavisset,
558 1321 598 1344 ne
626 1312 777 1354 reliquiis
791 1313 918 1353 quidem
938 1313 1104 1345 Pontificis

156 1361 351 1394 sanctissimi
388 1363 617 1402 pepercerunt.
646 1359 717 1390 Non
752 1358 841 1390 niodo
875 1360 959 1391 enim
987 1368 1102 1390 nomen

156 1407 201 1439 Pii
229 1406 269 1438 IX
298 1406 534 1438 contumeliose
561 1405 760 1446 appellatum
779 1429 786 1442 ,
818 1404 871 1436 sed
906 1406 939 1437 in
975 1413 1102 1437 currum

155 1452 409 1494 quadrigarum,
437 1459 500 1493 quo
527 1451 690 1492 reliquiae
717 1449 938 1490 vehebantur,
965 1450 1104 1483 coniecti

157 1499 289 1541 lapides,
310 1499 499 1540 pluriesque
525 1496 748 1534 inclamatum,
766 1496 985 1537 proiieiendos
1013 1497 1106 1528 inliu-

157 1549 259 1576 matos
278 1545 418 1576 cineres.
439 1542 738 1584 Continuatumque
759 1546 855 1582 longo
880 1543 1001 1575 viarum
1023 1547 1105 1575 trac-

158 1596 206 1628 tu,
233 1590 368 1622 duarum
404 1590 555 1621 horarum
583 1590 687 1631 spatio
706 1613 714 1627 ,
747 1591 841 1629 turpe
870 1589 1103 1630 spectaculum.

159 1636 249 1675 Quod
275 1637 300 1668 si
328 1645 392 1667 non
420 1635 456 1666 ad
483 1640 627 1666 extrema
654 1637 784 1666 ventum
813 1638 874 1673 est,
893 1635 1105 1667 moderationi

159 1691 269 1715 eorum
299 1682 477 1719 tribuatur,
496 1681 551 1723 qui
578 1681 724 1723 quamvis
752 1681 835 1710 omni
863 1682 890 1712 vi
911 1682 1107 1723 petulantia-

159 1738 221 1771 que
249 1728 392 1760 lacessiti
419 1727 555 1759 iniurias
581 1727 748 1768 patienter
781 1726 864 1758 serre
894 1728 1107 1763 maluerunt,

158 1783 251 1816 quam
278 1775 350 1806 ullo
376 1774 468 1805 niodo
496 1774 602 1806 sinere
629 1777 667 1804 ut
688 1773 773 1804 inter
799 1771 880 1805 illud
905 1773 1038 1816 pietatis
1059 1773 1107 1806 os—

159 1821 265 1853 [icium
292 1820 472 1852 funestiora
497 1820 738 1859 contingerent.

198 1867 259 1898 Leo
272 1866 329 1908 Pp.
344 1865 419 1897 xiii
434 1866 634 1897 allocutione
651 1865 759 1896 habita
772 1864 928 1902 [tangusu
942 1864 1022 1896 1881
1038 1874 1105 1905 gra-

159 1913 241 1944 viter
267 1911 530 1954 conquerebatur
547 1913 584 1943 de
604 1912 661 1943 hoc
680 1911 809 1945 nefandi
835 1911 972 1949 scelere,
993 1912 1104 1943 aiens:

163 1971 177 1987 «
202 1959 433 1999 Deploramus,
453 1957 642 1998 illatamque
668 1958 915 1999 expostulamus
942 1958 1106 1996 iniuriam,

162 2005 256 2038 cuius
274 2005 311 2035 ad
332 2013 386 2035 eos
404 2004 500 2044 culpa
519 2004 679 2045 pertinet,
697 2004 750 2045 qui
771 2012 829 2037 nec
847 2003 918 2034 iura
938 2004 1106 2043 religionis

162 2059 222 2082 nec
248 2051 364 2082 civium
386 2049 561 2081 libertatem
581 2050 735 2082 adversus
754 2051 922 2092 impiorum
943 2049 1104 2081 hominum

164 2097 306 2128 furorem
333 2095 562 2127 defenderunt.
583 2096 687 2137 Atque
707 2105 745 2127 ex
765 2098 824 2129 hoc
843 2096 910 2136 ipso
930 2095 1106 2137 perspiciat

162 2143 344 2175 catholicus
371 2140 456 2173 orbis
482 2146 601 2182 quanta
638 2141 736 2173 Nobis
764 2143 794 2174 in
831 2141 914 2173 Urbe
949 2147 1106 2174 securitas

162 2190 379 2231 relinquatur.
399 2185 566 2226 Cognitum
587 2193 857 2230 perspectumque
875 2191 957 2225 erat,
977 2193 1106 2220 coactos

163 2234 227 2267 Nos
253 2242 323 2267 esse
349 2233 385 2264 nti
413 2241 556 2273 asperam
575 2233 804 2274 multisquetle
823 2234 946 2265 caussis
972 2243 1034 2264 non
1065 2234 1109 2264 se-

163 2281 293 2313 rendam
322 2279 559 2318 conditionem;
580 2279 659 2310 lianc
689 2283 792 2311 tamen
820 2287 934 2311 recens
961 2284 1105 2319 eventus,

165 2327 202 2357 (le
230 2335 293 2368 quo
315 2326 493 2367 loquimur,
513 2325 610 2365 magis
629 2325 782 2365 patefecit
801 2329 899 2365 atque
918 2325 1107 2364 illustravit,

164 2373 327 2414 simulque
360 2371 527 2409 ostendit,
560 2371 586 2402 si
621 2371 754 2402 acerbus
791 2370 887 2401 Nobis
921 2376 968 2403 est
1002 2381 1107 2403 rerum

166 2418 386 2459 praesentium
406 2421 524 2457 status,
544 2415 741 2448 acerbiorem
760 2424 831 2448 esse
851 2420 1107 2457 expectationem

167 2463 380 2505 reliquarum.
417 2462 506 2501 Quod
542 2463 566 2493 si
600 2466 728 2493 evectos
754 2471 812 2504 per
846 2462 958 2493 Urbem
995 2463 1038 2494 Pii
1069 2464 1110 2495 lx

166 2510 293 2541 cineres
313 2509 555 2549 indignissimae
575 2508 834 2549 perturbationes
849 2509 1043 2551 maximique
1062 2514 1112 2541 tn-

169 2556 291 2587 muttns
318 2555 512 2596 consequuti
534 2558 623 2590 sunt,
645 2554 718 2595 quis
737 2557 900 2595 praestare
919 2559 1028 2596 queat,
1049 2565 1111 2586 non

168 2602 307 2633 eamdem
335 2600 550 2642 improborum
580 2600 719 2631 futuram
740 2600 919 2637 andaciam,
938 2600 963 2630 si
985 2601 1046 2631 Nos
1067 2602 1113 2632 in-

169 2647 280 2677 cedere
306 2647 539 2678 convenienter
564 2646 714 2685 dignitati
743 2646 876 2677 Nostrae
909 2654 964 2687 per
998 2646 1110 2678 Urbem

169 2690 382 2733 spectarent?
410 2691 601 2723 Praesertim
630 2692 655 2721 si
683 2693 786 2723 (latam
814 2691 873 2723 sibi
893 2700 1036 2724 caussam
1056 2703 1111 2733 pn-

173 2742 305 2776 tarmit,
334 2739 417 2779 quod
446 2737 509 2769 Nos
536 2738 672 2769 cilicium
701 2739 859 2777 coegisset
885 2742 940 2769 aut
973 2739 1052 2769 lata>-
1083 2740 1110 2769 in

174 2784 255 2814 tii-tm
277 2784 361 2825 leges
383 2794 446 2816 non
466 2784 1006 2825 iustastt;1ninai·e.aiitquicquam
1026 2786 1113 2816 alimt

173 2830 299 2869 publice
327 2840 388 2861 non
410 2831 478 2861 iure
497 2834 619 2869 gestum
641 2830 891 2870 repreliendcie.
914 2830 1116 2871 Quapropter

173 2875 272 2913 magis
299 2877 461 2918 magisque
493 2876 693 2913 intelligitur
712 2900 719 2912 ,
747 2885 809 2907 non
841 2875 904 2907 alto
935 2877 1025 2906 niodo
1054 2877 1114 2907 Nus

175 2921 290 2952 ltumae
316 2930 404 2954 nunc
430 2930 523 2962 posse
557 2922 735 2953 consistere
754 2947 761 2959 ,
791 2930 884 2963 quam
922 2923 950 2952 in
985 2922 1115 2954 aedibus

178 2966 338 2999 Vaticanis
365 2973 522 3007 captivos.
545 2966 641 2997 Immo
669 2967 694 2997 si
721 2968 792 3009 quis
820 2972 941 3000 attente
962 2973 1046 2999 certa
1069 2969 1117 2999 in—

175 3013 256 3043 :licia
284 3014 578 3053 ‹zonsntt1i·0t‚qu:·c
607 3012 724 3054 passim
752 3018 938 3054 erumpunt,
959 3014 1116 3056 simulque

177 3059 324 3094 cogitet,
358 3063 467 3100 aperte
503 3058 722 3090 coniuravisse
754 3063 858 3089 sectas·
888 3061 917 3091 iii
955 3061 1114 3091 excultum

175 3105 326 3135 catholici
356 3104 506 3139 nominis.
526 3114 586 3134 non
607 3105 677 3135 siue
697 3113 809 3136 caussa
828 3105 974 3136 atlirmari
996 3109 1113 3146 potest,

175 3153 326 3181 :inversus
346 3151 520 3182 Ecclesiam
539 3150 657 3181 Christi
676 3155 706 3182 et
728 3150 910 3182 l'ontilicrni
931 3152 1117 3187 maximnm,

180 3195 335 3236 titumque
367 3196 482 3228 avitam
516 3195 670 3228 italorum
708 3197 943 3236 perniciosiora
982 3199 1117 3230 consilia

174 3241 327 3272 maturari
349 3253 378 3271 υ.

487 152 653 179 EPOCHA
673 135 761 178 54111.
784 153 811 177 A
831 149 1015 178 PVBLICA
1036 149 1188 176 RERVM
1209 148 1251 175 IN
1273 148 1444 175 GALLIIS
1465 147 1754 175 SVBVERSIONE

1197 215 1277 251 110.
1296 214 1373 249 Leo
1392 214 1511 250 XIII
1535 213 1726 260 Pontifex
1736 218 1813 256 (an.
1835 214 1935 258 1878>
1955 235 1994 242 —
2012 215 2107 252 Sub-

1149 269 1226 304 lato
1255 280 1276 304 e
1305 269 1403 304 vivis
1422 268 1492 303 Pio
1509 268 1577 314 Pp.
1598 268 1669 311 IX,
1688 268 1935 314 trepidarunt
1954 268 2106 315 fideles,

1150 332 1241 357 nam
1269 321 1378 358 Petri
1407 322 1518 358 navis
1544 321 1638 358 feris
1665 321 1888 357 iactabatur
1904 322 2102 367 fluctibus,

1151 386 1315 422 eamque
1333 386 1515 422 mergere
1531 375 1831 421 augurabantur
1843 375 2021 412 homines
2038 376 2108 412 ini-

1151 429 1329 475 mici,qui
1345 429 1459 465 Pium
1478 429 1533 464 IX
1551 429 1732 464 ultimum
1748 427 1867 464 fuisse
1883 429 2106 466 Romanum

1155 482 1387 518 Pontificem
1414 482 1682 518 venditabant.
1704 481 1782 517 Sed
1799 488 2046 519 evanuerunt
2063 483 2103 519 in

1154 536 1459 582 cogitationibus
1483 535 1576 578 suis,
1597 536 1766 582 factique
1784 541 1876 571 sunt
1893 535 2013 572 veluti
2032 537 2102 572 mi-

1156 591 1243 625 lites
1262 589 1528 626 custodientes
1547 589 1772 636 sepulcrum
1787 588 1946 633 Christi,
1966 589 2031 636 qui
2049 593 2105 626 te-

1153 649 1234 680 stes
1262 644 1355 680 Eius
1371 643 1569 689 gloriosae
1584 642 1886 679 resurrectionis
1911 643 2024 679 inviti
2041 655 2106 681 ex-

1155 698 1330 734 titerunt.
1359 698 1578 734 Vaticanas
1602 697 1708 733 enim
1735 696 1875 741 aedes,
1903 697 1942 732 in
1967 697 2106 745 quibus

1154 753 1353 790 Conclave
1381 753 1677 794 celebrabatur,
1697 752 1777 787 suis
1795 751 2032 788 satellitibus
2048 763 2107 788 se-

1156 806 1239 854 pire
1266 806 1447 842 arbitrati
1476 811 1586 849 sunt,
1612 805 1714 852 iique
1742 809 1875 841 astare
1894 808 2108 852 potuerunt

1154 860 1323 895 solemni
1351 859 1674 907 promulgationi,
1701 870 1802 906 quae
1826 863 1913 906 post
1931 857 2104 895 triduum

1154 914 1261 949 facta
1277 918 1351 957 est,
1367 913 1428 949 die
1444 914 1595 949 scilicet
1621 912 1816 959 vigesima
1841 912 2046 957 februarii,
2069 923 2108 949 e-

1155 969 1246 1004 lecti
1279 968 1431 1004 Summi
1463 967 1666 1003 Pontificis
1693 967 1915 1004 Cardinalis
1935 967 2106 1002 loachim

1159 1023 1288 1066 Pecci,
1316 1022 1379 1069 qui
1406 1023 1550 1058 Leonis
1576 1021 1665 1057 Xlll
1693 1032 1838 1057 nornen
1863 1020 2091 1068 assumpsit.

1202 1076 1428 1123 Carpineti,
1473 1075 1604 1122 oppidi
1645 1075 1837 1111 dioecesis
1875 1074 2081 1121 Anagniae
2101 1103 2111 1119 ,

1155 1130 1217 1166 die
1243 1130 1265 1166 2
1291 1130 1423 1165 martii
1451 1129 1558 1173 1810,
1586 1134 1703 1165 natus
1719 1132 1780 1165 est
1798 1128 1968 1164 loachim
1989 1127 2108 1165 Pecci

1156 1197 1204 1221 ex
1231 1184 1446 1221 Comitibus
1472 1183 1669 1220 Ludovico
1695 1188 1737 1219 et
1761 1184 1878 1218 Anna
1905 1182 2109 1230 Prosper-i.

1158 1239 1370 1285 Postquam
1399 1238 1541 1274 litteris
1567 1237 1820 1284 scientiisque
1840 1236 1942 1284 apud
1962 1236 2106 1273 Patres

1156 1293 1365 1329 Societatis
1392 1293 1480 1328 Iesu
1507 1292 1807 1339 diligentissime
1821 1294 2022 1334 vacasset,
2040 1291 2110 1327 Sa-

1157 1347 1332 1383 cerdotio
1360 1352 1498 1382 auctus
1525 1351 1585 1382 est
1611 1346 1673 1381 die
1698 1346 1744 1381 23
1760 1345 1982 1381 decembris
2002 1345 2107 1383 1837.

1156 1403 1189 1435 A
1217 1401 1412 1447 Gregorio
1433 1400 1504 1446 Pp.
1524 1400 1618 1435 XVI
1647 1400 1915 1446 Apostolicam
1942 1400 2113 1447 Delega-

1156 1457 1301 1491 tionem
1318 1457 1474 1502 accepit
1490 1455 1528 1489 in
1540 1454 1764 1501 provincias
1774 1455 2113 1503 Beneventi,Sp0-

1156 1509 1223 1545 leti
1256 1514 1296 1546 et
1330 1509 1541 1551 Perusiae,
1572 1518 1667 1555 quas
1695 1519 1765 1554 per
1791 1508 1899 1544 vices
1926 1509 1982 1545 ita
2008 1509 2111 1545 iuste

1156 1575 1202 1599 ac
1220 1564 1392 1599 solerter
1411 1561 1718 1605 administravit,
1737 1567 1780 1597 ut
1799 1562 2015 1599 Beneventi
2034 1566 2113 1598 ter-

1158 1628 1223 1652 ras
1240 1616 1503 1664 praedonibus
1518 1615 1765 1663 purgaverit,
1782 1620 2114 1663 etnonnunquam

1157 1671 1349 1707 Perusiae
1365 1681 1549 1706 carceres
1560 1679 1711 1705 vacuae
1725 1680 1886 1716 prorsus
1896 1668 2115 1706 extiterint.

1158 1725 1198 1760 ln
1209 1724 1451 1761 Consistorio
1466 1723 1597 1760 diei27
1612 1723 1781 1759 ianuarii
1793 1723 1883 1760 1843
1899 1723 2114 1772 Episcopus

1158 1783 1315 1815 creatus
1340 1783 1414 1821 est,
1443 1783 1482 1814 et
1513 1778 1574 1814 die
1604 1777 1647 1813 19
1680 1777 1871 1814 februarii
1898 1778 1990 1815 1844
2009 1778 2118 1814 Nun-

1158 1834 1232 1868 tius
1250 1832 1502 1879 Apostolicus
1530 1831 1577 1867 ad
1605 1830 1751 1878 Belgas
1778 1832 1921 1867 missus
1949 1831 2113 1868 Bruxel-

1159 1887 1216 1922 lis.
1248 1886 1443 1922 Perusina
1466 1886 1701 1933 episcopalis
1731 1885 1858 1929 sedes,
1887 1896 2005 1933 quarn
2027 1886 2114 1933 lpse

1160 1940 1341 1977 Pontifex
1373 1945 1532 1977 creatus
1565 1940 1614 1976 ad
1648 1940 2027 1987 archiepiscopalem
2058 1939 2112 1975 di-

1159 1996 1351 2042 gnitatem
1384 1995 1528 2037 evexit,
1558 1993 1766 2040 adsignata
1792 1993 1828 2029 ei
1853 1993 1926 2029 fuit
1951 1994 1991 2029 in
2017 1994 2116 2031 Con-

1158 2049 1313 2085 sistorio
1329 2048 1404 2084 diei
1422 2048 1464 2084 19
1483 2048 1652 2083 ianuarii
1673 2047 1776 2090 1846,
1792 2051 1832 2083 et
1848 2047 2019 2083 Sanctae
2037 2047 2114 2083 Ro-

1158 2114 1299 2139 manae
1324 2104 1526 2139 Ecclesiae
1545 2102 1766 2139 Cardinalis
1786 2102 2032 2138 renuntiatus
2050 2106 2114 2139 est

1158 2157 1194 2191 in
1210 2157 1454 2193 Consistorio
1469 2156 1547 2192 diei
1569 2156 1612 2192 19
1630 2155 1850 2192 decembris
1870 2155 2119 2192 1853.Eccle-

1160 2211 1338 2247 siasticas
1365 2211 1434 2247 has
1461 2212 1698 2257 promeritas
1717 2209 1930 2256 dignitates
1950 2208 2043 2246 Pius
2064 2210 2119 2246 IX

1161 2265 1304 2301 Peccio
1321 2265 1550 2308 cumulavit,
1569 2275 1658 2299 cum
1672 2264 1709 2300 ei
1726 2263 2024 2300 praefecturam
2041 2265 2119 2301 Ae-

1159 2318 1254 2354 rarii
1281 2320 1318 2354 S.
1349 2319 1398 2352 tt.
1419 2319 1463 2353 E.
1484 2318 1823 2365 (thnierlenyato)
1852 2319 2043 2354 attribuit.

1207 2372 1388 2408 Pontifex
1415 2372 1586 2414 electus,
1613 2376 1651 2408 et
1679 2371 1739 2408 die
1765 2372 1786 2408 3
1815 2372 1945 2407 martii
1973 2373 2113 2409 solem-

1161 2426 1261 2462 niter
1289 2432 1524 2469 coronatus,
1554 2426 1723 2473 primam
1751 2436 1862 2461 suam
1891 2426 2110 2473 Epistolam

1161 2480 1412 2527 Encyclicam
1442 2479 1488 2514 ad
1516 2480 1745 2516 universum
1771 2480 1907 2516 orbem
1925 2479 2032 2516 dedit
2050 2479 2114 2517 die

1159 2534 1200 2571 21
1231 2534 1365 2580 aprilis
1399 2534 1501 2570 1878.
1529 2535 1568 2569 ln
1587 2545 1650 2577 ca,
1667 2545 1765 2581 quac
1785 2534 1932 2582 incipit:
1953 2532 2118 2571 Inseru-

1161 2587 1275 2623 canili
1301 2587 1377 2623 Dei
1403 2586 1586 2631 consilio,
1614 2592 1902 2624 commonstrat
1920 2588 2116 2624 malorum

1162 2641 1386 2688 congeriem
1403 2669 1411 2684 ‚
1439 2651 1514 2688 qua
1540 2641 1705 2677 mundus
1733 2642 1946 2689 premitur,
1976 2652 2000 2678 a
2025 2652 2116 2677 con-

1162 2700 1311 2742 temptu
1337 2700 1499 2731 sanctae
1525 2706 1573 2731 ac
1592 2695 1804 2731 infallibilis
1826 2695 2027 2732 Ecclesiae
2048 2706 2116 2732 au·

1163 2748 1355 2784 ‹stoi-itatis
1372 2748 1630 2792 dcscendere;
1652 2750 1749 2786 haec
1768 2749 1872 2785 enim
1891 2754 1953 2785 est
1970 2749 2114 2786 vindex

1163 2809 1202 2838 ct
1222 2809 1398 2839 tutamen
1415 2804 1542 2838 omnis
1559 2804 1756 2850 legitimae
1775 2803 1992 2850 potestatis.
2012 2803 2118 2840 [deo-

1163 2868 1236 2902 que
1271 2857 1462 2898 civilitas,
1491 2868 1590 2903 quac
1618 2857 1819 2893 Ecclesiae
1849 2857 1998 2904 tegibus
2024 2868 2117 2893 con-

1166 2910 1334 2953 tradicit,
1363 2911 1461 2947 haud
1491 2912 1581 2946 talis
1606 2922 1750 2948 revera
1781 2911 1855 2947 (liei
1889 2915 2028 2958 potest.
2063 2911 2117 2948 Ut

1166 2970 1295 3000 autem
1331 2966 1367 3000 in
1396 2966 1568 3001 animuin
1598 2965 1785 3001 inducant
1810 2977 1977 3009 omncs,
2006 2976 2116 3012 prae—

1165 3019 1301 3053 sertim
1331 3019 1542 3065 principes,
1571 3019 1770 3066 ceterique
1801 3019 2031 3066 populorum
2057 3030 2116 3056 re-

1167 3076 1308 3114 ctores,
1326 3072 1543 3108 Ecclesiam
1563 3073 1806 3109 Catliolicani
1824 3072 1969 3109 sontem
1986 3077 2026 3109 et
2039 3072 2116 3109 ori·

1167 3126 1297 3171 gineni
1326 3138 1413 3162 esse
1441 3127 1640 3163 civilitatis
1667 3127 1857 3173 gentium,
1878 3127 1958 3163 suis
1976 3125 2114 3162 doctri-

1167 3179 1240 3220 nis,
1270 3180 1419 3226 legibus
1440 3185 1477 3216 et
1497 3182 1624 3223 sactis,
1654 3192 1703 3217 cn
1729 3191 1914 3228 quorsum
1934 3184 2115 3227 spectant

1169 3239 1310 3274 Leonis
1327 3239 1490 3286 l’p.X111
1507 3240 1678 3285 litterae,
1693 3243 1964 3284 sermones,et
1976 3250 2110 3287 opera.
