2241 3473
685 169 823 200 VSQVE
844 169 899 197 AD
920 166 1208 196 PRAESENTEM
1231 166 1440 194 ΑΕΤΑΤΕΜ

95 243 410 292 praerogativas,
436 243 573 291 quibus
599 242 702 291 apud
728 254 817 280 eum
846 240 1041 290 gaudebat

95 298 298 346 antiquum
324 297 574 344 gubernium.
597 298 636 333 ln
657 297 837 332 omnibus
863 294 1040 332 ecclesiis

95 355 183 398 post
207 351 375 386 osticium
395 350 568 386 divinum
588 350 741 387 dicetur
759 350 856 386 haec
877 358 1040 396 precum

93 404 275 440 formula:
290 403 471 445 Domine,
489 404 637 440 salvam
651 405 729 451 suc
745 402 1041 450 rempublicc1m3

93 455 274 501 Domine,
300 457 520 505 salcossac
538 457 728 493 consules.
751 456 915 492 Demum
935 465 1042 497 casu,

95 521 171 557 quo
197 510 339 558 aliquis
366 522 386 547 c
414 510 710 547 successoribus
739 509 853 556 primi
871 507 1043 544 consulis

98 563 331 611 religionem
351 564 587 600 catholicam
611 575 685 599 non
705 562 975 610 profiteretur,
995 561 1042 597 de

95 616 179 654 eius
214 618 362 654 iuribus
389 629 435 654 ac
463 616 754 665 praerogativis
780 620 819 652 et
845 615 891 652 de
921 614 1043 649 nomi-

95 671 256 708 natione
283 672 561 718 episcoporum
588 681 692 707 nova
716 670 784 706 fiet
818 667 1042 704 conventio.

144 724 237 760 Pius
268 725 339 761 Vll
366 725 466 760 hanc
493 725 796 760 conventionem
824 727 952 758 ratam
980 720 1045 756 ha-

95 778 178 814 buit
191 778 309 814 xvm⁰
325 777 512 814 calendas
527 776 780 824 septembris,
796 774 1046 824 quemadmo-

97 831 189 867 dum
215 831 453 879 signiflcavit
474 843 544 878 per
562 831 708 867 bullam
727 829 912 866 Ecclesia
931 827 1046 866 Cleri-

97 885 149 920 sti
168 914 177 929 ,
203 896 253 922 ea
277 885 340 922 die
372 885 522 921 datam.
558 884 708 921 Eadem
736 883 799 920 die
833 883 881 919 ad
908 893 1048 918 omnes

95 939 410 986 archiepiscopos
437 943 476 976 et
501 939 706 987 episcopos
734 937 913 973 titulares
931 936 1048 972 terri-

95 993 188 1029 torii
214 992 368 1034 Gallici,
396 993 480 1030 sive
508 994 546 1028 in
573 1004 620 1029 eo
647 991 730 1028 sive
757 991 849 1028 alibi
868 996 1044 1038 agenteS,

97 1046 338 1093 encyclicam
365 1047 522 1094 scripsit
548 1046 755 1093 epistolam
783 1045 886 1080 Tam
903 1043 1046 1087 multa,

95 1101 134 1136 in
161 1111 238 1148 qua
264 1111 331 1138 eos
357 1101 500 1143 docuit,
529 1099 736 1149 quomodO,
765 1111 840 1135 non
859 1097 1048 1134 obstanti-

97 1155 168 1191 bus
204 1155 307 1191 votis
345 1155 580 1198 contrariis,
615 1159 785 1201 urgente
824 1158 1047 1201 temporum

92 1209 331 1246 necessitate
348 1238 357 1252 ,
393 1209 512 1246 fuerit
552 1209 777 1255 compulsus
816 1207 865 1243 ad
904 1217 1048 1242 novam

93 1262 342 1306 dioeceseon,
357 1263 583 1310 suppressis
596 1262 782 1310 antiquis,
798 1261 1049 1297 circumscri-

95 1317 291 1364 ptionem;
312 1321 553 1365 quapropter
579 1317 738 1353 eosdem
763 1327 900 1352 omnes
918 1315 1051 1350 horta-

96 1374 158 1406 tus
183 1374 243 1406 est
269 1370 630 1418 interpellavitque,
653 1375 695 1405 ut
715 1369 764 1405 ad
784 1369 928 1405 bonum
946 1368 1053 1404 Reli-

95 1423 222 1470 gionis
249 1423 363 1460 sedes
388 1434 483 1459 suas
508 1423 756 1466 abdicarent,
775 1423 924 1469 sibique
944 1421 1050 1457 abdi-

97 1477 294 1514 cationem
320 1477 423 1514 hanc
449 1478 555 1513 intra
584 1481 708 1513 statos
735 1476 818 1513 dies
836 1475 979 1512 litt-eris
1005 1475 1055 1511 si—

96 1530 344 1577 gnificarent.
368 1531 457 1567 Alia
477 1530 645 1577 epistola
663 1530 761 1566 Post
785 1529 927 1565 multos
947 1528 1053 1564 labo-

96 1594 173 1628 res,
200 1584 294 1620 data
319 1584 368 1620 ad
396 1585 623 1631 ablegatum
670 1595 762 1619 uum
792 1583 818 1618 1.
846 1583 969 1630 Spina
993 1593 1055 1618 ar-

97 1637 388 1685 chiepiscopum
416 1637 611 1680 Corinthi,
655 1637 838 1684 piscopos
865 1636 1050 1672 constitu-

99 1691 267 1727 tionales
293 1690 495 1735 excitavit,
521 1694 565 1726 ut
591 1690 739 1726 relictis
766 1689 937 1733 sedibus,
957 1700 1055 1736 quas

95 1744 180 1780 sine
207 1745 456 1781 institutione
485 1744 678 1780 canonica
703 1747 976 1790 occuparant,
1004 1742 1052 1778 ad

97 1797 304 1834 Ecclesiae
331 1798 524 1834 unitatem
554 1802 854 1834 reverterentur
877 1808 995 1843 seque
1015 1796 1054 1832 S.

97 1851 211 1888 Sedis
236 1851 442 1888 sententiis
460 1851 507 1888 de
526 1851 804 1888 ecclesiasticis
824 1850 975 1886 Galliae
993 1861 1056 1886 ne-

97 1905 215 1951 gotiis
241 1905 532 1942 submitterent.

143 1960 204 1996 Ex
228 1959 275 1996 84
300 1959 495 2007 episcopis
528 1958 752 1995 titularibus
785 1958 962 2001 Galliae,
991 1957 1054 2004 qui

98 2013 224 2050 adhuc
250 2018 367 2050 erant
392 2013 431 2049 in
458 2014 570 2057 vivis,
590 2014 611 2049 3
638 2012 826 2048 nimirum
846 2012 1058 2048 Vivarien-

96 2067 164 2111 sis,
191 2068 493 2104 Aurelianensis
511 2072 551 2104 et
568 2066 956 2114 Augustodunensis,
977 2066 1055 2101 iam

96 2121 240 2158 dudum
267 2121 421 2159 sedibus
448 2122 528 2158 suis
556 2120 811 2158 renunciasse
840 2120 1057 2156 censeban-

97 2178 177 2220 tur,
194 2175 347 2223 duoque
375 2176 618 2223 posteriores
637 2186 825 2222 expresse
850 2173 1055 2211 renuncia-

100 2233 217 2274 runt;
251 2229 298 2266 45
328 2230 543 2266 secundum
574 2229 778 2265 Pontificis
815 2232 911 2264 vota
943 2226 1056 2264 sedes

101 2293 193 2319 suas
213 2283 466 2327 abdicarunt;
486 2283 622 2331 reliqui
643 2283 688 2319 36
706 2286 775 2318 aut
794 2281 970 2317 inducias
987 2285 1055 2317 aut

101 2336 322 2373 nationales
359 2338 551 2386 synodum
590 2336 639 2372 ad
672 2335 970 2373 deliberandum
1008 2335 1055 2371 de

99 2394 211 2426 tanto
237 2391 396 2437 negotio
423 2391 683 2439 postularunt.
706 2391 765 2426 Ex
791 2390 837 2426 24
861 2389 1056 2437 episcopis

100 2443 249 2491 Belgis,
268 2444 479 2480 Germanis
506 2449 545 2481 et
570 2444 699 2488 Italis,
719 2455 885 2491 quorum
904 2442 1057 2478 dioece-

101 2509 165 2534 ses
193 2498 345 2534 recenti
371 2509 507 2534 rerum
527 2498 742 2534 mutatione
763 2497 964 2533 territorio
984 2496 1057 2532 rei·

100 2551 278 2598 publicae
305 2551 479 2588 Gallicae
507 2551 666 2588 fuerant
693 2551 919 2593 adiunctae,
937 2550 958 2585 9
977 2549 1056 2585 iam

101 2605 294 2649 obierant,
325 2607 343 2642 1
371 2605 419 2641 ad
445 2606 561 2641 aliam
589 2605 722 2641 sedem
742 2605 874 2640 suerat
894 2603 1057 2639 transla-

100 2662 183 2702 tus,
214 2659 257 2695 14
284 2659 422 2706 reliqui
448 2659 562 2695 sedes
586 2670 677 2695 suas
702 2658 948 2694 dimiserunt.
968 2658 1059 2694 Ete-

102 2713 183 2748 nim
204 2713 484 2749 concordatum
505 2724 581 2748 non
600 2712 648 2748 ad
664 2712 866 2758 antIquam
887 2711 1056 2748 Galliam

102 2767 344 2810 restrictum,
359 2767 428 2803 sed
455 2766 501 2802 ad
522 2770 645 2802 totam
666 2765 950 2812 rempublicam
970 2766 1058 2802 Gal-

102 2820 220 2857 licam
237 2849 246 2864 ,
273 2821 414 2868 Belgio
434 2849 442 2865 ‚
479 2819 674 2856 Sabaudia
709 2822 749 2855 et
775 2818 1059 2856 electoratihus

103 2875 355 2922 Moguntino,
375 2874 608 2911 Trevirensi
634 2877 674 2910 et
692 2871 919 2910 Coloniensi
938 2872 1058 2909 inclu-

103 2931 168 2972 sis,
197 2935 404 2968 extensum
431 2929 516 2965 fuit.

153 2985 335 3022 Pontifex
354 2983 531 3032 graviter
550 2980 685 3023 doluit,
703 2979 801 3028 quod
817 2979 990 3016 nonnulli
1009 2993 1057 3018 ex

103 3039 274 3087 antiquis
292 3037 488 3086 episcopis
503 3039 570 3072 aut
585 3034 711 3069 nullas
727 3032 983 3070 abdicationis
998 3035 1057 3071 lit-

104 3095 213 3128 teras
239 3092 436 3129 dedissent
461 3094 528 3126 aut
546 3087 720 3124 rationes
739 3097 829 3122 eam
849 3085 1055 3124 differendi

104 3147 405 3193 quaesivissent.
436 3141 703 3182 Cardinalium
732 3144 866 3176 autem
894 3142 1055 3177 consilio

1907 148 1986 189 323

1091 239 1366 287 cpiscoporum
1385 240 1425 274 et
1444 235 1706 284 capitulorum
1717 230 1972 270 existentium
1989 240 2052 267 as-

1091 293 1224 329 sensui
1252 302 1439 339 expresse
1459 290 1689 336 derogavit;
1710 287 1756 323 iis
1774 284 2047 334 quodcumque

1093 345 1279 393 deinceps
1307 344 1477 380 cuiusvis
1504 340 1785 379 iurisdictionis
1818 337 2052 375 exercitium

1096 408 1285 447 perpetuo
1315 397 1545 439 interdixit,
1574 395 1716 431 nullius
1743 392 1897 429 roboris
1922 390 2051 427 decla-

1095 464 1186 489 rans
1213 451 1393 500 quidquid
1420 454 1554 487 essent
1588 447 1851 491 attentaturi;
1878 445 2053 482 omnium

1094 507 1355 544 ecclesiarum
1383 502 1776 550 archiepiscopalium
1795 505 1836 538 et
1853 499 2055 547 episcopa-

1096 562 1187 597 lium
1215 561 1252 596 in
1269 559 1459 595 universo
1479 556 1720 604 reipublicae
1744 554 1922 591 Gallicae
1941 551 2055 589 terri-

1096 615 1195 650 torio
1222 614 1354 650 titulos
1381 616 1420 649 et
1446 610 1789 648 denominationes
1807 636 1815 649 ,
1851 618 1930 643 una
1962 616 2053 642 cum

1097 666 1330 715 respectivis
1357 676 1494 702 earum
1523 663 1722 712 capitulis,
1749 662 1914 705 iuribus,
1939 658 2057 707 privi-

1098 721 1211 768 legiis
1238 724 1278 757 et
1306 718 1599 767 praerogativis
1629 717 1909 762 cuiuscumque
1936 723 2055 760 gene-

1099 775 1151 810 ris
1176 773 1425 822 suppressit,
1453 771 1672 808 annullavit
1697 773 1738 806 et
1771 771 1963 816 perpetuo
1990 776 2057 802 ex-

1098 828 1255 871 stinxit;
1283 826 1424 863 deinde
1451 825 1500 862 ad
1527 822 1842 861 constituendam
1869 819 2057 857 ecclesia-

1101 882 1189 918 stici
1218 881 1426 929 regiminis
1453 880 1663 920 rationem,
1681 876 1834 913 creavit
1859 875 1905 912 60
1931 884 2056 910 novas

1099 935 1216 972 sedes
1243 935 1509 982 episcopales,
1528 932 1673 968 divisas
1701 931 1738 966 in
1757 930 1895 966 decem
1915 931 2059 964 metro-

1101 989 1224 1035 poles,
1243 988 1428 1024 nimirum
1448 986 1732 1028 Parisiensem,
1751 983 2056 1024 Bituricensem,

1102 1043 1422 1090 Lugdunensem,
1450 1040 1832 1086 Rothomagensem,
1852 1036 2057 1073 Turonen-

1101 1109 1205 1141 sem,
1234 1097 1586 1143 Burdigalensem,
1613 1093 1875 1134 Tolosanam,
1902 1091 2058 1137 Aquen-

1101 1164 1200 1195 sem,
1228 1152 1477 1188 Bisuntinam
1504 1155 1544 1187 et
1570 1147 1912 1185 Mechliniensem.

1150 1207 1443 1245 Concordatum
1477 1204 1590 1241 nonis
1623 1201 1758 1250 aprilis
1792 1200 1884 1237 anni
1912 1199 2004 1237 1802
2033 1209 2058 1236 a

1103 1261 1269 1297 concilio
1307 1260 1529 1307 legislativo
1562 1260 1813 1304 acceptatum
1854 1259 1894 1305 et
1928 1255 1967 1290 in
1993 1264 2056 1289 co-

1103 1316 1229 1352 dicem
1256 1315 1391 1361 legum
1417 1313 1603 1356 relatum,
1630 1321 1710 1346 una
1736 1320 1826 1345 cum
1853 1307 2058 1344 Pontificis

1104 1370 1216 1407 bullis
1242 1380 1334 1405 mox
1361 1367 1598 1415 publicatum
1625 1365 1712 1401 fuit.
1743 1364 1796 1399 At
1822 1361 2056 1409 gubernium

1103 1423 1217 1460 simul
1247 1433 1335 1458 cum
1363 1419 1604 1457 concordato
1631 1416 1900 1464 promulgavit
1925 1416 1971 1452 77
1997 1426 2058 1451 ar-

1106 1477 1244 1513 ticulos
1277 1475 1402 1511 dictos
1428 1471 1662 1520 organicos,
1701 1470 1837 1517 quibus
1870 1468 2058 1505 ecclesia-

1105 1530 1206 1567 stica
1231 1529 1395 1566 libertas
1422 1525 1630 1562 admodum
1656 1523 1899 1559 limitabatur
1925 1526 1965 1559 et
1998 1534 2059 1559 re-

1105 1584 1242 1630 gimini
1261 1582 1365 1618 civili
1382 1586 1465 1617 tota
1483 1578 1776 1615 subiiciebatur.
1792 1576 1954 1612 Interim
1973 1586 2056 1612 car-

1104 1637 1246 1673 dinalis
1273 1637 1467 1682 Caprara,
1484 1643 1598 1680 quem
1625 1630 1719 1666 Pius
1745 1630 1814 1666 VII
1842 1629 2014 1676 legatum
2034 1640 2058 1666 a

1106 1690 1231 1727 latere
1257 1689 1433 1725 Parisios
1451 1686 1686 1726 destinarat,
1706 1694 1783 1731 qua
1802 1683 1892 1719 talis
1910 1683 1953 1718 v⁰
1972 1682 2058 1718 idus

1106 1744 1241 1791 aprilis
1261 1753 1284 1778 a
1303 1742 1430 1789 primo
1451 1739 1609 1776 consule
1624 1737 1855 1774 solemniter
1870 1741 2058 1783 exceptus

1107 1802 1147 1834 et
1172 1797 1331 1844 agnitus
1357 1799 1443 1838 est,
1471 1797 1512 1830 et
1538 1792 1677 1829 eadem
1704 1790 1766 1827 die
1793 1790 1891 1826 duas
1916 1789 2058 1825 consti-

1108 1851 1276 1888 tutiones
1302 1848 1448 1891 edidit,
1476 1856 1644 1894 quarum
1676 1855 1755 1880 una
1780 1843 2059 1891 promulgabat

1106 1905 1318 1942 iubilaeum
1337 1914 1408 1950 pro
1429 1905 1513 1938 tota
1530 1898 1761 1947 Republica,
1779 1897 1919 1940 altera,
1946 1907 2059 1944 prae-

1108 1964 1168 1996 ter
1194 1957 1461 2000 Dominicam,
1480 1956 1583 1990 festa
1609 1964 1632 1989 a
1659 1952 1800 2000 populo
1820 1950 2059 1988 celebranda

1108 2013 1321 2050 reducebat
1347 2010 1396 2047 ad
1421 2008 1684 2045 Nativitatem
1711 2010 1752 2042 et
1769 2004 2057 2041 Ascensionem

1110 2067 1277 2110 Domini,
1306 2064 1355 2101 ad
1374 2063 1693 2109 Assumptionem
1712 2058 1759 2095 B.
1780 2059 1829 2092 V.
1847 2058 2002 2094 Mariae
2017 2062 2058 2095 et

1109 2123 1250 2158 festum
1266 2118 1452 2156 Omnium
1469 2118 1720 2153 Sanctorum.
1740 2112 1854 2149 XIV⁰
1871 2111 2057 2148 calendas

1109 2175 1202 2212 maii
1228 2184 1327 2222 quae
1353 2175 1441 2208 erat
1466 2169 1659 2207 festivitas
1677 2165 1903 2209 Paschalis,
1922 2164 2055 2202 Cardi-

1106 2229 1207 2266 nalis
1240 2229 1413 2274 Legatus
1445 2225 1484 2259 in
1518 2222 1688 2260 ecclesia
1720 2218 2055 2266 metropolitana,

1106 2280 1379 2319 assistentibus
1407 2278 1530 2314 tribus
1556 2275 1779 2311 consulibus
1797 2274 1957 2320 aliisque
1975 2283 2058 2309 ma-

1107 2334 1360 2384 gistratibus,
1388 2332 1551 2368 missam
1579 2328 1859 2377 pontificaliter
1884 2326 2058 2362 celebra-

1106 2391 1188 2433 vit,
1214 2390 1254 2425 in
1290 2387 1511 2435 gratiarum
1545 2384 1739 2420 actionem
1776 2392 1846 2429 pro
1873 2380 2056 2417 restituto

1106 2443 1228 2479 divini
1256 2442 1383 2479 cultus
1410 2439 1600 2477 exercitio
1629 2437 1814 2485 hymnum
1850 2434 1905 2470 Te
1930 2434 2056 2470 Deum

1108 2497 1294 2540 cantavit,
1315 2500 1355 2532 et
1381 2492 1593 2531 nominatis
1619 2502 1643 2526 a
1668 2489 1795 2537 primo
1814 2488 1974 2524 consule
1994 2499 2054 2524 ar-

1108 2549 1368 2599 chiepiscopis
1403 2553 1444 2584 et
1476 2545 1669 2593 episcopis
1696 2542 1932 2578 auctoritate
1966 2552 2058 2589 apo-

1112 2606 1253 2642 stolica
1270 2602 1556 2640 institutionem
1577 2598 1808 2634 canonicam
1828 2597 2055 2644 impertivit.

1157 2659 1283 2694 Porro
1311 2656 1360 2693 ad
1387 2666 1510 2692 novas
1529 2653 1641 2689 sedes
1659 2652 1904 2699 episcopales
1922 2663 1972 2688 ex
1989 2662 2057 2687 an-

1108 2713 1224 2761 tiquis
1250 2710 1473 2747 titularibus
1500 2706 1690 2753 assumpti
1716 2710 1807 2741 sunt
1837 2705 1906 2749 18;
1933 2716 1983 2741 ex
2007 2705 2055 2742 iis

1107 2779 1202 2804 vero
1221 2765 1285 2814 qui
1303 2761 1504 2801 schismati
1520 2759 1897 2796 constitutionalium
1916 2760 2057 2797 adhae-

1106 2827 1271 2864 serant,
1299 2819 1355 2855 12.
1387 2815 1675 2852 Posterioribus
1709 2814 1890 2851 Pontifex
1923 2816 2053 2863 legem

1108 2874 1437 2924 praescripserat,
1455 2875 1498 2906 ut
1523 2870 1696 2906 exhibita
1721 2870 1882 2917 praevia
1899 2871 2055 2907 satisfa-

1105 2929 1236 2965 ctione
1262 2931 1302 2963 et
1329 2923 1550 2961 obedientia
1568 2924 1660 2960 Sedi
1678 2925 1945 2972 Apostolicae,
1968 2924 2052 2960 eius

1106 2981 1344 3018 auctoritate
1363 2977 1650 3014 absolutionem
1668 2979 1895 3027 acciperent
1910 2989 1933 3014 a
1952 2977 2052 3014 schi-

1105 3035 1241 3072 smatis
1266 3031 1451 3069 reatibus.
1472 3032 1586 3068 Hanc
1610 3033 1739 3079 legem
1766 3033 1814 3068 ab
1839 3032 2052 3078 assumptis

1107 3100 1127 3124 e
1155 3084 1540 3124 constitutionalibus
1566 3086 1817 3133 adimpletam
1843 3084 1978 3128 fuisse,
1998 3088 2054 3121 te—

1105 3146 1229 3178 status
1255 3143 1315 3176 est
1338 3138 1529 3185 Bernier,
1557 3140 1763 3186 episcopus
1797 3138 2056 3175 Aurelianen-

106 3193 1056 3243 audito,111⁰calend.decembr.bullamdeditQai
1105 3197 1158 3232 sis
1178 3224 1186 3239 ,
1214 3193 1275 3230 cui
1302 3193 1458 3239 legatus
1482 3191 1521 3227 id
1547 3193 1745 3239 negotium
1772 3192 2052 3236 commiserat3

107 3251 441 3297 CltristiDomini,
458 3249 822 3298 inquacuicumque
839 3247 1056 3285 titularium
1105 3248 1172 3286 sed
1200 3247 1389 3294 deceptor
1420 3245 1504 3292 ipse
1530 3246 1594 3283 vel
1621 3246 1809 3294 deceptus
1839 3246 1935 3290 fuit,
1963 3255 2050 3282 cum

804 3386 821 3405 η
