2241 3473
292 141 341 178 18

237 229 369 256 carum
383 213 670 265 progressiones
680 207 1181 261 implorabant,multi,hor-

237 274 344 309 tante
366 268 568 310 Pontifice,
583 277 624 302 se
644 263 894 301 iureiurando
910 272 1045 299 sacrae
1061 272 1181 309 expe-

238 322 372 362 ditioni
394 320 697 358 obstrinxerunt.
720 316 762 353 In
783 315 932 364 synodo
953 314 1183 352 Claromon-

238 380 330 414 tana
350 374 534 412 Urbanus
555 372 626 419 Pp.
647 380 774 406 coram
796 369 1004 405 innumera
1024 379 1120 415 pene
1150 378 1186 402 e-

239 430 496 478 piscoporum,
525 424 725 467 abbatum,
755 421 984 459 clericorum
1004 424 1044 457 et
1062 419 1186 457 laico-

239 493 325 520 rum
359 477 609 517 multitudine
630 475 797 513 narratis
819 474 946 520 malis,
961 473 1053 511 olim
1070 472 1184 510 Chri-

240 533 377 572 stianis
405 532 441 569 in
465 529 677 568 Occidente
697 540 874 576 nuncque
894 527 934 564 in
955 527 1114 564 Oriente
1133 526 1185 563 il-

239 587 329 625 latis
351 586 399 623 ab
431 583 651 621 infidelibus
678 586 796 629 atque
815 579 1010 630 periculis,
1031 591 1128 628 quae
1149 592 1188 616 u-

241 640 437 678 niversam
458 638 654 685 Europam
676 647 696 672 e
717 635 934 672 Turcarum
955 633 1189 682 progressio-

243 693 355 730 nibus
376 691 600 735 manebant,
618 692 730 727 tanta
751 688 791 725 vi
812 689 858 725 de
874 687 975 724 bello
991 698 1102 724 sacro
1119 686 1190 723 dis-

241 745 375 791 seruit,
398 750 440 781 ut
461 755 592 781 omnes
608 754 682 780 uno
699 754 764 779 ore
781 741 1061 779 exclamarent:
1079 751 1102 777 «
1116 739 1191 775 Vo-

242 800 374 838 luntas
395 797 465 834 Dei
488 798 547 834 est
566 808 602 834 ».
624 796 839 833 Praeterea
861 793 1046 831 Pontifex
1067 794 1191 830 omni-

242 854 314 890 bus
347 850 527 889 contritis
556 851 596 887 et
615 847 812 893 confessis,
833 847 897 895 qui
917 859 958 884 se
977 847 1025 884 ad
1045 846 1190 883 bellum

242 916 397 944 sacrum
414 904 678 951 accingerent,
694 901 857 938 indulsit
873 902 1032 938 cunctas
1048 911 1192 948 poenas

243 957 462 1002 canonicas,
479 968 548 1005 pro
568 955 875 1004 quibuscumque
893 954 1060 1003 peccatis
1080 952 1193 989 meri-

241 1016 316 1057 tas,
347 1022 480 1048 eorum
512 1021 694 1059 personas
725 1011 763 1044 et
785 1008 885 1045 bona
907 1006 978 1044 sub
999 1005 1192 1055 praesidio

243 1064 444 1104 Ecclesiae
466 1062 680 1107 constituit,
702 1061 966 1110 decrevitque,
990 1063 1032 1097 ut
1048 1059 1191 1097 bellum

243 1119 317 1156 hoc
338 1117 558 1165 suscepturi
580 1127 736 1153 crucem
753 1128 772 1152 e
789 1126 915 1163 panno
931 1113 1100 1151 similive
1117 1124 1192 1149 ma-

244 1171 393 1210 teriain
410 1171 570 1208 humero
585 1169 746 1206 dextero
762 1170 955 1216 gererent,
973 1167 1074 1204 unde
1096 1166 1195 1204 Cru-

245 1226 390 1274 ciqerz',
411 1230 450 1260 et
471 1223 577 1271 ipsae
599 1222 866 1270 expeditiones
893 1221 1111 1258 cruciatae
1131 1219 1192 1256 di-

247 1280 449 1316 cebantur.
483 1277 540 1313 De
575 1276 709 1313 eodem
746 1275 901 1323 negotio
934 1272 1117 1310 Pontifex
1150 1284 1193 1309 e-

247 1333 304 1382 git
322 1332 360 1368 in
378 1330 537 1380 synodis
552 1328 823 1367 Lemovicensi
840 1330 878 1365 et
894 1325 1111 1364 Turonensi
1130 1323 1153 1363 1.

300 1385 428 1427 Quum
461 1383 516 1420 sic
551 1383 692 1430 ubique
724 1380 968 1430 gravissimis
998 1379 1194 1417 rationum

246 1437 455 1476 momentis
476 1435 652 1474 cruciata
673 1435 868 1484 expeditio
890 1433 1194 1482 praedicaretur,

248 1491 320 1529 viri
355 1490 569 1540 principes,
606 1489 777 1532 nobiles,
807 1487 943 1537 plebeii
979 1486 1196 1532 innumeri,

246 1544 361 1584 multi
383 1543 512 1581 clerici
541 1546 658 1590 atque
688 1541 855 1590 episcopi
886 1552 1040 1577 crucem
1067 1551 1196 1577 susce-

245 1599 400 1649 perunt.
431 1597 539 1634 Inter
565 1595 758 1645 principes
781 1595 977 1632 cruciatos
996 1592 1197 1643 praecipui

246 1656 357 1690 erant
371 1650 484 1699 Hugo
498 1650 622 1688 frater
639 1649 742 1697 regis
755 1648 1011 1693 Francorum,
1025 1645 1195 1683 Godefri-

246 1706 316 1743 dus
345 1704 596 1742 Bulloniaeus
620 1703 698 1739 dux
724 1700 1004 1749 Letharingiae
1032 1699 1195 1737 inferio-

245 1760 300 1797 ris
321 1758 481 1806 eiusque
501 1756 642 1794 fratres
663 1755 874 1792 Balduinus
896 1758 935 1791 et
950 1753 1199 1798 Eustachius,

246 1813 447 1850 Robertus
463 1811 544 1848 dux
560 1808 840 1854 Normanniae,
857 1808 1054 1845 Robertus
1071 1818 1199 1844 comes

246 1864 699 1912 Flandriae,Stephanus
719 1873 846 1899 comes
867 1860 1073 1906 Blesensis,
1089 1860 1199 1909 Ray-

246 1919 415 1958 mundus
434 1917 663 1961 Tolosanus,
679 1915 930 1953 Boemundus
950 1914 1200 1951 Tarentinus.

248 1971 438 2010 Convenit
454 1972 557 2008 inter
573 1981 648 2017 eos,
667 1973 709 2006 ut
721 1968 873 2005 diverso
890 1968 1030 2005 itinere
1047 1966 1201 2004 exerci-

249 2030 311 2064 tus
326 2037 415 2063 suos
432 2025 469 2061 in
484 2024 684 2062 Orientem
701 2022 888 2059 ducerent
919 2024 959 2058 et
979 2020 1201 2059 Constanti-

251 2079 419 2128 nopolim
438 2078 702 2114 convenirent.
717 2075 790 2117 Qui
809 2075 880 2112 sub
893 2075 1010 2112 Petro
1027 2074 1202 2119 eremita,

250 2131 436 2170 Gauterio
456 2131 615 2179 aliisque
643 2128 831 2179 imperitis
864 2128 1023 2165 ducibus
1042 2127 1203 2177 profecti

250 2188 345 2224 sunt
364 2185 446 2223 sine
466 2185 598 2221 ordine
615 2187 653 2220 et
669 2182 886 2231 disciplina,
902 2182 939 2218 in
956 2181 1022 2218 via
1043 2193 1203 2230 nequea

250 2239 386 2289 rapina
395 2250 518 2286 neque
527 2238 574 2275 ab
586 2236 672 2275 aliis
683 2235 906 2273 excessibus
917 2235 1203 2280 abstinuerunt,

250 2298 289 2331 et
308 2304 450 2341 magno
471 2302 633 2329 nurnero
653 2292 737 2327 turn
750 2288 1016 2337 Bulgarorum
1037 2291 1077 2326 et
1096 2288 1201 2326 Tur-

250 2358 386 2384 carum
399 2345 516 2383 armis
529 2349 610 2381 tum
623 2343 709 2381 aliis
724 2342 850 2380 causis
862 2342 1070 2391 perierunt.
1081 2341 1200 2378 Prin-

251 2400 356 2448 cipes
372 2410 466 2436 vero
486 2397 625 2435 maiori
643 2408 731 2434 cum
748 2396 882 2433 ordine
896 2396 1097 2433 exercitus
1112 2406 1201 2432 suos

251 2454 448 2497 ducentes,
470 2463 566 2489 unus
588 2453 673 2500 post
692 2449 811 2487 aliurn
829 2447 1200 2497 Constantinopolim

251 2508 525 2556 pervenerunt.
553 2505 600 2542 Hi
623 2504 774 2540 'Furcas
794 2502 831 2539 in
852 2502 946 2539 Asia
966 2501 1105 2538 minori
1125 2513 1198 2550 ag-

251 2559 386 2609 gressi,
402 2571 463 2596 an.
478 2558 577 2596 1097
592 2557 791 2601 Nicaeam,
803 2555 935 2604 fugato
951 2554 1198 2600 sultano,oe-

253 2618 458 2662 cuparunt.
477 2612 569 2649 Inde
590 2610 797 2659 progressi,
814 2609 1013 2647 sultanum
1034 2608 1200 2645 secundo

253 2667 436 2704 vicerunt
451 2677 567 2714 prope
580 2663 803 2713 Doryleum.
817 2663 914 2700 Cum
935 2661 1201 2710 pervenissent

254 2721 419 2758 Tarsum
440 2719 609 2764 Ciliciae,
630 2717 860 2761 Balduinus‚
882 2715 1006 2752 frater
1026 2714 1202 2752 Godcfri-

255 2774 292 2811 di
311 2770 540 2819 Builoniaei,
560 2771 774 2810 exercitum
795 2780 906 2807 suum
928 2768 1040 2806 duxit
1060 2768 1097 2805 in
1117 2768 1199 2805 Me-

255 2827 511 2875 sopotamiam
532 2855 541 2871 ,
570 2825 774 2875 plerasque
804 2822 987 2860 civitates
1020 2822 1141 2870 cepit,
1161 2827 1201 2858 ct

254 2893 317 2917 an.
351 2880 450 2918 1098
481 2879 720 2928 principatus
749 2876 810 2915 sui
839 2876 967 2914 sedem
997 2874 1200 2912 constituit

255 2934 435 2971 Edessae.
476 2933 628 2970 Caeteri
660 2931 852 2981 principes
883 2928 1061 2966 victricia
1091 2940 1200 2965 arma

255 2987 501 3036 protulerunt
533 2998 652 3034 usque
678 2984 924 3023 Antiochiam
953 2980 1090 3031 Syriae
1121 2993 1198 3018 mc-

255 3040 448 3089 tropolim,
475 3052 589 3088 quam
618 3040 751 3077 eodem
782 3051 841 3075 an.
868 3036 966 3074 1098
987 3042 1072 3085 post
1091 3034 1197 3072 obsi-

256 3094 409 3130 dionem
444 3095 467 3130 4
511 3093 699 3130 mensium
739 3093 1005 3140 occuparunt,
1041 3089 1200 3137 eiusque

300 3173 305 3191 ¹
324 3174 480 3205 perthold.
498 3173 612 3205 Chr-nn.
632 3183 680 3205 an.
698 3173 796 3212 10053
813 3174 924 3214 Labbe,
943 3172 1061 3205 Concil.
1080 3176 1100 3205 t.
1124 3173 1157 3210 X,
1173 3181 1201 3212 p.

256 3212 329 3255 500,
345 3215 413 3254 506,
429 3216 488 3248 508
504 3220 533 3247 et
549 3215 616 3247 001.

709 145 865 173 EPOCHA
894 144 967 170 VII.
995 144 1024 171 A
1051 140 1319 169 PONTIFICATV
1348 141 1380 167 S.
1409 140 1607 167 GREGORII
1636 142 1693 168 vn

1226 205 1485 254 principatum
1501 206 1786 247 demandarunt
1800 209 2026 248 Boemundo
2034 209 2166 248 comiti

1226 259 1453 305 Tarentino,
1478 259 1544 308 qui
1577 259 1688 297 illum
1709 264 1904 310 occupatis
1922 262 2099 300 finitimis
2116 263 2168 300 lo-

1227 313 1282 349 cis
1302 312 1516 360 plurimum
1536 313 1647 350 auxit
1661 315 1701 350 et
1716 319 1851 353 contra
1865 317 2081 353 Turcarum
2097 316 2169 353 im-

1226 368 1339 414 petus
1373 364 1529 403 fortiter
1562 365 1745 405 defendit.
1775 368 2008 406 Godefridus
2036 368 2170 406 Bullo-

1228 418 1363 456 niaeus
1379 430 1466 455 cum
1478 419 1529 457 25
1539 418 1706 457 millibus
1715 420 1889 459 virorum
1901 422 2097 471 profectus
2112 422 2172 459 est

1229 471 1676 521 Hierosolymum,quam
1685 474 1828 519 40,100
1838 475 2054 512 Turcarum
2067 486 2173 524 prae-

1229 524 1326 562 sidio
1338 525 1549 566 defensam.
1563 525 1722 572 obsedit,
1731 528 1770 564 et
1784 528 1900 576 post5
1910 528 2173 566 hebdomadas

1229 590 1289 616 an.
1315 578 1415 616 1099
1435 578 1584 616 assultu
1605 580 1854 628 expugnavit.
1877 581 2017 619 Hostes
2045 581 2171 619 inter-

1230 631 1389 668 necione
1419 631 1536 669 deleti
1556 634 1660 677 sunt,
1681 635 1721 670 et
1740 633 1973 671 Godefridus
2001 635 2173 672 omnium

1232 684 1512 722 acclamatione
1528 696 1597 722 rex
1605 685 1968 735 Hierosolymorum
1985 686 2173 726 creatus¹.

1286 737 1351 774 Sic
1373 739 1669 787 crucigerorum
1686 740 1806 777 armis
1826 740 2042 777 Turcarum
2061 740 2178 789 impe-

1234 791 1335 828 rium
1351 790 1388 827 in
1407 791 1501 828 Asia
1511 791 1652 829 minori
1668 796 1707 829 et
1719 792 1835 842 Syria
1850 805 2072 841 repressum
2087 793 2176 839 fuit,

1234 843 1447 882 Christiani
1459 856 1482 882 a
1494 844 1701 883 durissima
1721 846 1915 883 servitute
1927 846 2176 891 liberati,Re-

1234 897 1328 946 ligio
1349 897 1550 934 vindicata
1570 900 1687 946 atque
1709 898 1902 937 restituta.
1924 900 2023 938 Cum
2047 902 2178 937 autem

1234 950 1351 987 huius
1372 953 1411 987 et
1423 953 1669 988 caeterarum
1686 952 1973 1000 expeditionum
1991 952 2179 991 cruciata-

1235 1015 1320 1041 rum
1333 1004 1530 1052 praecipui
1546 1004 1782 1043 excitatores
1798 1008 1837 1042 et
1850 1009 2089 1054 promotores
2100 1006 2180 1043 fue-

1237 1057 1316 1094 rint
1336 1057 1424 1094 RR.
1446 1058 1671 1103 Pontifices,
1688 1058 1829 1096 mirum
1851 1071 1925 1096 non
1942 1062 2013 1105 est,
2033 1060 2081 1097 R.
2103 1060 2180 1097 Ec-

1236 1110 1377 1148 clesiae
1408 1110 1656 1148 adversarios
1673 1140 1682 1156 ,
1702 1111 1930 1160 praesertim
1951 1111 2181 1158 haereticos,

1236 1167 1498 1213 protestantes
1509 1168 1548 1202 et
1561 1164 1709 1201 saeculi
1725 1165 1864 1202 XVIII
1883 1165 2119 1213 incredulos,
2135 1166 2181 1203 de

1237 1217 1386 1255 iustitia
1420 1218 1559 1254 harum
1590 1218 1880 1267 expeditionum
1910 1231 1992 1256 esse
2020 1219 2181 1256 oblocu-

1236 1274 1309 1316 tos,
1327 1271 1394 1308 sed
1413 1283 1478 1308 eas
1497 1270 1616 1308 fuisse
1631 1272 1807 1309 maxime
1828 1272 1968 1318 iustas,
1989 1272 2183 1310 evincitur

1238 1337 1258 1361 e
1287 1324 1529 1373 gravissimis
1550 1326 1589 1361 et
1618 1325 1838 1363 iustissimis
1868 1325 2023 1363 illarum
2040 1326 2182 1372 causis,

1238 1390 1334 1427 quas
1355 1389 1475 1425 supra
1494 1378 1754 1415 indicavimus
1770 1377 1796 1416 ².

1293 1431 1353 1468 16.
1374 1432 1582 1469 Ecclesiae
1600 1436 1734 1469 status
1755 1433 1800 1468 in
1820 1432 2076 1480 Anylz'a—S.
2092 1433 2182 1470 An-

1239 1484 1488 1521 selmus—In
1518 1484 1660 1533 Anglia
1680 1488 1810 1522 autem
1832 1485 2042 1523 Guilielmo
2063 1485 2144 1534 regi
2166 1485 2183 1522 I

1240 1550 1301 1575 an.
1318 1538 1417 1575 1087
1433 1539 1617 1575 successit
1637 1537 1868 1575 Guilielmus
1889 1539 1939 1584 II,
1959 1539 2061 1576 filius
2081 1539 2181 1584 eius,

1240 1593 1443 1641 postquam
1466 1590 1683 1628 Lanfranco
1713 1591 1998 1641 archiepiscopo
2019 1593 2187 1630 Cantua·

1240 1644 1359 1681 riensi
1371 1648 1410 1681 et
1422 1644 1590 1693 Angliae
1606 1644 1761 1693 primati
1777 1644 2030 1682 iureiurando
2045 1645 2185 1694 promi-

1243 1698 1369 1742 sisset,
1386 1709 1427 1735 se
1442 1697 1482 1734 in
1504 1698 1606 1734 omni
1629 1698 1788 1746 negotio
1809 1698 1998 1736 iustitiam
2021 1702 2060 1736 et
2079 1698 2188 1736 mise-

1242 1751 1450 1788 ricordiam
1472 1753 1732 1796 sectaturum,
1754 1763 1886 1799 pacem
1909 1755 1948 1789 et
1967 1752 2185 1789 libertatem

1244 1804 1505 1842 defensurum.
1522 1804 1669 1842 Verum
1693 1805 1924 1842 Guilielmus
1942 1817 2010 1843 rex
2032 1804 2189 1854 promis-

1245 1870 1287 1896 sa
1302 1858 1463 1907 sprevit,
1476 1860 1563 1906 post
1583 1858 1729 1895 obitum
1748 1858 1960 1896 Lanfranci
1973 1857 2187 1909 (1089)ec-

1245 1912 1380 1949 clesias
1397 1911 1570 1955 vexavit,
1591 1923 1727 1949 earum
1748 1912 1849 1950 bona
1867 1912 2023 1958 invasit,
2045 1923 2187 1950 vacan-

1245 1965 1342 2002 tium
1358 1965 1612 2002 ecclesiarum
1630 1965 1778 2003 reditus
1795 1966 2012 2014 usurpavit,
2025 1965 2187 2014 dignita-

1244 2022 1304 2056 tes
1323 2018 1600 2056 ecclesiasticas
1621 2019 1745 2067 pretio
1763 2019 1948 2056 vendidit.
1961 2020 2073 2056 Anno
2089 2018 2188 2056 1093

1245 2073 1356 2121 gravi
1377 2072 1622 2120 aegritudine
1639 2075 1859 2120 correptus,
1875 2084 1904 2110 s.
1926 2071 2110 2110 Anselmo
2127 2072 2190 2109 ab·

1245 2125 1325 2164 bati
1345 2125 1545 2170 Beccensi,
1560 2128 1653 2163 tunc
1674 2125 1711 2161 in
1732 2125 1876 2174 Anglia
1897 2125 2030 2175 agenti
2046 2136 2187 2174 pecca-

1244 2181 1374 2217 torum
1405 2178 1602 2216 confessus
1631 2182 1691 2216 est
1707 2208 1716 2223 ,
1746 2178 1851 2216 vitae
1881 2178 2190 2216 emendationem

1246 2231 1464 2282 spopondit,
1485 2238 1524 2269 et
1543 2231 1791 2278 Anselmum,
1811 2232 1990 2281 quamvis
2009 2231 2191 2277 invitum,

1247 2286 1295 2323 ad
1325 2285 1454 2322 sedem
1484 2285 1819 2331 Cantuariensem,
1840 2286 1916 2323 iam
1937 2286 1986 2324 ab
2006 2297 2067 2323 an.
2092 2285 2191 2323 1089

1247 2342 1466 2383 vacantem,
1487 2339 1710 2387 eligendum
1739 2341 1855 2388 atque
1884 2339 2191 2377 consecrandum

1245 2392 1412 2429 curavit.
1426 2391 1576 2428 Verum
1594 2404 1680 2429 cum
1700 2392 1809 2430 brevi
1831 2396 1916 2441 post
1930 2405 1959 2431 s.
1983 2392 2192 2431 Anselmus

1245 2456 1377 2494 regem
1394 2445 1749 2494 interpellasset,ut
1767 2446 1813 2483 ad
1827 2446 2078 2495 corrigendos
2088 2446 2191 2483 abu-

1244 2511 1307 2536 sus
1323 2499 1496 2546 synodus
1512 2499 1702 2547 generalis
1719 2511 1739 2537 e
1756 2511 1876 2549 regno
1897 2503 2117 2549 cogeretur,
2129 2499 2193 2536 ab·

1242 2552 1357 2589 batiis
1376 2552 1605 2590 vacantibus
1621 2553 1781 2590 abbates
1799 2553 2119 2601 praeficerentur,
2135 2552 2192 2590 si-

1243 2606 1356 2653 bique
1367 2606 1532 2642 Romam
1544 2606 1732 2654 proficisci
1745 2606 1944 2652 liceret,ut
1958 2618 1978 2644 e
1994 2617 2111 2644 manu
2122 2605 2194 2643 Ur-

1244 2659 1332 2696 bani
1356 2659 1424 2707 Pp.
1445 2659 1605 2706 pallium
1627 2660 1855 2708 susciperet,
1872 2660 2103 2697 Guilielmus
2124 2670 2194 2696 rex

1245 2712 1307 2761 qni
1329 2713 1533 2750 Urbanum
1550 2713 1583 2749 ΙΙ
1602 2713 1768 2750 nondum
1791 2715 2020 2763 agnoverat,
2035 2713 2091 2750 ita
2110 2712 2192 2750 ira-

1244 2769 1306 2803 tus
1323 2769 1394 2811 est,
1414 2768 1457 2802 ut
1473 2765 1673 2815 episcopos
1689 2767 1738 2804 ad
1755 2767 2027 2816 deponendum
2048 2765 2192 2804 Ansel-

1288 2879 1296 2900 ¹
1312 2880 1427 2911 Guiliel.
1445 2880 1565 2919 Tyrius,
1580 2880 1622 2911 De
1634 2880 1714 2911 bello
1726 2889 1808 2912 sacr.
1825 2880 1924 2918 1.1-9;
1940 2881 2055 2912 Wiiken
2066 2906 2073 2919 ,
2086 2880 2195 2913 Histo-

1246 2921 1296 2952 ria
1313 2921 1449 2961 expedit.
1472 2919 1624 2959 cruciat,
1650 2923 1844 2961 germanice;
1868 2923 2030 2960 Michaud,
2053 2922 2196 2955 Histoire

1245 2963 1298 2994 des
1315 2963 1486 2994 croisades.
1501 2964 1705 2995 —Godesridi
1719 2963 1891 2995 Bulloniaei
1904 2973 1954 2995 res
1968 2969 2074 3003 gestas
2091 2965 2120 2995 in
2137 2966 2198 3004 pri·

1247 3015 1293 3036 rna
1313 3006 1523 3036 eructaturum
1547 3006 1742 3044 expeditione
1769 3005 1920 3037 adversus
1939 3006 2054 3036 Tureas
2078 3007 2195 3037 miran-

1247 3048 1317 3077 dum
1336 3047 1364 3076 in
1383 3047 1503 3077 modum
1522 3046 1683 3086 descripsit
1701 3049 1876 3086 Torquatus
1892 3048 1989 3077 Tasso
2003 3047 2032 3077 in
2049 3056 2104 3078 suo
2120 3057 2196 3089 per-

1247 3098 1343 3160 gnam
1368 3089 1535 3127 praestanti
1553 3090 1641 3129 epico
1659 3092 1818 3129 poemate,
1834 3088 1878 3120 La
1895 3088 2136 3121 Gernzsalemme
2159 3088 2196 3120 li-

1266 3132 1367 3161 emta.

1286 3172 1301 3192 '0'
1324 3172 1361 3201 (Es
1382 3172 1530 3212 Bergier,
1563 3171 1699 3203 Dictinn.
1733 3171 1898 3212 theoloqiq.
1924 3175 1982 3203 art.
2009 3170 2194 3210 (misaam

1249 3213 1257 3243 Ι
1286 3214 1317 3244 Β.
1337 3213 1450 3251 Palma,
1471 3213 1625 3246 Praelcct.
1641 3213 1758 3246 Πέδιον.
1775 3213 1881 3246 eccles.
1896 3217 1915 3245 t.
1930 3213 1983 3253 111,
1995 3218 2072 3254 part.
2090 3214 2112 3251 l,
2127 3223 2154 3247 c.
2165 3213 2194 3245 6.
