2241 3473
789 131 917 163 VSQVE
945 131 998 158 AD
1027 130 1302 158 INNOCEN‘I'IVM
1331 130 1385 157 111.

110 197 354 238 vestiverunt
378 193 404 233 ¹.
425 194 612 232 Eamdem
640 194 872 243 dignitatem
901 193 1053 243 Grego-

108 249 285 291 rius.vl1
305 249 495 286 concessit
522 247 703 286 Michaeli
732 247 819 285 duci
847 247 1053 284 Slavorum

108 316 176 343 seu
195 302 436 347 Serviorum,
459 304 500 339 ut
519 302 670 338 eruitur
697 312 745 338 ex
773 300 960 348 epistola,
980 311 1056 347 qua
1086 296 1092 302 ’

108 368 132 394 a
151 354 343 395 Michaele
363 355 477 403 petiit
497 354 660 403 legatos,
681 365 749 402 per
777 365 873 401 quos
901 353 1056 391 dissidia

107 409 212 447 inter
222 406 475 457 Spalatanum
490 408 787 456 etRagusanum
805 406 1055 453 archiepisco-

108 473 176 511 pos
189 467 513 509 componerentur
529 464 568 497 et
581 460 747 507 insignia
759 459 865 507 regia
883 458 929 495 ad
947 459 1053 495 illum

107 515 355 552 mitterentur
369 512 396 551 ⁸³.
418 513 562 551 Eodem
582 512 739 550 circiter
758 517 930 560 tempore
952 511 1055 548 filius

107 567 306 612 Demetrii,
323 566 425 615 regis
442 567 668 610 Russorum,
685 565 847 602 Romam
869 564 986 610 venit,
1001 576 1054 600 re-

107 631 305 669 gnumque
324 631 436 657 suum
456 619 666 656 secundum
683 618 802 667 patris
822 617 879 654 sui
899 624 989 653 vota
1005 617 1051 653 de

108 685 226 711 manu
250 673 452 711 Pontificis
480 676 676 720 tamquam
707 671 853 707 donum
883 682 912 706 s.
945 670 1052 706 Petri

111 726 304 775 suscipere
334 725 553 774 postulavit.
583 724 797 772 Gregorius
827 723 899 759 VII
928 720 1053 759 tilium

109 779 311 822 Demetrii,
330 782 532 828 postquam
553 777 614 814 hic
629 777 676 814 de
697 788 804 813 more
832 775 924 812 fidei
943 775 1048 812 iura-

109 836 282 870 mentum
305 831 574 880 praestitisset,
602 829 758 866 nomine
788 829 830 865 D.
863 829 970 866 Petri
992 840 1051 866 re-

108 897 185 934 gno
205 885 373 922 Russiae
393 883 595 920 investivit
613 882 641 920 ³.

161 937 259 976 Tum
276 942 368 974 ante
385 936 560 985 Gregorii
579 935 653 972 VII
668 938 846 983 tempora
866 938 948 971 tum
971 938 1055 983 post

108 991 192 1028 eius
207 994 380 1028 aetatem
402 1001 482 1027 mos
502 988 685 1034 obtinuit,
707 993 750 1025 ut
770 999 892 1036 reges,
923 988 1053 1032 duces,

106 1044 268 1081 comites
287 1055 360 1092 non
381 1046 509 1080 castra
529 1041 668 1086 solum,
683 1041 748 1078 sed
769 1045 807 1078 et
828 1052 950 1089 regna
970 1052 1052 1087 sua,

107 1099 148 1134 et
158 1097 374 1146 provincias
386 1095 476 1133 Sedi
489 1096 518 1132 A
527 1095 736 1144 post-olicae
749 1093 981 1142 obligarent,
993 1105 1052 1130 ea-

107 1161 182 1198 que
200 1161 335 1187 rursus
352 1150 398 1186 ab
418 1149 485 1185 illa
506 1149 544 1186 in
567 1147 681 1185 feuda
698 1147 928 1196 reciperent,
941 1149 983 1184 ut
998 1147 1053 1194 ita

106 1203 177 1240 sub
196 1202 353 1252 speciali
373 1202 421 1239 R.
443 1201 640 1239 Ecclesiae
670 1201 830 1249 eiusque
853 1199 1054 1237 Pontificis

106 1255 346 1304 protectione
365 1254 504 1293 forent.
528 1254 569 1291 Id
594 1255 672 1291 iam
691 1256 808 1291 antea
827 1252 1002 1290 fecerant
1022 1265 1052 1290 s.

105 1308 324 1357 Stephanus
339 1308 695 1358 rexHungarorum
712 1312 750 1344 et
761 1306 958 1344 Robertus
976 1307 1053 1343 dux

104 1361 291 1410 Apuliae,
312 1361 515 1399 Calabriae
535 1366 575 1399 et
594 1360 776 1406 Sieiliae;
799 1364 932 1408 postea
950 1361 1052 1398 idem

104 1413 285 1452 fecerunt
305 1414 537 1452 Godefridus
559 1414 807 1452 Bulloniaeu's
829 1425 897 1450 rex
914 1414 1049 1451 Hiero-

104 1467 346 1516 solymorum
383 1479 444 1504 an.
478 1468 577 1506 1099
593 1497 602 1512 ,
640 1467 833 1516 Rogerius
870 1466 1054 1504 fundator

104 1521 215 1569 regni
244 1520 400 1558 Siciliae
424 1521 546 1567 1130,
575 1520 770 1558 CarolusI
800 1531 873 1556 rex
900 1520 1052 1557 Siciliae

106 1573 221 1618 1276,
243 1573 386 1611 Petrus
406 1573 442 1611 11
463 1586 534 1611 rex
555 1573 779 1624 Aragoniae
803 1572 917 1617 1204,
938 1584 1051 1622 reges

105 1626 271 1674 Angliae
288 1627 480 1664 Henricus
496 1627 531 1664 ΙΙ
552 1626 664 1670 1172,
685 1627 849 1663 Ioannes
864 1626 944 1663 sine
960 1626 1052 1663 Ter-

104 1689 150 1717 ra
170 1679 291 1725 1213,
321 1680 513 1718 Henricus
542 1680 597 1717 III
629 1679 750 1725 1216,
771 1679 837 1716 alii
855 1678 882 1716 4.
912 1680 954 1716 Id
974 1691 1048 1717 au-

103 1735 184 1770 tem
212 1732 404 1781 principes
436 1733 555 1770 libere
584 1736 623 1770 et
652 1744 722 1770 sua
763 1736 898 1781 sponte
927 1732 1048 1770 facie-

105 1785 199 1837 bant
209 1785 235 1823 5.
252 1785 396 1824 Iniuste
412 1786 600 1823 Mosheim
613 1783 627 1805 ⁶
647 1786 789 1834 aliique
815 1789 1048 1823 accusarunt

106 1838 337 1888 Gregorium
357 1839 444 1885 VII,
464 1839 565 1887 quod
585 1839 624 1876 in
653 1839 837 1876 universa
864 1839 1046 1876 christia-

105 1902 242 1929 norum
262 1892 480 1941 principum
509 1904 631 1941 regna
659 1892 898 1928 dominatum
929 1904 1045 1930 usur-

104 1955 212 1993 pare,
231 1956 351 1994 eaque
370 1945 409 1982 in
429 1946 477 1983 R.
499 1945 693 1983 Ecclesiae
714 1945 828 1982 feuda
848 1948 1048 1984 converte-

104 2008 147 2035 re
165 1998 390 2036 tentaverit.

157 2051 269 2088 Anno
291 2051 391 2089 1075
411 2052 620 2101 Gregorius
637 2052 706 2100 Pp.
723 2051 877 2100 excepit
897 2051 1046 2101 legatos

104 2103 270 2142 Boleslai
288 2104 323 2142 II
343 2105 446 2154 regis
466 2105 669 2150 Polom'ae,
689 2106 736 2141 ad
758 2117 873 2153 quem
902 2105 1046 2142 rescri-

104 2157 223 2204 bens,
243 2157 420 2195 laudavit
446 2158 529 2197 eius
557 2159 844 2195 observantiam
874 2169 969 2207 erga
997 2159 1045 2196 R.

106 2209 337 2257 Ecclesiam,
356 2211 601 2260 rogavitque,
624 2214 667 2248 ut
684 2212 822 2260 legatis
838 2212 918 2249 suis
935 2223 1045 2260 opem

106 2262 229 2301 ferret
262 2265 301 2300 in
330 2265 555 2302 ordinandis
584 2265 709 2302 causis
738 2265 1046 2313 Episcoporum‚

107 2316 173 2363 qui
194 2317 397 2364 pauciores
415 2320 527 2355 erant
547 2320 585 2354 et
604 2317 943 2366 metropolitanum
970 2330 1045 2355 non

106 2368 314 2407 habebant.
344 2370 470 2411 Quum
499 2374 638 2419 postea
672 2370 874 2408 Boleslaus
907 2371 1045 2408 relicta

108 2476 186 2520 set,
207 2479 322 2524 atque
343 2488 374 2514 s.
393 2476 632 2514 Stanislaum
661 2477 879 2526 episcopum
903 2477 1048 2515 Craco-

107 2528 303 2574 viensem,
332 2540 355 2566 a
383 2541 459 2577 quo
487 2534 574 2578 post
604 2529 735 2579 plures
763 2530 1049 2568 admonitiones

108 2579 242 2619 fuerat
260 2583 636 2629 excommunicatus,
657 2595 757 2620 anno
781 2583 880 2620 1079
909 2584 957 2621 ad
988 2584 1048 2621 al-

107 2636 193 2671 tare
213 2635 431 2679 occidisset,
452 2636 664 2685 Gregorius
687 2637 754 2684 Pp.
777 2635 944 2674 ferocem
974 2637 1048 2674 du-

108 2697 191 2724 cem
211 2688 460 2726 anathemate
480 2689 668 2737 perculit,
697 2689 806 2738 regio
835 2690 981 2727 honore
1012 2692 1051 2727 et

107 2742 300 2788 potestate
320 2741 504 2790 privavit,
525 2742 684 2790 eiusque
705 2743 876 2780 subditos
897 2744 944 2780 ab
965 2744 1053 2780 obe-

108 2791 253 2831 dientia
281 2794 448 2832 absolvit
467 2792 492 2831 ⁷.
524 2794 724 2832 Boleslaus
753 2806 872 2844 regno
893 2796 1052 2842 eiectus,

151 2895 162 2917 ¹
178 2897 289 2927 Baron.
307 2897 346 2926 ad
362 2906 409 2927 an.
429 2895 518 2927 1076.
530 2895 702 2937 —2Epist.
717 2897 764 2934 12,
781 2899 799 2928 1.
816 2899 848 2929 V.

151 2937 166 2959 ³
181 2936 282 2978 Epist.
301 2937 349 2975 74,
363 2938 383 2970 l.
399 2939 434 2969 li.
446 2939 508 2960 ——4
528 2938 564 2969 Cf
573 2938 714 2969 Gosseiin
729 2964 737 2977 ‚
753 2939 897 2972 Pouvoir
910 2939 952 2972 du
967 2941 1054 2981 Pape

109 2986 152 3008 au
174 2987 288 3019 moyen
306 2978 379 3018 dyc,
404 2984 482 3018 part.
504 2979 541 3010 11.

149 3020 164 3042 5
185 3032 197 3048 ι
213 3021 368 3062 Liguriam
392 3025 422 3051 et
443 3020 586 3051 Tusciam
609 3021 756 3061 Gregorio
780 3023 833 3060 Pp.
849 3022 900 3053 ViI
923 3026 952 3054 et
967 3024 996 3055 S.
1020 3025 1053 3055 R.

111 3059 270 3092 Ecclesiae
284 3062 480 3092 devotissime
493 3062 601 3092 obtulit
613 3063 769 3093 comitissa
783 3064 938 3095 Mathildis
950 3076 962 3093 »
976 3074 983 3102 ;
998 3066 1055 3097 Leo

111 3102 243 3135 Ostiens.
259 3103 277 3133 l.
294 3103 332 3134 ΙΙΙ
352 3102 468 3135 chron.
489 3102 594 3135 δαείη,
611 3114 637 3134 c.
654 3103 702 3133 49.

149 3142 319 3175 ⁶1nstitut.
338 3144 415 3176 hist.
428 3145 501 3176 eccl.
517 3153 598 3175 saec.
613 3145 660 3182 XI,
679 3148 758 3184 part.
771 3146 806 3182 li,
823 3155 850 3176 c.
864 3145 892 3176 ἓ.

150 3185 162 3205 ⁷
180 3183 277 3225 Epist.
298 3185 377 3222 73,1.
398 3187 434 3223 ΙΙ;
453 3185 692 3222 Boiiand.‚.›icta
709 3184 763 3218 SS.
781 3186 797 3216 7
818 3188 898 3218 maii.

1077 3185 1082 3225 ἰ

1958 117 1984 154 9

1100 193 1139 230 in
1172 193 1290 231 exilio
1324 193 1435 238 obiit3
1464 191 1600 230 Poloni
1630 201 1725 229 vero
1745 189 1785 228 in
1806 189 1889 228 eius
1914 189 2042 227 locum

1101 247 1306 295 elegerunt
1326 244 1578 284 Uratislaum.

1154 300 1194 336 111
1216 299 1442 348 Hungariae
1463 310 1582 347 regno
1603 309 1664 336 an.
1689 296 1789 335 1063
1809 295 1942 334 Belam
1971 307 2044 333 ex-

1101 353 1202 401 cepit
1221 352 1418 396 Salomon,
1439 363 1551 400 quem
1574 350 1751 399 Hungari
1773 361 1833 387 an.
1855 349 1955 386 1074
1971 349 2044 386 eie-

1100 409 1248 451 cerunt,
1270 405 1432 442 suffecto
1453 405 1490 441 in
1510 405 1592 442 eius
1612 404 1740 441 locum
1763 403 1902 448 Geisa,
1924 401 2043 439 Belae

1098 458 1189 495 filio.
1210 460 1340 500 Quum
1360 458 1572 505 Gregorius
1593 457 1667 494 VH
1689 455 1920 500 audivisset,
1940 455 2045 492 Salo-

1100 523 1247 548 monem
1268 511 1498 559 implorasse
1523 515 1635 559 opem
1660 509 1820 546 Henrici
1852 508 1906 545 IV
1934 508 2044 557 eique

1100 575 1261 612 regnum
1282 563 1518 611 Hungariae,
1538 563 1730 611 quondam
1749 573 1773 598 a
1798 574 1827 599 s.
1848 561 2045 609 Stephano

1099 617 1147 653 R.
1170 616 1361 653 Ecclesiae
1395 616 1534 653 devote
1567 615 1778 658 traditum,
1814 615 1852 651 in
1886 614 2044 651 feudum

1099 670 1294 715 obtulisse,
1306 669 1551 706 Salomonem
1572 668 1748 716 graviter
1765 667 1956 715 increpuit
1972 679 2047 704 mo-

1099 723 1275 770 nuitque,
1296 734 1385 759 eum
1406 722 1571 770 gratiam
1594 721 1634 758 B.
1653 721 1774 766 Petri,
1795 732 1911 768 quam
1931 720 2049 758 inter-

1098 775 1274 823 pellarat,
1297 787 1370 812 non
1390 778 1650 822 recepturum,
1671 773 1743 810 nisi
1765 778 1960 821 sceptrum
1980 785 2046 810 re-

1098 830 1161 877 gni
1174 828 1388 877 Hungarici
1401 827 1634 876 apostolicae
1646 830 1686 864 et
1697 838 1770 863 non
1782 826 1913 875 regiae
1930 827 2047 864 maie-

1097 882 1208 919 statis
1229 881 1454 919 beneficium
1481 892 1564 917 esse
1586 879 1808 928 agnovisset
1830 879 1854 916 ¹.
1879 879 2047 917 Litteras

1097 935 1214 971 etiam
1233 935 1387 982 scripsit
1408 934 1456 970 ad
1472 933 1641 978 Geisam,
1657 933 1694 969 in
1712 933 1850 980 quibus
1865 932 2049 978 ostendit,

1095 999 1258 1035 regnum
1289 987 1556 1036 Hungaricum
1591 997 1666 1023 non
1694 986 1778 1034 regi
1808 985 2048 1032 Teutonico,

1096 1042 1160 1077 sed
1182 1042 1229 1078 R.
1250 1040 1449 1078 Ecclesiae
1469 1051 1552 1077 esse
1582 1039 1815 1083 subiectum3
1839 1050 1926 1075 eum
1953 1038 2047 1075 hor-

1095 1096 1202 1130 tatus
1232 1101 1311 1140 est,
1331 1094 1379 1131 ad
1405 1093 1622 1130 habendam
1642 1103 1775 1129 curam
1797 1092 1844 1128 de
1864 1091 2048 1137 ecclesiiS,

1096 1147 1269 1184 studium
1308 1158 1403 1196 erga
1440 1145 1683 1194 Religionem
1718 1148 1757 1181 et
1790 1144 2047 1181 obedientiam

1097 1211 1193 1248 erga
1230 1200 1378 1248 legatos
1398 1199 1638 1248 Apostolicae
1661 1198 1771 1235 Sedis
1792 1195 1817 1235 ².
1841 1197 1983 1235 Postea
2003 1210 2048 1234 e-

1096 1254 1275 1302 pistolam
1306 1253 1460 1301 scripsit
1488 1253 1536 1289 ad
1565 1251 1791 1289 Ladislaum
1809 1280 1817 1296 ,
1846 1251 1910 1299 qui
1948 1262 2049 1287 anno

1105 1305 1205 1343 1077
1234 1306 1348 1344 fratri
1378 1318 1446 1344 suo
1476 1305 1615 1343 Geisae
1645 1304 1851 1350 defunctO,
1872 1315 2048 1340 commu-

1096 1360 1133 1396 ni
1156 1361 1434 1408 Hungarorum
1463 1370 1648 1396 consensu
1679 1357 1863 1395 suffectus
1895 1356 1969 1394 fuit
1997 1367 2053 1394 re-

1096 1414 1307 1462 gnavitque
1341 1425 1458 1461 usque
1488 1413 1537 1450 ad
1565 1416 1624 1449 an.
1649 1411 1762 1448 1095.
1786 1411 1860 1447 Hic
1880 1421 1948 1447 rex
1970 1412 2051 1447 tan-

1095 1471 1159 1503 tae
1180 1466 1255 1504 fuit
1275 1466 1442 1515 pietatis,
1461 1470 1502 1502 ut
1521 1470 1606 1514 post
1621 1465 1768 1502 obitum
1784 1476 1894 1501 suum
1912 1463 2048 1500 Ssrum

1095 1520 1260 1557 honores
1281 1523 1512 1556 consecutus
1540 1518 1611 1565 sit3
1640 1517 1883 1565 Religionem
1914 1520 2046 1566 prote-

1094 1574 1163 1620 xit,
1183 1572 1366 1610 ecclesias
1386 1583 1596 1620 earumque
1617 1571 1703 1608 iura
1718 1569 1910 1616 defendit,
1931 1570 2048 1607 disci-

1093 1626 1238 1674 plinam
1250 1626 1551 1663 ecclesiasticam
1564 1623 1750 1670 restituit,
1761 1623 1936 1661 subditos
1949 1622 2048 1660 iuste

1094 1679 1347 1727 gubernavit,
1367 1679 1551 1716 Tartaros
1580 1681 1619 1714 et
1647 1677 1742 1714 alios
1771 1677 1900 1713 hostes
1926 1683 2046 1724 repu-

1090 1733 1148 1778 lit,
1168 1744 1364 1780 regnoque
1385 1744 1454 1770 suo
1474 1731 1652 1769 adiunxit
1671 1729 1869 1769 Croatiam
1891 1732 1930 1767 et
1950 1729 2046 1767 Dal-

1090 1785 1250 1823 matiam
1265 1784 1292 1823 3.
1503 1793 1513 1803 ¹

1142 1839 1186 1876 In
1207 1839 1394 1876 Bohemia
1407 1849 1571 1887 magnae
1587 1837 1742 1887 pietatis
1758 1835 1968 1885 specimina
1984 1836 2050 1873 da-

1091 1892 1156 1930 bat
1175 1892 1397 1930 Uratislaus
1418 1892 1498 1928 dux
1518 1891 1573 1937 II,
1594 1891 1657 1928 cui
1677 1894 1865 1937 tanquam
1886 1890 1933 1926 de
1954 1891 2052 1938 Apo-

1089 1946 1224 1983 stolica
1253 1946 1352 1982 Sede
1382 1946 1477 1982 bene
1505 1944 1642 1981 merito
1662 1943 1887 1980 Alexander
1914 1942 1984 1991 Pp.
2014 1942 2050 1979 Π

1091 2010 1202 2036 usum
1221 1999 1359 2036 mitrae
1388 2000 1650 2043 concesserat3
1671 1996 1773 2045 quod
1802 1995 2048 2045 privilegium

1090 2053 1215 2089 eidem
1237 2051 1484 2089 confirmavit
1503 2051 1716 2099 Gregorius
1735 2050 1824 2095 VII,
1853 2049 1920 2086 sed
1940 2048 1975 2086 ei
1995 2060 2049 2086 as-

1089 2105 1225 2144 sentiri
1246 2107 1453 2151 recusavit,
1476 2107 1518 2142 ut
1537 2104 1711 2141 divinum
1733 2102 1902 2140 officium
1916 2101 2050 2151 lingua

1090 2159 1288 2197 slavonica
1309 2159 1570 2196 celebraretur
1591 2156 1617 2194 ⁴.
1639 2161 1674 2194 A
1694 2156 1801 2194 ducis
1822 2155 1964 2204 pietate
1985 2155 2049 2192 di-

1088 2213 1217 2250 stabat
1235 2212 1358 2249 frater
1379 2212 1461 2249 eius
1476 2210 1704 2256 Ieromirus,
1722 2210 1925 2258 episcopus
1947 2208 2048 2245 Pra-

1088 2266 1234 2315 gensis,
1253 2277 1368 2314 quem
1397 2276 1486 2302 cum
1514 2263 1636 2313 legati
1665 2262 1860 2312 apostolici
1891 2264 2049 2310 propter

1090 2319 1252 2356 iniurias
1282 2319 1416 2356 Ioanni
1445 2317 1621 2366 episcopo
1649 2315 1871 2354 Moravensi
1905 2314 2045 2360 factas,

1089 2372 1347 2410 functionibus
1368 2374 1408 2409 et
1423 2371 1637 2408 redditibus
1651 2370 1881 2419 privassent,
1894 2368 2046 2415 Grego-

1090 2427 1170 2463 rius
1190 2426 1259 2474 Pp.
1281 2428 1486 2473 utrumque
1507 2425 1725 2473 episcopum
1742 2423 1909 2459 Romam
1925 2432 2046 2457 voca-

1092 2480 1160 2525 vit,
1183 2481 1222 2516 et
1242 2490 1360 2516 causa
1380 2479 1553 2516 discussa
1568 2507 1577 2524 ,
1597 2475 1841 2514 concordiam
1862 2474 1964 2511 inter
1983 2485 2048 2511 eos

1091 2532 1304 2581 composuit
1323 2531 1348 2569 5.
1584 2574 1593 2584 .

1143 2584 1189 2625 In
1200 2585 1325 2622 Dania
1337 2585 1491 2633 pietatis
1507 2584 1612 2621 fama
1627 2587 1666 2620 et
1683 2579 1897 2629 Religionis
1919 2579 2044 2617 studio

1091 2640 1263 2677 clarebat
1281 2651 1311 2676 s.
1333 2638 1526 2684 Canutus,
1547 2637 1611 2685 qui
1633 2647 1692 2672 an.
1717 2635 1816 2672 1080
1837 2633 1950 2670 fratri
1972 2644 2042 2670 suo

1094 2693 1264 2731 Haraldo
1284 2691 1324 2728 in
1340 2703 1458 2740 regno
1479 2690 1731 2728 successerat.
1760 2687 1820 2725 Ad
1849 2687 1952 2724 hunc
1981 2697 2045 2722 re-

1095 2758 1184 2796 gem
1203 2745 1418 2793 Gregorius
1446 2744 1521 2781 VII
1542 2743 1637 2779 duas
1665 2740 1846 2789 epistolas
1875 2739 2044 2787 scripsit,

1095 2802 1134 2837 in
1150 2799 1289 2848 quibus
1304 2798 1338 2835 ei
1355 2797 1574 2846 gratulatus
1589 2797 1646 2832 est
1661 2795 1709 2831 de
1723 2793 1798 2830 fide
1813 2804 1907 2841 erga
1919 2792 2045 2829 3.Εο-

1096 2853 1253 2890 clesiam
1273 2856 1312 2887 et
1332 2850 1485 2899 pietatis
1505 2848 1651 2894 studio,
1680 2845 2043 2892 commendavitque

1096 2903 1426 2956 perseverantiam
1444 2916 1453 2949 3
1473 2901 1628 2950 rogavit
1655 2900 1857 2946 eumdem,
1886 2905 1930 2936 ut
1956 2898 2042 2935 Ro-

1138 3024 1148 3044 ¹
1167 3020 1262 3062 Epist.
1281 3019 1323 3055 13,
1339 3020 1356 3049 l.
1374 3019 1409 3049 ΙΙ.

1138 3063 1265 3103 ‘21⁴insc.
1283 3062 1332 3098 63,
1349 3061 1366 3090 Ι.
1385 3059 1420 3090 ΙΙ.

1137 3106 1152 3125 3
1168 3103 1303 3135 Bolland.
1323 3103 1402 3132 Acta
1417 3098 1470 3132 SS.
1487 3099 1523 3130 -27
1544 3101 1604 3130 iun.

1139 3147 1151 3168 ⁴
1170 3144 1271 3184 Epist.
1286 3142 1335 3180 38,
1352 3143 1370 3172 ι.
1387 3143 1397 3172 1
1413 3151 1420 3179 ;
1441 3142 1486 3177 ιι,
1500 3142 1517 3171 1.
1536 3141 1598 3172 vu.

1139 3188 1153 3208 5
1169 3186 1265 3226 Epist.
1278 3184 1328 3218 lt,
1344 3183 1392 3220 45,
1409 3182 1457 3216 60.
1475 3181 1521 3219 78,
1538 3182 1557 3213 1.
1576 3184 1598 3214 i:
1615 3181 1720 3219 6-8,1.
1739 3181 1774 3212 Π.
1816 3209 1820 3214 ,
