2241 3473
241 161 321 203 406

186 245 345 281 condita
359 244 542 292 orphanis
554 242 703 279 alendis
713 241 895 288 hospitia,
907 241 1136 285 seminaria,

186 299 356 345 collegia
382 303 420 334 et
437 297 610 339 scholae,
629 297 667 330 in
696 294 833 341 quibus
852 294 964 341 pueri
991 298 1031 330 et
1047 293 1137 329 ado-

186 352 378 388 lescentes
407 349 712 397 frequentissimi
732 348 779 383 ad
799 348 987 394 pietatem
1013 359 1060 383 ac
1078 347 1136 384 lit-

186 410 291 441 teras
317 405 585 439 instituuntur.

232 458 348 495 Cuius
375 457 530 503 quidem
572 456 630 492 rei
670 456 754 491 laus
787 467 864 491 non
901 456 1045 502 exigua
1071 455 1138 490 tri-

184 511 338 547 buenda
355 517 415 546 est
430 510 687 546 Britannicae
703 510 832 556 gentis
847 509 1020 556 ingenio,
1038 508 1137 556 quod

184 569 300 610 prout
328 569 514 600 constans
548 569 587 599 et
614 563 802 598 invictum
819 569 879 599 est
898 566 1038 598 contra
1060 561 1136 596 vim

183 617 410 659 adversam,
438 617 493 652 ita
518 616 700 652 veritatis
726 621 765 652 et
785 617 948 652 rationis
965 627 1064 652 voce
1083 615 1136 650 fa-

186 671 258 706 cile
286 670 474 713 flectitur,
503 675 546 706 ut
564 670 727 717 proinde
748 682 842 706 vere
856 670 903 707 de
923 670 1016 718 ipsis
1033 670 1141 705 dixe-

187 725 239 759 rit
278 724 568 760 Tertullianus:
604 723 893 760 Britannorum
934 724 1140 758 inaccessa

183 776 375 813 Romanis
402 778 506 820 loca,
535 777 697 814 Christo
715 777 891 813 subiecta
910 780 935 811 1.
957 779 1009 812 At
1028 787 1140 824 prae-

185 831 340 877 cipuum
367 831 438 867 sibi
465 831 590 867 laudis
618 831 802 867 meritum
831 831 1032 866 vindicant
1051 842 1138 865 eum

185 885 342 921 assidua
368 886 654 932 Episcoporum
681 885 901 931 vigilantia,
933 889 1012 921 tum
1033 884 1139 922 Cleri

182 938 357 975 universi
394 939 531 974 docilis
572 938 620 974 ad
664 938 881 985 parendum
922 939 1108 974 voluntas
1129 966 1137 980 ‚

183 998 366 1040 prompta
382 993 429 1028 ad
446 993 643 1040 agendum
660 993 897 1037 sollertia,ut
913 1004 1039 1040 nuper
1055 993 1139 1039 ipse

181 1046 262 1082 Leo
283 1046 352 1094 Pp.
374 1047 463 1082 XIII
491 1047 710 1083 declaravit
727 1048 755 1078 2.

229 1100 491 1137 Nihilominus
518 1106 557 1137 et
586 1101 824 1148 praesertim
859 1106 947 1148 post
974 1101 1140 1137 Hierar-

185 1154 297 1191 chiae
326 1155 608 1192 institutionem
639 1156 676 1190 in
697 1156 843 1202 AngIIa
861 1159 901 1191 et
919 1156 957 1191 in
979 1156 1125 1199 Scotia,

180 1209 235 1244 uti
263 1209 405 1246 dicturi
432 1221 580 1254 sumus,
612 1210 804 1257 quaedam
832 1221 881 1246 ex
899 1210 984 1257 ipsa
1004 1222 1136 1247 rerum

182 1263 401 1300 conditi0ne
430 1269 541 1301 ortae
567 1264 839 1306 difficultates,
857 1264 1135 1311 dissensusque

181 1316 286 1353 inter
313 1329 517 1354 sacrorum
546 1318 756 1354 Antistites
783 1323 822 1355 et
847 1318 1001 1354 sodales
1021 1318 1131 1354 Ordi-

180 1382 272 1406 num
301 1372 576 1418 religiosorum
617 1372 883 1416 obstiterunt,
926 1373 1136 1419 quominus

179 1425 383 1462 uberiores
410 1427 560 1462 fructus
589 1426 902 1474 perciperentur.
940 1427 997 1462 illi
1027 1428 1131 1463 enim

181 1489 267 1513 cum
296 1481 546 1527 praescripta
572 1480 713 1516 fuisset
733 1492 756 1516 a
776 1480 844 1516 Pio
865 1481 936 1528 Pp.
957 1481 1013 1516 IX
1032 1493 1135 1518 com-

179 1533 307 1568 munis
335 1533 431 1569 iuris
458 1535 728 1578 observantia,
757 1535 835 1570 rati
854 1540 943 1571 sunt
961 1547 1002 1571 se
1023 1546 1136 1581 posse

180 1587 314 1622 omnia
339 1587 569 1632 decernere,
598 1599 697 1635 quae
717 1588 765 1623 ad
784 1588 904 1634 ipsius
924 1589 1020 1625 iuris
1038 1601 1128 1625 exe-

180 1640 379 1677 cutionem
408 1642 635 1689 pertinent,
673 1654 822 1689 quaeve
864 1654 913 1679 ex
954 1643 1134 1690 generali

180 1693 383 1731 Ecclesiae
411 1696 616 1744 disciplina
636 1696 923 1744 Episcoporum
942 1699 1128 1744 potestati

181 1748 378 1794 permissa
416 1754 521 1786 sunt.
550 1750 692 1786 Plures
733 1755 873 1786 contra
913 1763 1135 1799 gravesque

182 1812 325 1839 causae
354 1804 638 1850 prohibebant,
667 1816 715 1840 ne
744 1805 956 1852 peculiaris
984 1806 1132 1842 missio-

182 1867 273 1892 num
301 1856 533 1905 disciplina,
562 1869 662 1906 quae
691 1859 766 1894 iam
807 1859 1131 1905 inveteraverat,

182 1916 346 1957 repente
374 1912 527 1959 penitus
567 1913 806 1950 aboleretur.
834 1913 897 1949 Ad
924 1913 995 1950 has
1023 1926 1137 1962 prop-

184 1968 298 2001 terea
323 1965 574 2002 difficultates
593 1966 830 2003 avertendas
848 1971 889 2004 et
907 1972 1135 2005 controver-

183 2018 262 2054 sias
288 2019 494 2064 finiendas,
514 2021 683 2067 Angliae
703 2021 888 2069 Episcopi
916 2033 988 2069 pro
1009 2033 1080 2058 sua
1098 2023 1136 2058 in

183 2074 415 2120 Apostolica
442 2074 542 2110 Sede
562 2075 817 2111 observantia
843 2075 1077 2112 Pontificem
1097 2089 1135 2113 a·

182 2125 291 2163 diere
312 2133 512 2175 rogantes,
529 2133 572 2164 ut
589 2140 778 2176 suprema
797 2130 876 2165 Sua
894 2130 1133 2167 auctoritate

182 2179 475 2218 dirimerentur.
499 2183 708 2230 Multiplex
732 2184 825 2219 licet
849 2183 1039 2230 varieque
1067 2185 1133 2220 im-

182 2235 299 2281 plexa
316 2242 421 2272 esset
439 2237 646 2283 congeries
666 2249 797 2273 rerum
813 2266 821 2281 ,
840 2248 938 2284 quae
955 2238 994 2272 in
1013 2239 1137 2275 disce-

181 2290 399 2335 ptationem
418 2291 677 2334 vocabantur,
693 2302 830 2327 omnes
845 2297 976 2328 tamen
993 2292 1041 2328 ad
1061 2294 1137 2329 tria

182 2343 427 2389 potissimum
460 2345 593 2392 capita
628 2345 830 2380 commode
866 2345 992 2392 redigi
1022 2358 1136 2393 posse

184 2397 418 2434 arbitratum
448 2399 519 2434 suit
539 2427 547 2441 ,
575 2409 736 2445 quorum
765 2399 933 2434 alterum
958 2398 1006 2434 ad
1025 2400 1139 2435 fami-

183 2449 326 2487 harum
355 2452 630 2499 religiosarum
653 2452 946 2499 exemptionem
963 2453 1135 2499 pertine-

183 2503 250 2540 bat
275 2506 322 2540 ab
350 2506 562 2554 episcopali
583 2505 870 2549 iurisdictione;
890 2506 1060 2542 alterum
1077 2520 1138 2545 sa-

183 2570 252 2594 cra
278 2560 497 2597 ministeria
536 2560 791 2607 respiciebat,
819 2571 918 2607 quae
939 2572 961 2596 a
981 2565 1138 2609 regula-

183 2613 289 2649 ribus
328 2614 586 2651 missionariis
626 2614 941 2657 exercebantur;
977 2617 1135 2653 tertium

182 2668 432 2714 quaestiones
465 2669 802 2716 complectebatur
828 2667 875 2704 de
903 2668 1013 2705 bonis
1041 2676 1138 2707 tem-

184 2722 382 2767 poralibus
400 2723 525 2770 deque
544 2734 614 2758 usu
636 2723 672 2757 in
692 2734 806 2770 quern
836 2722 902 2757 illa
928 2725 1137 2770 oportebat

183 2777 375 2812 converti.
397 2778 476 2813 Leo
498 2777 568 2823 Pp.
589 2776 677 2812 Xlll
699 2776 851 2812 cunctis
867 2782 1053 2821 accurate
1074 2790 1136 2815 ex-

183 2828 360 2876 ploratis,
382 2831 671 2868 Constitutione
691 2829 892 2865 Romanos
918 2831 1136 2878 Pontifices

184 2884 272 2918 νιιι0
309 2884 392 2920 idus
420 2886 511 2920 maii
541 2885 627 2921 1881
657 2884 704 2920 de
734 2885 1016 2921 controversiis
1051 2898 1135 2932 pro-

183 2936 317 2983 positis
336 2949 563 2984 supremum
581 2937 766 2973 iudicium
792 2938 1076 2984 pronuntiavit.
1098 2945 1136 2975 ct

184 3001 298 3037 quum
328 2992 455 3027 Roma
483 2992 614 3028 locuta
641 2992 703 3035 sit,
733 3002 854 3027 causa
880 2992 991 3027 finita
1008 2998 1082 3028 est.

230 3045 288 3081 88.
307 3044 356 3079 ln
371 3045 775 3093 Scotia—Postquam
793 3046 872 3082 Leo
884 3044 1031 3094 Pp.XIl
1047 3047 1137 3083 Sco-

233 3174 239 3195 ¹
270 3178 338 3209 Lil».
365 3178 441 3209 adv.
474 3177 626 3214 ludaeos,
653 3185 722 3218 cap.
752 3177 784 3209 5.

229 3216 243 3239 ²
271 3223 398 3263 licgcsis
418 3226 505 3256 ssim
528 3224 583 3255 Dui
605 3223 710 3254 Nostri
731 3222 849 3254 Leonis
870 3223 927 3257 ΡΙ).
950 3223 1027 3256 xm
1053 3222 1134 3256 Con-

185 3268 549 3311 stit-Apost.R0manos
560 3267 927 3308 Pontifice3‚vi11⁰idus
941 3271 1013 3302 maii
1032 3269 1132 3303 1881.

529 173 696 201 EPOCHA
716 171 804 198 XIII·
828 172 855 197 A
877 170 1059 197 PVBLICA
1079 170 1228 197 RERVM
1249 170 1290 196 IN
1313 169 1482 196 GALLllS
1500 168 1790 196 SVBVERSIONE

1188 239 1283 275 tiam
1304 239 1343 274 in
1361 242 1444 275 tres
1463 236 1690 273 Vicariatos
1707 235 1953 283 Apostolicos
1968 234 2142 278 divisit1‚

1187 293 1421 328 catholicum
1439 302 1586 328 nomen
1612 290 1664 326 ibi
1683 290 1826 325 mirum
1845 289 1882 325 in
1901 288 2059 325 modum
2078 299 2140 324 re-

1187 347 1400 382 florescere
1432 348 1558 381 visum
1587 348 1667 388 est,
1706 346 1868 390 propter
1901 342 2141 378 indefessum

1187 399 1438 436 Vicariorum
1466 398 1784 446 Apostolicorum
1810 396 1947 438 zelum,
1968 407 2041 432 nec
2063 405 2142 430 non

1187 453 1367 489 assiduas
1393 453 1678 500 diligentesque
1706 461 1822 486 curas
1849 451 1889 486 S.
1912 450 2145 496 Congrega-

1188 507 1306 543 tionis
1323 507 1370 544 de
1392 506 1659 553 Propaganda
1677 503 1923 541 Fide.Huius
1940 503 1980 538 in
1999 504 2141 539 bonum

1189 561 1480 607 progressionis
1495 561 1527 596 is
1541 559 1678 595 modus
1696 558 1782 602 suit,
1802 562 1844 594 ut
1860 557 1952 593 dum
1971 567 2034 592 an.
2052 556 2144 593 1829

1189 614 1323 650 Scotia
1350 616 1394 651 51
1423 614 1615 651 ecclesias
1633 612 1885 654 numerabat,
1904 614 1992 657 post
2017 621 2142 646 annos

1189 667 1325 704 decem
1353 668 1398 705 78
1426 668 1577 715 templa
1591 667 1786 703 catholica
1801 667 2043 702 recenseret.
2065 663 2141 704 Qui

1190 721 1292 757 illius
1320 722 1432 769 regni
1460 721 1668 768 religiosas
1700 732 1764 756 res
1805 719 2045 762 describunt,
2073 716 2143 753 tri-

1191 775 1313 811 buunt
1339 777 1402 819 ei,
1430 787 1532 811 anno
1563 774 1652 811 1878
1670 802 1679 818 ‚
1708 774 1868 817 370,000
1895 772 2055 808 circiter
2082 782 2144 807 ca·

1191 829 1442 874 tholicorum,
1462 841 1552 865 eum
1579 829 1650 864 252
1675 828 1855 864 ecclesiis
1873 837 1920 863 ac
1938 825 2125 862 oratoriis
2138 853 2147 869 ‚

1191 888 1228 923 in
1257 889 1397 936 quibus
1423 889 1556 925 divina
1583 888 1782 925 faciebant
1807 887 1877 924 258
1903 885 2140 934 presbyteri;

1196 943 1235 979 13
1265 943 1425 991 insuper
1465 943 1601 979 domos
1639 942 1849 989 religiosas
1890 941 2069 977 virorum
2096 950 2144 976 ac

1190 996 1236 1032 22
1263 997 1490 1033 mulierum.
1536 996 1652 1033 Nunc
1692 996 1745 1032 ibi
1779 998 2041 1032 numerantur
2077 992 2145 1029 124

1191 1050 1348 1087 scholae
1376 1050 1610 1094 catholicae,
1638 1062 1712 1086 nec
1731 1049 1873 1086 desunt
1899 1049 2047 1085 scotica
2073 1047 2143 1083 lin·

1190 1115 1269 1151 gua
1308 1105 1556 1152 conscriptae
1593 1105 1814 1141 catholicae
1854 1101 2144 1150 ephemerides.

1192 1158 1362 1195 Ordines
1389 1159 1685 1206 Religiosorum
1713 1159 1855 1194 iterum
1894 1168 1941 1193 ac
1976 1156 2142 1194 mirifice

1191 1213 1399 1260 propagati
1428 1217 1517 1249 sunt
1544 1213 1583 1249 in
1617 1213 1765 1249 Scotia:
1794 1212 1874 1248 illic
1892 1222 1988 1248 vero
2007 1222 2145 1248 recen-

1189 1271 1326 1303 sentur
1353 1267 1537 1310 Iesuitae,
1558 1267 1841 1309 Passionistae,
1868 1264 2143 1308 Franciscani,

1190 1320 1436 1364 Lazaristae,
1466 1321 1675 1364 Maristae,
1704 1332 1829 1368 aeque
1856 1331 1903 1355 ac
1931 1319 2145 1355 sanctimo-

1191 1374 1316 1409 niales
1337 1375 1476 1421 puell1s
1495 1375 1606 1411 bonis
1628 1375 1778 1410 artibus
1797 1373 2035 1410 erudIendis.
2058 1372 2143 1409 Mo-

1192 1428 1279 1463 naci
1296 1428 1455 1464 Ordinis
1471 1429 1510 1464 S.
1523 1428 1728 1465 Benedicti
1746 1428 1930 1474 Angliae,
1942 1428 2005 1475 qui
2021 1427 2144 1464 tribus

1189 1481 1331 1517 abhinc
1358 1482 1530 1518 saeculis
1556 1487 1596 1518 et
1623 1482 1791 1528 amplius
1809 1481 1898 1518 inde
1918 1481 2143 1525 exularunt,

1189 1529 1227 1563 in
1249 1531 1452 1575 praesenti
1473 1530 1561 1566 illas
1575 1535 1759 1577 repetunt
1773 1534 1964 1573 terras,et
1981 1529 2143 1564 divitum

1190 1583 1475 1619 catholicorum
1503 1584 1671 1630 copiosis
1698 1583 1820 1620 adiuti
1847 1582 2144 1626 donationibus,

1189 1637 1377 1681 condunt,
1392 1649 1511 1685 super
1528 1637 1770 1675 Caledoniae
1789 1637 1933 1681 canali,
1947 1637 2011 1673 ubi
2025 1636 2147 1673 Fort-

1190 1691 1387 1738 Auyastus
1406 1691 1595 1738 assurgit,
1615 1690 1847 1727 coenobium
1867 1690 2143 1734 monasticum,

1189 1744 1372 1781 iuvenum
1389 1745 1715 1782 conturbernium
1736 1750 1777 1781 et
1793 1744 2018 1792 hospitium.
2037 1744 2145 1780 Nulli

1191 1798 1363 1844 dubium,
1383 1799 1472 1847 quin
1493 1804 1602 1836 tanto
1623 1799 1841 1836 catholicae
1862 1799 2067 1846 religionis
2090 1799 2146 1834 in-

1190 1858 1396 1890 cremento
1415 1854 1619 1900 suppetias
1639 1853 1803 1890 tulerint
1817 1852 2145 1900 Hiberni,opera-

1191 1907 1237 1942 rii
1265 1907 1441 1943 zelantes
1466 1907 1608 1951 fidem,
1636 1907 1840 1944 Ecclesiae
1866 1907 2079 1952 honorem,
2106 1911 2146 1944 et

1191 1961 1334 1998 bonum
1362 1963 1551 1999 familiae.
1580 1963 1685 1999 Nam
1714 1963 1800 2010 plus
1827 1964 1981 2007 100‚000
2006 1973 2145 1999 eorum

1191 2026 1316 2063 opera
1334 2017 1485 2052 faciunt
1503 2017 1540 2052 in
1561 2017 1876 2053 armamentario
1897 2016 2026 2053 navali
2055 2015 2146 2052 civi-

1189 2070 1283 2106 tatis
1303 2070 1517 2117 Glasguae.

1236 2123 1348 2160 Haec
1391 2125 1524 2160 omnia
1567 2125 1821 2173 perpendens
1844 2125 1940 2162 Pius
1967 2124 2037 2172 Pp.
2066 2123 2145 2169 IX,

1191 2181 1229 2213 et
1254 2177 1393 2214 videns
1420 2178 1626 2215 Ecclesiae
1664 2179 1703 2215 in
1744 2179 1876 2215 Scotia
1915 2178 2146 2227 pecuniaria

1190 2231 1363 2268 subsidia
1390 2243 1467 2267 non
1494 2232 1633 2269 deesse
1654 2262 1663 2276 ,
1691 2233 1971 2280 anglicumque
1997 2233 2144 2269 Guber-

1191 2284 1297 2320 nium
1326 2297 1464 2322 veram
1493 2287 1647 2333 populis
1678 2287 1758 2323 suis
1792 2287 2016 2324 libertatem
2057 2298 2143 2334 per-

1191 2339 1365 2383 mittere,
1386 2341 1490 2376 serio
1518 2341 1710 2387 cogitavit
1734 2340 1782 2377 de
1810 2340 2054 2378 restituenda
2071 2341 2145 2377 Ec-

1189 2393 1411 2430 clesiastica
1450 2394 1687 2431 Hierarchia
1723 2395 1763 2430 in
1798 2395 1876 2431 illis
1907 2395 2041 2432 terris.
2067 2396 2144 2432 Ac·

1190 2452 1398 2484 cesserunt
1423 2448 1469 2484 de
1497 2449 1571 2485 hac
1599 2461 1642 2486 re
1670 2450 1866 2497 supplices
1900 2450 2051 2487 libellos
2076 2450 2142 2486 Vi-

1190 2502 1387 2537 cariorum
1416 2503 1751 2549 Apostolicorum,
1777 2503 2035 2551 plurimorum
2058 2515 2144 2551 pre-

1189 2555 1456 2603 sbyterorum,
1483 2562 1523 2593 et
1547 2558 1726 2593 virorum
1754 2559 1915 2605 generis
1941 2558 2144 2594 nobilItate

1190 2613 1250 2645 vel
1279 2611 1425 2646 virtute
1444 2610 1679 2655 illustrium,
1699 2612 1762 2659 qui
1781 2623 1920 2649 omnes
1946 2611 1995 2648 ad
2020 2622 2142 2648 unum

1191 2664 1438 2711 quaerebant
1465 2665 1754 2702 restitutionem
1797 2666 1947 2703 sedium
1991 2666 2140 2714 episco-

1192 2717 1336 2765 palium
1366 2723 1407 2754 et
1433 2720 1747 2767 metropoliticae
1776 2720 1812 2755 in
1833 2720 1981 2756 Scotia.
2001 2719 2144 2756 Orato-

1190 2772 1296 2807 ribus
1323 2773 1547 2816 Scotorum,
1582 2773 1646 2821 qui
1667 2774 1906 2810 Vaticanum
1937 2773 2143 2810 conscensi

1189 2824 1280 2861 data
1299 2826 1507 2863 occasione
1527 2827 1688 2864 lubilaei
1717 2828 1958 2864 Pontificalis
1984 2827 2044 2863 Pii
2071 2827 2143 2871 IX,

1188 2889 1290 2915 anno
1335 2880 1426 2916 1877
1446 2909 1454 2922 ,
1497 2892 1566 2927 per
1609 2881 1835 2929 Edenburgi
1871 2880 2141 2929 ApostolIcum

1189 2932 1391 2968 Vicat-ium
1427 2934 1592 2970 Summo
1620 2934 1801 2971 Pontifici
1826 2946 1869 2972 se
1895 2945 2060 2983 sperare
2087 2933 2139 2970 di-

1188 2991 1360 3029 xerunt,
1401 2986 1484 3023 sore
1520 2992 1564 3023 ut
1595 2988 1798 3025 Catholica
1835 2988 2016 3025 Ecclesia
2057 2998 2139 3024 arn-

1189 3039 1429 3085 pliiicaretur
1456 3040 1494 3076 in
1523 3041 1678 3086 Scotia,
1707 3054 1796 3078 cum
1824 3042 1874 3078 ibi
1903 3041 2141 3078 Hierarchia

1189 3094 1471 3130 Ecclesiastica
1498 3095 1792 3141 restitueretur,
1818 3095 2021 3144 respondit
2039 3095 2142 3131 Pon-

1190 3147 1298 3191 tifex,
1332 3159 1374 3183 se
1401 3147 1504 3183 illius
1531 3155 1669 3195 gentes
1696 3150 1936 3187 desiderium
1965 3148 2139 3197 expletu-

1189 3212 1288 3243 rum,
1317 3200 1471 3248 quando
1499 3202 1783 3242 catholicorum
1818 3214 2005 3241 numerus
2043 3201 2137 3239 inibi

1235 3270 1241 3289 ¹
1265 3270 1332 3302 vn.
1352 3280 1384 3313 p.
1407 3269 1570 3304 347-348.
