<?xml version="1.0" encoding="UTF-8"?>
<!DOCTYPE html PUBLIC "-//W3C//DTD XHTML 1.0 Transitional//EN"
    "http://www.w3.org/TR/xhtml1/DTD/xhtml1-transitional.dtd">
<html xmlns="http://www.w3.org/1999/xhtml" xml:lang="en" lang="en">
 <head>
  <title>
</title>
<meta http-equiv="Content-Type" content="text/html;charset=utf-8" />
  <meta name='ocr-system' content='tesseract 3.04.00' />
  <meta name='ocr-capabilities' content='ocr_page ocr_carea ocr_par ocr_line ocrx_word'/>
</head>
<body>
  <div class='ocr_page' id='page_1' title='image "./historiaeecclesi01wout_0043.png"; bbox 0 0 2241 3473; ppageno 0'>
   <div class='ocr_carea' id='block_1_1' title="bbox 648 174 1496 206">
    <p class='ocr_par' dir='ltr' id='par_1_1' title="bbox 648 174 1496 206">
     <span class='ocr_line' id='line_1_1' title="bbox 648 174 1496 206; baseline 0 -5"><span class='ocrx_word' id='word_1_1' title='bbox 648 175 773 206; x_wconf 71' lang='lat' dir='ltr'>VSQVE</span> <span class='ocrx_word' id='word_1_2' title='bbox 801 175 853 202; x_wconf 74' lang='lat' dir='ltr'><strong>An</strong></span> <span class='ocrx_word' id='word_1_3' title='bbox 882 175 1030 202; x_wconf 81' lang='lat' dir='ltr'>OBITVM</span> <span class='ocrx_word' id='word_1_4' title='bbox 1057 175 1088 202; x_wconf 86' lang='lat' dir='ltr'><strong>S.</strong></span> <span class='ocrx_word' id='word_1_5' title='bbox 1118 174 1282 202; x_wconf 72' lang='lat' dir='ltr'><strong>IOANNIS</strong></span> <span class='ocrx_word' id='word_1_6' title='bbox 1310 174 1496 203; x_wconf 75' lang='lat' dir='ltr'><strong>APOSTOLI</strong></span> 
     </span>
    </p>
   </div>
   <div class='ocr_carea' id='block_1_2' title="bbox 106 238 1057 2634">
    <p class='ocr_par' dir='ltr' id='par_1_2' title="bbox 106 238 1050 554">
     <span class='ocr_line' id='line_1_2' title="bbox 107 238 1048 290; baseline -0.006 -8"><span class='ocrx_word' id='word_1_7' title='bbox 107 254 176 282; x_wconf 86' lang='lat' dir='ltr'><strong>rea</strong></span> <span class='ocrx_word' id='word_1_8' title='bbox 195 241 340 288; x_wconf 84' lang='lat' dir='ltr'><strong>Cassio,</strong></span> <span class='ocrx_word' id='word_1_9' title='bbox 365 240 534 279; x_wconf 73' lang='lat' dir='ltr'><strong>cohortis</strong></span> <span class='ocrx_word' id='word_1_10' title='bbox 554 240 772 290; x_wconf 74' lang='lat' dir='ltr'>praetoriae</span> <span class='ocrx_word' id='word_1_11' title='bbox 792 238 962 285; x_wconf 90' lang='lat' dir='ltr'><strong>tribuno,</strong></span> <span class='ocrx_word' id='word_1_12' title='bbox 984 251 1048 277; x_wconf 89' lang='lat' dir='ltr'><strong>oc-</strong></span> 
     </span>
     <span class='ocr_line' id='line_1_3' title="bbox 107 292 1048 342; baseline -0.004 -8"><span class='ocrx_word' id='word_1_13' title='bbox 107 297 207 335; x_wconf 90' lang='lat' dir='ltr'><strong>cisus</strong></span> <span class='ocrx_word' id='word_1_14' title='bbox 227 298 296 333; x_wconf 89' lang='lat' dir='ltr'><strong>est.</strong></span> <span class='ocrx_word' id='word_1_15' title='bbox 314 296 357 333; x_wconf 91' lang='lat' dir='ltr'><strong>In</strong></span> <span class='ocrx_word' id='word_1_16' title='bbox 378 295 459 332; x_wconf 89' lang='lat' dir='ltr'><strong>eius</strong></span> <span class='ocrx_word' id='word_1_17' title='bbox 474 294 600 332; x_wconf 90' lang='lat' dir='ltr'><strong>locum</strong></span> <span class='ocrx_word' id='word_1_18' title='bbox 623 294 837 342; x_wconf 85' lang='lat' dir='ltr'><strong>imperator</strong></span> <span class='ocrx_word' id='word_1_19' title='bbox 855 292 1048 330; x_wconf 88' lang='lat' dir='ltr'><strong>salutatus</strong></span> 
     </span>
     <span class='ocr_line' id='line_1_4' title="bbox 107 345 1049 396; baseline -0.005 -9"><span class='ocrx_word' id='word_1_20' title='bbox 107 349 182 388; x_wconf 84' lang='lat' dir='ltr'><strong>fuit</strong></span> <span class='ocrx_word' id='word_1_21' title='bbox 191 349 371 386; x_wconf 88' lang='lat' dir='ltr'><strong>Tiberius</strong></span> <span class='ocrx_word' id='word_1_22' title='bbox 383 347 579 386; x_wconf 88' lang='lat' dir='ltr'><strong>Claudius.</strong></span> <span class='ocrx_word' id='word_1_23' title='bbox 593 347 666 384; x_wconf 92' lang='lat' dir='ltr'><strong>Hic</strong></span> <span class='ocrx_word' id='word_1_24' title='bbox 678 346 872 396; x_wconf 77' lang='lat' dir='ltr'><strong>Agrippae</strong></span> <span class='ocrx_word' id='word_1_25' title='bbox 886 345 1049 383; x_wconf 88' lang='lat' dir='ltr'><strong>Herodis</strong></span> 
     </span>
     <span class='ocr_line' id='line_1_5' title="bbox 106 399 1048 452; baseline -0.006 -11"><span class='ocrx_word' id='word_1_26' title='bbox 106 414 230 452; x_wconf 88' lang='lat' dir='ltr'><strong>regno</strong></span> <span class='ocrx_word' id='word_1_27' title='bbox 249 402 398 440; x_wconf 81' lang='lat' dir='ltr'>addidit</span> <span class='ocrx_word' id='word_1_28' title='bbox 420 401 605 439; x_wconf 84' lang='lat' dir='ltr'>Iudaeam</span> <span class='ocrx_word' id='word_1_29' title='bbox 624 403 663 437; x_wconf 87' lang='lat' dir='ltr'><strong>ct</strong></span> <span class='ocrx_word' id='word_1_30' title='bbox 675 399 906 443; x_wconf 82' lang='lat' dir='ltr'><strong>Samariam3</strong></span> <span class='ocrx_word' id='word_1_31' title='bbox 923 400 962 436; x_wconf 92' lang='lat' dir='ltr'><strong>et</strong></span> <span class='ocrx_word' id='word_1_32' title='bbox 977 399 1048 436; x_wconf 92' lang='lat' dir='ltr'><strong>sub</strong></span> 
     </span>
     <span class='ocr_line' id='line_1_6' title="bbox 106 452 1050 504; baseline -0.004 -11"><span class='ocrx_word' id='word_1_33' title='bbox 106 457 192 494; x_wconf 86' lang='lat' dir='ltr'><strong>eius</strong></span> <span class='ocrx_word' id='word_1_34' title='bbox 219 455 378 504; x_wconf 85' lang='lat' dir='ltr'><strong>imperio</strong></span> <span class='ocrx_word' id='word_1_35' title='bbox 400 454 532 492; x_wconf 83' lang='lat' dir='ltr'><strong>Iudaei</strong></span> <span class='ocrx_word' id='word_1_36' title='bbox 562 453 760 502; x_wconf 88' lang='lat' dir='ltr'><strong>paululum</strong></span> <span class='ocrx_word' id='word_1_37' title='bbox 790 452 1050 500; x_wconf 88' lang='lat' dir='ltr'><strong>respirarunt,</strong></span> 
     </span>
     <span class='ocr_line' id='line_1_7' title="bbox 107 504 890 554; baseline -0.009 -6"><span class='ocrx_word' id='word_1_38' title='bbox 107 510 171 548; x_wconf 90' lang='lat' dir='ltr'><strong>sed</strong></span> <span class='ocrx_word' id='word_1_39' title='bbox 192 508 435 546; x_wconf 88' lang='lat' dir='ltr'><strong>durissimam</strong></span> <span class='ocrx_word' id='word_1_40' title='bbox 458 508 599 545; x_wconf 83' lang='lat' dir='ltr'><strong>famem</strong></span> <span class='ocrx_word' id='word_1_41' title='bbox 618 504 768 554; x_wconf 76' lang='lat' dir='ltr'><strong>experti</strong></span> <span class='ocrx_word' id='word_1_42' title='bbox 788 510 890 542; x_wconf 89' lang='lat' dir='ltr'><strong>sunt.</strong></span> 
     </span>
    </p>

    <p class='ocr_par' dir='ltr' id='par_1_3' title="bbox 106 557 1050 867">
     <span class='ocr_line' id='line_1_8' title="bbox 158 557 1049 607; baseline -0.007 -7"><span class='ocrx_word' id='word_1_43' title='bbox 158 562 270 600; x_wconf 84' lang='lat' dir='ltr'><strong>Hanc</strong></span> <span class='ocrx_word' id='word_1_44' title='bbox 304 561 568 599; x_wconf 82' lang='lat' dir='ltr'>calamitatem</span> <span class='ocrx_word' id='word_1_45' title='bbox 601 557 855 607; x_wconf 78' lang='lat' dir='ltr'>praedixerat</span> <span class='ocrx_word' id='word_1_46' title='bbox 888 557 1049 607; x_wconf 84' lang='lat' dir='ltr'>Agabus</span> 
     </span>
     <span class='ocr_line' id='line_1_9' title="bbox 107 610 1049 666; baseline -0.007 -12"><span class='ocrx_word' id='word_1_47' title='bbox 107 616 309 666; x_wconf 86' lang='lat' dir='ltr'><strong>propheta,</strong></span> <span class='ocrx_word' id='word_1_48' title='bbox 329 616 492 664; x_wconf 89' lang='lat' dir='ltr'><strong>ideoque</strong></span> <span class='ocrx_word' id='word_1_49' title='bbox 511 611 734 657; x_wconf 79' lang='lat' dir='ltr'>Christiani,</span> <span class='ocrx_word' id='word_1_50' title='bbox 751 610 817 659; x_wconf 90' lang='lat' dir='ltr'><strong>qui</strong></span> <span class='ocrx_word' id='word_1_51' title='bbox 837 614 949 648; x_wconf 88' lang='lat' dir='ltr'><strong>erant</strong></span> <span class='ocrx_word' id='word_1_52' title='bbox 968 612 1049 648; x_wconf 94' lang='lat' dir='ltr'><strong>An-</strong></span> 
     </span>
     <span class='ocr_line' id='line_1_10' title="bbox 106 664 1048 714; baseline -0.006 -7"><span class='ocrx_word' id='word_1_53' title='bbox 106 669 286 714; x_wconf 87' lang='lat' dir='ltr'><strong>tiochiae,</strong></span> <span class='ocrx_word' id='word_1_54' title='bbox 307 669 354 706; x_wconf 88' lang='lat' dir='ltr'><strong>ad</strong></span> <span class='ocrx_word' id='word_1_55' title='bbox 373 665 678 706; x_wconf 88' lang='lat' dir='ltr'><strong>succurrendum</strong></span> <span class='ocrx_word' id='word_1_56' title='bbox 699 665 864 713; x_wconf 80' lang='lat' dir='ltr'>egestati</span> <span class='ocrx_word' id='word_1_57' title='bbox 881 664 1048 702; x_wconf 77' lang='lat' dir='ltr'><strong>fratrum</strong></span> 
     </span>
     <span class='ocr_line' id='line_1_11' title="bbox 108 717 1050 766; baseline -0.008 -5"><span class='ocrx_word' id='word_1_58' title='bbox 108 733 270 761; x_wconf 91' lang='lat' dir='ltr'><strong>suorum</strong></span> <span class='ocrx_word' id='word_1_59' title='bbox 289 722 328 759; x_wconf 92' lang='lat' dir='ltr'><strong>in</strong></span> <span class='ocrx_word' id='word_1_60' title='bbox 350 719 587 764; x_wconf 89' lang='lat' dir='ltr'><strong>Palaestina,</strong></span> <span class='ocrx_word' id='word_1_61' title='bbox 608 717 772 755; x_wconf 89' lang='lat' dir='ltr'><strong>collecto</strong></span> <span class='ocrx_word' id='word_1_62' title='bbox 793 728 897 764; x_wconf 89' lang='lat' dir='ltr'><strong>aere,</strong></span> <span class='ocrx_word' id='word_1_63' title='bbox 918 729 1050 766; x_wconf 90' lang='lat' dir='ltr'><strong>oppor-</strong></span> 
     </span>
     <span class='ocr_line' id='line_1_12' title="bbox 108 770 1050 821; baseline -0.006 -7"><span class='ocrx_word' id='word_1_64' title='bbox 108 775 314 814; x_wconf 88' lang='lat' dir='ltr'><strong>tunissima</strong></span> <span class='ocrx_word' id='word_1_65' title='bbox 328 773 498 812; x_wconf 90' lang='lat' dir='ltr'><strong>subsidia</strong></span> <span class='ocrx_word' id='word_1_66' title='bbox 512 783 581 821; x_wconf 88' lang='lat' dir='ltr'><strong>per</strong></span> <span class='ocrx_word' id='word_1_67' title='bbox 596 770 761 808; x_wconf 88' lang='lat' dir='ltr'><strong>Saulum</strong></span> <span class='ocrx_word' id='word_1_68' title='bbox 779 774 819 808; x_wconf 90' lang='lat' dir='ltr'><strong>et</strong></span> <span class='ocrx_word' id='word_1_69' title='bbox 828 771 1050 809; x_wconf 85' lang='lat' dir='ltr'><strong>Barnabam</strong></span> 
     </span>
     <span class='ocr_line' id='line_1_13' title="bbox 108 822 604 867; baseline -0.012 0"><span class='ocrx_word' id='word_1_70' title='bbox 108 829 147 867; x_wconf 88' lang='lat' dir='ltr'><strong>in</strong></span> <span class='ocrx_word' id='word_1_71' title='bbox 168 828 350 866; x_wconf 82' lang='lat' dir='ltr'>Iudaeam</span> <span class='ocrx_word' id='word_1_72' title='bbox 373 826 564 863; x_wconf 87' lang='lat' dir='ltr'><strong>miserunt</strong></span> <span class='ocrx_word' id='word_1_73' title='bbox 581 822 604 862; x_wconf 88' lang='lat'><strong>¹.</strong></span> 
     </span>
    </p>

    <p class='ocr_par' dir='ltr' id='par_1_4' title="bbox 106 878 1055 1829">
     <span class='ocr_line' id='line_1_14' title="bbox 159 878 1050 929; baseline -0.006 -10"><span class='ocrx_word' id='word_1_74' title='bbox 159 881 221 919; x_wconf 83' lang='lat'><strong>22.</strong></span> <span class='ocrx_word' id='word_1_75' title='bbox 244 882 431 929; x_wconf 76' lang='lat' dir='ltr'><strong>Ayrz&#39;ppa</strong></span> <span class='ocrx_word' id='word_1_76' title='bbox 453 878 723 929; x_wconf 76' lang='lat' dir='ltr'><strong>persequitur</strong></span> <span class='ocrx_word' id='word_1_77' title='bbox 751 878 1050 915; x_wconf 74' lang='lat' dir='ltr'><strong>christianos-</strong></span> 
     </span>
     <span class='ocr_line' id='line_1_15' title="bbox 107 930 1052 983; baseline -0.004 -12"><span class='ocrx_word' id='word_1_78' title='bbox 107 933 280 983; x_wconf 82' lang='lat' dir='ltr'><strong>Agrippa</strong></span> <span class='ocrx_word' id='word_1_79' title='bbox 295 944 379 978; x_wconf 86' lang='lat' dir='ltr'><strong>rex,</strong></span> <span class='ocrx_word' id='word_1_80' title='bbox 394 944 494 969; x_wconf 89' lang='lat' dir='ltr'><strong>nova</strong></span> <span class='ocrx_word' id='word_1_81' title='bbox 509 931 581 969; x_wconf 93' lang='lat' dir='ltr'><strong>sibi</strong></span> <span class='ocrx_word' id='word_1_82' title='bbox 598 931 646 968; x_wconf 85' lang='lat' dir='ltr'><strong>ab</strong></span> <span class='ocrx_word' id='word_1_83' title='bbox 661 930 899 979; x_wconf 81' lang='lat' dir='ltr'><strong>imperatore</strong></span> <span class='ocrx_word' id='word_1_84' title='bbox 911 931 1052 968; x_wconf 89' lang='lat' dir='ltr'><strong>Roma-</strong></span> 
     </span>
     <span class='ocr_line' id='line_1_16' title="bbox 109 983 1050 1030; baseline -0.004 -6"><span class='ocrx_word' id='word_1_85' title='bbox 109 999 157 1024; x_wconf 91' lang='lat' dir='ltr'><strong>no</strong></span> <span class='ocrx_word' id='word_1_86' title='bbox 175 986 279 1024; x_wconf 86' lang='lat' dir='ltr'><strong>facta</strong></span> <span class='ocrx_word' id='word_1_87' title='bbox 298 985 456 1023; x_wconf 86' lang='lat' dir='ltr'><strong>fortuna</strong></span> <span class='ocrx_word' id='word_1_88' title='bbox 476 984 729 1030; x_wconf 82' lang='lat' dir='ltr'><strong>insolescens,</strong></span> <span class='ocrx_word' id='word_1_89' title='bbox 750 987 793 1022; x_wconf 89' lang='lat' dir='ltr'><strong>ut</strong></span> <span class='ocrx_word' id='word_1_90' title='bbox 812 986 898 1022; x_wconf 91' lang='lat' dir='ltr'><strong>erat</strong></span> <span class='ocrx_word' id='word_1_91' title='bbox 917 983 1050 1021; x_wconf 87' lang='lat' dir='ltr'><strong>Iudai-</strong></span> 
     </span>
     <span class='ocr_line' id='line_1_17' title="bbox 107 1037 1053 1086; baseline -0.004 -9"><span class='ocrx_word' id='word_1_92' title='bbox 107 1051 240 1078; x_wconf 89' lang='lat' dir='ltr'><strong>corum</strong></span> <span class='ocrx_word' id='word_1_93' title='bbox 263 1039 408 1076; x_wconf 92' lang='lat' dir='ltr'><strong>rituum</strong></span> <span class='ocrx_word' id='word_1_94' title='bbox 429 1037 734 1077; x_wconf 79' lang='lat' dir='ltr'><strong>studiosissimus</strong></span> <span class='ocrx_word' id='word_1_95' title='bbox 756 1040 950 1084; x_wconf 91' lang='lat' dir='ltr'><strong>servator,</strong></span> <span class='ocrx_word' id='word_1_96' title='bbox 969 1048 1053 1086; x_wconf 88' lang='lat' dir='ltr'><strong>pro-</strong></span> 
     </span>
     <span class='ocr_line' id='line_1_18' title="bbox 106 1091 1052 1142; baseline -0.004 -11"><span class='ocrx_word' id='word_1_97' title='bbox 106 1104 264 1142; x_wconf 90' lang='lat' dir='ltr'><strong>sperum</strong></span> <span class='ocrx_word' id='word_1_98' title='bbox 291 1103 421 1130; x_wconf 89' lang='lat' dir='ltr'><strong>rerum</strong></span> <span class='ocrx_word' id='word_1_99' title='bbox 450 1091 752 1129; x_wconf 88' lang='lat' dir='ltr'><strong>christianarum</strong></span> <span class='ocrx_word' id='word_1_100' title='bbox 782 1092 928 1128; x_wconf 87' lang='lat' dir='ltr'><strong>statum</strong></span> <span class='ocrx_word' id='word_1_101' title='bbox 950 1101 1052 1127; x_wconf 89' lang='lat' dir='ltr'><strong>nova</strong></span> 
     </span>
     <span class='ocr_line' id='line_1_19' title="bbox 107 1143 1052 1196; baseline -0.004 -12"><span class='ocrx_word' id='word_1_102' title='bbox 107 1145 378 1196; x_wconf 88' lang='lat' dir='ltr'><strong>persecutione</strong></span> <span class='ocrx_word' id='word_1_103' title='bbox 406 1146 565 1183; x_wconf 89' lang='lat' dir='ltr'><strong>turbare</strong></span> <span class='ocrx_word' id='word_1_104' title='bbox 598 1144 736 1192; x_wconf 87' lang='lat' dir='ltr'><strong>coepit.</strong></span> <span class='ocrx_word' id='word_1_105' title='bbox 769 1144 974 1181; x_wconf 87' lang='lat' dir='ltr'><strong>Venerant</strong></span> <span class='ocrx_word' id='word_1_106' title='bbox 1005 1143 1052 1180; x_wconf 92' lang='lat' dir='ltr'><strong>iis</strong></span> 
     </span>
     <span class='ocr_line' id='line_1_20' title="bbox 108 1197 1051 1237; baseline -0.002 -1"><span class='ocrx_word' id='word_1_107' title='bbox 108 1199 240 1237; x_wconf 86' lang='lat' dir='ltr'><strong>diebus</strong></span> <span class='ocrx_word' id='word_1_108' title='bbox 269 1199 479 1236; x_wconf 85' lang='lat' dir='ltr'><strong>Ierusalem</strong></span> <span class='ocrx_word' id='word_1_109' title='bbox 502 1199 643 1236; x_wconf 89' lang='lat' dir='ltr'><strong>Petrus</strong></span> <span class='ocrx_word' id='word_1_110' title='bbox 672 1200 711 1235; x_wconf 88' lang='lat' dir='ltr'><strong>et</strong></span> <span class='ocrx_word' id='word_1_111' title='bbox 731 1197 896 1235; x_wconf 87' lang='lat' dir='ltr'><strong>Iacobus</strong></span> <span class='ocrx_word' id='word_1_112' title='bbox 924 1197 1051 1235; x_wconf 89' lang='lat' dir='ltr'><strong>dictus</strong></span> 
     </span>
     <span class='ocr_line' id='line_1_21' title="bbox 108 1251 1047 1300; baseline -0.004 -9"><span class='ocrx_word' id='word_1_113' title='bbox 108 1252 245 1291; x_wconf 86' lang='lat' dir='ltr'><strong>Maior.</strong></span> <span class='ocrx_word' id='word_1_114' title='bbox 267 1253 305 1290; x_wconf 89' lang='lat' dir='ltr'><strong>S.</strong></span> <span class='ocrx_word' id='word_1_115' title='bbox 327 1252 487 1289; x_wconf 88' lang='lat' dir='ltr'><strong>Iacobus</strong></span> <span class='ocrx_word' id='word_1_116' title='bbox 505 1251 704 1300; x_wconf 83' lang='lat' dir='ltr'><strong>egregiam</strong></span> <span class='ocrx_word' id='word_1_117' title='bbox 725 1262 882 1300; x_wconf 81' lang='lat' dir='ltr'><strong>operam</strong></span> <span class='ocrx_word' id='word_1_118' title='bbox 903 1262 1047 1300; x_wconf 90' lang='lat' dir='ltr'><strong>propa-</strong></span> 
     </span>
     <span class='ocr_line' id='line_1_22' title="bbox 108 1304 1051 1355; baseline -0.003 -11"><span class='ocrx_word' id='word_1_119' title='bbox 108 1306 234 1355; x_wconf 88' lang='lat' dir='ltr'><strong>gando</strong></span> <span class='ocrx_word' id='word_1_120' title='bbox 253 1317 324 1355; x_wconf 90' lang='lat' dir='ltr'><strong>per</strong></span> <span class='ocrx_word' id='word_1_121' title='bbox 338 1305 520 1343; x_wconf 86' lang='lat' dir='ltr'><strong>Iudaeam</strong></span> <span class='ocrx_word' id='word_1_122' title='bbox 537 1304 753 1353; x_wconf 86' lang='lat' dir='ltr'><strong>Evangelio</strong></span> <span class='ocrx_word' id='word_1_123' title='bbox 769 1306 948 1341; x_wconf 88' lang='lat' dir='ltr'><strong>navarat.</strong></span> <span class='ocrx_word' id='word_1_124' title='bbox 961 1304 1051 1341; x_wconf 91' lang='lat' dir='ltr'><strong>Ideo</strong></span> 
     </span>
     <span class='ocr_line' id='line_1_23' title="bbox 109 1357 1054 1408; baseline -0.003 -11"><span class='ocrx_word' id='word_1_125' title='bbox 109 1359 291 1397; x_wconf 80' lang='lat' dir='ltr'><strong>obstinati</strong></span> <span class='ocrx_word' id='word_1_126' title='bbox 308 1359 443 1396; x_wconf 87' lang='lat' dir='ltr'><strong>Iudaei</strong></span> <span class='ocrx_word' id='word_1_127' title='bbox 456 1358 583 1408; x_wconf 90' lang='lat' dir='ltr'><strong>ipsum</strong></span> <span class='ocrx_word' id='word_1_128' title='bbox 599 1357 713 1395; x_wconf 87' lang='lat' dir='ltr'><strong>valde</strong></span> <span class='ocrx_word' id='word_1_129' title='bbox 729 1358 904 1396; x_wconf 89' lang='lat' dir='ltr'><strong>oderant.</strong></span> <span class='ocrx_word' id='word_1_130' title='bbox 916 1358 1054 1406; x_wconf 89' lang='lat' dir='ltr'><strong>Agrip-</strong></span> 
     </span>
     <span class='ocr_line' id='line_1_24' title="bbox 108 1411 1052 1462; baseline -0.002 -12"><span class='ocrx_word' id='word_1_131' title='bbox 108 1424 157 1462; x_wconf 85' lang='lat' dir='ltr'><strong>pa</strong></span> <span class='ocrx_word' id='word_1_132' title='bbox 177 1414 333 1462; x_wconf 87' lang='lat' dir='ltr'><strong>captare</strong></span> <span class='ocrx_word' id='word_1_133' title='bbox 361 1412 495 1450; x_wconf 88' lang='lat' dir='ltr'><strong>volens</strong></span> <span class='ocrx_word' id='word_1_134' title='bbox 515 1412 745 1449; x_wconf 89' lang='lat' dir='ltr'><strong>Iudaeorum</strong></span> <span class='ocrx_word' id='word_1_135' title='bbox 766 1411 946 1460; x_wconf 85' lang='lat' dir='ltr'><strong>gratiam,</strong></span> <span class='ocrx_word' id='word_1_136' title='bbox 968 1423 1052 1449; x_wconf 89' lang='lat' dir='ltr'><strong>san-</strong></span> 
     </span>
     <span class='ocr_line' id='line_1_25' title="bbox 111 1464 1053 1515; baseline -0.001 -12"><span class='ocrx_word' id='word_1_137' title='bbox 111 1470 215 1504; x_wconf 90' lang='lat' dir='ltr'><strong>ctum</strong></span> <span class='ocrx_word' id='word_1_138' title='bbox 242 1465 459 1515; x_wconf 90' lang='lat' dir='ltr'><strong>apostolum</strong></span> <span class='ocrx_word' id='word_1_139' title='bbox 485 1465 616 1514; x_wconf 87' lang='lat' dir='ltr'><strong>gladio</strong></span> <span class='ocrx_word' id='word_1_140' title='bbox 646 1464 858 1502; x_wconf 83' lang='lat' dir='ltr'><strong>interemit.</strong></span> <span class='ocrx_word' id='word_1_141' title='bbox 889 1465 1053 1502; x_wconf 89' lang='lat' dir='ltr'><strong>Petrum</strong></span> 
     </span>
     <span class='ocr_line' id='line_1_26' title="bbox 109 1518 1055 1568; baseline -0.001 -12"><span class='ocrx_word' id='word_1_142' title='bbox 109 1530 262 1568; x_wconf 87' lang='lat' dir='ltr'><strong>quoque</strong></span> <span class='ocrx_word' id='word_1_143' title='bbox 291 1518 584 1568; x_wconf 89' lang='lat' dir='ltr'><strong>comprehendit</strong></span> <span class='ocrx_word' id='word_1_144' title='bbox 603 1522 643 1556; x_wconf 85' lang='lat' dir='ltr'><strong>et</strong></span> <span class='ocrx_word' id='word_1_145' title='bbox 657 1519 697 1555; x_wconf 91' lang='lat' dir='ltr'><strong>in</strong></span> <span class='ocrx_word' id='word_1_146' title='bbox 714 1529 910 1556; x_wconf 82' lang='lat' dir='ltr'><strong>carcerem</strong></span> <span class='ocrx_word' id='word_1_147' title='bbox 928 1519 1055 1556; x_wconf 91' lang='lat' dir='ltr'><strong>conie-</strong></span> 
     </span>
     <span class='ocr_line' id='line_1_27' title="bbox 109 1571 1053 1621; baseline 0 -12"><span class='ocrx_word' id='word_1_148' title='bbox 109 1572 174 1619; x_wconf 87' lang='lat' dir='ltr'><strong>cit,</strong></span> <span class='ocrx_word' id='word_1_149' title='bbox 195 1572 308 1610; x_wconf 91' lang='lat' dir='ltr'><strong>simili</strong></span> <span class='ocrx_word' id='word_1_150' title='bbox 327 1573 518 1621; x_wconf 90' lang='lat' dir='ltr'><strong>supplicio</strong></span> <span class='ocrx_word' id='word_1_151' title='bbox 538 1572 766 1610; x_wconf 88' lang='lat' dir='ltr'><strong>tollendum.</strong></span> <span class='ocrx_word' id='word_1_152' title='bbox 783 1571 857 1609; x_wconf 86' lang='lat' dir='ltr'><strong>Sed</strong></span> <span class='ocrx_word' id='word_1_153' title='bbox 880 1571 985 1609; x_wconf 86' lang='lat' dir='ltr'><strong>fusas</strong></span> <span class='ocrx_word' id='word_1_154' title='bbox 1005 1572 1053 1609; x_wconf 90' lang='lat' dir='ltr'><strong>ab</strong></span> 
     </span>
     <span class='ocr_line' id='line_1_28' title="bbox 109 1622 1053 1675; baseline 0.001 -13"><span class='ocrx_word' id='word_1_155' title='bbox 109 1625 211 1662; x_wconf 91' lang='lat' dir='ltr'><strong>omni</strong></span> <span class='ocrx_word' id='word_1_156' title='bbox 233 1622 408 1663; x_wconf 89' lang='lat' dir='ltr'><strong>Ecclesia</strong></span> <span class='ocrx_word' id='word_1_157' title='bbox 427 1637 496 1675; x_wconf 91' lang='lat' dir='ltr'><strong>pro</strong></span> <span class='ocrx_word' id='word_1_158' title='bbox 516 1625 710 1663; x_wconf 91' lang='lat' dir='ltr'><strong>communi</strong></span> <span class='ocrx_word' id='word_1_159' title='bbox 739 1628 894 1674; x_wconf 87' lang='lat' dir='ltr'><strong>pastore</strong></span> <span class='ocrx_word' id='word_1_160' title='bbox 918 1636 1053 1674; x_wconf 84' lang='lat' dir='ltr'><strong>preces</strong></span> 
     </span>
     <span class='ocr_line' id='line_1_29' title="bbox 110 1678 1054 1727; baseline 0 -12"><span class='ocrx_word' id='word_1_161' title='bbox 110 1678 296 1716; x_wconf 89' lang='lat' dir='ltr'><strong>Dominus</strong></span> <span class='ocrx_word' id='word_1_162' title='bbox 313 1678 535 1725; x_wconf 82' lang='lat' dir='ltr'><strong>exaudivit,</strong></span> <span class='ocrx_word' id='word_1_163' title='bbox 554 1682 594 1716; x_wconf 91' lang='lat' dir='ltr'><strong>et</strong></span> <span class='ocrx_word' id='word_1_164' title='bbox 621 1678 799 1715; x_wconf 90' lang='lat' dir='ltr'><strong>vinctum</strong></span> <span class='ocrx_word' id='word_1_165' title='bbox 819 1690 896 1715; x_wconf 92' lang='lat' dir='ltr'><strong>non</strong></span> <span class='ocrx_word' id='word_1_166' title='bbox 916 1679 1054 1727; x_wconf 90' lang='lat' dir='ltr'><strong>despe-</strong></span> 
     </span>
     <span class='ocr_line' id='line_1_30' title="bbox 109 1730 1053 1780; baseline 0 -12"><span class='ocrx_word' id='word_1_167' title='bbox 109 1730 189 1768; x_wconf 82' lang='lat' dir='ltr'><strong>xit:</strong></span> <span class='ocrx_word' id='word_1_168' title='bbox 209 1730 315 1768; x_wconf 87' lang='lat' dir='ltr'><strong>misit</strong></span> <span class='ocrx_word' id='word_1_169' title='bbox 335 1731 529 1780; x_wconf 82' lang='lat' dir='ltr'><strong>angelum,</strong></span> <span class='ocrx_word' id='word_1_170' title='bbox 546 1731 613 1780; x_wconf 86' lang='lat' dir='ltr'><strong>qui</strong></span> <span class='ocrx_word' id='word_1_171' title='bbox 625 1732 802 1777; x_wconf 89' lang='lat' dir='ltr'><strong>Petrum,</strong></span> <span class='ocrx_word' id='word_1_172' title='bbox 821 1731 957 1769; x_wconf 91' lang='lat' dir='ltr'><strong>solutis</strong></span> <span class='ocrx_word' id='word_1_173' title='bbox 973 1732 1053 1768; x_wconf 91' lang='lat' dir='ltr'><strong>vin-</strong></span> 
     </span>
     <span class='ocr_line' id='line_1_31' title="bbox 108 1783 631 1829; baseline 0.002 -8"><span class='ocrx_word' id='word_1_174' title='bbox 108 1783 217 1829; x_wconf 89' lang='lat' dir='ltr'><strong>culis,</strong></span> <span class='ocrx_word' id='word_1_175' title='bbox 235 1796 256 1821; x_wconf 90' lang='lat' dir='ltr'><strong>e</strong></span> <span class='ocrx_word' id='word_1_176' title='bbox 275 1795 428 1822; x_wconf 90' lang='lat' dir='ltr'><strong>carcere</strong></span> <span class='ocrx_word' id='word_1_177' title='bbox 448 1785 585 1822; x_wconf 77' lang='lat' dir='ltr'><strong>eduxit</strong></span> <span class='ocrx_word' id='word_1_178' title='bbox 605 1783 631 1822; x_wconf 67' lang='lat'><strong>².</strong></span> 
     </span>
    </p>

    <p class='ocr_par' dir='ltr' id='par_1_5' title="bbox 108 1836 1056 2302">
     <span class='ocr_line' id='line_1_32' title="bbox 161 1836 1055 1887; baseline 0.001 -14"><span class='ocrx_word' id='word_1_179' title='bbox 161 1837 337 1886; x_wconf 82' lang='lat' dir='ltr'><strong>Agrippa</strong></span> <span class='ocrx_word' id='word_1_180' title='bbox 358 1849 451 1874; x_wconf 82' lang='lat' dir='ltr'><strong>vero</strong></span> <span class='ocrx_word' id='word_1_181' title='bbox 472 1838 581 1875; x_wconf 89' lang='lat' dir='ltr'><strong>brevi</strong></span> <span class='ocrx_word' id='word_1_182' title='bbox 603 1840 689 1887; x_wconf 91' lang='lat' dir='ltr'><strong>post</strong></span> <span class='ocrx_word' id='word_1_183' title='bbox 709 1836 881 1874; x_wconf 87' lang='lat' dir='ltr'><strong>criminis</strong></span> <span class='ocrx_word' id='word_1_184' title='bbox 896 1837 953 1875; x_wconf 89' lang='lat' dir='ltr'><strong>sui</strong></span> <span class='ocrx_word' id='word_1_185' title='bbox 969 1849 1055 1886; x_wconf 87' lang='lat' dir='ltr'><strong>poe-</strong></span> 
     </span>
     <span class='ocr_line' id='line_1_33' title="bbox 109 1890 1053 1939; baseline 0 -12"><span class='ocrx_word' id='word_1_186' title='bbox 109 1901 178 1927; x_wconf 85' lang='lat' dir='ltr'><strong>nas</strong></span> <span class='ocrx_word' id='word_1_187' title='bbox 206 1890 328 1928; x_wconf 90' lang='lat' dir='ltr'><strong>dedit:</strong></span> <span class='ocrx_word' id='word_1_188' title='bbox 350 1891 546 1939; x_wconf 83' lang='lat' dir='ltr'><strong>profectus</strong></span> <span class='ocrx_word' id='word_1_189' title='bbox 573 1892 830 1936; x_wconf 87' lang='lat' dir='ltr'><strong>Caesaream,</strong></span> <span class='ocrx_word' id='word_1_190' title='bbox 857 1893 896 1927; x_wconf 91' lang='lat' dir='ltr'><strong>et</strong></span> <span class='ocrx_word' id='word_1_191' title='bbox 925 1891 1053 1928; x_wconf 87' lang='lat' dir='ltr'><strong>accla-</strong></span> 
     </span>
     <span class='ocr_line' id='line_1_34' title="bbox 108 1943 1053 1993; baseline 0 -13"><span class='ocrx_word' id='word_1_192' title='bbox 108 1946 242 1981; x_wconf 86' lang='lat' dir='ltr'><strong>mante</strong></span> <span class='ocrx_word' id='word_1_193' title='bbox 261 1943 403 1992; x_wconf 90' lang='lat' dir='ltr'><strong>populo</strong></span> <span class='ocrx_word' id='word_1_194' title='bbox 423 1944 460 1980; x_wconf 92' lang='lat' dir='ltr'><strong>in</strong></span> <span class='ocrx_word' id='word_1_195' title='bbox 480 1944 680 1982; x_wconf 87' lang='lat' dir='ltr'><strong>theatrum</strong></span> <span class='ocrx_word' id='word_1_196' title='bbox 702 1943 902 1993; x_wconf 90' lang='lat' dir='ltr'><strong>prodiens,</strong></span> <span class='ocrx_word' id='word_1_197' title='bbox 923 1944 1053 1981; x_wconf 87' lang='lat' dir='ltr'><strong>subito</strong></span> 
     </span>
     <span class='ocr_line' id='line_1_35' title="bbox 109 1996 1052 2046; baseline 0 -13"><span class='ocrx_word' id='word_1_198' title='bbox 109 1997 158 2033; x_wconf 89' lang='lat' dir='ltr'><strong>ab</strong></span> <span class='ocrx_word' id='word_1_199' title='bbox 178 1996 317 2046; x_wconf 89' lang='lat' dir='ltr'><strong>angelo</strong></span> <span class='ocrx_word' id='word_1_200' title='bbox 338 2008 545 2045; x_wconf 90' lang='lat' dir='ltr'><strong>percussus</strong></span> <span class='ocrx_word' id='word_1_201' title='bbox 565 2000 638 2042; x_wconf 87' lang='lat' dir='ltr'><strong>est,</strong></span> <span class='ocrx_word' id='word_1_202' title='bbox 659 2009 703 2034; x_wconf 89' lang='lat' dir='ltr'><strong>ac</strong></span> <span class='ocrx_word' id='word_1_203' title='bbox 723 1997 921 2034; x_wconf 89' lang='lat' dir='ltr'><strong>viscerum</strong></span> <span class='ocrx_word' id='word_1_204' title='bbox 942 1997 1052 2034; x_wconf 89' lang='lat' dir='ltr'><strong>dolo-</strong></span> 
     </span>
     <span class='ocr_line' id='line_1_36' title="bbox 108 2049 1053 2100; baseline 0.002 -14"><span class='ocrx_word' id='word_1_205' title='bbox 108 2049 239 2097; x_wconf 88' lang='lat' dir='ltr'><strong>ribus,</strong></span> <span class='ocrx_word' id='word_1_206' title='bbox 269 2050 514 2099; x_wconf 83' lang='lat' dir='ltr'><strong>corporisque</strong></span> <span class='ocrx_word' id='word_1_207' title='bbox 551 2050 760 2100; x_wconf 88' lang='lat' dir='ltr'><strong>putredine</strong></span> <span class='ocrx_word' id='word_1_208' title='bbox 789 2049 1053 2096; x_wconf 79' lang='lat' dir='ltr'><strong>excruciatus,</strong></span> 
     </span>
     <span class='ocr_line' id='line_1_37' title="bbox 110 2103 1053 2151; baseline 0 -11"><span class='ocrx_word' id='word_1_209' title='bbox 110 2114 210 2140; x_wconf 89' lang='lat' dir='ltr'><strong>anno</strong></span> <span class='ocrx_word' id='word_1_210' title='bbox 231 2106 316 2151; x_wconf 91' lang='lat' dir='ltr'><strong>post</strong></span> <span class='ocrx_word' id='word_1_211' title='bbox 335 2103 532 2141; x_wconf 89' lang='lat' dir='ltr'><strong>Christum</strong></span> <span class='ocrx_word' id='word_1_212' title='bbox 560 2107 696 2141; x_wconf 89' lang='lat' dir='ltr'><strong>natum</strong></span> <span class='ocrx_word' id='word_1_213' title='bbox 716 2105 765 2141; x_wconf 94' lang='lat'><strong>44</strong></span> <span class='ocrx_word' id='word_1_214' title='bbox 787 2104 957 2141; x_wconf 89' lang='lat' dir='ltr'><strong>animam</strong></span> <span class='ocrx_word' id='word_1_215' title='bbox 980 2115 1053 2141; x_wconf 82' lang='lat' dir='ltr'><strong>ex-</strong></span> 
     </span>
     <span class='ocr_line' id='line_1_38' title="bbox 110 2156 1055 2207; baseline 0.001 -14"><span class='ocrx_word' id='word_1_216' title='bbox 110 2156 270 2194; x_wconf 88' lang='lat' dir='ltr'><strong>halavit.</strong></span> <span class='ocrx_word' id='word_1_217' title='bbox 288 2157 348 2194; x_wconf 82' lang='lat' dir='ltr'><strong>Ex</strong></span> <span class='ocrx_word' id='word_1_218' title='bbox 368 2169 443 2206; x_wconf 91' lang='lat' dir='ltr'><strong>quo</strong></span> <span class='ocrx_word' id='word_1_219' title='bbox 466 2160 641 2207; x_wconf 89' lang='lat' dir='ltr'><strong>tempore</strong></span> <span class='ocrx_word' id='word_1_220' title='bbox 668 2158 814 2195; x_wconf 90' lang='lat' dir='ltr'><strong>Iudaea</strong></span> <span class='ocrx_word' id='word_1_221' title='bbox 832 2168 990 2194; x_wconf 89' lang='lat' dir='ltr'><strong>rursum</strong></span> <span class='ocrx_word' id='word_1_222' title='bbox 1012 2159 1055 2194; x_wconf 91' lang='lat' dir='ltr'><strong>ut</strong></span> 
     </span>
     <span class='ocr_line' id='line_1_39' title="bbox 110 2210 1056 2260; baseline 0.001 -14"><span class='ocrx_word' id='word_1_223' title='bbox 110 2210 310 2258; x_wconf 88' lang='lat' dir='ltr'><strong>provincia</strong></span> <span class='ocrx_word' id='word_1_224' title='bbox 337 2210 488 2259; x_wconf 90' lang='lat' dir='ltr'><strong>imperii</strong></span> <span class='ocrx_word' id='word_1_225' title='bbox 508 2210 677 2249; x_wconf 88' lang='lat' dir='ltr'><strong>Romani</strong></span> <span class='ocrx_word' id='word_1_226' title='bbox 697 2222 767 2260; x_wconf 90' lang='lat' dir='ltr'><strong>per</strong></span> <span class='ocrx_word' id='word_1_227' title='bbox 785 2212 1056 2260; x_wconf 85' lang='lat' dir='ltr'><strong>procuratores</strong></span> 
     </span>
     <span class='ocr_line' id='line_1_40' title="bbox 110 2262 500 2302; baseline 0.005 -2"><span class='ocrx_word' id='word_1_228' title='bbox 110 2263 381 2301; x_wconf 89' lang='lat' dir='ltr'><strong>administrata</strong></span> <span class='ocrx_word' id='word_1_229' title='bbox 400 2267 459 2301; x_wconf 91' lang='lat' dir='ltr'><strong>est</strong></span> <span class='ocrx_word' id='word_1_230' title='bbox 474 2262 500 2302; x_wconf 80' lang='lat'><strong>³.</strong></span> 
     </span>
    </p>

    <p class='ocr_par' dir='ltr' id='par_1_6' title="bbox 110 2316 1057 2634">
     <span class='ocr_line' id='line_1_41' title="bbox 161 2316 1057 2357; baseline -0.001 -3"><span class='ocrx_word' id='word_1_231' title='bbox 161 2316 223 2354; x_wconf 81' lang='lat'><strong>23.</strong></span> <span class='ocrx_word' id='word_1_232' title='bbox 247 2317 396 2355; x_wconf 79' lang='lat' dir='ltr'><strong>Petrus</strong></span> <span class='ocrx_word' id='word_1_233' title='bbox 417 2318 653 2356; x_wconf 78' lang='lat' dir='ltr'><strong>cathedram</strong></span> <span class='ocrx_word' id='word_1_234' title='bbox 673 2320 828 2357; x_wconf 82' lang='lat' dir='ltr'><strong>Romae</strong></span> <span class='ocrx_word' id='word_1_235' title='bbox 843 2318 1057 2355; x_wconf 74' lang='lat' dir='ltr'><strong>constituit</strong></span> 
     </span>
     <span class='ocr_line' id='line_1_42' title="bbox 111 2368 1057 2420; baseline 0.002 -14"><span class='ocrx_word' id='word_1_236' title='bbox 111 2368 196 2418; x_wconf 82' lang='lat' dir='ltr'><strong>(an.</strong></span> <span class='ocrx_word' id='word_1_237' title='bbox 217 2369 284 2420; x_wconf 80' lang='lat'><strong>42)</strong></span> <span class='ocrx_word' id='word_1_238' title='bbox 300 2393 351 2397; x_wconf 97' lang='lat'><strong>—</strong></span> <span class='ocrx_word' id='word_1_239' title='bbox 366 2371 479 2408; x_wconf 90' lang='lat' dir='ltr'><strong>Anno</strong></span> <span class='ocrx_word' id='word_1_240' title='bbox 501 2371 653 2409; x_wconf 90' lang='lat' dir='ltr'><strong>Claudii</strong></span> <span class='ocrx_word' id='word_1_241' title='bbox 675 2371 921 2420; x_wconf 89' lang='lat' dir='ltr'><strong>imperatoris</strong></span> <span class='ocrx_word' id='word_1_242' title='bbox 937 2371 986 2417; x_wconf 87' lang='grc' dir='ltr'><strong>ΙΙ,</strong></span> <span class='ocrx_word' id='word_1_243' title='bbox 1003 2382 1057 2408; x_wconf 89' lang='lat' dir='ltr'><strong>se-</strong></span> 
     </span>
     <span class='ocr_line' id='line_1_43' title="bbox 111 2423 1055 2474; baseline 0.002 -15"><span class='ocrx_word' id='word_1_244' title='bbox 111 2423 281 2460; x_wconf 89' lang='lat' dir='ltr'><strong>cundum</strong></span> <span class='ocrx_word' id='word_1_245' title='bbox 300 2423 461 2461; x_wconf 89' lang='lat' dir='ltr'><strong>Eusebii</strong></span> <span class='ocrx_word' id='word_1_246' title='bbox 490 2426 529 2462; x_wconf 89' lang='lat' dir='ltr'><strong>et</strong></span> <span class='ocrx_word' id='word_1_247' title='bbox 547 2436 577 2462; x_wconf 90' lang='lat' dir='ltr'><strong>s.</strong></span> <span class='ocrx_word' id='word_1_248' title='bbox 599 2425 830 2474; x_wconf 79' lang='lat' dir='ltr'><strong>Hieronymi</strong></span> <span class='ocrx_word' id='word_1_249' title='bbox 852 2426 1055 2473; x_wconf 89' lang='lat' dir='ltr'><strong>computa-</strong></span> 
     </span>
     <span class='ocr_line' id='line_1_44' title="bbox 110 2476 1055 2527; baseline 0.002 -15"><span class='ocrx_word' id='word_1_250' title='bbox 110 2476 254 2513; x_wconf 88' lang='lat' dir='ltr'><strong>tionem</strong></span> <span class='ocrx_word' id='word_1_251' title='bbox 271 2506 281 2521; x_wconf 91' lang='lat'><strong>,</strong></span> <span class='ocrx_word' id='word_1_252' title='bbox 301 2477 442 2515; x_wconf 89' lang='lat' dir='ltr'><strong>Petrus</strong></span> <span class='ocrx_word' id='word_1_253' title='bbox 471 2478 748 2526; x_wconf 89' lang='lat' dir='ltr'><strong>Apostolorum</strong></span> <span class='ocrx_word' id='word_1_254' title='bbox 778 2478 957 2527; x_wconf 90' lang='lat' dir='ltr'><strong>princeps</strong></span> <span class='ocrx_word' id='word_1_255' title='bbox 977 2478 1055 2515; x_wconf 86' lang='lat' dir='ltr'><strong>Ro-</strong></span> 
     </span>
     <span class='ocr_line' id='line_1_45' title="bbox 111 2529 1054 2580; baseline 0.002 -14"><span class='ocrx_word' id='word_1_256' title='bbox 111 2540 213 2566; x_wconf 91' lang='lat' dir='ltr'><strong>mam</strong></span> <span class='ocrx_word' id='word_1_257' title='bbox 241 2530 416 2578; x_wconf 79' lang='lat' dir='ltr'><strong>perrexit</strong></span> <span class='ocrx_word' id='word_1_258' title='bbox 430 2529 459 2576; x_wconf 77' lang='lat'><strong>⁴,</strong></span> <span class='ocrx_word' id='word_1_259' title='bbox 479 2533 518 2569; x_wconf 90' lang='lat' dir='ltr'><strong>et</strong></span> <span class='ocrx_word' id='word_1_260' title='bbox 528 2531 693 2580; x_wconf 87' lang='lat' dir='ltr'><strong>primam</strong></span> <span class='ocrx_word' id='word_1_261' title='bbox 710 2531 902 2569; x_wconf 88' lang='lat' dir='ltr'><strong>Ecclesiae</strong></span> <span class='ocrx_word' id='word_1_262' title='bbox 919 2531 1054 2568; x_wconf 89' lang='lat' dir='ltr'><strong>cathe-</strong></span> 
     </span>
     <span class='ocr_line' id='line_1_46' title="bbox 112 2582 1057 2634; baseline 0.003 -15"><span class='ocrx_word' id='word_1_263' title='bbox 112 2582 221 2620; x_wconf 89' lang='lat' dir='ltr'><strong>dram</strong></span> <span class='ocrx_word' id='word_1_264' title='bbox 242 2582 281 2619; x_wconf 92' lang='lat' dir='ltr'><strong>in</strong></span> <span class='ocrx_word' id='word_1_265' title='bbox 297 2582 420 2632; x_wconf 89' lang='lat' dir='ltr'><strong>ipsam</strong></span> <span class='ocrx_word' id='word_1_266' title='bbox 433 2584 586 2634; x_wconf 89' lang='lat' dir='ltr'><strong>imperii</strong></span> <span class='ocrx_word' id='word_1_267' title='bbox 605 2586 774 2623; x_wconf 90' lang='lat' dir='ltr'><strong>Romani</strong></span> <span class='ocrx_word' id='word_1_268' title='bbox 789 2585 926 2623; x_wconf 90' lang='lat' dir='ltr'><strong>urbem</strong></span> <span class='ocrx_word' id='word_1_269' title='bbox 943 2584 1057 2622; x_wconf 89' lang='lat' dir='ltr'><strong>domi-</strong></span> 
     </span>
    </p>
   </div>
   <div class='ocr_carea' id='block_1_3' title="bbox 112 2699 1056 3278">
    <p class='ocr_par' dir='ltr' id='par_1_7' title="bbox 152 2699 829 2741">
     <span class='ocr_line' id='line_1_47' title="bbox 152 2699 829 2741; baseline 0 -11"><span class='ocrx_word' id='word_1_270' title='bbox 152 2699 163 2721; x_wconf 92' lang='lat'>¹</span> <span class='ocrx_word' id='word_1_271' title='bbox 180 2699 248 2731; x_wconf 82' lang='lat' dir='ltr'><strong>Act.</strong></span> <span class='ocrx_word' id='word_1_272' title='bbox 265 2700 318 2737; x_wconf 82' lang='lat' dir='ltr'><strong>Xl;</strong></span> <span class='ocrx_word' id='word_1_273' title='bbox 334 2699 455 2738; x_wconf 65' lang='lat' dir='ltr'><strong>Euseb„</strong></span> <span class='ocrx_word' id='word_1_274' title='bbox 472 2700 563 2731; x_wconf 74' lang='lat' dir='ltr'><strong>His-t.</strong></span> <span class='ocrx_word' id='word_1_275' title='bbox 581 2702 655 2733; x_wconf 80' lang='lat' dir='ltr'><strong>eccl.</strong></span> <span class='ocrx_word' id='word_1_276' title='bbox 672 2702 690 2733; x_wconf 91' lang='lat' dir='ltr'><strong>l.</strong></span> <span class='ocrx_word' id='word_1_277' title='bbox 709 2703 742 2741; x_wconf 87' lang='lat' dir='ltr'><strong>ll,</strong></span> <span class='ocrx_word' id='word_1_278' title='bbox 758 2711 783 2732; x_wconf 85' lang='lat' dir='ltr'><strong>c.</strong></span> <span class='ocrx_word' id='word_1_279' title='bbox 800 2701 829 2733; x_wconf 90' lang='lat'><strong>8.</strong></span> 
     </span>
    </p>

    <p class='ocr_par' dir='ltr' id='par_1_8' title="bbox 151 2740 646 2780">
     <span class='ocr_line' id='line_1_48' title="bbox 151 2740 646 2780; baseline 0.008 -9"><span class='ocrx_word' id='word_1_280' title='bbox 151 2740 165 2761; x_wconf 71' lang='lat'>2</span> <span class='ocrx_word' id='word_1_281' title='bbox 180 2741 250 2772; x_wconf 77' lang='lat' dir='ltr'><strong>Act.</strong></span> <span class='ocrx_word' id='word_1_282' title='bbox 268 2742 334 2778; x_wconf 78' lang='lat' dir='ltr'><strong>Xll3</strong></span> <span class='ocrx_word' id='word_1_283' title='bbox 352 2741 473 2779; x_wconf 30' lang='lat' dir='ltr'><strong>Eusebi,</strong></span> <span class='ocrx_word' id='word_1_284' title='bbox 489 2741 508 2773; x_wconf 93' lang='lat' dir='ltr'><strong>l.</strong></span> <span class='ocrx_word' id='word_1_285' title='bbox 524 2743 557 2780; x_wconf 87' lang='lat'><strong>11,</strong></span> <span class='ocrx_word' id='word_1_286' title='bbox 575 2752 598 2774; x_wconf 86' lang='lat' dir='ltr'><strong>c.</strong></span> <span class='ocrx_word' id='word_1_287' title='bbox 617 2743 646 2775; x_wconf 85' lang='lat'><strong>9.</strong></span> 
     </span>
    </p>

    <p class='ocr_par' dir='ltr' id='par_1_9' title="bbox 112 2782 1056 2864">
     <span class='ocr_line' id='line_1_49' title="bbox 152 2782 1056 2824; baseline 0 -10"><span class='ocrx_word' id='word_1_288' title='bbox 152 2782 166 2804; x_wconf 82' lang='grc'>3</span> <span class='ocrx_word' id='word_1_289' title='bbox 180 2782 251 2814; x_wconf 76' lang='lat' dir='ltr'><strong>Act.</strong></span> <span class='ocrx_word' id='word_1_290' title='bbox 273 2782 364 2816; x_wconf 83' lang='lat' dir='ltr'><strong>ibid.:</strong></span> <span class='ocrx_word' id='word_1_291' title='bbox 386 2783 513 2822; x_wconf 65' lang='lat' dir='ltr'><strong>Euseh„</strong></span> <span class='ocrx_word' id='word_1_292' title='bbox 536 2784 616 2816; x_wconf 83' lang='lat' dir='ltr'><strong>ibid.</strong></span> <span class='ocrx_word' id='word_1_293' title='bbox 640 2795 664 2815; x_wconf 89' lang='lat' dir='ltr'><strong>c.</strong></span> <span class='ocrx_word' id='word_1_294' title='bbox 683 2784 736 2822; x_wconf 84' lang='lat'><strong>10;</strong></span> <span class='ocrx_word' id='word_1_295' title='bbox 752 2785 795 2816; x_wconf 90' lang='lat' dir='ltr'><strong>Fl.</strong></span> <span class='ocrx_word' id='word_1_296' title='bbox 811 2785 941 2824; x_wconf 74' lang='lat' dir='ltr'><strong>loseph,</strong></span> <span class='ocrx_word' id='word_1_297' title='bbox 957 2783 1056 2815; x_wconf 79' lang='lat' dir='ltr'><strong>Anti-</strong></span> 
     </span>
     <span class='ocr_line' id='line_1_50' title="bbox 112 2824 417 2864; baseline -0.003 -9"><span class='ocrx_word' id='word_1_298' title='bbox 112 2824 199 2864; x_wconf 79' lang='lat' dir='ltr'><strong>quit.</strong></span> <span class='ocrx_word' id='word_1_299' title='bbox 216 2824 287 2855; x_wconf 82' lang='lat' dir='ltr'><strong>iud.</strong></span> <span class='ocrx_word' id='word_1_300' title='bbox 304 2824 322 2855; x_wconf 91' lang='lat' dir='ltr'><strong>l.</strong></span> <span class='ocrx_word' id='word_1_301' title='bbox 341 2825 417 2855; x_wconf 77' lang='lat' dir='ltr'><strong>xlx.</strong></span> 
     </span>
    </p>

    <p class='ocr_par' dir='ltr' id='par_1_10' title="bbox 113 2865 1056 3278">
     <span class='ocr_line' id='line_1_51' title="bbox 152 2865 1054 2908; baseline 0.001 -12"><span class='ocrx_word' id='word_1_302' title='bbox 152 2866 166 2888; x_wconf 78' lang='lat'>4</span> <span class='ocrx_word' id='word_1_303' title='bbox 183 2865 293 2896; x_wconf 87' lang='lat' dir='ltr'><strong>Euseb.</strong></span> <span class='ocrx_word' id='word_1_304' title='bbox 317 2865 528 2903; x_wconf 78' lang='lat' dir='ltr'><strong>Chronicon;</strong></span> <span class='ocrx_word' id='word_1_305' title='bbox 551 2876 573 2897; x_wconf 85' lang='lat' dir='ltr'><strong>s.</strong></span> <span class='ocrx_word' id='word_1_306' title='bbox 598 2867 738 2905; x_wconf 64' lang='lat' dir='ltr'><strong>Hieron„</strong></span> <span class='ocrx_word' id='word_1_307' title='bbox 765 2866 947 2908; x_wconf 62' lang='lat' dir='ltr'><strong>catalogus</strong></span> <span class='ocrx_word' id='word_1_308' title='bbox 965 2866 1054 2897; x_wconf 81' lang='lat' dir='ltr'><strong>viro-</strong></span> 
     </span>
     <span class='ocr_line' id='line_1_52' title="bbox 113 2907 1053 2947; baseline 0 -9"><span class='ocrx_word' id='word_1_309' title='bbox 113 2916 194 2938; x_wconf 79' lang='lat' dir='ltr'><strong>rum</strong></span> <span class='ocrx_word' id='word_1_310' title='bbox 210 2907 512 2938; x_wconf 77' lang='lat' dir='ltr'><strong>illustrium.—At</strong></span> <span class='ocrx_word' id='word_1_311' title='bbox 529 2909 650 2939; x_wconf 85' lang='lat' dir='ltr'><strong>Petrum</strong></span> <span class='ocrx_word' id='word_1_312' title='bbox 666 2910 696 2939; x_wconf 90' lang='lat' dir='ltr'><strong>in</strong></span> <span class='ocrx_word' id='word_1_313' title='bbox 713 2911 851 2940; x_wconf 76' lang='lat' dir='ltr'><strong>Romano</strong></span> <span class='ocrx_word' id='word_1_314' title='bbox 866 2908 1053 2947; x_wconf 72' lang='lat' dir='ltr'><strong>itinere&#39;plu-</strong></span> 
     </span>
     <span class='ocr_line' id='line_1_53' title="bbox 113 2949 1054 2988; baseline 0.001 -9"><span class='ocrx_word' id='word_1_315' title='bbox 113 2957 163 2979; x_wconf 81' lang='lat' dir='ltr'><strong>res</strong></span> <span class='ocrx_word' id='word_1_316' title='bbox 186 2949 317 2988; x_wconf 88' lang='lat' dir='ltr'><strong>populos</strong></span> <span class='ocrx_word' id='word_1_317' title='bbox 342 2949 501 2988; x_wconf 78' lang='lat' dir='ltr'><strong>Evangelii</strong></span> <span class='ocrx_word' id='word_1_318' title='bbox 526 2951 692 2987; x_wconf 84' lang='lat' dir='ltr'><strong>praeconio</strong></span> <span class='ocrx_word' id='word_1_319' title='bbox 715 2950 864 2981; x_wconf 79' lang='lat' dir='ltr'><strong>imbuisse</strong></span> <span class='ocrx_word' id='word_1_320' title='bbox 880 2951 911 2981; x_wconf 94' lang='lat' dir='ltr'><strong>in</strong></span> <span class='ocrx_word' id='word_1_321' title='bbox 929 2950 1054 2980; x_wconf 87' lang='lat' dir='ltr'><strong>dubium</strong></span> 
     </span>
     <span class='ocr_line' id='line_1_54' title="bbox 113 2991 1054 3032; baseline 0.001 -12"><span class='ocrx_word' id='word_1_322' title='bbox 113 2991 250 3020; x_wconf 81' lang='lat' dir='ltr'><strong>revocari</strong></span> <span class='ocrx_word' id='word_1_323' title='bbox 275 2991 386 3030; x_wconf 87' lang='lat' dir='ltr'><strong>nequit.</strong></span> <span class='ocrx_word' id='word_1_324' title='bbox 411 2991 490 3020; x_wconf 80' lang='lat' dir='ltr'><strong>luter</strong></span> <span class='ocrx_word' id='word_1_325' title='bbox 512 2998 565 3021; x_wconf 85' lang='lat' dir='ltr'><strong>eos</strong></span> <span class='ocrx_word' id='word_1_326' title='bbox 588 2991 725 3022; x_wconf 83' lang='lat' dir='ltr'><strong>extitisse</strong></span> <span class='ocrx_word' id='word_1_327' title='bbox 742 2992 959 3032; x_wconf 79' lang='lat' dir='ltr'><strong>Neapolitanos</strong></span> <span class='ocrx_word' id='word_1_328' title='bbox 983 3000 1054 3022; x_wconf 87' lang='lat' dir='ltr'><strong>con-</strong></span> 
     </span>
     <span class='ocr_line' id='line_1_55' title="bbox 114 3032 1055 3073; baseline 0.001 -12"><span class='ocrx_word' id='word_1_329' title='bbox 114 3034 200 3061; x_wconf 79' lang='lat' dir='ltr'><strong>stans</strong></span> <span class='ocrx_word' id='word_1_330' title='bbox 217 3034 263 3062; x_wconf 84' lang='lat' dir='ltr'><strong>est</strong></span> <span class='ocrx_word' id='word_1_331' title='bbox 279 3032 414 3062; x_wconf 88' lang='lat' dir='ltr'><strong>eiusdem</strong></span> <span class='ocrx_word' id='word_1_332' title='bbox 432 3032 586 3062; x_wconf 82' lang='lat' dir='ltr'><strong>Ecclesiae</strong></span> <span class='ocrx_word' id='word_1_333' title='bbox 603 3033 736 3071; x_wconf 78' lang='lat' dir='ltr'><strong>traditio,</strong></span> <span class='ocrx_word' id='word_1_334' title='bbox 755 3043 846 3073; x_wconf 86' lang='lat' dir='ltr'><strong>quam</strong></span> <span class='ocrx_word' id='word_1_335' title='bbox 863 3037 971 3064; x_wconf 85' lang='lat' dir='ltr'><strong>contra</strong></span> <span class='ocrx_word' id='word_1_336' title='bbox 987 3033 1055 3063; x_wconf 84' lang='lat' dir='ltr'><strong>lan-</strong></span> 
     </span>
     <span class='ocr_line' id='line_1_56' title="bbox 113 3073 1055 3114; baseline 0.002 -12"><span class='ocrx_word' id='word_1_337' title='bbox 113 3073 234 3103; x_wconf 86' lang='lat' dir='ltr'><strong>nonium</strong></span> <span class='ocrx_word' id='word_1_338' title='bbox 253 3076 487 3113; x_wconf 79' lang='lat' dir='ltr'><strong>propugnarunt</strong></span> <span class='ocrx_word' id='word_1_339' title='bbox 503 3082 530 3112; x_wconf 92' lang='lat' dir='ltr'><strong>p.</strong></span> <span class='ocrx_word' id='word_1_340' title='bbox 548 3073 725 3110; x_wconf 71' lang='lat' dir='ltr'><strong>manemus,</strong></span> <span class='ocrx_word' id='word_1_341' title='bbox 739 3077 759 3104; x_wconf 92' lang='lat' dir='ltr'><strong>t.</strong></span> <span class='ocrx_word' id='word_1_342' title='bbox 775 3075 811 3106; x_wconf 79' lang='lat' dir='ltr'><strong>lli</strong></span> <span class='ocrx_word' id='word_1_343' title='bbox 828 3075 930 3114; x_wconf 81' lang='lat' dir='ltr'><strong>operis</strong></span> <span class='ocrx_word' id='word_1_344' title='bbox 946 3074 1055 3105; x_wconf 86' lang='lat' dir='ltr'><strong>inscri-</strong></span> 
     </span>
     <span class='ocr_line' id='line_1_57' title="bbox 113 3113 1055 3155; baseline 0.001 -12"><span class='ocrx_word' id='word_1_345' title='bbox 113 3114 171 3153; x_wconf 84' lang='lat' dir='ltr'><strong>pti:</strong></span> <span class='ocrx_word' id='word_1_346' title='bbox 188 3113 288 3144; x_wconf 83' lang='lat' dir='ltr'><strong>Della</strong></span> <span class='ocrx_word' id='word_1_347' title='bbox 304 3113 459 3149; x_wconf 71' lang='grc' dir='ltr'><strong>Ροιεεεὰ,</strong></span> <span class='ocrx_word' id='word_1_348' title='bbox 476 3124 492 3144; x_wconf 86' lang='lat' dir='ltr'><strong>e</strong></span> <span class='ocrx_word' id='word_1_349' title='bbox 507 3113 641 3145; x_wconf 81' lang='lat' dir='ltr'><strong>Politia</strong></span> <span class='ocrx_word' id='word_1_350' title='bbox 657 3116 747 3146; x_wconf 84' lang='lat' dir='ltr'><strong>della</strong></span> <span class='ocrx_word' id='word_1_351' title='bbox 767 3116 907 3155; x_wconf 75' lang='lat' dir='ltr'><strong>chiesa,</strong></span> <span class='ocrx_word' id='word_1_352' title='bbox 925 3116 1055 3155; x_wconf 84' lang='lat' dir='ltr'><strong>Selvag-</strong></span> 
     </span>
     <span class='ocr_line' id='line_1_58' title="bbox 114 3155 1056 3196; baseline 0.004 -12"><span class='ocrx_word' id='word_1_353' title='bbox 114 3155 183 3195; x_wconf 87' lang='lat' dir='ltr'><strong>gius</strong></span> <span class='ocrx_word' id='word_1_354' title='bbox 200 3155 230 3186; x_wconf 88' lang='lat' dir='ltr'><strong>in</strong></span> <span class='ocrx_word' id='word_1_355' title='bbox 246 3155 421 3195; x_wconf 77' lang='lat' dir='ltr'><strong>Antiquit.</strong></span> <span class='ocrx_word' id='word_1_356' title='bbox 436 3155 622 3186; x_wconf 77' lang='lat' dir='ltr'><strong>christian.</strong></span> <span class='ocrx_word' id='word_1_357' title='bbox 635 3155 796 3188; x_wconf 80' lang='lat' dir='ltr'><strong>Institut.</strong></span> <span class='ocrx_word' id='word_1_358' title='bbox 811 3158 829 3188; x_wconf 88' lang='lat' dir='ltr'><strong>l.</strong></span> <span class='ocrx_word' id='word_1_359' title='bbox 846 3159 868 3196; x_wconf 86' lang='lat' dir='ltr'><strong>l,</strong></span> <span class='ocrx_word' id='word_1_360' title='bbox 882 3167 906 3188; x_wconf 90' lang='lat' dir='ltr'><strong>c.</strong></span> <span class='ocrx_word' id='word_1_361' title='bbox 919 3157 952 3195; x_wconf 87' lang='grc'><strong>6,</strong></span> <span class='ocrx_word' id='word_1_362' title='bbox 966 3158 1056 3188; x_wconf 84' lang='lat' dir='ltr'><strong>Sche-</strong></span> 
     </span>
     <span class='ocr_line' id='line_1_59' title="bbox 113 3196 1056 3242; baseline 0.004 -16"><span class='ocrx_word' id='word_1_363' title='bbox 113 3196 314 3242; x_wconf 27' lang='lat' dir='ltr'><strong>riltlus‚Della</strong></span> <span class='ocrx_word' id='word_1_364' title='bbox 328 3202 456 3228; x_wconf 69' lang='lat' dir='ltr'><strong>venata</strong></span> <span class='ocrx_word' id='word_1_365' title='bbox 470 3197 507 3228; x_wconf 81' lang='lat' dir='ltr'><strong>di</strong></span> <span class='ocrx_word' id='word_1_366' title='bbox 523 3196 551 3228; x_wconf 74' lang='lat' dir='ltr'><strong>S.</strong></span> <span class='ocrx_word' id='word_1_367' title='bbox 563 3196 684 3228; x_wconf 79' lang='lat' dir='ltr'><strong>Pietro</strong></span> <span class='ocrx_word' id='word_1_368' title='bbox 695 3197 854 3238; x_wconf 80' lang='lat' dir='ltr'><strong>Apostolo</strong></span> <span class='ocrx_word' id='word_1_369' title='bbox 865 3199 958 3230; x_wconf 81' lang='lat' dir='ltr'><strong>nella</strong></span> <span class='ocrx_word' id='word_1_370' title='bbox 970 3197 1056 3229; x_wconf 71' lang='lat' dir='ltr'><strong>cicta</strong></span> 
     </span>
     <span class='ocr_line' id='line_1_60' title="bbox 114 3236 620 3278; baseline 0.004 -10"><span class='ocrx_word' id='word_1_371' title='bbox 114 3237 151 3268; x_wconf 76' lang='lat' dir='ltr'><strong>dt</strong></span> <span class='ocrx_word' id='word_1_372' title='bbox 167 3236 291 3277; x_wconf 66' lang='lat' dir='ltr'><strong>Napoca·</strong></span> <span class='ocrx_word' id='word_1_373' title='bbox 307 3238 398 3270; x_wconf 83' lang='lat' dir='ltr'><strong>della</strong></span> <span class='ocrx_word' id='word_1_374' title='bbox 415 3238 620 3278; x_wconf 80' lang='lat' dir='ltr'><strong>Campania.</strong></span> 
     </span>
    </p>
   </div>
   <div class='ocr_carea' id='block_1_4' title="bbox 1935 163 1982 202">
    <p class='ocr_par' dir='ltr' id='par_1_11' title="bbox 1935 163 1982 202">
     <span class='ocr_line' id='line_1_61' title="bbox 1935 163 1982 202; baseline 0.021 -1"><span class='ocrx_word' id='word_1_375' title='bbox 1935 163 1982 202; x_wconf 90' lang='lat'><strong>13</strong></span> 
     </span>
    </p>
   </div>
   <div class='ocr_carea' id='block_1_5' title="bbox 1089 238 2045 2690">
    <p class='ocr_par' dir='ltr' id='par_1_12' title="bbox 1089 238 2040 1024">
     <span class='ocr_line' id='line_1_62' title="bbox 1090 238 2032 289; baseline 0 -11"><span class='ocrx_word' id='word_1_376' title='bbox 1090 251 1177 277; x_wconf 88' lang='lat' dir='ltr'><strong>nam</strong></span> <span class='ocrx_word' id='word_1_377' title='bbox 1197 239 1412 286; x_wconf 84' lang='lat' dir='ltr'><strong>transtulit,</strong></span> <span class='ocrx_word' id='word_1_378' title='bbox 1432 238 1698 278; x_wconf 89' lang='lat' dir='ltr'><strong>Antiochenae</strong></span> <span class='ocrx_word' id='word_1_379' title='bbox 1714 238 1910 278; x_wconf 86' lang='lat' dir='ltr'><strong>Ecclesiae</strong></span> <span class='ocrx_word' id='word_1_380' title='bbox 1924 250 2032 289; x_wconf 88' lang='lat' dir='ltr'><strong>prae-</strong></span> 
     </span>
     <span class='ocr_line' id='line_1_63' title="bbox 1089 292 2031 341; baseline 0 -10"><span class='ocrx_word' id='word_1_381' title='bbox 1089 292 1171 331; x_wconf 86' lang='lat' dir='ltr'><strong>fato</strong></span> <span class='ocrx_word' id='word_1_382' title='bbox 1193 294 1352 332; x_wconf 86' lang='lat' dir='ltr'><strong>Evodio.</strong></span> <span class='ocrx_word' id='word_1_383' title='bbox 1385 305 1407 331; x_wconf 88' lang='lat'>«</span> <span class='ocrx_word' id='word_1_384' title='bbox 1428 292 1682 331; x_wconf 89' lang='lat' dir='ltr'><strong>Beatissimus</strong></span> <span class='ocrx_word' id='word_1_385' title='bbox 1713 292 1875 339; x_wconf 85' lang='lat' dir='ltr'><strong>Petrus,</strong></span> <span class='ocrx_word' id='word_1_386' title='bbox 1905 292 2031 341; x_wconf 90' lang='lat' dir='ltr'><strong>inquit</strong></span> 
     </span>
     <span class='ocr_line' id='line_1_64' title="bbox 1090 346 2032 396; baseline -0.002 -11"><span class='ocrx_word' id='word_1_387' title='bbox 1090 359 1118 385; x_wconf 91' lang='lat' dir='ltr'><strong>s.</strong></span> <span class='ocrx_word' id='word_1_388' title='bbox 1133 349 1225 393; x_wconf 87' lang='lat' dir='ltr'><strong>Leo,</strong></span> <span class='ocrx_word' id='word_1_389' title='bbox 1240 347 1420 396; x_wconf 89' lang='lat' dir='ltr'><strong>princeps</strong></span> <span class='ocrx_word' id='word_1_390' title='bbox 1437 346 1639 395; x_wconf 88' lang='lat' dir='ltr'><strong>apostolici</strong></span> <span class='ocrx_word' id='word_1_391' title='bbox 1654 346 1813 392; x_wconf 91' lang='lat' dir='ltr'><strong>ordinis,</strong></span> <span class='ocrx_word' id='word_1_392' title='bbox 1833 347 1881 383; x_wconf 88' lang='lat' dir='ltr'><strong>ad</strong></span> <span class='ocrx_word' id='word_1_393' title='bbox 1902 357 2032 384; x_wconf 89' lang='lat' dir='ltr'><strong>arcem</strong></span> 
     </span>
     <span class='ocr_line' id='line_1_65' title="bbox 1092 399 2036 449; baseline -0.001 -11"><span class='ocrx_word' id='word_1_394' title='bbox 1092 400 1258 438; x_wconf 87' lang='lat' dir='ltr'><strong>Romani</strong></span> <span class='ocrx_word' id='word_1_395' title='bbox 1275 400 1492 438; x_wconf 86' lang='lat' dir='ltr'><strong>destinatur</strong></span> <span class='ocrx_word' id='word_1_396' title='bbox 1506 400 1677 449; x_wconf 89' lang='lat' dir='ltr'><strong>imperii:</strong></span> <span class='ocrx_word' id='word_1_397' title='bbox 1696 402 1739 437; x_wconf 91' lang='lat' dir='ltr'><strong>ut</strong></span> <span class='ocrx_word' id='word_1_398' title='bbox 1751 399 1821 437; x_wconf 79' lang='lat' dir='ltr'><strong>lux</strong></span> <span class='ocrx_word' id='word_1_399' title='bbox 1838 399 2036 447; x_wconf 88' lang='lat' dir='ltr'><strong>veritatis,</strong></span> 
     </span>
     <span class='ocr_line' id='line_1_66' title="bbox 1091 451 2036 502; baseline -0.001 -11"><span class='ocrx_word' id='word_1_400' title='bbox 1091 465 1190 502; x_wconf 89' lang='lat' dir='ltr'><strong>quae</strong></span> <span class='ocrx_word' id='word_1_401' title='bbox 1211 454 1249 491; x_wconf 94' lang='lat' dir='ltr'><strong>in</strong></span> <span class='ocrx_word' id='word_1_402' title='bbox 1269 454 1440 490; x_wconf 87' lang='lat' dir='ltr'><strong>omnium</strong></span> <span class='ocrx_word' id='word_1_403' title='bbox 1460 453 1633 502; x_wconf 86' lang='lat' dir='ltr'><strong>gentium</strong></span> <span class='ocrx_word' id='word_1_404' title='bbox 1662 451 1912 491; x_wconf 89' lang='lat' dir='ltr'><strong>revelabatur</strong></span> <span class='ocrx_word' id='word_1_405' title='bbox 1930 452 2036 490; x_wconf 87' lang='lat' dir='ltr'><strong>salu-</strong></span> 
     </span>
     <span class='ocr_line' id='line_1_67' title="bbox 1090 505 2035 556; baseline -0.001 -13"><span class='ocrx_word' id='word_1_406' title='bbox 1090 511 1185 552; x_wconf 90' lang='lat' dir='ltr'><strong>tem,</strong></span> <span class='ocrx_word' id='word_1_407' title='bbox 1205 506 1398 544; x_wconf 86' lang='lat' dir='ltr'><strong>efficacius</strong></span> <span class='ocrx_word' id='word_1_408' title='bbox 1427 517 1468 543; x_wconf 88' lang='lat' dir='ltr'><strong>se</strong></span> <span class='ocrx_word' id='word_1_409' title='bbox 1497 507 1545 543; x_wconf 92' lang='lat' dir='ltr'><strong>ab</strong></span> <span class='ocrx_word' id='word_1_410' title='bbox 1574 506 1657 556; x_wconf 93' lang='lat' dir='ltr'><strong>ipso</strong></span> <span class='ocrx_word' id='word_1_411' title='bbox 1676 505 1804 554; x_wconf 85' lang='lat' dir='ltr'><strong>capite</strong></span> <span class='ocrx_word' id='word_1_412' title='bbox 1824 517 1893 555; x_wconf 91' lang='lat' dir='ltr'><strong>per</strong></span> <span class='ocrx_word' id='word_1_413' title='bbox 1910 507 2035 543; x_wconf 88' lang='lat' dir='ltr'><strong>totum</strong></span> 
     </span>
     <span class='ocr_line' id='line_1_68' title="bbox 1091 557 2035 608; baseline -0.001 -11"><span class='ocrx_word' id='word_1_414' title='bbox 1091 560 1226 597; x_wconf 92' lang='lat' dir='ltr'><strong>mundi</strong></span> <span class='ocrx_word' id='word_1_415' title='bbox 1246 570 1387 608; x_wconf 89' lang='lat' dir='ltr'><strong>corpus</strong></span> <span class='ocrx_word' id='word_1_416' title='bbox 1407 558 1623 597; x_wconf 89' lang='lat' dir='ltr'><strong>effunderet</strong></span> <span class='ocrx_word' id='word_1_417' title='bbox 1643 557 1652 579; x_wconf 88' lang='lat'>¹</span> <span class='ocrx_word' id='word_1_418' title='bbox 1669 559 1868 597; x_wconf 83' lang='lat' dir='ltr'><strong>».Verum</strong></span> <span class='ocrx_word' id='word_1_419' title='bbox 1887 561 2035 607; x_wconf 88' lang='lat' dir='ltr'><strong>quanta</strong></span> 
     </span>
     <span class='ocr_line' id='line_1_69' title="bbox 1091 611 2036 661; baseline 0 -12"><span class='ocrx_word' id='word_1_420' title='bbox 1091 613 1180 650; x_wconf 88' lang='lat' dir='ltr'><strong>huic</strong></span> <span class='ocrx_word' id='word_1_421' title='bbox 1201 612 1372 651; x_wconf 88' lang='lat' dir='ltr'><strong>missioni</strong></span> <span class='ocrx_word' id='word_1_422' title='bbox 1392 612 1618 651; x_wconf 84' lang='lat' dir='ltr'><strong>obstabant!</strong></span> <span class='ocrx_word' id='word_1_423' title='bbox 1642 625 1665 652; x_wconf 86' lang='lat'>«</span> <span class='ocrx_word' id='word_1_424' title='bbox 1680 612 1767 658; x_wconf 92' lang='lat' dir='ltr'><strong>Hic,</strong></span> <span class='ocrx_word' id='word_1_425' title='bbox 1787 612 1916 661; x_wconf 85' lang='lat' dir='ltr'><strong>pergit</strong></span> <span class='ocrx_word' id='word_1_426' title='bbox 1935 611 2036 650; x_wconf 90' lang='lat' dir='ltr'><strong>idem</strong></span> 
     </span>
     <span class='ocr_line' id='line_1_70' title="bbox 1090 664 2035 715; baseline -0.001 -12"><span class='ocrx_word' id='word_1_427' title='bbox 1090 678 1120 704; x_wconf 88' lang='lat' dir='ltr'><strong>s.</strong></span> <span class='ocrx_word' id='word_1_428' title='bbox 1135 666 1226 713; x_wconf 89' lang='lat' dir='ltr'><strong>Leo,</strong></span> <span class='ocrx_word' id='word_1_429' title='bbox 1243 665 1528 703; x_wconf 89' lang='lat' dir='ltr'><strong>conculcandae</strong></span> <span class='ocrx_word' id='word_1_430' title='bbox 1545 666 1809 715; x_wconf 88' lang='lat' dir='ltr'><strong>philosophiae</strong></span> <span class='ocrx_word' id='word_1_431' title='bbox 1824 664 2035 714; x_wconf 90' lang='lat' dir='ltr'><strong>opiniones,</strong></span> 
     </span>
     <span class='ocr_line' id='line_1_71' title="bbox 1090 718 2039 767; baseline -0.001 -10"><span class='ocrx_word' id='word_1_432' title='bbox 1090 720 1153 757; x_wconf 90' lang='lat' dir='ltr'><strong>hic</strong></span> <span class='ocrx_word' id='word_1_433' title='bbox 1181 719 1448 757; x_wconf 88' lang='lat' dir='ltr'><strong>dissolvendae</strong></span> <span class='ocrx_word' id='word_1_434' title='bbox 1477 723 1589 756; x_wconf 87' lang='lat' dir='ltr'><strong>erant</strong></span> <span class='ocrx_word' id='word_1_435' title='bbox 1615 721 1794 757; x_wconf 86' lang='lat' dir='ltr'><strong>terrenae</strong></span> <span class='ocrx_word' id='word_1_436' title='bbox 1822 718 2039 767; x_wconf 87' lang='lat' dir='ltr'><strong>sapientiae</strong></span> 
     </span>
     <span class='ocr_line' id='line_1_72' title="bbox 1091 771 2038 818; baseline -0.001 -8"><span class='ocrx_word' id='word_1_437' title='bbox 1091 772 1298 818; x_wconf 86' lang='lat' dir='ltr'><strong>vanitates,</strong></span> <span class='ocrx_word' id='word_1_438' title='bbox 1316 771 1380 810; x_wconf 91' lang='lat' dir='ltr'><strong>hic</strong></span> <span class='ocrx_word' id='word_1_439' title='bbox 1409 771 1669 810; x_wconf 82' lang='lat' dir='ltr'><strong>confutandus</strong></span> <span class='ocrx_word' id='word_1_440' title='bbox 1698 773 1930 810; x_wconf 90' lang='lat' dir='ltr'><strong>daemonum</strong></span> <span class='ocrx_word' id='word_1_441' title='bbox 1951 771 2038 809; x_wconf 89' lang='lat' dir='ltr'><strong>cul-</strong></span> 
     </span>
     <span class='ocr_line' id='line_1_73' title="bbox 1089 825 2038 875; baseline -0.001 -11"><span class='ocrx_word' id='word_1_442' title='bbox 1089 828 1165 872; x_wconf 91' lang='lat' dir='ltr'><strong>tus,</strong></span> <span class='ocrx_word' id='word_1_443' title='bbox 1184 826 1248 863; x_wconf 90' lang='lat' dir='ltr'><strong>hic</strong></span> <span class='ocrx_word' id='word_1_444' title='bbox 1267 825 1441 863; x_wconf 90' lang='lat' dir='ltr'><strong>omnium</strong></span> <span class='ocrx_word' id='word_1_445' title='bbox 1460 825 1743 863; x_wconf 89' lang='lat' dir='ltr'><strong>sacrificiorum</strong></span> <span class='ocrx_word' id='word_1_446' title='bbox 1769 825 1950 875; x_wconf 89' lang='lat' dir='ltr'><strong>impietas</strong></span> <span class='ocrx_word' id='word_1_447' title='bbox 1970 825 2038 863; x_wconf 90' lang='lat' dir='ltr'><strong>de-</strong></span> 
     </span>
     <span class='ocr_line' id='line_1_74' title="bbox 1092 878 2040 928; baseline -0.001 -11"><span class='ocrx_word' id='word_1_448' title='bbox 1092 879 1291 925; x_wconf 88' lang='lat' dir='ltr'><strong>struenda,</strong></span> <span class='ocrx_word' id='word_1_449' title='bbox 1304 880 1369 916; x_wconf 89' lang='lat' dir='ltr'><strong>ubi</strong></span> <span class='ocrx_word' id='word_1_450' title='bbox 1381 878 1678 927; x_wconf 88' lang='lat' dir='ltr'><strong>diligentissima</strong></span> <span class='ocrx_word' id='word_1_451' title='bbox 1689 878 1963 928; x_wconf 89' lang='lat' dir='ltr'><strong>superstitione</strong></span> <span class='ocrx_word' id='word_1_452' title='bbox 1974 878 2040 916; x_wconf 89' lang='lat' dir='ltr'><strong>ha·</strong></span> 
     </span>
     <span class='ocr_line' id='line_1_75' title="bbox 1090 931 2036 980; baseline -0.001 -10"><span class='ocrx_word' id='word_1_453' title='bbox 1090 933 1257 970; x_wconf 88' lang='lat' dir='ltr'><strong>bebatur</strong></span> <span class='ocrx_word' id='word_1_454' title='bbox 1276 932 1498 978; x_wconf 91' lang='lat' dir='ltr'><strong>collectum,</strong></span> <span class='ocrx_word' id='word_1_455' title='bbox 1519 931 1702 980; x_wconf 90' lang='lat' dir='ltr'><strong>quicquid</strong></span> <span class='ocrx_word' id='word_1_456' title='bbox 1723 943 1887 980; x_wconf 88' lang='lat' dir='ltr'><strong>usquam</strong></span> <span class='ocrx_word' id='word_1_457' title='bbox 1906 931 2036 970; x_wconf 85' lang='lat' dir='ltr'><strong>fuerat</strong></span> 
     </span>
     <span class='ocr_line' id='line_1_76' title="bbox 1092 985 1760 1024; baseline -0.003 0"><span class='ocrx_word' id='word_1_458' title='bbox 1092 986 1211 1024; x_wconf 89' lang='lat' dir='ltr'><strong>variis</strong></span> <span class='ocrx_word' id='word_1_459' title='bbox 1233 986 1434 1024; x_wconf 87' lang='lat' dir='ltr'><strong>erroribus</strong></span> <span class='ocrx_word' id='word_1_460' title='bbox 1454 985 1679 1023; x_wconf 88' lang='lat' dir='ltr'><strong>institutum</strong></span> <span class='ocrx_word' id='word_1_461' title='bbox 1694 994 1709 1016; x_wconf 75' lang='lat'><strong>2</strong></span> <span class='ocrx_word' id='word_1_462' title='bbox 1724 996 1760 1022; x_wconf 91' lang='lat'><strong>».</strong></span> 
     </span>
    </p>

    <p class='ocr_par' dir='ltr' id='par_1_13' title="bbox 1090 1038 2044 1783">
     <span class='ocr_line' id='line_1_77' title="bbox 1144 1038 2039 1078; baseline -0.002 -1"><span class='ocrx_word' id='word_1_463' title='bbox 1144 1040 1309 1078; x_wconf 90' lang='lat' dir='ltr'><strong>Interim</strong></span> <span class='ocrx_word' id='word_1_464' title='bbox 1330 1040 1471 1077; x_wconf 90' lang='lat' dir='ltr'><strong>Petrus</strong></span> <span class='ocrx_word' id='word_1_465' title='bbox 1491 1039 1720 1076; x_wconf 87' lang='lat' dir='ltr'><strong>cathedram</strong></span> <span class='ocrx_word' id='word_1_466' title='bbox 1740 1050 1829 1076; x_wconf 91' lang='lat' dir='ltr'><strong>cum</strong></span> <span class='ocrx_word' id='word_1_467' title='bbox 1849 1038 1952 1076; x_wconf 90' lang='lat' dir='ltr'><strong>omni</strong></span> <span class='ocrx_word' id='word_1_468' title='bbox 1973 1050 2039 1076; x_wconf 91' lang='lat' dir='ltr'><strong>su-</strong></span> 
     </span>
     <span class='ocr_line' id='line_1_78' title="bbox 1090 1091 2037 1143; baseline -0.003 -12"><span class='ocrx_word' id='word_1_469' title='bbox 1090 1093 1213 1142; x_wconf 90' lang='lat' dir='ltr'><strong>premi</strong></span> <span class='ocrx_word' id='word_1_470' title='bbox 1228 1092 1477 1143; x_wconf 89' lang='lat' dir='ltr'><strong>pontificatus</strong></span> <span class='ocrx_word' id='word_1_471' title='bbox 1493 1091 1576 1130; x_wconf 88' lang='lat' dir='ltr'><strong>iure</strong></span> <span class='ocrx_word' id='word_1_472' title='bbox 1591 1093 1743 1130; x_wconf 88' lang='lat' dir='ltr'><strong>Romae</strong></span> <span class='ocrx_word' id='word_1_473' title='bbox 1759 1091 1973 1129; x_wconf 88' lang='lat' dir='ltr'><strong>constituit.</strong></span> <span class='ocrx_word' id='word_1_474' title='bbox 1992 1091 2037 1128; x_wconf 93' lang='lat' dir='ltr'><strong>In</strong></span> 
     </span>
     <span class='ocr_line' id='line_1_79' title="bbox 1090 1145 2033 1196; baseline -0.003 -12"><span class='ocrx_word' id='word_1_475' title='bbox 1090 1159 1137 1184; x_wconf 90' lang='lat' dir='ltr'><strong>ea</strong></span> <span class='ocrx_word' id='word_1_476' title='bbox 1152 1150 1239 1196; x_wconf 87' lang='lat' dir='ltr'><strong>post</strong></span> <span class='ocrx_word' id='word_1_477' title='bbox 1251 1157 1341 1184; x_wconf 90' lang='lat' dir='ltr'><strong>eum</strong></span> <span class='ocrx_word' id='word_1_478' title='bbox 1356 1157 1596 1184; x_wconf 90' lang='lat' dir='ltr'><strong>successores</strong></span> <span class='ocrx_word' id='word_1_479' title='bbox 1611 1145 1711 1183; x_wconf 87' lang='lat' dir='ltr'><strong>serie</strong></span> <span class='ocrx_word' id='word_1_480' title='bbox 1724 1157 1799 1182; x_wconf 92' lang='lat' dir='ltr'><strong>non</strong></span> <span class='ocrx_word' id='word_1_481' title='bbox 1812 1145 2033 1193; x_wconf 88' lang='lat' dir='ltr'><strong>interrupta</strong></span> 
     </span>
     <span class='ocr_line' id='line_1_80' title="bbox 1091 1197 2037 1244; baseline -0.002 -7"><span class='ocrx_word' id='word_1_482' title='bbox 1091 1201 1290 1244; x_wconf 90' lang='lat' dir='ltr'><strong>sederunt,</strong></span> <span class='ocrx_word' id='word_1_483' title='bbox 1310 1202 1350 1237; x_wconf 92' lang='lat' dir='ltr'><strong>et</strong></span> <span class='ocrx_word' id='word_1_484' title='bbox 1370 1200 1484 1237; x_wconf 91' lang='lat' dir='ltr'><strong>modo</strong></span> <span class='ocrx_word' id='word_1_485' title='bbox 1504 1199 1613 1237; x_wconf 91' lang='lat' dir='ltr'><strong>sedet</strong></span> <span class='ocrx_word' id='word_1_486' title='bbox 1633 1211 1681 1237; x_wconf 89' lang='lat' dir='ltr'><strong>ss.</strong></span> <span class='ocrx_word' id='word_1_487' title='bbox 1703 1197 1886 1236; x_wconf 80' lang='lat' dir='ltr'><strong>Pontifex</strong></span> <span class='ocrx_word' id='word_1_488' title='bbox 1906 1200 2037 1235; x_wconf 88' lang='lat' dir='ltr'><strong>noster</strong></span> 
     </span>
     <span class='ocr_line' id='line_1_81' title="bbox 1092 1251 2041 1292; baseline -0.004 0"><span class='ocrx_word' id='word_1_489' title='bbox 1092 1255 1170 1292; x_wconf 91' lang='lat' dir='ltr'><strong>Leo</strong></span> <span class='ocrx_word' id='word_1_490' title='bbox 1189 1254 1301 1292; x_wconf 89' lang='lat' dir='ltr'><strong>XIII.</strong></span> <span class='ocrx_word' id='word_1_491' title='bbox 1323 1253 1407 1291; x_wconf 88' lang='lat' dir='ltr'><strong>Iam</strong></span> <span class='ocrx_word' id='word_1_492' title='bbox 1426 1253 1514 1291; x_wconf 91' lang='lat' dir='ltr'><strong>inde</strong></span> <span class='ocrx_word' id='word_1_493' title='bbox 1534 1265 1557 1290; x_wconf 88' lang='lat' dir='ltr'><strong>a</strong></span> <span class='ocrx_word' id='word_1_494' title='bbox 1576 1252 1740 1290; x_wconf 89' lang='lat' dir='ltr'><strong>fundata</strong></span> <span class='ocrx_word' id='word_1_495' title='bbox 1760 1252 1911 1290; x_wconf 89' lang='lat' dir='ltr'><strong>Romae</strong></span> <span class='ocrx_word' id='word_1_496' title='bbox 1930 1263 1953 1289; x_wconf 91' lang='lat' dir='ltr'><strong>a</strong></span> <span class='ocrx_word' id='word_1_497' title='bbox 1968 1251 2041 1288; x_wconf 89' lang='lat' dir='ltr'><strong>Pe-</strong></span> 
     </span>
     <span class='ocr_line' id='line_1_82' title="bbox 1091 1305 2038 1354; baseline -0.003 -10"><span class='ocrx_word' id='word_1_498' title='bbox 1091 1311 1152 1345; x_wconf 90' lang='lat' dir='ltr'><strong>tro</strong></span> <span class='ocrx_word' id='word_1_499' title='bbox 1173 1307 1360 1344; x_wconf 85' lang='lat' dir='ltr'><strong>cathedra</strong></span> <span class='ocrx_word' id='word_1_500' title='bbox 1379 1306 1537 1344; x_wconf 87' lang='lat' dir='ltr'><strong>saecula</strong></span> <span class='ocrx_word' id='word_1_501' title='bbox 1556 1305 1770 1343; x_wconf 89' lang='lat' dir='ltr'><strong>octodecim</strong></span> <span class='ocrx_word' id='word_1_502' title='bbox 1787 1305 1918 1354; x_wconf 90' lang='lat' dir='ltr'><strong>elapsa</strong></span> <span class='ocrx_word' id='word_1_503' title='bbox 1933 1307 2038 1351; x_wconf 89' lang='lat' dir='ltr'><strong>sunt,</strong></span> 
     </span>
     <span class='ocr_line' id='line_1_83' title="bbox 1092 1359 2038 1410; baseline -0.004 -12"><span class='ocrx_word' id='word_1_504' title='bbox 1092 1360 1364 1410; x_wconf 84' lang='lat' dir='ltr'><strong>generationes</strong></span> <span class='ocrx_word' id='word_1_505' title='bbox 1402 1359 1716 1410; x_wconf 84' lang='lat' dir='ltr'><strong>generationibus</strong></span> <span class='ocrx_word' id='word_1_506' title='bbox 1753 1359 2038 1404; x_wconf 89' lang='lat' dir='ltr'><strong>successerunt,</strong></span> 
     </span>
     <span class='ocr_line' id='line_1_84' title="bbox 1093 1412 2035 1463; baseline -0.003 -12"><span class='ocrx_word' id='word_1_507' title='bbox 1093 1415 1360 1452; x_wconf 87' lang='lat' dir='ltr'><strong>Romanorum</strong></span> <span class='ocrx_word' id='word_1_508' title='bbox 1381 1413 1591 1463; x_wconf 89' lang='lat' dir='ltr'><strong>imperium</strong></span> <span class='ocrx_word' id='word_1_509' title='bbox 1618 1412 1784 1459; x_wconf 89' lang='lat' dir='ltr'><strong>corruit,</strong></span> <span class='ocrx_word' id='word_1_510' title='bbox 1804 1423 1928 1461; x_wconf 87' lang='lat' dir='ltr'><strong>regna</strong></span> <span class='ocrx_word' id='word_1_511' title='bbox 1948 1423 2035 1448; x_wconf 91' lang='lat' dir='ltr'><strong>cum</strong></span> 
     </span>
     <span class='ocr_line' id='line_1_85' title="bbox 1094 1465 2037 1516; baseline -0.004 -11"><span class='ocrx_word' id='word_1_512' title='bbox 1094 1467 1412 1516; x_wconf 89' lang='lat' dir='ltr'><strong>humaniingenii</strong></span> <span class='ocrx_word' id='word_1_513' title='bbox 1427 1466 1740 1504; x_wconf 82' lang='lat' dir='ltr'><strong>institutionibus</strong></span> <span class='ocrx_word' id='word_1_514' title='bbox 1756 1477 1898 1515; x_wconf 90' lang='lat' dir='ltr'><strong>susque</strong></span> <span class='ocrx_word' id='word_1_515' title='bbox 1913 1465 2037 1513; x_wconf 88' lang='lat' dir='ltr'><strong>deque</strong></span> 
     </span>
     <span class='ocr_line' id='line_1_86' title="bbox 1093 1518 2043 1567; baseline -0.003 -9"><span class='ocrx_word' id='word_1_516' title='bbox 1093 1521 1275 1559; x_wconf 90' lang='lat' dir='ltr'><strong>revoluta</strong></span> <span class='ocrx_word' id='word_1_517' title='bbox 1304 1523 1343 1558; x_wconf 90' lang='lat' dir='ltr'><strong>et</strong></span> <span class='ocrx_word' id='word_1_518' title='bbox 1371 1520 1579 1558; x_wconf 86' lang='lat' dir='ltr'><strong>immutata</strong></span> <span class='ocrx_word' id='word_1_519' title='bbox 1599 1521 1711 1567; x_wconf 83' lang='lat' dir='ltr'><strong>sunt3</strong></span> <span class='ocrx_word' id='word_1_520' title='bbox 1732 1518 1843 1557; x_wconf 90' lang='lat' dir='ltr'><strong>Petri</strong></span> <span class='ocrx_word' id='word_1_521' title='bbox 1861 1530 1955 1556; x_wconf 88' lang='lat' dir='ltr'><strong>vero</strong></span> <span class='ocrx_word' id='word_1_522' title='bbox 1976 1529 2043 1555; x_wconf 90' lang='lat' dir='ltr'><strong>ca-</strong></span> 
     </span>
     <span class='ocr_line' id='line_1_87' title="bbox 1093 1572 2044 1624; baseline -0.003 -12"><span class='ocrx_word' id='word_1_523' title='bbox 1093 1575 1232 1613; x_wconf 86' lang='lat' dir='ltr'><strong>thedra</strong></span> <span class='ocrx_word' id='word_1_524' title='bbox 1253 1575 1339 1623; x_wconf 92' lang='lat' dir='ltr'><strong>post</strong></span> <span class='ocrx_word' id='word_1_525' title='bbox 1354 1574 1665 1624; x_wconf 88' lang='lat' dir='ltr'><strong>persecutionum</strong></span> <span class='ocrx_word' id='word_1_526' title='bbox 1682 1574 1944 1622; x_wconf 88' lang='lat' dir='ltr'><strong>tempestates,</strong></span> <span class='ocrx_word' id='word_1_527' title='bbox 1956 1572 2044 1620; x_wconf 89' lang='lat' dir='ltr'><strong>post</strong></span> 
     </span>
     <span class='ocr_line' id='line_1_88' title="bbox 1094 1624 2041 1675; baseline -0.005 -9"><span class='ocrx_word' id='word_1_528' title='bbox 1094 1629 1351 1666; x_wconf 87' lang='lat' dir='ltr'><strong>barbarorum</strong></span> <span class='ocrx_word' id='word_1_529' title='bbox 1370 1628 1621 1673; x_wconf 89' lang='lat' dir='ltr'><strong>incursiones,</strong></span> <span class='ocrx_word' id='word_1_530' title='bbox 1641 1628 1728 1675; x_wconf 88' lang='lat' dir='ltr'><strong>post</strong></span> <span class='ocrx_word' id='word_1_531' title='bbox 1747 1636 1961 1674; x_wconf 88' lang='lat' dir='ltr'><strong>regnorum</strong></span> <span class='ocrx_word' id='word_1_532' title='bbox 1982 1624 2041 1662; x_wconf 91' lang='lat' dir='ltr'><strong>vi-</strong></span> 
     </span>
     <span class='ocr_line' id='line_1_89' title="bbox 1093 1678 2038 1730; baseline -0.003 -11"><span class='ocrx_word' id='word_1_533' title='bbox 1093 1681 1337 1719; x_wconf 89' lang='lat' dir='ltr'><strong>cissitudines</strong></span> <span class='ocrx_word' id='word_1_534' title='bbox 1374 1680 1692 1730; x_wconf 86' lang='lat' dir='ltr'><strong>inexpugnabilis</strong></span> <span class='ocrx_word' id='word_1_535' title='bbox 1729 1679 1851 1717; x_wconf 87' lang='lat' dir='ltr'><strong>stetit.</strong></span> <span class='ocrx_word' id='word_1_536' title='bbox 1890 1678 2038 1727; x_wconf 89' lang='lat' dir='ltr'><strong>Utique</strong></span> 
     </span>
     <span class='ocr_line' id='line_1_90' title="bbox 1095 1732 1686 1783; baseline 0 -11"><span class='ocrx_word' id='word_1_537' title='bbox 1095 1746 1246 1772; x_wconf 76' lang='lat' dir='ltr'><strong>manus</strong></span> <span class='ocrx_word' id='word_1_538' title='bbox 1265 1735 1435 1772; x_wconf 76' lang='lat' dir='ltr'><strong>Domini</strong></span> <span class='ocrx_word' id='word_1_539' title='bbox 1450 1736 1547 1783; x_wconf 78' lang='lat' dir='ltr'><strong>fecit</strong></span> <span class='ocrx_word' id='word_1_540' title='bbox 1569 1735 1641 1771; x_wconf 78' lang='lat' dir='ltr'><strong>hoc</strong></span> <span class='ocrx_word' id='word_1_541' title='bbox 1658 1732 1686 1772; x_wconf 81' lang='lat'><strong>³.</strong></span> 
     </span>
    </p>

    <p class='ocr_par' dir='ltr' id='par_1_14' title="bbox 1092 1784 2045 2690">
     <span class='ocr_line' id='line_1_91' title="bbox 1148 1784 2044 1836; baseline -0.003 -11"><span class='ocrx_word' id='word_1_542' title='bbox 1148 1789 1270 1825; x_wconf 89' lang='lat' dir='ltr'><strong>Porro</strong></span> <span class='ocrx_word' id='word_1_543' title='bbox 1291 1800 1311 1825; x_wconf 93' lang='lat' dir='ltr'><strong>e</strong></span> <span class='ocrx_word' id='word_1_544' title='bbox 1329 1788 1506 1825; x_wconf 84' lang='lat' dir='ltr'><strong>Romano</strong></span> <span class='ocrx_word' id='word_1_545' title='bbox 1518 1787 1629 1825; x_wconf 90' lang='lat' dir='ltr'><strong>Petri</strong></span> <span class='ocrx_word' id='word_1_546' title='bbox 1646 1785 1872 1836; x_wconf 88' lang='lat' dir='ltr'><strong>pontificatu</strong></span> <span class='ocrx_word' id='word_1_547' title='bbox 1895 1784 2044 1823; x_wconf 85' lang='lat' dir='ltr'><strong>factum</strong></span> 
     </span>
     <span class='ocr_line' id='line_1_92' title="bbox 1095 1839 2042 1889; baseline -0.004 -10"><span class='ocrx_word' id='word_1_548' title='bbox 1095 1844 1166 1887; x_wconf 90' lang='lat' dir='ltr'><strong>est,</strong></span> <span class='ocrx_word' id='word_1_549' title='bbox 1184 1843 1227 1878; x_wconf 90' lang='lat' dir='ltr'><strong>ut</strong></span> <span class='ocrx_word' id='word_1_550' title='bbox 1246 1841 1415 1878; x_wconf 85' lang='lat' dir='ltr'><strong>Romani</strong></span> <span class='ocrx_word' id='word_1_551' title='bbox 1436 1840 1637 1889; x_wconf 87' lang='lat' dir='ltr'><strong>pontifices</strong></span> <span class='ocrx_word' id='word_1_552' title='bbox 1650 1870 1659 1887; x_wconf 94' lang='lat'><strong>,</strong></span> <span class='ocrx_word' id='word_1_553' title='bbox 1678 1839 1794 1888; x_wconf 89' lang='lat' dir='ltr'><strong>hique</strong></span> <span class='ocrx_word' id='word_1_554' title='bbox 1813 1839 1885 1876; x_wconf 90' lang='lat' dir='ltr'><strong>soli</strong></span> <span class='ocrx_word' id='word_1_555' title='bbox 1908 1841 2042 1887; x_wconf 89' lang='lat' dir='ltr'><strong>utpote</strong></span> 
     </span>
     <span class='ocr_line' id='line_1_93' title="bbox 1095 1891 2041 1943; baseline -0.004 -11"><span class='ocrx_word' id='word_1_556' title='bbox 1095 1895 1205 1932; x_wconf 88' lang='lat' dir='ltr'><strong>Petri</strong></span> <span class='ocrx_word' id='word_1_557' title='bbox 1225 1906 1488 1940; x_wconf 87' lang='lat' dir='ltr'><strong>successores,</strong></span> <span class='ocrx_word' id='word_1_558' title='bbox 1509 1893 1720 1943; x_wconf 88' lang='lat' dir='ltr'><strong>primatum</strong></span> <span class='ocrx_word' id='word_1_559' title='bbox 1742 1892 1898 1930; x_wconf 89' lang='lat' dir='ltr'><strong>honoris</strong></span> <span class='ocrx_word' id='word_1_560' title='bbox 1918 1895 1957 1929; x_wconf 92' lang='lat' dir='ltr'><strong>et</strong></span> <span class='ocrx_word' id='word_1_561' title='bbox 1976 1891 2041 1929; x_wconf 92' lang='lat' dir='ltr'><strong>iu-</strong></span> 
     </span>
     <span class='ocr_line' id='line_1_94' title="bbox 1094 1946 2041 1994; baseline -0.003 -9"><span class='ocrx_word' id='word_1_562' title='bbox 1094 1947 1339 1993; x_wconf 91' lang='lat' dir='ltr'><strong>risdictionis,</strong></span> <span class='ocrx_word' id='word_1_563' title='bbox 1356 1960 1379 1985; x_wconf 92' lang='lat' dir='ltr'><strong>a</strong></span> <span class='ocrx_word' id='word_1_564' title='bbox 1394 1947 1547 1985; x_wconf 87' lang='lat' dir='ltr'><strong>Christo</strong></span> <span class='ocrx_word' id='word_1_565' title='bbox 1568 1948 1688 1985; x_wconf 87' lang='lat' dir='ltr'><strong>Petro</strong></span> <span class='ocrx_word' id='word_1_566' title='bbox 1708 1946 1867 1994; x_wconf 89' lang='lat' dir='ltr'><strong>eiusque</strong></span> <span class='ocrx_word' id='word_1_567' title='bbox 1887 1957 2041 1983; x_wconf 88' lang='lat' dir='ltr'><strong>succes-</strong></span> 
     </span>
     <span class='ocr_line' id='line_1_95' title="bbox 1092 1998 2041 2048; baseline -0.003 -10"><span class='ocrx_word' id='word_1_568' title='bbox 1092 2001 1244 2039; x_wconf 90' lang='lat' dir='ltr'><strong>soribus</strong></span> <span class='ocrx_word' id='word_1_569' title='bbox 1272 2001 1480 2048; x_wconf 87' lang='lat' dir='ltr'><strong>collatum,</strong></span> <span class='ocrx_word' id='word_1_570' title='bbox 1500 2001 1540 2038; x_wconf 92' lang='lat' dir='ltr'><strong>in</strong></span> <span class='ocrx_word' id='word_1_571' title='bbox 1571 2001 1798 2038; x_wconf 90' lang='lat' dir='ltr'><strong>universam</strong></span> <span class='ocrx_word' id='word_1_572' title='bbox 1821 1998 2041 2037; x_wconf 86' lang='lat' dir='ltr'><strong>Ecclesiam</strong></span> 
     </span>
     <span class='ocr_line' id='line_1_96' title="bbox 1093 2053 2041 2103; baseline -0.002 -11"><span class='ocrx_word' id='word_1_573' title='bbox 1093 2055 1293 2092; x_wconf 88' lang='lat' dir='ltr'><strong>haberent.</strong></span> <span class='ocrx_word' id='word_1_574' title='bbox 1306 2054 1496 2103; x_wconf 89' lang='lat' dir='ltr'><strong>Equidem</strong></span> <span class='ocrx_word' id='word_1_575' title='bbox 1516 2053 1670 2092; x_wconf 89' lang='lat' dir='ltr'><strong>saeculo</strong></span> <span class='ocrx_word' id='word_1_576' title='bbox 1686 2053 1784 2092; x_wconf 89' lang='lat' dir='ltr'><strong>XVI</strong></span> <span class='ocrx_word' id='word_1_577' title='bbox 1801 2053 1957 2101; x_wconf 87' lang='lat' dir='ltr'><strong>quidam</strong></span> <span class='ocrx_word' id='word_1_578' title='bbox 1975 2064 2041 2090; x_wconf 94' lang='lat' dir='ltr'><strong>no-</strong></span> 
     </span>
     <span class='ocr_line' id='line_1_97' title="bbox 1094 2107 2040 2154; baseline -0.003 -9"><span class='ocrx_word' id='word_1_579' title='bbox 1094 2109 1249 2146; x_wconf 90' lang='lat' dir='ltr'><strong>vatores</strong></span> <span class='ocrx_word' id='word_1_580' title='bbox 1261 2119 1435 2146; x_wconf 87' lang='lat' dir='ltr'><strong>asserere</strong></span> <span class='ocrx_word' id='word_1_581' title='bbox 1450 2108 1532 2146; x_wconf 89' lang='lat' dir='ltr'><strong>ausi</strong></span> <span class='ocrx_word' id='word_1_582' title='bbox 1548 2109 1651 2153; x_wconf 90' lang='lat' dir='ltr'><strong>sunt,</strong></span> <span class='ocrx_word' id='word_1_583' title='bbox 1663 2107 1827 2144; x_wconf 89' lang='lat' dir='ltr'><strong>Petrum</strong></span> <span class='ocrx_word' id='word_1_584' title='bbox 1842 2117 2040 2154; x_wconf 88' lang='lat' dir='ltr'><strong>nunquam</strong></span> 
     </span>
     <span class='ocr_line' id='line_1_98' title="bbox 1095 2160 2043 2207; baseline -0.004 -8"><span class='ocrx_word' id='word_1_585' title='bbox 1095 2163 1262 2199; x_wconf 86' lang='lat' dir='ltr'><strong>Romam</strong></span> <span class='ocrx_word' id='word_1_586' title='bbox 1279 2161 1443 2207; x_wconf 89' lang='lat' dir='ltr'><strong>venisse,</strong></span> <span class='ocrx_word' id='word_1_587' title='bbox 1455 2161 1595 2199; x_wconf 90' lang='lat' dir='ltr'><strong>saltem</strong></span> <span class='ocrx_word' id='word_1_588' title='bbox 1611 2173 1687 2198; x_wconf 90' lang='lat' dir='ltr'><strong>non</strong></span> <span class='ocrx_word' id='word_1_589' title='bbox 1703 2160 1824 2197; x_wconf 88' lang='lat' dir='ltr'><strong>fuisse</strong></span> <span class='ocrx_word' id='word_1_590' title='bbox 1840 2160 1957 2196; x_wconf 91' lang='lat' dir='ltr'><strong>huius</strong></span> <span class='ocrx_word' id='word_1_591' title='bbox 1976 2170 2043 2195; x_wconf 90' lang='lat' dir='ltr'><strong>ur-</strong></span> 
     </span>
     <span class='ocr_line' id='line_1_99' title="bbox 1094 2213 2040 2264; baseline -0.003 -12"><span class='ocrx_word' id='word_1_592' title='bbox 1094 2215 1152 2253; x_wconf 89' lang='lat' dir='ltr'><strong>bis</strong></span> <span class='ocrx_word' id='word_1_593' title='bbox 1172 2215 1392 2264; x_wconf 89' lang='lat' dir='ltr'><strong>episcopum</strong></span> <span class='ocrx_word' id='word_1_594' title='bbox 1409 2213 1436 2252; x_wconf 76' lang='lat'><strong>⁴.</strong></span> <span class='ocrx_word' id='word_1_595' title='bbox 1475 2215 1626 2253; x_wconf 88' lang='lat' dir='ltr'><strong>Verum</strong></span> <span class='ocrx_word' id='word_1_596' title='bbox 1646 2226 1675 2252; x_wconf 92' lang='lat' dir='ltr'><strong>s.</strong></span> <span class='ocrx_word' id='word_1_597' title='bbox 1697 2214 1861 2251; x_wconf 89' lang='lat' dir='ltr'><strong>Petrum</strong></span> <span class='ocrx_word' id='word_1_598' title='bbox 1873 2214 2040 2250; x_wconf 89' lang='lat' dir='ltr'><strong>Romam</strong></span> 
     </span>
     <span class='ocr_line' id='line_1_100' title="bbox 1096 2265 2045 2316; baseline -0.004 -10"><span class='ocrx_word' id='word_1_599' title='bbox 1096 2268 1260 2314; x_wconf 91' lang='lat' dir='ltr'><strong>venisse,</strong></span> <span class='ocrx_word' id='word_1_600' title='bbox 1276 2268 1467 2316; x_wconf 88' lang='lat' dir='ltr'><strong>huiusque</strong></span> <span class='ocrx_word' id='word_1_601' title='bbox 1483 2267 1681 2306; x_wconf 88' lang='lat' dir='ltr'><strong>Ecclesiae</strong></span> <span class='ocrx_word' id='word_1_602' title='bbox 1703 2267 1970 2316; x_wconf 86' lang='lat' dir='ltr'><strong>episcopatum</strong></span> <span class='ocrx_word' id='word_1_603' title='bbox 1986 2265 2045 2302; x_wconf 89' lang='lat' dir='ltr'><strong>in·</strong></span> 
     </span>
     <span class='ocr_line' id='line_1_101' title="bbox 1096 2319 2038 2370; baseline -0.005 -10"><span class='ocrx_word' id='word_1_604' title='bbox 1096 2322 1269 2360; x_wconf 89' lang='lat' dir='ltr'><strong>stituisse</strong></span> <span class='ocrx_word' id='word_1_605' title='bbox 1298 2324 1338 2359; x_wconf 91' lang='lat' dir='ltr'><strong>et</strong></span> <span class='ocrx_word' id='word_1_606' title='bbox 1366 2321 1531 2370; x_wconf 84' lang='lat' dir='ltr'><strong>gessisse</strong></span> <span class='ocrx_word' id='word_1_607' title='bbox 1561 2333 1682 2370; x_wconf 88' lang='lat' dir='ltr'><strong>usque</strong></span> <span class='ocrx_word' id='word_1_608' title='bbox 1712 2321 1760 2358; x_wconf 93' lang='lat' dir='ltr'><strong>ad</strong></span> <span class='ocrx_word' id='word_1_609' title='bbox 1788 2319 2038 2368; x_wconf 83' lang='lat' dir='ltr'><strong>martyrium,</strong></span> 
     </span>
     <span class='ocr_line' id='line_1_102' title="bbox 1096 2372 2037 2424; baseline -0.004 -11"><span class='ocrx_word' id='word_1_610' title='bbox 1096 2376 1197 2424; x_wconf 86' lang='lat' dir='ltr'><strong>quod</strong></span> <span class='ocrx_word' id='word_1_611' title='bbox 1217 2375 1268 2412; x_wconf 92' lang='lat' dir='ltr'><strong>ibi</strong></span> <span class='ocrx_word' id='word_1_612' title='bbox 1298 2374 1433 2421; x_wconf 89' lang='lat' dir='ltr'><strong>subiit,</strong></span> <span class='ocrx_word' id='word_1_613' title='bbox 1453 2375 1510 2413; x_wconf 92' lang='lat' dir='ltr'><strong>ita</strong></span> <span class='ocrx_word' id='word_1_614' title='bbox 1529 2376 1773 2423; x_wconf 89' lang='lat' dir='ltr'><strong>compertum</strong></span> <span class='ocrx_word' id='word_1_615' title='bbox 1794 2376 1834 2411; x_wconf 87' lang='lat' dir='ltr'><strong>et</strong></span> <span class='ocrx_word' id='word_1_616' title='bbox 1854 2372 2037 2421; x_wconf 84' lang='lat' dir='ltr'><strong>explora-</strong></span> 
     </span>
     <span class='ocr_line' id='line_1_103' title="bbox 1095 2426 2039 2475; baseline -0.004 -9"><span class='ocrx_word' id='word_1_617' title='bbox 1095 2432 1178 2467; x_wconf 90' lang='lat' dir='ltr'><strong>tum</strong></span> <span class='ocrx_word' id='word_1_618' title='bbox 1198 2432 1277 2475; x_wconf 86' lang='lat' dir='ltr'><strong>est,</strong></span> <span class='ocrx_word' id='word_1_619' title='bbox 1298 2430 1340 2466; x_wconf 88' lang='lat' dir='ltr'><strong>ut</strong></span> <span class='ocrx_word' id='word_1_620' title='bbox 1368 2428 1464 2465; x_wconf 90' lang='lat' dir='ltr'><strong>nihil</strong></span> <span class='ocrx_word' id='word_1_621' title='bbox 1493 2427 1678 2466; x_wconf 89' lang='lat' dir='ltr'><strong>testatius</strong></span> <span class='ocrx_word' id='word_1_622' title='bbox 1707 2428 1746 2464; x_wconf 91' lang='lat' dir='ltr'><strong>in</strong></span> <span class='ocrx_word' id='word_1_623' title='bbox 1769 2427 1847 2464; x_wconf 92' lang='lat' dir='ltr'><strong>ulla</strong></span> <span class='ocrx_word' id='word_1_624' title='bbox 1867 2426 1949 2463; x_wconf 89' lang='lat' dir='ltr'><strong>sive</strong></span> <span class='ocrx_word' id='word_1_625' title='bbox 1970 2437 2039 2462; x_wconf 93' lang='lat' dir='ltr'><strong>ro-</strong></span> 
     </span>
     <span class='ocr_line' id='line_1_104' title="bbox 1096 2479 2039 2530; baseline -0.004 -10"><span class='ocrx_word' id='word_1_626' title='bbox 1096 2494 1211 2520; x_wconf 87' lang='lat' dir='ltr'><strong>mana</strong></span> <span class='ocrx_word' id='word_1_627' title='bbox 1230 2482 1312 2519; x_wconf 88' lang='lat' dir='ltr'><strong>sive</strong></span> <span class='ocrx_word' id='word_1_628' title='bbox 1332 2493 1474 2530; x_wconf 85' lang='lat' dir='ltr'><strong>graeca</strong></span> <span class='ocrx_word' id='word_1_629' title='bbox 1503 2481 1664 2520; x_wconf 89' lang='lat' dir='ltr'><strong>historia</strong></span> <span class='ocrx_word' id='word_1_630' title='bbox 1684 2480 1915 2530; x_wconf 90' lang='lat' dir='ltr'><strong>reperiatur.</strong></span> <span class='ocrx_word' id='word_1_631' title='bbox 1938 2479 2039 2516; x_wconf 91' lang='lat' dir='ltr'><strong>Con-</strong></span> 
     </span>
     <span class='ocr_line' id='line_1_105' title="bbox 1095 2531 2044 2584; baseline -0.005 -11"><span class='ocrx_word' id='word_1_632' title='bbox 1095 2536 1278 2573; x_wconf 88' lang='lat' dir='ltr'><strong>firmatur</strong></span> <span class='ocrx_word' id='word_1_633' title='bbox 1306 2535 1343 2572; x_wconf 93' lang='lat' dir='ltr'><strong>id</strong></span> <span class='ocrx_word' id='word_1_634' title='bbox 1373 2547 1422 2572; x_wconf 79' lang='lat' dir='ltr'><strong>ex</strong></span> <span class='ocrx_word' id='word_1_635' title='bbox 1451 2535 1570 2584; x_wconf 89' lang='lat' dir='ltr'><strong>ipsius</strong></span> <span class='ocrx_word' id='word_1_636' title='bbox 1592 2535 1704 2572; x_wconf 88' lang='lat' dir='ltr'><strong>Petri</strong></span> <span class='ocrx_word' id='word_1_637' title='bbox 1726 2535 1741 2570; x_wconf 93' lang='grc' dir='ltr'>Ι</span> <span class='ocrx_word' id='word_1_638' title='bbox 1772 2532 1937 2581; x_wconf 89' lang='lat' dir='ltr'><strong>epistola</strong></span> <span class='ocrx_word' id='word_1_639' title='bbox 1956 2531 1983 2578; x_wconf 85' lang='lat'><strong>⁵,</strong></span> <span class='ocrx_word' id='word_1_640' title='bbox 2003 2534 2044 2568; x_wconf 91' lang='lat' dir='ltr'><strong>et</strong></span> 
     </span>
     <span class='ocr_line' id='line_1_106' title="bbox 1097 2586 2044 2638; baseline -0.006 -11"><span class='ocrx_word' id='word_1_641' title='bbox 1097 2588 1316 2627; x_wconf 88' lang='lat' dir='ltr'><strong>testimonio</strong></span> <span class='ocrx_word' id='word_1_642' title='bbox 1330 2588 1626 2638; x_wconf 79' lang='lat' dir='ltr'><strong>Patrumprimi</strong></span> <span class='ocrx_word' id='word_1_643' title='bbox 1644 2590 1683 2625; x_wconf 91' lang='lat' dir='ltr'><strong>et</strong></span> <span class='ocrx_word' id='word_1_644' title='bbox 1699 2586 1942 2636; x_wconf 85' lang='lat' dir='ltr'><strong>sequentium</strong></span> <span class='ocrx_word' id='word_1_645' title='bbox 1958 2597 2044 2622; x_wconf 88' lang='lat' dir='ltr'><strong>sae-</strong></span> 
     </span>
     <span class='ocr_line' id='line_1_107' title="bbox 1098 2637 2044 2690; baseline -0.005 -10"><span class='ocrx_word' id='word_1_646' title='bbox 1098 2642 1300 2690; x_wconf 87' lang='lat' dir='ltr'><strong>culorum,</strong></span> <span class='ocrx_word' id='word_1_647' title='bbox 1321 2655 1369 2680; x_wconf 89' lang='lat' dir='ltr'><strong>ex</strong></span> <span class='ocrx_word' id='word_1_648' title='bbox 1392 2642 1572 2680; x_wconf 89' lang='lat' dir='ltr'><strong>omnibus</strong></span> <span class='ocrx_word' id='word_1_649' title='bbox 1591 2643 1858 2680; x_wconf 86' lang='lat' dir='ltr'><strong>Romanorum</strong></span> <span class='ocrx_word' id='word_1_650' title='bbox 1880 2637 2044 2676; x_wconf 86' lang='lat' dir='ltr'><strong>Pontifi-</strong></span> 
     </span>
    </p>
   </div>
   <div class='ocr_carea' id='block_1_6' title="bbox 1093 2777 2043 3238">
    <p class='ocr_par' dir='ltr' id='par_1_15' title="bbox 1139 2777 1867 2821">
     <span class='ocr_line' id='line_1_108' title="bbox 1139 2777 1867 2821; baseline -0.01 -6"><span class='ocrx_word' id='word_1_651' title='bbox 1139 2784 1149 2805; x_wconf 83' lang='lat'><em>1</em></span> <span class='ocrx_word' id='word_1_652' title='bbox 1167 2784 1278 2815; x_wconf 82' lang='lat' dir='ltr'><strong>Serm.</strong></span> <span class='ocrx_word' id='word_1_653' title='bbox 1296 2784 1306 2814; x_wconf 93' lang='lat' dir='ltr'><strong>l</strong></span> <span class='ocrx_word' id='word_1_654' title='bbox 1324 2783 1365 2814; x_wconf 83' lang='lat' dir='ltr'><strong>de</strong></span> <span class='ocrx_word' id='word_1_655' title='bbox 1380 2793 1423 2816; x_wconf 70' lang='lat' dir='ltr'><strong>ss.</strong></span> <span class='ocrx_word' id='word_1_656' title='bbox 1442 2783 1556 2821; x_wconf 78' lang='lat' dir='ltr'><strong>Apost.</strong></span> <span class='ocrx_word' id='word_1_657' title='bbox 1571 2778 1679 2809; x_wconf 73' lang='lat' dir='ltr'><strong>Petro</strong></span> <span class='ocrx_word' id='word_1_658' title='bbox 1694 2783 1728 2809; x_wconf 80' lang='lat' dir='ltr'><strong>et</strong></span> <span class='ocrx_word' id='word_1_659' title='bbox 1742 2777 1867 2809; x_wconf 79' lang='lat' dir='ltr'><strong>Paulo.</strong></span> 
     </span>
    </p>

    <p class='ocr_par' dir='ltr' id='par_1_16' title="bbox 1137 2824 1241 2856">
     <span class='ocr_line' id='line_1_109' title="bbox 1137 2824 1241 2856; baseline -0.01 0"><span class='ocrx_word' id='word_1_660' title='bbox 1137 2824 1151 2846; x_wconf 75' lang='lat'><strong>2</strong></span> <span class='ocrx_word' id='word_1_661' title='bbox 1168 2825 1241 2856; x_wconf 87' lang='lat' dir='ltr'><strong>Ihid.</strong></span> 
     </span>
    </p>

    <p class='ocr_par' dir='ltr' id='par_1_17' title="bbox 1137 2864 1418 2904">
     <span class='ocr_line' id='line_1_110' title="bbox 1137 2864 1418 2904; baseline -0.007 -6"><span class='ocrx_word' id='word_1_662' title='bbox 1137 2867 1151 2888; x_wconf 81' lang='grc'>3</span> <span class='ocrx_word' id='word_1_663' title='bbox 1168 2867 1266 2898; x_wconf 76' lang='lat' dir='ltr'><strong>lsaias</strong></span> <span class='ocrx_word' id='word_1_664' title='bbox 1284 2864 1418 2904; x_wconf 72' lang='lat' dir='ltr'><strong>XL1,20.</strong></span> 
     </span>
    </p>

    <p class='ocr_par' dir='ltr' id='par_1_18' title="bbox 1093 2901 2043 3238">
     <span class='ocr_line' id='line_1_111' title="bbox 1137 2901 2042 2943; baseline -0.009 -4"><span class='ocrx_word' id='word_1_665' title='bbox 1137 2908 1150 2930; x_wconf 83' lang='lat'>4</span> <span class='ocrx_word' id='word_1_666' title='bbox 1168 2909 1286 2939; x_wconf 85' lang='lat' dir='ltr'><strong>Primus</strong></span> <span class='ocrx_word' id='word_1_667' title='bbox 1301 2907 1526 2943; x_wconf 82' lang='lat' dir='ltr'><strong>omnium,teste</strong></span> <span class='ocrx_word' id='word_1_668' title='bbox 1539 2902 1828 2941; x_wconf 84' lang='lat' dir='ltr'><strong>card.Bellar1nino,</strong></span> <span class='ocrx_word' id='word_1_669' title='bbox 1838 2902 1887 2933; x_wconf 79' lang='lat' dir='ltr'><strong>De</strong></span> <span class='ocrx_word' id='word_1_670' title='bbox 1900 2902 1940 2934; x_wconf 80' lang='lat' dir='ltr'><strong>R.</strong></span> <span class='ocrx_word' id='word_1_671' title='bbox 1951 2901 2042 2932; x_wconf 80' lang='lat' dir='ltr'><strong>Pon-</strong></span> 
     </span>
     <span class='ocr_line' id='line_1_112' title="bbox 1097 2944 2042 2989; baseline -0.008 -8"><span class='ocrx_word' id='word_1_672' title='bbox 1097 2950 1151 2989; x_wconf 78' lang='lat' dir='ltr'><strong>tif.</strong></span> <span class='ocrx_word' id='word_1_673' title='bbox 1175 2951 1193 2980; x_wconf 84' lang='lat' dir='ltr'><strong>l.</strong></span> <span class='ocrx_word' id='word_1_674' title='bbox 1211 2950 1249 2984; x_wconf 87' lang='grc' dir='ltr'><strong>ΙΙ,</strong></span> <span class='ocrx_word' id='word_1_675' title='bbox 1266 2959 1292 2980; x_wconf 90' lang='lat' dir='ltr'><strong>c.</strong></span> <span class='ocrx_word' id='word_1_676' title='bbox 1309 2948 1342 2986; x_wconf 83' lang='lat'><strong>1,</strong></span> <span class='ocrx_word' id='word_1_677' title='bbox 1359 2948 1390 2978; x_wconf 89' lang='lat' dir='ltr'><strong>id</strong></span> <span class='ocrx_word' id='word_1_678' title='bbox 1407 2947 1539 2977; x_wconf 81' lang='lat' dir='ltr'><strong>asseruit</strong></span> <span class='ocrx_word' id='word_1_679' title='bbox 1556 2945 1734 2976; x_wconf 88' lang='lat' dir='ltr'><strong>Guilielmus</strong></span> <span class='ocrx_word' id='word_1_680' title='bbox 1749 2947 1936 2984; x_wconf 80' lang='lat' dir='ltr'><strong>praeceptor</strong></span> <span class='ocrx_word' id='word_1_681' title='bbox 1951 2944 2042 2974; x_wconf 88' lang='lat' dir='ltr'><strong>Ioan-</strong></span> 
     </span>
     <span class='ocr_line' id='line_1_113' title="bbox 1096 2985 2042 3023; baseline -0.01 0"><span class='ocrx_word' id='word_1_682' title='bbox 1096 2993 1142 3023; x_wconf 89' lang='lat' dir='ltr'><strong>nis</strong></span> <span class='ocrx_word' id='word_1_683' title='bbox 1171 2990 1297 3021; x_wconf 80' lang='lat' dir='ltr'><strong>Wicleff.</strong></span> <span class='ocrx_word' id='word_1_684' title='bbox 1320 2991 1392 3020; x_wconf 87' lang='lat' dir='ltr'><strong>Post</strong></span> <span class='ocrx_word' id='word_1_685' title='bbox 1415 2988 1499 3018; x_wconf 87' lang='lat' dir='ltr'><strong>illum</strong></span> <span class='ocrx_word' id='word_1_686' title='bbox 1522 2987 1567 3019; x_wconf 89' lang='lat' dir='ltr'><strong>Ul.</strong></span> <span class='ocrx_word' id='word_1_687' title='bbox 1591 2987 1720 3017; x_wconf 88' lang='lat' dir='ltr'><strong>Velenus</strong></span> <span class='ocrx_word' id='word_1_688' title='bbox 1744 2987 1775 3016; x_wconf 90' lang='lat' dir='ltr'><strong>in</strong></span> <span class='ocrx_word' id='word_1_689' title='bbox 1798 2986 1877 3016; x_wconf 79' lang='lat' dir='ltr'><strong>libro</strong></span> <span class='ocrx_word' id='word_1_690' title='bbox 1902 2985 1938 3016; x_wconf 88' lang='lat' dir='ltr'><strong>de</strong></span> <span class='ocrx_word' id='word_1_691' title='bbox 1956 2994 1992 3015; x_wconf 89' lang='lat' dir='ltr'><strong>ea</strong></span> <span class='ocrx_word' id='word_1_692' title='bbox 2008 2993 2042 3015; x_wconf 88' lang='lat' dir='ltr'><strong>re</strong></span> 
     </span>
     <span class='ocr_line' id='line_1_114' title="bbox 1098 3026 2039 3071; baseline -0.009 -8"><span class='ocrx_word' id='word_1_693' title='bbox 1098 3034 1192 3069; x_wconf 78' lang='lat' dir='ltr'><strong>e&lt;lito;</strong></span> <span class='ocrx_word' id='word_1_694' title='bbox 1212 3032 1362 3071; x_wconf 79' lang='lat' dir='ltr'><strong>IllyricuS,</strong></span> <span class='ocrx_word' id='word_1_695' title='bbox 1378 3029 1508 3061; x_wconf 74' lang='lat' dir='ltr'><strong>Contra</strong></span> <span class='ocrx_word' id='word_1_696' title='bbox 1519 3028 1719 3068; x_wconf 75' lang='lat' dir='ltr'><strong>primatum</strong></span> <span class='ocrx_word' id='word_1_697' title='bbox 1736 3027 1869 3067; x_wconf 77' lang='lat' dir='ltr'><strong>Papae;</strong></span> <span class='ocrx_word' id='word_1_698' title='bbox 1888 3026 2039 3062; x_wconf 78' lang='lat' dir='ltr'><strong>Calvinus,</strong></span> 
     </span>
     <span class='ocr_line' id='line_1_115' title="bbox 1097 3067 2040 3111; baseline -0.007 -7"><span class='ocrx_word' id='word_1_699' title='bbox 1097 3074 1216 3104; x_wconf 76' lang='lat' dir='ltr'><strong>Instit.</strong></span> <span class='ocrx_word' id='word_1_700' title='bbox 1233 3074 1250 3103; x_wconf 95' lang='lat' dir='ltr'><strong>l.</strong></span> <span class='ocrx_word' id='word_1_701' title='bbox 1268 3073 1314 3109; x_wconf 89' lang='lat' dir='ltr'><strong>IV,</strong></span> <span class='ocrx_word' id='word_1_702' title='bbox 1332 3081 1356 3102; x_wconf 88' lang='lat' dir='ltr'><strong>c.</strong></span> <span class='ocrx_word' id='word_1_703' title='bbox 1374 3070 1407 3108; x_wconf 80' lang='lat'><strong>63</strong></span> <span class='ocrx_word' id='word_1_704' title='bbox 1425 3071 1722 3111; x_wconf 83' lang='lat' dir='ltr'><strong>Magdeburgenses‚</strong></span> <span class='ocrx_word' id='word_1_705' title='bbox 1744 3067 1881 3100; x_wconf 75' lang='lat' dir='ltr'><strong>centur.</strong></span> <span class='ocrx_word' id='word_1_706' title='bbox 1896 3068 1921 3105; x_wconf 82' lang='grc' dir='ltr'><strong>Ι,</strong></span> <span class='ocrx_word' id='word_1_707' title='bbox 1937 3067 1988 3098; x_wconf 90' lang='lat' dir='ltr'><strong>lib.</strong></span> <span class='ocrx_word' id='word_1_708' title='bbox 2004 3067 2040 3104; x_wconf 89' lang='lat'><strong>11,</strong></span> 
     </span>
     <span class='ocr_line' id='line_1_116' title="bbox 1098 3108 2043 3153; baseline -0.007 -7"><span class='ocrx_word' id='word_1_709' title='bbox 1098 3125 1123 3146; x_wconf 90' lang='lat' dir='ltr'><strong>c.</strong></span> <span class='ocrx_word' id='word_1_710' title='bbox 1134 3115 1181 3153; x_wconf 89' lang='lat'><strong>10;</strong></span> <span class='ocrx_word' id='word_1_711' title='bbox 1189 3114 1367 3151; x_wconf 88' lang='lat' dir='ltr'><strong>Salmasius,</strong></span> <span class='ocrx_word' id='word_1_712' title='bbox 1380 3113 1546 3152; x_wconf 80' lang='lat' dir='ltr'><strong>Apparat.</strong></span> <span class='ocrx_word' id='word_1_713' title='bbox 1566 3113 1612 3143; x_wconf 87' lang='lat' dir='ltr'><strong>ad</strong></span> <span class='ocrx_word' id='word_1_714' title='bbox 1627 3111 1734 3142; x_wconf 77' lang='lat' dir='ltr'><strong>libros</strong></span> <span class='ocrx_word' id='word_1_715' title='bbox 1746 3111 1786 3141; x_wconf 83' lang='lat' dir='ltr'><strong>de</strong></span> <span class='ocrx_word' id='word_1_716' title='bbox 1796 3109 1962 3150; x_wconf 79' lang='lat' dir='ltr'><strong>primatu</strong></span> <span class='ocrx_word' id='word_1_717' title='bbox 1975 3108 2043 3139; x_wconf 86' lang='lat' dir='ltr'><strong>Pa-</strong></span> 
     </span>
     <span class='ocr_line' id='line_1_117' title="bbox 1093 3149 2043 3196; baseline -0.007 -9"><span class='ocrx_word' id='word_1_718' title='bbox 1093 3167 1176 3196; x_wconf 81' lang='lat' dir='ltr'><strong>pae;</strong></span> <span class='ocrx_word' id='word_1_719' title='bbox 1200 3156 1373 3195; x_wconf 85' lang='lat' dir='ltr'><strong>Spanhem.,</strong></span> <span class='ocrx_word' id='word_1_720' title='bbox 1390 3155 1538 3185; x_wconf 76' lang='lat' dir='ltr'><strong>Dissert.</strong></span> <span class='ocrx_word' id='word_1_721' title='bbox 1555 3155 1596 3185; x_wconf 79' lang='lat' dir='ltr'><strong>de</strong></span> <span class='ocrx_word' id='word_1_722' title='bbox 1611 3155 1694 3195; x_wconf 80' lang='lat' dir='ltr'><strong>ficta</strong></span> <span class='ocrx_word' id='word_1_723' title='bbox 1704 3151 1925 3193; x_wconf 75' lang='lat' dir='ltr'><strong>profectione</strong></span> <span class='ocrx_word' id='word_1_724' title='bbox 1940 3149 2043 3181; x_wconf 80' lang='lat' dir='ltr'><strong>Petri</strong></span> 
     </span>
     <span class='ocr_line' id='line_1_118' title="bbox 1099 3196 1575 3238; baseline -0.004 -8"><span class='ocrx_word' id='word_1_725' title='bbox 1099 3203 1205 3238; x_wconf 76' lang='lat' dir='ltr'><strong>apost.</strong></span> <span class='ocrx_word' id='word_1_726' title='bbox 1223 3197 1263 3228; x_wconf 78' lang='lat' dir='ltr'><strong>in</strong></span> <span class='ocrx_word' id='word_1_727' title='bbox 1277 3196 1399 3228; x_wconf 82' lang='lat' dir='ltr'><strong>urbem</strong></span> <span class='ocrx_word' id='word_1_728' title='bbox 1415 3197 1575 3228; x_wconf 85' lang='lat' dir='ltr'><strong>Romam.</strong></span> 
     </span>
    </p>
   </div>
   <div class='ocr_carea' id='block_1_7' title="bbox 1076 3238 1269 3280">
    <p class='ocr_par' dir='ltr' id='par_1_19' title="bbox 1076 3238 1269 3280">
     <span class='ocr_line' id='line_1_119' title="bbox 1076 3238 1269 3280; baseline 0.005 -10"><span class='ocrx_word' id='word_1_729' title='bbox 1076 3272 1082 3280; x_wconf 66' lang='grc'>,</span> <span class='ocrx_word' id='word_1_730' title='bbox 1139 3238 1269 3279; x_wconf 79' lang='lat' dir='ltr'><strong>⁵v‚13.</strong></span> 
     </span>
    </p>
   </div>
  </div>
 </body>
</html>
