2241 3473
497 122 634 154 VSQVE
656 124 711 152 AD
732 123 948 152 PVssLchM
969 124 1118 152 RERVM
1141 125 1182 153 IN
1205 124 1374 154 GALLllS
1395 124 1720 156 SVBVERSIONEM

129 196 279 233 artibus
311 199 353 232 et
385 195 600 244 disciplinis
638 197 943 242 instituebatur,
975 208 1078 234 nunc

129 250 341 288 commissa
366 250 439 287 suit
465 252 790 300 praeceptoribus
816 251 1078 288 mercenariis

129 308 171 342 et
192 303 392 350 sophistis.
420 305 638 353 Impietatis
663 306 803 353 genius
838 305 967 352 magis
999 316 1078 342 ma·

128 358 267 406 gisque
293 359 620 406 propagabatur,
653 360 867 396 societates
897 363 1077 396 secretae

128 412 507 459 multiplicabantur,
534 413 683 460 scripta
710 413 934 461 irreligiosa
959 412 1080 450 disse-

127 465 392 502 minabantur.
413 467 554 504 Clerus
579 477 646 503 an.
675 467 767 503 1775
794 466 959 502 Parisiis
989 477 1080 503 con-

127 524 244 556 sueta
271 520 434 556 comitia
460 521 690 564 celebrans,
717 520 881 567 supplex
912 520 1079 557 monito-

128 572 232 609 rium
267 573 355 620 regi
382 574 523 610 obtulit
559 578 699 610 contra
733 573 951 620 impietatis
990 585 1079 620 pro-

127 637 290 673 gressus
307 627 470 675 eiusque
491 628 666 664 funestos
684 631 766 663 tum
782 626 974 664 Societati
994 631 1076 663 tum

125 679 326 728 Religioni
352 682 544 726 effectus3
570 680 639 718 sed
664 691 781 728 quum
809 692 880 717 rex
910 680 1077 716 circum-

126 733 242 771 datus
267 740 374 771 esset
391 746 415 771 a
433 734 636 779 ministris,
655 735 767 770 novis
786 733 976 771 doctrinis
995 746 1078 771 ma-

126 787 188 835 gis
214 798 330 835 quam
357 788 555 836 Religioni
582 788 743 832 deditis,
771 788 868 825 cleri
895 788 1076 836 precibus

126 850 306 878 annuere
340 852 419 877 non
446 843 584 890 potuit.
621 842 731 878 Tunc
770 842 900 878 clerus
931 843 1075 879 Instru-

127 895 302 931 ctionem
334 895 441 932 dedit
467 896 711 944 encyclicam
738 895 787 932 ad
819 907 958 932 omnes
983 896 1077 932 fide-

126 948 198 993 les,
225 948 264 984 in
288 959 364 996 qua
390 949 588 986 salutares
613 949 833 996 Religionis
858 949 1011 986 fructus
1037 954 1076 986 et

123 1001 299 1038 funestos
325 1002 541 1049 impietatis
568 1003 735 1040 effectus
761 1003 964 1050 exposuit;
992 1015 1074 1048 eos,

125 1055 190 1102 qui
215 1055 264 1092 ab
291 1057 400 1093 avita
426 1061 466 1093 et
484 1056 615 1092 divina
632 1055 706 1092 hac
731 1057 940 1103 Religione
958 1057 1074 1093 defle-

124 1115 288 1154 xerant,
316 1110 364 1146 ad
392 1110 522 1147 cordis
549 1110 876 1155 conversionem,
902 1111 1000 1147 alios
1026 1111 1074 1147 ad

127 1164 470 1210 perseverantiam
511 1164 693 1201 hortatus
734 1168 808 1200 est.
854 1164 1074 1202 Piaeterea

127 1217 236 1253 varia
255 1217 544 1255 incredulorum
564 1218 714 1266 scripta
732 1218 978 1265 pioscripsit
995 1220 1072 1254 An.

108 1255 219 1308 1780
250 1271 389 1308 Clerus
422 1283 558 1309 rursus
592 1272 631 1308 in
667 1271 839 1308 comitiis
871 1272 919 1308 de
951 1272 1072 1319 impe-

124 1324 276 1366 diendis
301 1325 542 1373 irreligionis
574 1326 850 1375 progiessibus
875 1327 976 1373 egit,
1006 1338 1071 1362 no-

1950 117 2029 157 313

1129 197 1367 244 quercbatur
1393 197 1440 235 de
1469 197 1640 242 licentia,
1659 208 1738 246 qua
1763 209 1956 247 perversa
1978 203 2073 239 scri-

1130 256 1197 299 pta
1224 253 1569 300 propagabantur,
1594 252 1643 289 de
1670 251 1857 301 adempta
1882 254 2075 305 episcopis

1130 305 1354 342 celebrandi
1382 305 1553 353 synodos
1580 305 1763 344 libertate
1781 335 1790 350 ,
1817 306 1864 345 de
1888 320 2072 358 suppres-

1129 360 1238 396 sione
1267 359 1438 407 plurium
1463 360 1769 405 Coenobiorum,
1789 361 1838 398 de
1856 361 2079 402 imminenti

1129 414 1333 462 regiminis
1352 419 1392 450 et
1409 415 1629 461 Religionis
1642 416 1911 455 subversione.
1929 418 2082 456 Verum

1129 468 1308 515 perversi
1348 469 1565 504 consiliarii
1602 471 1939 517 expostulationes
1975 474 2082 511 Cleri

1129 533 1201 558 ceu
1234 532 1359 558 vanos
1397 522 1562 559 timores
1601 522 1801 561 habendos
1839 537 1955 572 esse,
1993 528 2081 576 regi

1128 578 1354 612 suaserunt.

1176 629 1339 665 Interim
1357 639 1435 664 non
1457 628 1666 677 religiosae
1685 635 1851 676 tantum,
1870 634 1940 671 sed
1957 635 2079 673 etiam

1128 681 1252 718 civilis
1278 682 1472 719 libertatis
1497 683 1650 730 genius,
1678 685 1862 723 licentiae
1881 698 1994 725 amor
2012 701 2080 726 no-

1127 735 1242 783 vique
1270 736 1474 783 legiminis
1501 737 1640 784 cupido
1667 738 1845 777 diversas
1875 740 2079 780 hominum

1127 789 1274 826 classes
1311 789 1555 827 invaserant
1594 791 1684 827 Non
1722 793 1847 830 solum
1891 795 2081 843 religiosa

1129 843 1255 891 pietas
1281 842 1320 879 in
1338 843 1550 880 multorum
1569 845 1712 882 animis
1731 847 1991 895 refriguerat,
2010 851 2080 888 sed

1127 898 1247 934 etiam
1274 897 1548 934 hierarchicus
1574 900 1779 946 regiminis
1804 902 1947 948 publici
1965 904 2076 949 ordo,

1126 952 1218 988 unio
1246 955 1286 987 et
1311 951 1474 993 vincula
1499 952 1629 999 magis
1655 954 1857 1002 magisque
1891 956 2077 994 dissolve-

1127 1006 1285 1041 bantur.
1319 1005 1498 1042 Tandem
1529 1007 1732 1053 generalis
1769 1019 1902 1045 rerum
1935 1012 2079 1048 confla-

1125 1059 1270 1106 gratio,
1299 1070 1323 1095 a
1349 1059 1471 1095 multo
1498 1059 1576 1096 iam
1604 1064 1784 1108 tempore
1812 1069 2075 1111 praeparata,

1124 1113 1268 1160 erupit.
1295 1112 1356 1148 Ab
1378 1123 1447 1157 ea,
1468 1124 1568 1161 quae
1595 1114 1791 1151 malorum
1819 1119 1859 1152 et
1876 1118 2079 1156 calamita-

1125 1171 1206 1202 tum
1226 1166 1297 1203 fuit
1324 1168 1585 1211 feracissima,
1614 1179 1757 1205 novam
1784 1171 1987 1218 Epocham
2012 1185 2079 1211 au-

1122 1221 1322 1266 spicamur
1350 1224 1376 1255 1.

1168 1295 1238 1328 ¹De
1254 1296 1492 1337 Sami-Victor,
1518 1297 1663 1330 Tableau
1681 1298 1759 1331 hist.
1779 1299 1818 1332 de
1839 1301 1994 1341 Paris,1.
2021 1302 2075 1342 IV,

1122 1345 1206 1385 part.
1233 1342 1266 1382 23
1296 1343 1338 1375 De
1365 1343 1393 1374 la
1420 1343 1579 1383 metimus,
1609 1344 1798 1386 Resleaeions
1822 1357 1884 1380 sm
1909 1347 2010 1381 letat
2035 1349 2075 1382 de

124 1391 251 1430 vaque
277 1381 425 1419 monita
449 1381 499 1418 ad
533 1393 668 1430 regem
705 1381 838 1427 dedit,
865 1382 906 1418 in
932 1382 1070 1431 quibus
1120 1388 1140 1421 ι’
1160 1389 1270 1430 Eylise
1291 1389 1444 1433 pendant
1467 1390 1498 1423 le
1523 1390 1639 1424 XVIII
1663 1390 1773 1425 siecle.

1019 1529 1175 1536 -—

485 1677 948 1765 HISTORIAE
1006 1678 1720 1768 ECCLESIASTICAE

557 1863 908 1923 EPOGHA
964 1863 1634 1942 DEOEMATERTLA

343 2014 380 2051 A
418 2012 702 2054 PVBLICA
742 2013 967 2054 RERVM
1004 2014 1067 2053 IN
1103 2015 1358 2054 GALLIIS
1394 2013 1855 2055 SVBVERSIONE

511 2089 720 2136 VSQVE
757 2090 840 2129 AD
877 2089 1320 2131 PRAESENTEM
1357 2091 1680 2131 AETATEM

443 2261 742 2288 PROOEMIVM

166 2359 382 2396 Narranda
407 2371 511 2396 nunc
528 2364 589 2396 est
607 2362 808 2408 generalis
827 2375 962 2400 rerum
982 2375 1070 2402 con-

119 2414 319 2461 flagratio,
337 2425 437 2462 quae
455 2426 518 2451 an.
541 2416 631 2452 1789
656 2417 696 2452 in
714 2417 852 2455 Galliis
869 2423 973 2464 orta,
992 2420 1071 2456 vel-

121 2470 289 2517 utvirga
306 2470 452 2507 furoris
470 2470 640 2516 Domini,
656 2477 819 2520 propter
836 2475 1069 2521 populorum

119 2529 161 2562 et
187 2525 409 2573 principum
437 2530 602 2572 peccata
628 2528 816 2571 excitati,
843 2529 1071 2565 universam

119 2579 320 2628 Europam
331 2581 540 2627 percussit..
551 2580 680 2617 Tanta
690 2582 759 2618 sub
770 2582 943 2629 epochae
958 2582 1071 2619 huius

118 2633 231 2670 initia
257 2637 474 2680 tempestas
497 2638 636 2670 contra
653 2635 873 2672 Ecclesiam
892 2640 932 2672 et
949 2637 1073 2674 socie-

118 2690 242 2724 tatem
261 2687 437 2724 excitata
451 2691 526 2730 est,
541 2693 583 2724 ut
600 2690 757 2725 saevior
771 2694 858 2736 post
872 2690 1070 2727 hominum

120 2742 355 2778 memoriam
381 2741 447 2778 vix
471 2745 566 2778 nota
589 2742 652 2778 sit.
681 2743 867 2791 Impietas
893 2744 962 2780 sub
988 2757 1074 2793 spe-

118 2795 225 2832 cioso
264 2795 528 2843 philosophiae
562 2797 720 2833 nomine
755 2808 1071 2844 quaquaversum

118 2849 300 2898 palmites
333 2860 423 2886 suos
449 2849 647 2893 extendit,
674 2849 942 2899 depressoque
969 2852 1071 2889 Reli-

118 2903 247 2951 gionis
263 2904 429 2951 imperio
445 2932 453 2947 ,
467 2903 655 2951 disruptis
671 2905 873 2942 societatis
892 2906 1071 2951 vinculis,

117 2957 260 2994 laxatis
286 2957 472 2994 licentiae
491 2957 668 3001 habenis,
687 2958 803 3004 longe
823 2959 979 3007 lateque
1007 2960 1070 2997 do-

118 3012 269 3047 minata
293 3016 365 3054 est;
388 3023 452 3048 res
472 3011 627 3058 publica
653 3022 769 3047 sacra
786 3016 826 3049 et
844 3013 969 3050 civilis
988 3025 1075 3061 per-

114 3065 380 3102 secutionibus
412 3065 543 3102 saevis
578 3069 786 3101 cruentata
804 3094 812 3110 ‚
840 3066 1072 3105 factionibus

115 3119 188 3155 sibi
214 3120 383 3156 invicem
404 3118 568 3156 infensis
594 3123 795 3166 quassata,
816 3120 928 3158 bellis
955 3125 1073 3159 teter—

116 3173 228 3210 rimis
260 3184 466 3210 concussa.
502 3173 619 3210 Tales
653 3175 813 3211 fuerunt
844 3174 1070 3214 incredulae

117 3227 276 3274 sophiae
303 3228 482 3265 effectus.

333 3289 599 3340 WOV'I'ERS,
632 3290 684 3331 11.

1167 2252 1257 2288 Non
1284 2255 1438 2289 tantum
1464 2252 1502 2288 in
1530 2252 1671 2296 Gallia,
1692 2251 1761 2289 sed
1787 2262 1862 2299 qua
1888 2251 1967 2287 late
1993 2251 2073 2286 fau-

1121 2309 1226 2343 tores
1253 2306 1435 2343 victricia
1469 2316 1582 2343 arma
1611 2306 1886 2353 protulerunt,
1918 2303 2073 2350 Religio

1119 2360 1190 2396 fuit
1217 2361 1453 2408 proscripta;
1480 2359 1650 2396 ministri
1677 2359 1762 2396 eius
1788 2359 1970 2405 relegati,
1989 2369 2074 2393 car-

1120 2414 1274 2451 ceribus
1307 2415 1551 2462 mancipati,
1589 2413 1720 2450 necati
1752 2413 1816 2449 vel
1847 2413 1887 2448 in
1913 2413 2071 2450 exilium

1118 2469 1428 2513 eiecti;Ordines
1447 2469 1621 2517 religiosi
1639 2468 1840 2516 suppressi
1856 2480 2071 2518 eorumque

1119 2523 1220 2560 bona
1237 2525 1388 2560 nationi
1406 2524 1644 2564 adiudicata;
1664 2523 1748 2560 dies
1766 2523 1856 2560 festi
1875 2525 2068 2573 abrogati;

1119 2579 1205 2614 veri
1232 2579 1415 2615 Numinis
1448 2579 1574 2616 cultus
1602 2579 1794 2623 abolitus3
1820 2590 1979 2616 sacrum
2003 2581 2070 2617 hu-

1119 2643 1261 2669 manae
1292 2633 1571 2682 redemptionis
1597 2634 1753 2680 signum
1778 2633 1988 2679 deiectum3
2017 2636 2069 2672 al-

1119 2687 1223 2723 taria
1259 2699 1428 2732 ever-sa;
1455 2688 1602 2734 templa
1628 2688 1795 2735 spoliata
1811 2717 1819 2732 ‚
1846 2688 2067 2735 destructa,

1120 2741 1239 2789 impio
1260 2743 1368 2779 cultu
1388 2743 1611 2790 profanata;
1630 2742 1714 2790 ipse
1730 2742 1875 2781 Christi
1893 2744 1933 2779 in
1950 2745 2070 2782 terris

1119 2796 1292 2833 vicarius
1310 2826 1318 2841 ‚
1346 2797 1439 2833 Pius
1465 2797 1537 2843 Pp.
1565 2796 1634 2840 VI,
1661 2797 1700 2832 in
1727 2809 1769 2833 se
1795 2798 1951 2845 suisque
1976 2799 2070 2837 Car-

1120 2849 1313 2887 dinalibus
1334 2880 1342 2895 ,
1372 2851 1561 2898 praelatis
1586 2855 1628 2888 et
1652 2851 1813 2889 subditis
1829 2881 1838 2897 ‚
1871 2857 2071 2890 saturatus

1124 2906 1358 2952 opprobriis,
1377 2905 1468 2941 sede
1487 2917 1559 2942 sua
1576 2906 1748 2949 avulsus,
1768 2907 1808 2942 in
1825 2907 2070 2951 Hetruriam,

1121 2958 1259 2996 deinde
1274 2960 1314 2994 in
1325 2959 1493 2996 Galliam
1504 2960 1705 2997 abductus.
1717 2961 1806 2997 Uno
1815 2961 1951 3005 verbo,
1962 2965 2072 2999 tanta

1122 3015 1336 3060 tempestas
1354 3013 1391 3048 in
1411 3013 1632 3050 Ecclesiam
1650 3015 1804 3058 saeviit,
1825 3018 1959 3062 totque
1986 3027 2072 3062 pro-

1120 3069 1228 3105 cellis
1262 3067 1446 3104 navicula
1478 3068 1586 3105 Petri
1612 3068 1685 3105 fuit
1714 3069 1867 3116 agitata
1888 3097 1897 3113 ,
1923 3072 1966 3105 ut
1990 3069 2069 3106 iam

1120 3123 1228 3170 impii
1256 3122 1473 3169 triumphos
1500 3128 1692 3170 agerent,
1719 3127 1759 3159 et
1784 3123 1896 3158 Pium
1925 3123 1977 3159 VI
2004 3134 2069 3170 pa-

1119 3187 1257 3223 parum
1272 3176 1452 3212 ultimum
1468 3188 1569 3221 esse,
1584 3176 1809 3213 laetabundi
1826 3176 2068 3214 occinerent.

1165 3230 1315 3268 Verum
1341 3241 1430 3267 cum
1457 3231 1671 3280 periculum
1697 3231 2010 3278 ingravesceret,
2029 3234 2070 3268 et

1799 3293 1888 3332 25·
