<?xml version="1.0" encoding="UTF-8"?>
<!DOCTYPE html PUBLIC "-//W3C//DTD XHTML 1.0 Transitional//EN"
    "http://www.w3.org/TR/xhtml1/DTD/xhtml1-transitional.dtd">
<html xmlns="http://www.w3.org/1999/xhtml" xml:lang="en" lang="en">
 <head>
  <title>
</title>
<meta http-equiv="Content-Type" content="text/html;charset=utf-8" />
  <meta name='ocr-system' content='tesseract 3.04.00' />
  <meta name='ocr-capabilities' content='ocr_page ocr_carea ocr_par ocr_line ocrx_word'/>
</head>
<body>
  <div class='ocr_page' id='page_1' title='image "./historiaeecclesi01wout_0575.png"; bbox 0 0 2241 3473; ppageno 0'>
   <div class='ocr_carea' id='block_1_1' title="bbox 486 153 1711 188">
    <p class='ocr_par' dir='ltr' id='par_1_1' title="bbox 486 153 1711 188">
     <span class='ocr_line' id='line_1_1' title="bbox 486 153 1711 188; baseline -0.004 -3"><span class='ocrx_word' id='word_1_1' title='bbox 486 158 625 188; x_wconf 66' lang='lat' dir='ltr'>VSQVE</span> <span class='ocrx_word' id='word_1_2' title='bbox 647 158 702 185; x_wconf 73' lang='lat' dir='ltr'>AD</span> <span class='ocrx_word' id='word_1_3' title='bbox 722 157 937 185; x_wconf 74' lang='lat' dir='ltr'>PVBLICAM</span> <span class='ocrx_word' id='word_1_4' title='bbox 961 157 1107 183; x_wconf 74' lang='lat' dir='ltr'>RERVM</span> <span class='ocrx_word' id='word_1_5' title='bbox 1131 157 1174 184; x_wconf 86' lang='lat' dir='ltr'>IN</span> <span class='ocrx_word' id='word_1_6' title='bbox 1195 155 1363 183; x_wconf 78' lang='lat' dir='ltr'>GALLHS</span> <span class='ocrx_word' id='word_1_7' title='bbox 1382 153 1711 182; x_wconf 79' lang='lat' dir='ltr'>SVBVERSIONEM</span> 
     </span>
    </p>
   </div>
   <div class='ocr_carea' id='block_1_2' title="bbox 130 207 1117 3282">
    <p class='ocr_par' dir='ltr' id='par_1_2' title="bbox 258 207 272 223">
     <span class='ocr_line' id='line_1_2' title="bbox 258 207 272 223; baseline 0 0"><span class='ocrx_word' id='word_1_8' title='bbox 258 207 272 223; x_wconf 58' lang='grc' dir='ltr'>δ</span> 
     </span>
    </p>

    <p class='ocr_par' dir='ltr' id='par_1_3' title="bbox 130 227 1088 1128">
     <span class='ocr_line' id='line_1_3' title="bbox 131 227 1079 275; baseline -0.003 -9"><span class='ocrx_word' id='word_1_9' title='bbox 131 229 258 271; x_wconf 90' lang='lat' dir='ltr'>Quum</span> <span class='ocrx_word' id='word_1_10' title='bbox 275 227 349 263; x_wconf 84' lang='lat' dir='ltr'>hoc</span> <span class='ocrx_word' id='word_1_11' title='bbox 374 229 654 275; x_wconf 82' lang='lat' dir='ltr'><strong>cognovissent</strong></span> <span class='ocrx_word' id='word_1_12' title='bbox 673 228 854 271; x_wconf 88' lang='lat' dir='ltr'>Icsuitae,</span> <span class='ocrx_word' id='word_1_13' title='bbox 871 227 1079 264; x_wconf 77' lang='lat' dir='ltr'>confestim</span> 
     </span>
     <span class='ocr_line' id='line_1_4' title="bbox 132 281 1079 329; baseline -0.003 -11"><span class='ocrx_word' id='word_1_14' title='bbox 132 282 312 318; x_wconf 81' lang='lat' dir='ltr'>Pontifici</span> <span class='ocrx_word' id='word_1_15' title='bbox 333 282 558 317; x_wconf 83' lang='lat' dir='ltr'>obtulerunt</span> <span class='ocrx_word' id='word_1_16' title='bbox 576 283 749 319; x_wconf 88' lang='lat' dir='ltr'>libellum</span> <span class='ocrx_word' id='word_1_17' title='bbox 774 282 993 329; x_wconf 83' lang='lat' dir='ltr'>supplicem</span> <span class='ocrx_word' id='word_1_18' title='bbox 1013 310 1022 325; x_wconf 82' lang='lat'>,</span> <span class='ocrx_word' id='word_1_19' title='bbox 1041 281 1079 316; x_wconf 92' lang='lat' dir='ltr'>in</span> 
     </span>
     <span class='ocr_line' id='line_1_5' title="bbox 131 334 1081 383; baseline -0.003 -11"><span class='ocrx_word' id='word_1_20' title='bbox 131 346 205 383; x_wconf 87' lang='lat' dir='ltr'>quo</span> <span class='ocrx_word' id='word_1_21' title='bbox 223 335 480 371; x_wconf 86' lang='lat' dir='ltr'>declarabant</span> <span class='ocrx_word' id='word_1_22' title='bbox 498 340 538 372; x_wconf 87' lang='lat' dir='ltr'>ct</span> <span class='ocrx_word' id='word_1_23' title='bbox 557 335 883 372; x_wconf 87' lang='lat' dir='ltr'>contestabantur</span> <span class='ocrx_word' id='word_1_24' title='bbox 898 364 906 376; x_wconf 84' lang='grc'>,</span> <span class='ocrx_word' id='word_1_25' title='bbox 926 334 1081 370; x_wconf 87' lang='lat' dir='ltr'>missio-</span> 
     </span>
     <span class='ocr_line' id='line_1_6' title="bbox 130 388 1078 436; baseline 0 -13"><span class='ocrx_word' id='word_1_26' title='bbox 130 388 262 424; x_wconf 85' lang='lat' dir='ltr'>narios</span> <span class='ocrx_word' id='word_1_27' title='bbox 276 399 367 424; x_wconf 91' lang='lat' dir='ltr'>suos</span> <span class='ocrx_word' id='word_1_28' title='bbox 382 389 418 424; x_wconf 92' lang='lat' dir='ltr'>in</span> <span class='ocrx_word' id='word_1_29' title='bbox 434 389 538 425; x_wconf 87' lang='lat' dir='ltr'>Sinis</span> <span class='ocrx_word' id='word_1_30' title='bbox 552 400 749 436; x_wconf 83' lang='lat' dir='ltr'>nunquam</span> <span class='ocrx_word' id='word_1_31' title='bbox 763 389 998 426; x_wconf 82' lang='lat' dir='ltr'>Christianis</span> <span class='ocrx_word' id='word_1_32' title='bbox 1014 398 1078 423; x_wconf 92' lang='lat' dir='ltr'>no-</span> 
     </span>
     <span class='ocr_line' id='line_1_7' title="bbox 132 441 1075 488; baseline 0.001 -13"><span class='ocrx_word' id='word_1_33' title='bbox 132 441 246 478; x_wconf 81' lang='lat' dir='ltr'>vellis</span> <span class='ocrx_word' id='word_1_34' title='bbox 264 442 490 488; x_wconf 81' lang='lat' dir='ltr'>permisisse</span> <span class='ocrx_word' id='word_1_35' title='bbox 504 453 615 478; x_wconf 89' lang='lat' dir='ltr'>usum</span> <span class='ocrx_word' id='word_1_36' title='bbox 632 441 972 478; x_wconf 85' lang='lat' dir='ltr'>caeremoniarum</span> <span class='ocrx_word' id='word_1_37' title='bbox 989 451 1075 476; x_wconf 90' lang='lat' dir='ltr'>cum</span> 
     </span>
     <span class='ocr_line' id='line_1_8' title="bbox 131 493 1082 531; baseline -0.003 -1"><span class='ocrx_word' id='word_1_38' title='bbox 131 495 439 531; x_wconf 77' lang='lat' dir='ltr'>circumstantiis</span> <span class='ocrx_word' id='word_1_39' title='bbox 466 496 505 530; x_wconf 91' lang='lat' dir='ltr'>in</span> <span class='ocrx_word' id='word_1_40' title='bbox 532 495 719 531; x_wconf 89' lang='lat' dir='ltr'>mandato</span> <span class='ocrx_word' id='word_1_41' title='bbox 745 499 786 531; x_wconf 88' lang='lat' dir='ltr'>et</span> <span class='ocrx_word' id='word_1_42' title='bbox 813 494 954 531; x_wconf 85' lang='lat' dir='ltr'>litteris</span> <span class='ocrx_word' id='word_1_43' title='bbox 982 493 1082 529; x_wconf 83' lang='lat' dir='ltr'>Mai-</span> 
     </span>
     <span class='ocr_line' id='line_1_9' title="bbox 131 548 1083 597; baseline -0.002 -13"><span class='ocrx_word' id='word_1_44' title='bbox 131 549 253 596; x_wconf 82' lang='lat' dir='ltr'>grotii</span> <span class='ocrx_word' id='word_1_45' title='bbox 279 550 482 597; x_wconf 81' lang='lat' dir='ltr'>expositis,</span> <span class='ocrx_word' id='word_1_46' title='bbox 509 549 578 586; x_wconf 91' lang='lat' dir='ltr'>sed</span> <span class='ocrx_word' id='word_1_47' title='bbox 596 548 840 585; x_wconf 84' lang='lat' dir='ltr'>solummodo</span> <span class='ocrx_word' id='word_1_48' title='bbox 860 552 976 595; x_wconf 87' lang='lat' dir='ltr'>prout</span> <span class='ocrx_word' id='word_1_49' title='bbox 995 548 1083 583; x_wconf 89' lang='lat' dir='ltr'>illae</span> 
     </span>
     <span class='ocr_line' id='line_1_10' title="bbox 136 601 1081 650; baseline -0.003 -12"><span class='ocrx_word' id='word_1_50' title='bbox 136 603 296 638; x_wconf 81' lang='lat' dir='ltr'>fuerant</span> <span class='ocrx_word' id='word_1_51' title='bbox 323 603 524 650; x_wconf 83' lang='lat' dir='ltr'>expositae</span> <span class='ocrx_word' id='word_1_52' title='bbox 543 607 585 639; x_wconf 89' lang='lat' dir='ltr'>et</span> <span class='ocrx_word' id='word_1_53' title='bbox 611 603 827 650; x_wconf 75' lang='lat' dir='ltr'>permissae</span> <span class='ocrx_word' id='word_1_54' title='bbox 856 602 894 636; x_wconf 88' lang='lat' dir='ltr'>in</span> <span class='ocrx_word' id='word_1_55' title='bbox 921 601 1081 637; x_wconf 87' lang='lat' dir='ltr'>decreto</span> 
     </span>
     <span class='ocr_line' id='line_1_11' title="bbox 132 653 1084 704; baseline -0.003 -13"><span class='ocrx_word' id='word_1_56' title='bbox 132 666 165 691; x_wconf 90' lang='lat' dir='ltr'>s.</span> <span class='ocrx_word' id='word_1_57' title='bbox 190 656 536 704; x_wconf 85' lang='lat' dir='ltr'>Congregationis,</span> <span class='ocrx_word' id='word_1_58' title='bbox 563 656 654 692; x_wconf 87' lang='lat' dir='ltr'>dato</span> <span class='ocrx_word' id='word_1_59' title='bbox 682 666 785 691; x_wconf 89' lang='lat' dir='ltr'>anno</span> <span class='ocrx_word' id='word_1_60' title='bbox 809 655 912 692; x_wconf 87' lang='lat'>1656.</span> <span class='ocrx_word' id='word_1_61' title='bbox 934 655 993 690; x_wconf 80' lang='lat' dir='ltr'>Ex</span> <span class='ocrx_word' id='word_1_62' title='bbox 1012 653 1084 688; x_wconf 84' lang='lat' dir='ltr'>lioc</span> 
     </span>
     <span class='ocr_line' id='line_1_12' title="bbox 134 707 1082 756; baseline -0.003 -12"><span class='ocrx_word' id='word_1_63' title='bbox 134 712 312 756; x_wconf 88' lang='lat' dir='ltr'>tempore</span> <span class='ocrx_word' id='word_1_64' title='bbox 329 710 374 745; x_wconf 90' lang='lat' dir='ltr'>lis</span> <span class='ocrx_word' id='word_1_65' title='bbox 389 709 435 746; x_wconf 89' lang='lat' dir='ltr'>de</span> <span class='ocrx_word' id='word_1_66' title='bbox 451 709 589 746; x_wconf 89' lang='lat' dir='ltr'>eadem</span> <span class='ocrx_word' id='word_1_67' title='bbox 605 721 647 746; x_wconf 91' lang='lat' dir='ltr'>re</span> <span class='ocrx_word' id='word_1_68' title='bbox 663 710 699 744; x_wconf 92' lang='lat' dir='ltr'>in</span> <span class='ocrx_word' id='word_1_69' title='bbox 716 710 801 756; x_wconf 89' lang='lat' dir='ltr'>ipsa</span> <span class='ocrx_word' id='word_1_70' title='bbox 816 709 973 755; x_wconf 83' lang='lat' dir='ltr'>Europa</span> <span class='ocrx_word' id='word_1_71' title='bbox 986 707 1082 743; x_wconf 87' lang='lat' dir='ltr'>acri-</span> 
     </span>
     <span class='ocr_line' id='line_1_13' title="bbox 134 761 1084 810; baseline -0.003 -12"><span class='ocrx_word' id='word_1_72' title='bbox 134 766 197 798; x_wconf 92' lang='lat' dir='ltr'>ter</span> <span class='ocrx_word' id='word_1_73' title='bbox 219 763 372 810; x_wconf 86' lang='lat' dir='ltr'>agitata</span> <span class='ocrx_word' id='word_1_74' title='bbox 389 767 460 799; x_wconf 90' lang='lat' dir='ltr'>est.</span> <span class='ocrx_word' id='word_1_75' title='bbox 482 763 693 799; x_wconf 83' lang='lat' dir='ltr'>Societatis</span> <span class='ocrx_word' id='word_1_76' title='bbox 712 763 798 798; x_wconf 85' lang='lat' dir='ltr'>lesu</span> <span class='ocrx_word' id='word_1_77' title='bbox 826 762 958 798; x_wconf 86' lang='lat' dir='ltr'>hostes</span> <span class='ocrx_word' id='word_1_78' title='bbox 983 761 1084 796; x_wconf 90' lang='lat' dir='ltr'>hanc</span> 
     </span>
     <span class='ocr_line' id='line_1_14' title="bbox 135 813 1086 864; baseline -0.003 -13"><span class='ocrx_word' id='word_1_79' title='bbox 135 825 273 852; x_wconf 84' lang='lat' dir='ltr'>ansam</span> <span class='ocrx_word' id='word_1_80' title='bbox 287 815 536 863; x_wconf 89' lang='lat' dir='ltr'>deprimendi</span> <span class='ocrx_word' id='word_1_81' title='bbox 554 820 594 852; x_wconf 89' lang='lat' dir='ltr'>et</span> <span class='ocrx_word' id='word_1_82' title='bbox 610 815 885 864; x_wconf 80' lang='lat' dir='ltr'>proscindendi</span> <span class='ocrx_word' id='word_1_83' title='bbox 902 825 988 851; x_wconf 85' lang='lat' dir='ltr'>eam</span> <span class='ocrx_word' id='word_1_84' title='bbox 1006 813 1086 850; x_wconf 87' lang='lat' dir='ltr'>avi-</span> 
     </span>
     <span class='ocr_line' id='line_1_15' title="bbox 134 866 1086 926; baseline -0.003 -22"><span class='ocrx_word' id='word_1_85' title='bbox 134 868 182 904; x_wconf 89' lang='lat' dir='ltr'>de</span> <span class='ocrx_word' id='word_1_86' title='bbox 201 870 475 916; x_wconf 80' lang='lat' dir='ltr'>arripuerunt,</span> <span class='ocrx_word' id='word_1_87' title='bbox 496 871 711 916; x_wconf 85' lang='lat' dir='ltr'>praecipue</span> <span class='ocrx_word' id='word_1_88' title='bbox 732 869 996 926; x_wconf 67' lang='lat' dir='ltr'>Iansenista3e3</span> <span class='ocrx_word' id='word_1_89' title='bbox 1023 866 1086 914; x_wconf 90' lang='lat' dir='ltr'>qni</span> 
     </span>
     <span class='ocr_line' id='line_1_16' title="bbox 133 921 1087 966; baseline 0 -10"><span class='ocrx_word' id='word_1_90' title='bbox 133 921 171 956; x_wconf 88' lang='lat' dir='ltr'>id</span> <span class='ocrx_word' id='word_1_91' title='bbox 189 924 360 959; x_wconf 84' lang='lat' dir='ltr'>maxime</span> <span class='ocrx_word' id='word_1_92' title='bbox 379 923 539 959; x_wconf 86' lang='lat' dir='ltr'>efficere</span> <span class='ocrx_word' id='word_1_93' title='bbox 558 923 805 959; x_wconf 76' lang='lat' dir='ltr'>conabantur</span> <span class='ocrx_word' id='word_1_94' title='bbox 822 952 830 966; x_wconf 94' lang='lat'>‚</span> <span class='ocrx_word' id='word_1_95' title='bbox 856 928 899 958; x_wconf 92' lang='lat' dir='ltr'>ut</span> <span class='ocrx_word' id='word_1_96' title='bbox 932 923 1087 958; x_wconf 85' lang='lat' dir='ltr'>irritato</span> 
     </span>
     <span class='ocr_line' id='line_1_17' title="bbox 133 971 1088 1013; baseline -0.001 -2"><span class='ocrx_word' id='word_1_97' title='bbox 133 975 351 1012; x_wconf 85' lang='lat' dir='ltr'>Alexandri</span> <span class='ocrx_word' id='word_1_98' title='bbox 370 976 441 1012; x_wconf 87' lang='lat' dir='ltr'>VII</span> <span class='ocrx_word' id='word_1_99' title='bbox 459 976 506 1013; x_wconf 91' lang='lat' dir='ltr'>de</span> <span class='ocrx_word' id='word_1_100' title='bbox 527 971 664 1013; x_wconf 82' lang='lat' dir='ltr'>ritibus</span> <span class='ocrx_word' id='word_1_101' title='bbox 690 977 920 1013; x_wconf 87' lang='lat' dir='ltr'>Sinensibus</span> <span class='ocrx_word' id='word_1_102' title='bbox 954 975 1088 1011; x_wconf 91' lang='lat' dir='ltr'>decre-</span> 
     </span>
     <span class='ocr_line' id='line_1_18' title="bbox 136 1028 1088 1071; baseline 0 -8"><span class='ocrx_word' id='word_1_103' title='bbox 136 1032 188 1071; x_wconf 88' lang='lat' dir='ltr'>to,</span> <span class='ocrx_word' id='word_1_104' title='bbox 208 1029 381 1066; x_wconf 88' lang='lat' dir='ltr'>alterum</span> <span class='ocrx_word' id='word_1_105' title='bbox 398 1031 517 1067; x_wconf 84' lang='lat' dir='ltr'>etiarn</span> <span class='ocrx_word' id='word_1_106' title='bbox 537 1030 584 1066; x_wconf 90' lang='lat' dir='ltr'>de</span> <span class='ocrx_word' id='word_1_107' title='bbox 604 1030 773 1067; x_wconf 88' lang='lat' dir='ltr'>Iansenii</span> <span class='ocrx_word' id='word_1_108' title='bbox 793 1030 973 1066; x_wconf 87' lang='lat' dir='ltr'>doctrina</span> <span class='ocrx_word' id='word_1_109' title='bbox 991 1028 1088 1064; x_wconf 90' lang='lat' dir='ltr'>anti-</span> 
     </span>
     <span class='ocr_line' id='line_1_19' title="bbox 134 1091 336 1128; baseline -0.01 -10"><span class='ocrx_word' id='word_1_110' title='bbox 134 1091 336 1128; x_wconf 82' lang='lat' dir='ltr'>quaretur.</span> 
     </span>
    </p>

    <p class='ocr_par' dir='ltr' id='par_1_4' title="bbox 137 1135 1117 3282">
     <span class='ocr_line' id='line_1_20' title="bbox 182 1135 1088 1175; baseline -0.001 -3"><span class='ocrx_word' id='word_1_111' title='bbox 182 1135 433 1174; x_wconf 83' lang='lat' dir='ltr'>Innocentius</span> <span class='ocrx_word' id='word_1_112' title='bbox 450 1139 521 1175; x_wconf 85' lang='lat' dir='ltr'>XII</span> <span class='ocrx_word' id='word_1_113' title='bbox 543 1150 607 1175; x_wconf 86' lang='lat' dir='ltr'>an.</span> <span class='ocrx_word' id='word_1_114' title='bbox 628 1139 717 1175; x_wconf 82' lang='lat'>1699</span> <span class='ocrx_word' id='word_1_115' title='bbox 743 1149 886 1174; x_wconf 89' lang='lat' dir='ltr'>novam</span> <span class='ocrx_word' id='word_1_116' title='bbox 914 1137 972 1173; x_wconf 90' lang='lat' dir='ltr'>rei</span> <span class='ocrx_word' id='word_1_117' title='bbox 999 1147 1088 1172; x_wconf 93' lang='lat' dir='ltr'>con-</span> 
     </span>
     <span class='ocr_line' id='line_1_21' title="bbox 137 1189 1088 1228; baseline -0.001 -3"><span class='ocrx_word' id='word_1_118' title='bbox 137 1193 342 1228; x_wconf 85' lang='lat' dir='ltr'>troversae</span> <span class='ocrx_word' id='word_1_119' title='bbox 358 1191 638 1228; x_wconf 84' lang='lat' dir='ltr'>discussionem</span> <span class='ocrx_word' id='word_1_120' title='bbox 653 1193 851 1228; x_wconf 84' lang='lat' dir='ltr'>commisit</span> <span class='ocrx_word' id='word_1_121' title='bbox 863 1190 1020 1227; x_wconf 80' lang='lat' dir='ltr'>selectis</span> <span class='ocrx_word' id='word_1_122' title='bbox 1034 1189 1088 1224; x_wconf 87' lang='lat' dir='ltr'>vi-</span> 
     </span>
     <span class='ocr_line' id='line_1_22' title="bbox 137 1243 1091 1294; baseline -0.001 -15"><span class='ocrx_word' id='word_1_123' title='bbox 137 1243 193 1280; x_wconf 86' lang='lat' dir='ltr'>ris</span> <span class='ocrx_word' id='word_1_124' title='bbox 210 1255 240 1280; x_wconf 89' lang='lat' dir='ltr'>s.</span> <span class='ocrx_word' id='word_1_125' title='bbox 259 1244 387 1281; x_wconf 86' lang='lat' dir='ltr'>Officii</span> <span class='ocrx_word' id='word_1_126' title='bbox 408 1257 477 1282; x_wconf 88' lang='lat' dir='ltr'>seu</span> <span class='ocrx_word' id='word_1_127' title='bbox 494 1246 769 1294; x_wconf 87' lang='lat' dir='ltr'>Inquisitionis.</span> <span class='ocrx_word' id='word_1_128' title='bbox 791 1246 954 1282; x_wconf 89' lang='lat' dir='ltr'>Interim</span> <span class='ocrx_word' id='word_1_129' title='bbox 975 1244 1091 1281; x_wconf 89' lang='lat' dir='ltr'>lesui-</span> 
     </span>
     <span class='ocr_line' id='line_1_23' title="bbox 140 1298 1093 1347; baseline -0.001 -14"><span class='ocrx_word' id='word_1_130' title='bbox 140 1300 204 1334; x_wconf 88' lang='lat' dir='ltr'>tae</span> <span class='ocrx_word' id='word_1_131' title='bbox 222 1326 231 1341; x_wconf 88' lang='lat'>‚</span> <span class='ocrx_word' id='word_1_132' title='bbox 251 1299 314 1346; x_wconf 89' lang='lat' dir='ltr'>qui</span> <span class='ocrx_word' id='word_1_133' title='bbox 333 1298 475 1335; x_wconf 84' lang='lat' dir='ltr'>Pekini</span> <span class='ocrx_word' id='word_1_134' title='bbox 493 1299 689 1346; x_wconf 82' lang='lat' dir='ltr'>degebant</span> <span class='ocrx_word' id='word_1_135' title='bbox 707 1329 715 1344; x_wconf 94' lang='lat'>‚</span> <span class='ocrx_word' id='word_1_136' title='bbox 734 1300 782 1335; x_wconf 88' lang='lat' dir='ltr'>ab</span> <span class='ocrx_word' id='word_1_137' title='bbox 808 1300 892 1347; x_wconf 91' lang='lat' dir='ltr'>ipso</span> <span class='ocrx_word' id='word_1_138' title='bbox 921 1299 1093 1345; x_wconf 88' lang='lat' dir='ltr'>impera—</span> 
     </span>
     <span class='ocr_line' id='line_1_24' title="bbox 138 1352 1092 1401; baseline 0 -15"><span class='ocrx_word' id='word_1_139' title='bbox 138 1355 225 1388; x_wconf 88' lang='lat' dir='ltr'>tore</span> <span class='ocrx_word' id='word_1_140' title='bbox 243 1353 392 1388; x_wconf 89' lang='lat' dir='ltr'>clarum</span> <span class='ocrx_word' id='word_1_141' title='bbox 411 1358 451 1389; x_wconf 88' lang='lat' dir='ltr'>et</span> <span class='ocrx_word' id='word_1_142' title='bbox 475 1365 708 1401; x_wconf 81' lang='lat' dir='ltr'>expressum</span> <span class='ocrx_word' id='word_1_143' title='bbox 736 1352 1000 1390; x_wconf 87' lang='lat' dir='ltr'>testimonium</span> <span class='ocrx_word' id='word_1_144' title='bbox 1028 1362 1092 1398; x_wconf 93' lang='lat' dir='ltr'>po-</span> 
     </span>
     <span class='ocr_line' id='line_1_25' title="bbox 137 1405 1092 1454; baseline -0.002 -13"><span class='ocrx_word' id='word_1_145' title='bbox 137 1405 336 1442; x_wconf 88' lang='lat' dir='ltr'>stularunt</span> <span class='ocrx_word' id='word_1_146' title='bbox 358 1406 406 1443; x_wconf 89' lang='lat' dir='ltr'>de</span> <span class='ocrx_word' id='word_1_147' title='bbox 433 1408 586 1444; x_wconf 89' lang='lat' dir='ltr'>ratione</span> <span class='ocrx_word' id='word_1_148' title='bbox 603 1436 612 1451; x_wconf 88' lang='lat'>,</span> <span class='ocrx_word' id='word_1_149' title='bbox 637 1419 714 1454; x_wconf 91' lang='lat' dir='ltr'>qua</span> <span class='ocrx_word' id='word_1_150' title='bbox 740 1408 925 1444; x_wconf 87' lang='lat' dir='ltr'>Sinenses</span> <span class='ocrx_word' id='word_1_151' title='bbox 951 1406 1092 1443; x_wconf 80' lang='lat' dir='ltr'>Confu-</span> 
     </span>
     <span class='ocr_line' id='line_1_26' title="bbox 137 1457 1092 1508; baseline -0.001 -14"><span class='ocrx_word' id='word_1_152' title='bbox 137 1457 240 1495; x_wconf 91' lang='lat' dir='ltr'>cium</span> <span class='ocrx_word' id='word_1_153' title='bbox 267 1464 308 1496; x_wconf 90' lang='lat' dir='ltr'>et</span> <span class='ocrx_word' id='word_1_154' title='bbox 338 1462 615 1508; x_wconf 83' lang='lat' dir='ltr'>progenitores</span> <span class='ocrx_word' id='word_1_155' title='bbox 646 1462 854 1498; x_wconf 83' lang='lat' dir='ltr'>defunctos</span> <span class='ocrx_word' id='word_1_156' title='bbox 888 1461 1067 1497; x_wconf 87' lang='lat' dir='ltr'>colerent</span> <span class='ocrx_word' id='word_1_157' title='bbox 1084 1486 1092 1499; x_wconf 90' lang='lat'>,</span> 
     </span>
     <span class='ocr_line' id='line_1_27' title="bbox 138 1512 1093 1555; baseline 0 -7"><span class='ocrx_word' id='word_1_158' title='bbox 138 1513 248 1549; x_wconf 87' lang='lat' dir='ltr'>coelo</span> <span class='ocrx_word' id='word_1_159' title='bbox 282 1514 444 1551; x_wconf 87' lang='lat' dir='ltr'>litamen</span> <span class='ocrx_word' id='word_1_160' title='bbox 485 1517 665 1554; x_wconf 86' lang='lat' dir='ltr'>facerent</span> <span class='ocrx_word' id='word_1_161' title='bbox 695 1520 736 1553; x_wconf 90' lang='lat' dir='ltr'>et</span> <span class='ocrx_word' id='word_1_162' title='bbox 769 1515 929 1551; x_wconf 85' lang='lat' dir='ltr'>vocibus</span> <span class='ocrx_word' id='word_1_163' title='bbox 966 1512 1065 1548; x_wconf 78' lang='lat' dir='ltr'>Ticn</span> <span class='ocrx_word' id='word_1_164' title='bbox 1085 1540 1093 1555; x_wconf 94' lang='lat'>‚</span> 
     </span>
     <span class='ocr_line' id='line_1_28' title="bbox 139 1565 1094 1616; baseline -0.018 1"><span class='ocrx_word' id='word_1_165' title='bbox 139 1565 328 1615; x_wconf 58' lang='lat' dir='ltr'><em>Xanffil‘l&#39;,</em></span> <span class='ocrx_word' id='word_1_166' title='bbox 346 1568 803 1616; x_wconf 67' lang='lat' dir='ltr'>Kiny-tien,uterentur.</span> <span class='ocrx_word' id='word_1_167' title='bbox 815 1570 849 1605; x_wconf 93' lang='lat' dir='ltr'>Is</span> <span class='ocrx_word' id='word_1_168' title='bbox 864 1567 1094 1609; x_wconf 83' lang='lat' dir='ltr'>declaravit,</span> 
     </span>
     <span class='ocr_line' id='line_1_29' title="bbox 141 1619 1097 1668; baseline -0.001 -13"><span class='ocrx_word' id='word_1_169' title='bbox 141 1620 330 1657; x_wconf 86' lang='lat' dir='ltr'>Consucio</span> <span class='ocrx_word' id='word_1_170' title='bbox 350 1623 496 1658; x_wconf 90' lang='lat' dir='ltr'>cultum</span> <span class='ocrx_word' id='word_1_171' title='bbox 523 1625 726 1667; x_wconf 86' lang='lat' dir='ltr'>exhiberi,</span> <span class='ocrx_word' id='word_1_172' title='bbox 747 1635 822 1659; x_wconf 88' lang='lat' dir='ltr'>non</span> <span class='ocrx_word' id='word_1_173' title='bbox 851 1623 900 1658; x_wconf 90' lang='lat' dir='ltr'>ad</span> <span class='ocrx_word' id='word_1_174' title='bbox 928 1619 1097 1668; x_wconf 86' lang='lat' dir='ltr'>petenda</span> 
     </span>
     <span class='ocr_line' id='line_1_30' title="bbox 142 1673 1096 1725; baseline 0.009 -16"><span class='ocrx_word' id='word_1_175' title='bbox 142 1673 192 1709; x_wconf 82' lang='lat' dir='ltr'>ab</span> <span class='ocrx_word' id='word_1_176' title='bbox 209 1685 256 1711; x_wconf 91' lang='lat' dir='ltr'>eo</span> <span class='ocrx_word' id='word_1_177' title='bbox 275 1675 377 1712; x_wconf 91' lang='lat' dir='ltr'>bona</span> <span class='ocrx_word' id='word_1_178' title='bbox 396 1705 404 1720; x_wconf 92' lang='lat'>,</span> <span class='ocrx_word' id='word_1_179' title='bbox 423 1677 621 1723; x_wconf 87' lang='lat' dir='ltr'>ingenium</span> <span class='ocrx_word' id='word_1_180' title='bbox 647 1683 714 1714; x_wconf 90' lang='lat' dir='ltr'>aut</span> <span class='ocrx_word' id='word_1_181' title='bbox 740 1678 971 1725; x_wconf 86' lang='lat' dir='ltr'>dignitatem</span> <span class='ocrx_word' id='word_1_182' title='bbox 991 1703 999 1717; x_wconf 81' lang='lat'>‚</span> <span class='ocrx_word' id='word_1_183' title='bbox 1028 1674 1096 1710; x_wconf 63' lang='lat' dir='ltr'>sed</span> 
     </span>
     <span class='ocr_line' id='line_1_31' title="bbox 142 1727 1096 1779; baseline 0.003 -16"><span class='ocrx_word' id='word_1_184' title='bbox 142 1727 348 1765; x_wconf 83' lang='lat' dir='ltr'>dumtaxat</span> <span class='ocrx_word' id='word_1_185' title='bbox 366 1737 528 1778; x_wconf 88' lang='lat' dir='ltr'>propter</span> <span class='ocrx_word' id='word_1_186' title='bbox 548 1733 777 1779; x_wconf 84' lang='lat' dir='ltr'>praeclara,</span> <span class='ocrx_word' id='word_1_187' title='bbox 798 1743 896 1779; x_wconf 89' lang='lat' dir='ltr'>quae</span> <span class='ocrx_word' id='word_1_188' title='bbox 916 1737 958 1767; x_wconf 93' lang='lat' dir='ltr'>ut</span> <span class='ocrx_word' id='word_1_189' title='bbox 976 1730 1096 1767; x_wconf 87' lang='lat' dir='ltr'>homi-</span> 
     </span>
     <span class='ocr_line' id='line_1_32' title="bbox 143 1784 1098 1833; baseline 0.003 -16"><span class='ocrx_word' id='word_1_190' title='bbox 143 1793 235 1818; x_wconf 90' lang='lat' dir='ltr'>num</span> <span class='ocrx_word' id='word_1_191' title='bbox 254 1784 446 1831; x_wconf 88' lang='lat' dir='ltr'>magister</span> <span class='ocrx_word' id='word_1_192' title='bbox 464 1786 696 1833; x_wconf 84' lang='lat' dir='ltr'>reliquerat,</span> <span class='ocrx_word' id='word_1_193' title='bbox 717 1786 823 1822; x_wconf 88' lang='lat' dir='ltr'>vitae</span> <span class='ocrx_word' id='word_1_194' title='bbox 848 1786 1098 1828; x_wconf 80' lang='lat' dir='ltr'>documenta3</span> 
     </span>
     <span class='ocr_line' id='line_1_33' title="bbox 144 1839 1098 1887; baseline 0.003 -16"><span class='ocrx_word' id='word_1_195' title='bbox 144 1839 418 1874; x_wconf 86' lang='lat' dir='ltr'>caeremonias</span> <span class='ocrx_word' id='word_1_196' title='bbox 443 1840 531 1875; x_wconf 89' lang='lat' dir='ltr'>fieri</span> <span class='ocrx_word' id='word_1_197' title='bbox 557 1852 655 1887; x_wconf 90' lang='lat' dir='ltr'>erga</span> <span class='ocrx_word' id='word_1_198' title='bbox 687 1840 858 1876; x_wconf 89' lang='lat' dir='ltr'>maiores</span> <span class='ocrx_word' id='word_1_199' title='bbox 891 1840 1098 1876; x_wconf 86' lang='lat' dir='ltr'>defunctos</span> 
     </span>
     <span class='ocr_line' id='line_1_34' title="bbox 144 1889 1098 1941; baseline 0.003 -16"><span class='ocrx_word' id='word_1_200' title='bbox 144 1889 195 1925; x_wconf 88' lang='lat' dir='ltr'>ad</span> <span class='ocrx_word' id='word_1_201' title='bbox 211 1891 512 1938; x_wconf 88' lang='lat' dir='ltr'>significandum</span> <span class='ocrx_word' id='word_1_202' title='bbox 531 1906 643 1930; x_wconf 91' lang='lat' dir='ltr'>suum</span> <span class='ocrx_word' id='word_1_203' title='bbox 662 1905 761 1941; x_wconf 85' lang='lat' dir='ltr'>erga</span> <span class='ocrx_word' id='word_1_204' title='bbox 788 1898 975 1940; x_wconf 88' lang='lat' dir='ltr'>parentes</span> <span class='ocrx_word' id='word_1_205' title='bbox 993 1904 1098 1928; x_wconf 89' lang='lat' dir='ltr'>amo-</span> 
     </span>
     <span class='ocr_line' id='line_1_35' title="bbox 145 1945 1100 1990; baseline 0.002 -10"><span class='ocrx_word' id='word_1_206' title='bbox 145 1955 230 1981; x_wconf 88' lang='lat' dir='ltr'>rem</span> <span class='ocrx_word' id='word_1_207' title='bbox 249 1951 291 1981; x_wconf 89' lang='lat' dir='ltr'>et</span> <span class='ocrx_word' id='word_1_208' title='bbox 307 1945 466 1983; x_wconf 87' lang='lat' dir='ltr'>filialem</span> <span class='ocrx_word' id='word_1_209' title='bbox 485 1948 778 1984; x_wconf 85' lang='lat' dir='ltr'>observantiam</span> <span class='ocrx_word' id='word_1_210' title='bbox 797 1975 805 1990; x_wconf 87' lang='lat'>,</span> <span class='ocrx_word' id='word_1_211' title='bbox 826 1959 904 1982; x_wconf 89' lang='lat' dir='ltr'>non</span> <span class='ocrx_word' id='word_1_212' title='bbox 929 1958 1026 1983; x_wconf 85' lang='lat' dir='ltr'>vero</span> <span class='ocrx_word' id='word_1_213' title='bbox 1051 1947 1100 1982; x_wconf 86' lang='lat' dir='ltr'>ad</span> 
     </span>
     <span class='ocr_line' id='line_1_36' title="bbox 145 1999 1098 2049; baseline 0.002 -15"><span class='ocrx_word' id='word_1_214' title='bbox 145 1999 423 2046; x_wconf 88' lang='lat' dir='ltr'>postulandum</span> <span class='ocrx_word' id='word_1_215' title='bbox 439 2001 593 2049; x_wconf 85' lang='lat' dir='ltr'>aliquod</span> <span class='ocrx_word' id='word_1_216' title='bbox 613 2002 814 2045; x_wconf 77' lang='lat' dir='ltr'>auxilium3</span> <span class='ocrx_word' id='word_1_217' title='bbox 826 2001 1098 2037; x_wconf 85' lang='lat' dir='ltr'>defunctorum</span> 
     </span>
     <span class='ocr_line' id='line_1_37' title="bbox 147 2053 1101 2103; baseline 0 -14"><span class='ocrx_word' id='word_1_218' title='bbox 147 2053 313 2090; x_wconf 88' lang='lat' dir='ltr'>tabellas</span> <span class='ocrx_word' id='word_1_219' title='bbox 330 2055 432 2103; x_wconf 87' lang='lat' dir='ltr'>erigi</span> <span class='ocrx_word' id='word_1_220' title='bbox 451 2085 459 2099; x_wconf 95' lang='lat'>,</span> <span class='ocrx_word' id='word_1_221' title='bbox 479 2068 554 2092; x_wconf 90' lang='lat' dir='ltr'>non</span> <span class='ocrx_word' id='word_1_222' title='bbox 573 2068 622 2092; x_wconf 89' lang='lat' dir='ltr'>ea</span> <span class='ocrx_word' id='word_1_223' title='bbox 640 2060 772 2092; x_wconf 89' lang='lat' dir='ltr'>mente</span> <span class='ocrx_word' id='word_1_224' title='bbox 790 2060 834 2091; x_wconf 91' lang='lat' dir='ltr'>ut</span> <span class='ocrx_word' id='word_1_225' title='bbox 861 2066 999 2091; x_wconf 89' lang='lat' dir='ltr'>eorum</span> <span class='ocrx_word' id='word_1_226' title='bbox 1020 2055 1101 2090; x_wconf 91' lang='lat' dir='ltr'>ani-</span> 
     </span>
     <span class='ocr_line' id='line_1_38' title="bbox 145 2108 1101 2150; baseline -0.002 -7"><span class='ocrx_word' id='word_1_227' title='bbox 145 2119 236 2144; x_wconf 88' lang='lat' dir='ltr'>mae</span> <span class='ocrx_word' id='word_1_228' title='bbox 256 2109 293 2143; x_wconf 92' lang='lat' dir='ltr'>in</span> <span class='ocrx_word' id='word_1_229' title='bbox 322 2109 405 2145; x_wconf 90' lang='lat' dir='ltr'>istis</span> <span class='ocrx_word' id='word_1_230' title='bbox 431 2110 585 2146; x_wconf 89' lang='lat' dir='ltr'>tabellis</span> <span class='ocrx_word' id='word_1_231' title='bbox 611 2109 788 2145; x_wconf 88' lang='lat' dir='ltr'>residere</span> <span class='ocrx_word' id='word_1_232' title='bbox 817 2108 1075 2144; x_wconf 86' lang='lat' dir='ltr'>crederentur</span> <span class='ocrx_word' id='word_1_233' title='bbox 1093 2136 1101 2150; x_wconf 90' lang='lat'>‚</span> 
     </span>
     <span class='ocr_line' id='line_1_39' title="bbox 147 2158 1101 2216; baseline -0.001 -18"><span class='ocrx_word' id='word_1_234' title='bbox 147 2162 216 2198; x_wconf 88' lang='lat' dir='ltr'>sed</span> <span class='ocrx_word' id='word_1_235' title='bbox 233 2167 276 2199; x_wconf 88' lang='lat' dir='ltr'>ut</span> <span class='ocrx_word' id='word_1_236' title='bbox 294 2163 368 2199; x_wconf 91' lang='lat' dir='ltr'>hoc</span> <span class='ocrx_word' id='word_1_237' title='bbox 396 2164 507 2210; x_wconf 87' lang='lat' dir='ltr'>signo</span> <span class='ocrx_word' id='word_1_238' title='bbox 527 2158 717 2200; x_wconf 88' lang='lat' dir='ltr'>exteriori</span> <span class='ocrx_word' id='word_1_239' title='bbox 744 2163 801 2216; x_wconf 74' lang='lat' dir='ltr'>eis</span> <span class='ocrx_word' id='word_1_240' title='bbox 829 2162 984 2209; x_wconf 88' lang='lat' dir='ltr'>gratiae</span> <span class='ocrx_word' id='word_1_241' title='bbox 1013 2173 1101 2208; x_wconf 89' lang='lat' dir='ltr'>age-</span> 
     </span>
     <span class='ocr_line' id='line_1_40' title="bbox 147 2217 1102 2262; baseline -0.001 -10"><span class='ocrx_word' id='word_1_242' title='bbox 147 2222 286 2254; x_wconf 86' lang='lat' dir='ltr'>rentur</span> <span class='ocrx_word' id='word_1_243' title='bbox 304 2226 343 2254; x_wconf 90' lang='lat' dir='ltr'>et</span> <span class='ocrx_word' id='word_1_244' title='bbox 361 2230 499 2254; x_wconf 88' lang='lat' dir='ltr'>eorum</span> <span class='ocrx_word' id='word_1_245' title='bbox 517 2220 710 2254; x_wconf 88' lang='lat' dir='ltr'>memoria</span> <span class='ocrx_word' id='word_1_246' title='bbox 736 2217 996 2253; x_wconf 83' lang='lat' dir='ltr'>refricaretur</span> <span class='ocrx_word' id='word_1_247' title='bbox 1011 2244 1018 2257; x_wconf 95' lang='lat'>‚</span> <span class='ocrx_word' id='word_1_248' title='bbox 1039 2227 1102 2262; x_wconf 87' lang='lat' dir='ltr'>pe-</span> 
     </span>
     <span class='ocr_line' id='line_1_41' title="bbox 150 2269 1103 2319; baseline -0.002 -13"><span class='ocrx_word' id='word_1_249' title='bbox 150 2271 261 2308; x_wconf 89' lang='lat' dir='ltr'>rinde</span> <span class='ocrx_word' id='word_1_250' title='bbox 281 2282 328 2308; x_wconf 90' lang='lat' dir='ltr'>ac</span> <span class='ocrx_word' id='word_1_251' title='bbox 353 2272 387 2308; x_wconf 87' lang='lat' dir='ltr'>si</span> <span class='ocrx_word' id='word_1_252' title='bbox 405 2276 636 2319; x_wconf 86' lang='lat' dir='ltr'>praesentes</span> <span class='ocrx_word' id='word_1_253' title='bbox 662 2275 810 2314; x_wconf 78' lang='lat' dir='ltr'>essent3</span> <span class='ocrx_word' id='word_1_254' title='bbox 827 2270 943 2305; x_wconf 91' lang='lat' dir='ltr'>ritum</span> <span class='ocrx_word' id='word_1_255' title='bbox 965 2269 1103 2305; x_wconf 87' lang='lat' dir='ltr'>litami-</span> 
     </span>
     <span class='ocr_line' id='line_1_42' title="bbox 152 2323 1103 2373; baseline -0.003 -13"><span class='ocrx_word' id='word_1_256' title='bbox 152 2327 214 2361; x_wconf 86' lang='lat' dir='ltr'>nis</span> <span class='ocrx_word' id='word_1_257' title='bbox 233 2353 241 2369; x_wconf 94' lang='lat'>‚</span> <span class='ocrx_word' id='word_1_258' title='bbox 259 2325 359 2372; x_wconf 91' lang='lat' dir='ltr'>quod</span> <span class='ocrx_word' id='word_1_259' title='bbox 379 2337 477 2373; x_wconf 88' lang='lat' dir='ltr'>erga</span> <span class='ocrx_word' id='word_1_260' title='bbox 495 2326 648 2362; x_wconf 88' lang='lat' dir='ltr'>coelum</span> <span class='ocrx_word' id='word_1_261' title='bbox 668 2325 788 2360; x_wconf 88' lang='lat' dir='ltr'>fiebat</span> <span class='ocrx_word' id='word_1_262' title='bbox 812 2324 851 2359; x_wconf 92' lang='lat' dir='ltr'>in</span> <span class='ocrx_word' id='word_1_263' title='bbox 879 2323 1103 2359; x_wconf 87' lang='lat' dir='ltr'>suburbano</span> 
     </span>
     <span class='ocr_line' id='line_1_43' title="bbox 151 2377 1104 2426; baseline -0.003 -11"><span class='ocrx_word' id='word_1_264' title='bbox 151 2382 287 2415; x_wconf 87' lang='lat' dir='ltr'>terrae</span> <span class='ocrx_word' id='word_1_265' title='bbox 315 2390 463 2426; x_wconf 85' lang='lat' dir='ltr'>aggere</span> <span class='ocrx_word' id='word_1_266' title='bbox 481 2408 490 2421; x_wconf 90' lang='lat'>,</span> <span class='ocrx_word' id='word_1_267' title='bbox 509 2379 612 2415; x_wconf 89' lang='lat' dir='ltr'>haud</span> <span class='ocrx_word' id='word_1_268' title='bbox 637 2379 757 2415; x_wconf 90' lang='lat' dir='ltr'>tribui</span> <span class='ocrx_word' id='word_1_269' title='bbox 783 2378 891 2414; x_wconf 92' lang='lat' dir='ltr'>coelo</span> <span class='ocrx_word' id='word_1_270' title='bbox 919 2377 1104 2413; x_wconf 87' lang='lat' dir='ltr'>coeruleo</span> 
     </span>
     <span class='ocr_line' id='line_1_44' title="bbox 155 2432 1105 2480; baseline -0.003 -12"><span class='ocrx_word' id='word_1_271' title='bbox 155 2443 203 2468; x_wconf 89' lang='lat' dir='ltr'>ac</span> <span class='ocrx_word' id='word_1_272' title='bbox 218 2433 430 2476; x_wconf 83' lang='lat' dir='ltr'>materiali,</span> <span class='ocrx_word' id='word_1_273' title='bbox 444 2432 512 2469; x_wconf 91' lang='lat' dir='ltr'>sed</span> <span class='ocrx_word' id='word_1_274' title='bbox 528 2433 652 2480; x_wconf 88' lang='lat' dir='ltr'>primo</span> <span class='ocrx_word' id='word_1_275' title='bbox 667 2432 783 2474; x_wconf 83' lang='lat' dir='ltr'>coeli,</span> <span class='ocrx_word' id='word_1_276' title='bbox 805 2436 937 2467; x_wconf 79' lang='lat' dir='ltr'>terrae</span> <span class='ocrx_word' id='word_1_277' title='bbox 957 2442 1004 2466; x_wconf 89' lang='lat' dir='ltr'>ac</span> <span class='ocrx_word' id='word_1_278' title='bbox 1023 2441 1105 2477; x_wconf 63' lang='lat' dir='ltr'>om5</span> 
     </span>
     <span class='ocr_line' id='line_1_45' title="bbox 156 2484 1106 2532; baseline -0.004 -10"><span class='ocrx_word' id='word_1_279' title='bbox 156 2486 263 2522; x_wconf 89' lang='lat' dir='ltr'>nium</span> <span class='ocrx_word' id='word_1_280' title='bbox 292 2497 424 2522; x_wconf 90' lang='lat' dir='ltr'>rerum</span> <span class='ocrx_word' id='word_1_281' title='bbox 452 2486 642 2532; x_wconf 89' lang='lat' dir='ltr'>principio</span> <span class='ocrx_word' id='word_1_282' title='bbox 659 2514 667 2528; x_wconf 96' lang='lat'>,</span> <span class='ocrx_word' id='word_1_283' title='bbox 701 2486 856 2521; x_wconf 90' lang='lat' dir='ltr'>domino</span> <span class='ocrx_word' id='word_1_284' title='bbox 884 2496 931 2520; x_wconf 89' lang='lat' dir='ltr'>ac</span> <span class='ocrx_word' id='word_1_285' title='bbox 957 2484 1106 2519; x_wconf 89' lang='lat' dir='ltr'>rectori</span> 
     </span>
     <span class='ocr_line' id='line_1_46' title="bbox 154 2537 1104 2586; baseline -0.004 -10"><span class='ocrx_word' id='word_1_286' title='bbox 154 2551 225 2576; x_wconf 88' lang='lat' dir='ltr'>seu</span> <span class='ocrx_word' id='word_1_287' title='bbox 244 2539 409 2586; x_wconf 87' lang='lat' dir='ltr'>Xang-ti</span> <span class='ocrx_word' id='word_1_288' title='bbox 426 2567 434 2582; x_wconf 94' lang='lat'>,</span> <span class='ocrx_word' id='word_1_289' title='bbox 464 2539 642 2586; x_wconf 89' lang='lat' dir='ltr'>huncque</span> <span class='ocrx_word' id='word_1_290' title='bbox 661 2539 775 2575; x_wconf 91' lang='lat' dir='ltr'>modo</span> <span class='ocrx_word' id='word_1_291' title='bbox 802 2538 951 2585; x_wconf 85' lang='lat' dir='ltr'>Xangti</span> <span class='ocrx_word' id='word_1_292' title='bbox 969 2566 977 2579; x_wconf 94' lang='lat'>‚</span> <span class='ocrx_word' id='word_1_293' title='bbox 1005 2537 1104 2572; x_wconf 87' lang='lat' dir='ltr'>coeli</span> 
     </span>
     <span class='ocr_line' id='line_1_47' title="bbox 154 2591 1108 2636; baseline -0.003 -7"><span class='ocrx_word' id='word_1_294' title='bbox 154 2593 353 2629; x_wconf 89' lang='lat' dir='ltr'>dominum</span> <span class='ocrx_word' id='word_1_295' title='bbox 367 2621 375 2636; x_wconf 96' lang='lat'>,</span> <span class='ocrx_word' id='word_1_296' title='bbox 395 2593 510 2628; x_wconf 91' lang='lat' dir='ltr'>modo</span> <span class='ocrx_word' id='word_1_297' title='bbox 528 2593 627 2629; x_wconf 88' lang='lat' dir='ltr'>Tien</span> <span class='ocrx_word' id='word_1_298' title='bbox 645 2622 653 2634; x_wconf 89' lang='lat'>‚</span> <span class='ocrx_word' id='word_1_299' title='bbox 673 2593 826 2628; x_wconf 89' lang='lat' dir='ltr'>coelum</span> <span class='ocrx_word' id='word_1_300' title='bbox 849 2591 984 2627; x_wconf 85' lang='lat' dir='ltr'>vocari</span> <span class='ocrx_word' id='word_1_301' title='bbox 1003 2602 1010 2634; x_wconf 94' lang='grc'>;</span> <span class='ocrx_word' id='word_1_302' title='bbox 1031 2602 1108 2626; x_wconf 91' lang='lat' dir='ltr'>non</span> 
     </span>
     <span class='ocr_line' id='line_1_48' title="bbox 155 2644 1110 2694; baseline -0.004 -10"><span class='ocrx_word' id='word_1_303' title='bbox 155 2659 272 2684; x_wconf 87' lang='lat' dir='ltr'>secus</span> <span class='ocrx_word' id='word_1_304' title='bbox 290 2658 337 2682; x_wconf 88' lang='lat' dir='ltr'>ac</span> <span class='ocrx_word' id='word_1_305' title='bbox 357 2647 573 2694; x_wconf 87' lang='lat' dir='ltr'>imperator</span> <span class='ocrx_word' id='word_1_306' title='bbox 591 2653 631 2683; x_wconf 91' lang='lat' dir='ltr'>et</span> <span class='ocrx_word' id='word_1_307' title='bbox 656 2657 824 2682; x_wconf 77' lang='lat' dir='ltr'>summus</span> <span class='ocrx_word' id='word_1_308' title='bbox 850 2644 1047 2683; x_wconf 74' lang='lat' dir='ltr'>dominus,</span> <span class='ocrx_word' id='word_1_309' title='bbox 1071 2650 1110 2680; x_wconf 94' lang='lat' dir='ltr'>et</span> 
     </span>
     <span class='ocr_line' id='line_1_49' title="bbox 158 2698 1110 2748; baseline -0.003 -12"><span class='ocrx_word' id='word_1_310' title='bbox 158 2700 383 2748; x_wconf 79' lang='lat' dir='ltr'>imperialis</span> <span class='ocrx_word' id='word_1_311' title='bbox 401 2700 512 2744; x_wconf 74' lang='lat' dir='ltr'>aula,</span> <span class='ocrx_word' id='word_1_312' title='bbox 532 2704 572 2736; x_wconf 90' lang='lat' dir='ltr'>et</span> <span class='ocrx_word' id='word_1_313' title='bbox 591 2700 678 2736; x_wconf 91' lang='lat' dir='ltr'>aliis</span> <span class='ocrx_word' id='word_1_314' title='bbox 696 2700 918 2735; x_wconf 86' lang='lat' dir='ltr'>nominibus</span> <span class='ocrx_word' id='word_1_315' title='bbox 933 2698 1036 2746; x_wconf 91' lang='lat' dir='ltr'>apud</span> <span class='ocrx_word' id='word_1_316' title='bbox 1054 2699 1110 2734; x_wconf 88' lang='lat' dir='ltr'>Si-</span> 
     </span>
     <span class='ocr_line' id='line_1_50' title="bbox 157 2753 1110 2800; baseline -0.004 -10"><span class='ocrx_word' id='word_1_317' title='bbox 157 2765 228 2790; x_wconf 88' lang='lat' dir='ltr'>nas</span> <span class='ocrx_word' id='word_1_318' title='bbox 246 2754 382 2790; x_wconf 89' lang='lat' dir='ltr'>vocari</span> <span class='ocrx_word' id='word_1_319' title='bbox 402 2754 607 2790; x_wconf 86' lang='lat' dir='ltr'>consuevit</span> <span class='ocrx_word' id='word_1_320' title='bbox 624 2767 631 2788; x_wconf 89' lang='lat'><strong>:</strong></span> <span class='ocrx_word' id='word_1_321' title='bbox 651 2764 772 2800; x_wconf 89' lang='lat' dir='ltr'>quare</span> <span class='ocrx_word' id='word_1_322' title='bbox 801 2753 1021 2788; x_wconf 86' lang='lat' dir='ltr'>nominibus</span> <span class='ocrx_word' id='word_1_323' title='bbox 1046 2763 1110 2787; x_wconf 91' lang='lat' dir='ltr'>va-</span> 
     </span>
     <span class='ocr_line' id='line_1_51' title="bbox 157 2805 1110 2854; baseline -0.004 -10"><span class='ocrx_word' id='word_1_324' title='bbox 157 2809 227 2844; x_wconf 89' lang='lat' dir='ltr'>riis</span> <span class='ocrx_word' id='word_1_325' title='bbox 240 2818 320 2844; x_wconf 90' lang='lat' dir='ltr'>una</span> <span class='ocrx_word' id='word_1_326' title='bbox 339 2812 379 2844; x_wconf 92' lang='lat' dir='ltr'>et</span> <span class='ocrx_word' id='word_1_327' title='bbox 392 2808 530 2844; x_wconf 89' lang='lat' dir='ltr'>eadem</span> <span class='ocrx_word' id='word_1_328' title='bbox 551 2818 615 2843; x_wconf 90' lang='lat' dir='ltr'>res</span> <span class='ocrx_word' id='word_1_329' title='bbox 637 2807 977 2854; x_wconf 83' lang='lat' dir='ltr'>significabantur,</span> <span class='ocrx_word' id='word_1_330' title='bbox 990 2805 1110 2841; x_wconf 87' lang='lat' dir='ltr'>hunc-</span> 
     </span>
     <span class='ocr_line' id='line_1_52' title="bbox 158 2860 1107 2909; baseline -0.006 -11"><span class='ocrx_word' id='word_1_331' title='bbox 158 2873 232 2909; x_wconf 90' lang='lat' dir='ltr'>que</span> <span class='ocrx_word' id='word_1_332' title='bbox 259 2873 346 2898; x_wconf 89' lang='lat' dir='ltr'>esse</span> <span class='ocrx_word' id='word_1_333' title='bbox 372 2872 509 2898; x_wconf 88' lang='lat' dir='ltr'>verum</span> <span class='ocrx_word' id='word_1_334' title='bbox 537 2872 694 2896; x_wconf 86' lang='lat' dir='ltr'>sensum</span> <span class='ocrx_word' id='word_1_335' title='bbox 722 2871 863 2895; x_wconf 90' lang='lat' dir='ltr'>vocum</span> <span class='ocrx_word' id='word_1_336' title='bbox 890 2860 1107 2906; x_wconf 86' lang='lat' dir='ltr'>King-tien.</span> 
     </span>
     <span class='ocr_line' id='line_1_53' title="bbox 159 2913 1112 2962; baseline -0.003 -11"><span class='ocrx_word' id='word_1_337' title='bbox 159 2915 274 2951; x_wconf 90' lang='lat' dir='ltr'>Hanc</span> <span class='ocrx_word' id='word_1_338' title='bbox 300 2915 552 2962; x_wconf 89' lang='lat' dir='ltr'>imperatoris</span> <span class='ocrx_word' id='word_1_339' title='bbox 577 2914 886 2949; x_wconf 82' lang='lat' dir='ltr'>declarationem</span> <span class='ocrx_word' id='word_1_340' title='bbox 916 2913 1112 2960; x_wconf 87' lang='lat' dir='ltr'>principes</span> 
     </span>
     <span class='ocr_line' id='line_1_54' title="bbox 160 2966 1113 3014; baseline -0.005 -9"><span class='ocrx_word' id='word_1_341' title='bbox 160 2979 182 3005; x_wconf 84' lang='lat' dir='ltr'>e</span> <span class='ocrx_word' id='word_1_342' title='bbox 201 2969 408 3005; x_wconf 63' lang='lat' dir='ltr'>colonorum</span> <span class='ocrx_word' id='word_1_343' title='bbox 430 2968 566 3004; x_wconf 87' lang='lat' dir='ltr'>ordine</span> <span class='ocrx_word' id='word_1_344' title='bbox 585 2973 625 3003; x_wconf 89' lang='lat' dir='ltr'>et</span> <span class='ocrx_word' id='word_1_345' title='bbox 650 2967 765 3014; x_wconf 90' lang='lat' dir='ltr'>primi</span> <span class='ocrx_word' id='word_1_346' title='bbox 786 2967 822 3001; x_wconf 87' lang='lat' dir='ltr'>in</span> <span class='ocrx_word' id='word_1_347' title='bbox 851 2966 1016 3012; x_wconf 87' lang='lat' dir='ltr'>imperio</span> <span class='ocrx_word' id='word_1_348' title='bbox 1043 2966 1113 3000; x_wconf 91' lang='lat' dir='ltr'>mi-</span> 
     </span>
     <span class='ocr_line' id='line_1_55' title="bbox 162 3019 1114 3058; baseline -0.002 0"><span class='ocrx_word' id='word_1_349' title='bbox 162 3022 277 3058; x_wconf 88' lang='lat' dir='ltr'>nistri</span> <span class='ocrx_word' id='word_1_350' title='bbox 294 3034 364 3058; x_wconf 88' lang='lat' dir='ltr'>suo</span> <span class='ocrx_word' id='word_1_351' title='bbox 384 3021 607 3058; x_wconf 89' lang='lat' dir='ltr'>testimonio</span> <span class='ocrx_word' id='word_1_352' title='bbox 636 3021 934 3055; x_wconf 80' lang='lat' dir='ltr'>confirmarunt.</span> <span class='ocrx_word' id='word_1_353' title='bbox 953 3019 1114 3055; x_wconf 84' lang='lat' dir='ltr'>Praete·</span> 
     </span>
     <span class='ocr_line' id='line_1_56' title="bbox 162 3072 1112 3124; baseline -0.003 -14"><span class='ocrx_word' id='word_1_354' title='bbox 162 3086 233 3112; x_wconf 88' lang='lat' dir='ltr'>rea</span> <span class='ocrx_word' id='word_1_355' title='bbox 246 3075 420 3124; x_wconf 88' lang='lat' dir='ltr'>episcopi</span> <span class='ocrx_word' id='word_1_356' title='bbox 431 3073 715 3115; x_wconf 86' lang='lat' dir='ltr'>Nankinensis,</span> <span class='ocrx_word' id='word_1_357' title='bbox 733 3072 1026 3115; x_wconf 89' lang='lat' dir='ltr'>Ascalonensis‚</span> <span class='ocrx_word' id='word_1_358' title='bbox 1037 3073 1112 3107; x_wconf 91' lang='lat' dir='ltr'>An-</span> 
     </span>
     <span class='ocr_line' id='line_1_57' title="bbox 163 3125 1114 3169; baseline -0.003 -6"><span class='ocrx_word' id='word_1_359' title='bbox 163 3128 403 3165; x_wconf 89' lang='lat' dir='ltr'>drevillanus</span> <span class='ocrx_word' id='word_1_360' title='bbox 422 3132 461 3164; x_wconf 88' lang='lat' dir='ltr'>et</span> <span class='ocrx_word' id='word_1_361' title='bbox 480 3127 721 3169; x_wconf 80' lang='lat' dir='ltr'>Macaensis‚</span> <span class='ocrx_word' id='word_1_362' title='bbox 738 3125 1058 3168; x_wconf 86' lang='lat' dir='ltr'>considerantes,</span> <span class='ocrx_word' id='word_1_363' title='bbox 1077 3125 1114 3161; x_wconf 92' lang='lat' dir='ltr'>in</span> 
     </span>
     <span class='ocr_line' id='line_1_58' title="bbox 165 3178 1115 3228; baseline -0.005 -10"><span class='ocrx_word' id='word_1_364' title='bbox 165 3186 355 3228; x_wconf 89' lang='lat' dir='ltr'>quantum</span> <span class='ocrx_word' id='word_1_365' title='bbox 380 3181 592 3218; x_wconf 87' lang='lat' dir='ltr'>discrimen</span> <span class='ocrx_word' id='word_1_366' title='bbox 625 3179 764 3226; x_wconf 87' lang='lat' dir='ltr'>religio</span> <span class='ocrx_word' id='word_1_367' title='bbox 791 3178 1007 3214; x_wconf 89' lang='lat' dir='ltr'>christiana</span> <span class='ocrx_word' id='word_1_368' title='bbox 1030 3190 1115 3226; x_wconf 91' lang='lat' dir='ltr'>pro-</span> 
     </span>
     <span class='ocr_line' id='line_1_59' title="bbox 166 3228 1117 3282; baseline -0.001 -13"><span class='ocrx_word' id='word_1_369' title='bbox 166 3235 324 3282; x_wconf 87' lang='lat' dir='ltr'>scriptis</span> <span class='ocrx_word' id='word_1_370' title='bbox 349 3235 488 3271; x_wconf 89' lang='lat' dir='ltr'>ritibus</span> <span class='ocrx_word' id='word_1_371' title='bbox 505 3263 514 3278; x_wconf 86' lang='lat'>,</span> <span class='ocrx_word' id='word_1_372' title='bbox 539 3234 577 3269; x_wconf 90' lang='lat' dir='ltr'>in</span> <span class='ocrx_word' id='word_1_373' title='bbox 596 3234 692 3270; x_wconf 76' lang='lat' dir='ltr'>SIna</span> <span class='ocrx_word' id='word_1_374' title='bbox 719 3232 981 3270; x_wconf 90' lang='lat' dir='ltr'>coniiceretur</span> <span class='ocrx_word' id='word_1_375' title='bbox 997 3260 1006 3276; x_wconf 95' lang='lat'>‚</span> <span class='ocrx_word' id='word_1_376' title='bbox 1043 3228 1117 3268; x_wconf 79' lang='lat' dir='ltr'>Ro-</span> 
     </span>
    </p>
   </div>
   <div class='ocr_carea' id='block_1_3' title="bbox 1942 138 2022 177">
    <p class='ocr_par' dir='ltr' id='par_1_5' title="bbox 1942 138 2022 177">
     <span class='ocr_line' id='line_1_60' title="bbox 1942 138 2022 177; baseline 0 -1"><span class='ocrx_word' id='word_1_377' title='bbox 1942 138 2022 177; x_wconf 76' lang='lat'>253</span> 
     </span>
    </p>
   </div>
   <div class='ocr_carea' id='block_1_4' title="bbox 1132 219 2121 3270">
    <p class='ocr_par' dir='ltr' id='par_1_6' title="bbox 1132 219 2077 380">
     <span class='ocr_line' id='line_1_61' title="bbox 1132 219 2077 271; baseline -0.008 -9"><span class='ocrx_word' id='word_1_378' title='bbox 1132 237 1236 262; x_wconf 87' lang='lat' dir='ltr'>mam</span> <span class='ocrx_word' id='word_1_379' title='bbox 1257 224 1442 271; x_wconf 88' lang='lat' dir='ltr'>legarunt</span> <span class='ocrx_word' id='word_1_380' title='bbox 1460 222 1505 258; x_wconf 89' lang='lat' dir='ltr'>F.</span> <span class='ocrx_word' id='word_1_381' title='bbox 1522 222 1622 258; x_wconf 75' lang='lat' dir='ltr'>Noc}</span> <span class='ocrx_word' id='word_1_382' title='bbox 1642 224 1683 257; x_wconf 88' lang='lat' dir='ltr'>et</span> <span class='ocrx_word' id='word_1_383' title='bbox 1698 220 1743 258; x_wconf 84' lang='lat' dir='ltr'>C.</span> <span class='ocrx_word' id='word_1_384' title='bbox 1757 219 2077 263; x_wconf 87' lang='lat' dir='ltr'>Castner,1esui-</span> 
     </span>
     <span class='ocr_line' id='line_1_62' title="bbox 1134 272 2077 326; baseline -0.008 -11"><span class='ocrx_word' id='word_1_385' title='bbox 1134 278 1275 326; x_wconf 82' lang='lat' dir='ltr'>tas‚qui</span> <span class='ocrx_word' id='word_1_386' title='bbox 1290 289 1427 314; x_wconf 90' lang='lat' dir='ltr'>eorum</span> <span class='ocrx_word' id='word_1_387' title='bbox 1438 276 1596 312; x_wconf 90' lang='lat' dir='ltr'>nomine</span> <span class='ocrx_word' id='word_1_388' title='bbox 1612 273 1929 311; x_wconf 85' lang='lat' dir='ltr'>accusationibus</span> <span class='ocrx_word' id='word_1_389' title='bbox 1943 283 1967 308; x_wconf 87' lang='lat' dir='ltr'>a</span> <span class='ocrx_word' id='word_1_390' title='bbox 1978 272 2077 308; x_wconf 87' lang='lat' dir='ltr'>Mai-</span> 
     </span>
     <span class='ocr_line' id='line_1_63' title="bbox 1134 329 1773 380; baseline -0.009 -11"><span class='ocrx_word' id='word_1_391' title='bbox 1134 334 1260 380; x_wconf 86' lang='lat' dir='ltr'>grotio</span> <span class='ocrx_word' id='word_1_392' title='bbox 1279 331 1461 368; x_wconf 82' lang='lat' dir='ltr'>excitatis</span> <span class='ocrx_word' id='word_1_393' title='bbox 1480 329 1773 366; x_wconf 88' lang='lat' dir='ltr'>satisfacerent.</span> 
     </span>
    </p>

    <p class='ocr_par' dir='ltr' id='par_1_7' title="bbox 1134 382 2121 3270">
     <span class='ocr_line' id='line_1_64' title="bbox 1183 382 2084 429; baseline -0.007 -7"><span class='ocrx_word' id='word_1_394' title='bbox 1183 386 1248 422; x_wconf 82' lang='lat' dir='ltr'>Isti</span> <span class='ocrx_word' id='word_1_395' title='bbox 1267 385 1434 420; x_wconf 86' lang='lat' dir='ltr'>Romam</span> <span class='ocrx_word' id='word_1_396' title='bbox 1452 387 1648 420; x_wconf 84' lang='lat' dir='ltr'>venerunt</span> <span class='ocrx_word' id='word_1_397' title='bbox 1666 394 1728 418; x_wconf 89' lang='lat' dir='ltr'>an.</span> <span class='ocrx_word' id='word_1_398' title='bbox 1752 382 1858 424; x_wconf 83' lang='lat'>1700,</span> <span class='ocrx_word' id='word_1_399' title='bbox 1878 392 1951 429; x_wconf 90' lang='lat' dir='ltr'>quo</span> <span class='ocrx_word' id='word_1_400' title='bbox 1972 382 2084 418; x_wconf 91' lang='lat' dir='ltr'>Inno-</span> 
     </span>
     <span class='ocr_line' id='line_1_65' title="bbox 1134 435 2080 476; baseline -0.007 0"><span class='ocrx_word' id='word_1_401' title='bbox 1134 439 1261 476; x_wconf 87' lang='lat' dir='ltr'>centio</span> <span class='ocrx_word' id='word_1_402' title='bbox 1281 438 1351 473; x_wconf 86' lang='lat' dir='ltr'>XII</span> <span class='ocrx_word' id='word_1_403' title='bbox 1377 437 1567 473; x_wconf 82' lang='lat' dir='ltr'>successit</span> <span class='ocrx_word' id='word_1_404' title='bbox 1591 436 1775 473; x_wconf 91' lang='lat' dir='ltr'>Clemens</span> <span class='ocrx_word' id='word_1_405' title='bbox 1802 435 1868 470; x_wconf 88' lang='lat' dir='ltr'>XI.</span> <span class='ocrx_word' id='word_1_406' title='bbox 1891 435 1966 470; x_wconf 91' lang='lat' dir='ltr'>Hic</span> <span class='ocrx_word' id='word_1_407' title='bbox 1991 445 2080 470; x_wconf 90' lang='lat' dir='ltr'>con-</span> 
     </span>
     <span class='ocr_line' id='line_1_66' title="bbox 1137 487 2082 532; baseline -0.006 -3"><span class='ocrx_word' id='word_1_408' title='bbox 1137 491 1354 529; x_wconf 87' lang='lat' dir='ltr'>troversiae</span> <span class='ocrx_word' id='word_1_409' title='bbox 1373 490 1670 532; x_wconf 86' lang='lat' dir='ltr'>discussionem,</span> <span class='ocrx_word' id='word_1_410' title='bbox 1695 489 1765 525; x_wconf 92' lang='lat' dir='ltr'>sub</span> <span class='ocrx_word' id='word_1_411' title='bbox 1783 487 1993 525; x_wconf 87' lang='lat' dir='ltr'>decessore</span> <span class='ocrx_word' id='word_1_412' title='bbox 2012 497 2082 523; x_wconf 92' lang='lat' dir='ltr'>suo</span> 
     </span>
     <span class='ocr_line' id='line_1_67' title="bbox 1136 542 2085 593; baseline -0.006 -10"><span class='ocrx_word' id='word_1_413' title='bbox 1136 551 1332 593; x_wconf 86' lang='lat' dir='ltr'>coeptam,</span> <span class='ocrx_word' id='word_1_414' title='bbox 1347 548 1580 592; x_wconf 86' lang='lat' dir='ltr'>prosecutus</span> <span class='ocrx_word' id='word_1_415' title='bbox 1595 549 1666 579; x_wconf 91' lang='lat' dir='ltr'>est.</span> <span class='ocrx_word' id='word_1_416' title='bbox 1687 542 1990 583; x_wconf 87' lang='lat' dir='ltr'>Quaestionibus</span> <span class='ocrx_word' id='word_1_417' title='bbox 2008 542 2085 577; x_wconf 86' lang='lat' dir='ltr'>for-</span> 
     </span>
     <span class='ocr_line' id='line_1_68' title="bbox 1138 594 2084 645; baseline -0.006 -9"><span class='ocrx_word' id='word_1_418' title='bbox 1138 599 1289 636; x_wconf 85' lang='lat' dir='ltr'>mandis</span> <span class='ocrx_word' id='word_1_419' title='bbox 1308 601 1522 644; x_wconf 87' lang='lat' dir='ltr'>praeerant</span> <span class='ocrx_word' id='word_1_420' title='bbox 1540 602 1720 645; x_wconf 86' lang='lat' dir='ltr'>quatuor,</span> <span class='ocrx_word' id='word_1_421' title='bbox 1735 602 1778 632; x_wconf 90' lang='lat' dir='ltr'>ut</span> <span class='ocrx_word' id='word_1_422' title='bbox 1797 597 1919 639; x_wconf 87' lang='lat' dir='ltr'>aiunt,</span> <span class='ocrx_word' id='word_1_423' title='bbox 1937 594 2084 643; x_wconf 86' lang='lat' dir='ltr'>qualifi-</span> 
     </span>
     <span class='ocr_line' id='line_1_69' title="bbox 1139 648 2085 697; baseline -0.004 -9"><span class='ocrx_word' id='word_1_424' title='bbox 1139 658 1294 689; x_wconf 86' lang='lat' dir='ltr'>catores</span> <span class='ocrx_word' id='word_1_425' title='bbox 1310 680 1318 694; x_wconf 91' lang='lat'>,</span> <span class='ocrx_word' id='word_1_426' title='bbox 1340 662 1476 687; x_wconf 88' lang='lat' dir='ltr'>omnes</span> <span class='ocrx_word' id='word_1_427' title='bbox 1499 658 1566 686; x_wconf 93' lang='lat' dir='ltr'>aut</span> <span class='ocrx_word' id='word_1_428' title='bbox 1584 650 1792 697; x_wconf 85' lang='lat' dir='ltr'>generales</span> <span class='ocrx_word' id='word_1_429' title='bbox 1811 655 1879 685; x_wconf 87' lang='lat' dir='ltr'>aut</span> <span class='ocrx_word' id='word_1_430' title='bbox 1905 648 2085 685; x_wconf 87' lang='lat' dir='ltr'>commis·</span> 
     </span>
     <span class='ocr_line' id='line_1_70' title="bbox 1137 702 2083 752; baseline -0.005 -10"><span class='ocrx_word' id='word_1_431' title='bbox 1137 707 1232 742; x_wconf 88' lang='lat' dir='ltr'>sarii</span> <span class='ocrx_word' id='word_1_432' title='bbox 1249 705 1523 752; x_wconf 85' lang='lat' dir='ltr'>religiosorum</span> <span class='ocrx_word' id='word_1_433' title='bbox 1539 704 1744 740; x_wconf 86' lang='lat' dir='ltr'>Ordinum.</span> <span class='ocrx_word' id='word_1_434' title='bbox 1763 703 1982 739; x_wconf 86' lang='lat' dir='ltr'>Praeterea</span> <span class='ocrx_word' id='word_1_435' title='bbox 1999 702 2083 739; x_wconf 89' lang='lat' dir='ltr'>Cle-</span> 
     </span>
     <span class='ocr_line' id='line_1_71' title="bbox 1141 756 2083 796; baseline -0.005 0"><span class='ocrx_word' id='word_1_436' title='bbox 1141 771 1251 796; x_wconf 90' lang='lat' dir='ltr'>mens</span> <span class='ocrx_word' id='word_1_437' title='bbox 1270 759 1323 794; x_wconf 85' lang='lat' dir='ltr'>XI</span> <span class='ocrx_word' id='word_1_438' title='bbox 1343 769 1406 794; x_wconf 89' lang='lat' dir='ltr'>an.</span> <span class='ocrx_word' id='word_1_439' title='bbox 1426 758 1519 796; x_wconf 76' lang='grc'>1702</span> <span class='ocrx_word' id='word_1_440' title='bbox 1537 759 1578 795; x_wconf 92' lang='lat' dir='ltr'>C.</span> <span class='ocrx_word' id='word_1_441' title='bbox 1596 758 1667 793; x_wconf 79' lang='lat' dir='ltr'>Th.</span> <span class='ocrx_word' id='word_1_442' title='bbox 1686 757 1872 792; x_wconf 86' lang='lat' dir='ltr'>Maillard</span> <span class='ocrx_word' id='word_1_443' title='bbox 1892 756 1941 792; x_wconf 90' lang='lat' dir='ltr'>du</span> <span class='ocrx_word' id='word_1_444' title='bbox 1961 756 2083 792; x_wconf 87' lang='lat' dir='ltr'>Tour-</span> 
     </span>
     <span class='ocr_line' id='line_1_72' title="bbox 1142 810 2084 857; baseline -0.005 -7"><span class='ocrx_word' id='word_1_445' title='bbox 1142 826 1232 857; x_wconf 91' lang='lat' dir='ltr'>non,</span> <span class='ocrx_word' id='word_1_446' title='bbox 1252 813 1591 849; x_wconf 77' lang='lat' dir='ltr'>pedemontanum</span> <span class='ocrx_word' id='word_1_447' title='bbox 1612 840 1620 854; x_wconf 92' lang='lat'>‚</span> <span class='ocrx_word' id='word_1_448' title='bbox 1639 811 1791 847; x_wconf 90' lang='lat' dir='ltr'>creavit</span> <span class='ocrx_word' id='word_1_449' title='bbox 1816 810 2084 857; x_wconf 86' lang='lat' dir='ltr'>patriarcham</span> 
     </span>
     <span class='ocr_line' id='line_1_73' title="bbox 1143 863 2088 909; baseline -0.006 -5"><span class='ocrx_word' id='word_1_450' title='bbox 1143 867 1431 904; x_wconf 84' lang='lat' dir='ltr'>Antiochenum</span> <span class='ocrx_word' id='word_1_451' title='bbox 1451 895 1459 909; x_wconf 94' lang='lat'>,</span> <span class='ocrx_word' id='word_1_452' title='bbox 1487 865 1801 901; x_wconf 87' lang='lat' dir='ltr'>commissarium</span> <span class='ocrx_word' id='word_1_453' title='bbox 1829 869 1869 900; x_wconf 90' lang='lat' dir='ltr'>et</span> <span class='ocrx_word' id='word_1_454' title='bbox 1901 863 2088 900; x_wconf 87' lang='lat' dir='ltr'>Visitato-</span> 
     </span>
     <span class='ocr_line' id='line_1_74' title="bbox 1142 917 2087 968; baseline -0.006 -10"><span class='ocrx_word' id='word_1_455' title='bbox 1142 933 1226 958; x_wconf 89' lang='lat' dir='ltr'>rem</span> <span class='ocrx_word' id='word_1_456' title='bbox 1247 921 1508 968; x_wconf 88' lang='lat' dir='ltr'>apostolicum</span> <span class='ocrx_word' id='word_1_457' title='bbox 1529 930 1617 955; x_wconf 86' lang='lat' dir='ltr'>cum</span> <span class='ocrx_word' id='word_1_458' title='bbox 1636 922 1832 966; x_wconf 85' lang='lat' dir='ltr'>potestate</span> <span class='ocrx_word' id='word_1_459' title='bbox 1855 917 1976 964; x_wconf 87' lang='lat' dir='ltr'>legati</span> <span class='ocrx_word' id='word_1_460' title='bbox 1995 928 2018 953; x_wconf 88' lang='lat' dir='ltr'>a</span> <span class='ocrx_word' id='word_1_461' title='bbox 2036 917 2087 952; x_wconf 89' lang='lat' dir='ltr'>la-</span> 
     </span>
     <span class='ocr_line' id='line_1_75' title="bbox 1141 972 2089 1012; baseline -0.007 -1"><span class='ocrx_word' id='word_1_462' title='bbox 1141 980 1226 1012; x_wconf 89' lang='lat' dir='ltr'>tere</span> <span class='ocrx_word' id='word_1_463' title='bbox 1254 975 1293 1010; x_wconf 88' lang='lat' dir='ltr'>iu</span> <span class='ocrx_word' id='word_1_464' title='bbox 1322 974 1426 1010; x_wconf 86' lang='lat' dir='ltr'>Sinis</span> <span class='ocrx_word' id='word_1_465' title='bbox 1451 978 1491 1010; x_wconf 88' lang='lat' dir='ltr'>et</span> <span class='ocrx_word' id='word_1_466' title='bbox 1516 972 1631 1008; x_wconf 88' lang='lat' dir='ltr'>Indiis</span> <span class='ocrx_word' id='word_1_467' title='bbox 1649 972 1918 1008; x_wconf 85' lang='lat' dir='ltr'>orientalibus.</span> <span class='ocrx_word' id='word_1_468' title='bbox 1936 973 1971 1007; x_wconf 90' lang='lat' dir='ltr'>Is</span> <span class='ocrx_word' id='word_1_469' title='bbox 1986 981 2089 1006; x_wconf 87' lang='lat' dir='ltr'>anno</span> 
     </span>
     <span class='ocr_line' id='line_1_76' title="bbox 1140 1024 2090 1077; baseline -0.008 -11"><span class='ocrx_word' id='word_1_470' title='bbox 1140 1029 1335 1077; x_wconf 88' lang='lat' dir='ltr'>sequenti,</span> <span class='ocrx_word' id='word_1_471' title='bbox 1351 1028 1578 1076; x_wconf 87' lang='lat' dir='ltr'>priusquam</span> <span class='ocrx_word' id='word_1_472' title='bbox 1595 1037 1626 1061; x_wconf 90' lang='lat' dir='ltr'>s.</span> <span class='ocrx_word' id='word_1_473' title='bbox 1650 1025 1832 1062; x_wconf 83' lang='lat' dir='ltr'>Officium</span> <span class='ocrx_word' id='word_1_474' title='bbox 1852 1024 2090 1061; x_wconf 88' lang='lat' dir='ltr'>sententiam</span> 
     </span>
     <span class='ocr_line' id='line_1_77' title="bbox 1141 1079 2091 1125; baseline -0.007 -6"><span class='ocrx_word' id='word_1_475' title='bbox 1141 1084 1187 1119; x_wconf 92' lang='lat' dir='ltr'>de</span> <span class='ocrx_word' id='word_1_476' title='bbox 1208 1083 1347 1118; x_wconf 90' lang='lat' dir='ltr'>ritibus</span> <span class='ocrx_word' id='word_1_477' title='bbox 1365 1081 1537 1117; x_wconf 88' lang='lat' dir='ltr'>dedisset</span> <span class='ocrx_word' id='word_1_478' title='bbox 1554 1109 1562 1123; x_wconf 92' lang='lat'>,</span> <span class='ocrx_word' id='word_1_479' title='bbox 1582 1080 1710 1115; x_wconf 79' lang='lat' dir='ltr'>Roma</span> <span class='ocrx_word' id='word_1_480' title='bbox 1728 1079 1927 1125; x_wconf 87' lang='lat' dir='ltr'>profectus</span> <span class='ocrx_word' id='word_1_481' title='bbox 1948 1106 1956 1120; x_wconf 94' lang='lat'>,</span> <span class='ocrx_word' id='word_1_482' title='bbox 1974 1088 2091 1124; x_wconf 90' lang='lat' dir='ltr'>quum</span> 
     </span>
     <span class='ocr_line' id='line_1_78' title="bbox 1142 1131 2093 1176; baseline -0.007 -4"><span class='ocrx_word' id='word_1_483' title='bbox 1142 1138 1180 1172; x_wconf 92' lang='lat' dir='ltr'>in</span> <span class='ocrx_word' id='word_1_484' title='bbox 1200 1136 1463 1172; x_wconf 88' lang='lat' dir='ltr'>Malabariam</span> <span class='ocrx_word' id='word_1_485' title='bbox 1483 1134 1669 1176; x_wconf 86' lang='lat' dir='ltr'>venisset,</span> <span class='ocrx_word' id='word_1_486' title='bbox 1691 1143 1755 1168; x_wconf 88' lang='lat' dir='ltr'>an.</span> <span class='ocrx_word' id='word_1_487' title='bbox 1779 1131 1871 1169; x_wconf 78' lang='lat'>1704</span> <span class='ocrx_word' id='word_1_488' title='bbox 1887 1131 1946 1167; x_wconf 77' lang='lat' dir='ltr'>1x⁰</span> <span class='ocrx_word' id='word_1_489' title='bbox 1966 1131 2093 1166; x_wconf 87' lang='lat' dir='ltr'>calen-</span> 
     </span>
     <span class='ocr_line' id='line_1_79' title="bbox 1142 1184 2094 1231; baseline -0.006 -5"><span class='ocrx_word' id='word_1_490' title='bbox 1142 1191 1211 1226; x_wconf 87' lang='lat' dir='ltr'>das</span> <span class='ocrx_word' id='word_1_491' title='bbox 1242 1190 1322 1226; x_wconf 91' lang='lat' dir='ltr'>iulii</span> <span class='ocrx_word' id='word_1_492' title='bbox 1350 1187 1600 1224; x_wconf 84' lang='lat' dir='ltr'>Pondicherii</span> <span class='ocrx_word' id='word_1_493' title='bbox 1618 1216 1627 1231; x_wconf 91' lang='lat'><strong>‚</strong></span> <span class='ocrx_word' id='word_1_494' title='bbox 1655 1185 1799 1222; x_wconf 88' lang='lat' dir='ltr'>auditis</span> <span class='ocrx_word' id='word_1_495' title='bbox 1830 1189 1871 1221; x_wconf 91' lang='lat' dir='ltr'>et</span> <span class='ocrx_word' id='word_1_496' title='bbox 1904 1184 2094 1220; x_wconf 88' lang='lat' dir='ltr'>consultis</span> 
     </span>
     <span class='ocr_line' id='line_1_80' title="bbox 1143 1237 2093 1285; baseline -0.009 -4"><span class='ocrx_word' id='word_1_497' title='bbox 1143 1244 1400 1281; x_wconf 86' lang='lat' dir='ltr'>missionariis</span> <span class='ocrx_word' id='word_1_498' title='bbox 1418 1241 1571 1278; x_wconf 88' lang='lat' dir='ltr'>Iesuitis</span> <span class='ocrx_word' id='word_1_499' title='bbox 1587 1269 1595 1285; x_wconf 91' lang='lat'>,</span> <span class='ocrx_word' id='word_1_500' title='bbox 1622 1240 1825 1276; x_wconf 88' lang='lat' dir='ltr'>decretum</span> <span class='ocrx_word' id='word_1_501' title='bbox 1845 1238 1951 1274; x_wconf 89' lang='lat' dir='ltr'>dedit</span> <span class='ocrx_word' id='word_1_502' title='bbox 1976 1237 2026 1274; x_wconf 88' lang='lat' dir='ltr'>de</span> <span class='ocrx_word' id='word_1_503' title='bbox 2045 1238 2093 1273; x_wconf 88' lang='lat' dir='ltr'>ri-</span> 
     </span>
     <span class='ocr_line' id='line_1_81' title="bbox 1144 1291 2094 1340; baseline -0.009 -5"><span class='ocrx_word' id='word_1_504' title='bbox 1144 1299 1245 1335; x_wconf 88' lang='lat' dir='ltr'>tibus</span> <span class='ocrx_word' id='word_1_505' title='bbox 1263 1303 1301 1334; x_wconf 93' lang='lat' dir='ltr'>et</span> <span class='ocrx_word' id='word_1_506' title='bbox 1318 1297 1452 1333; x_wconf 83' lang='lat' dir='ltr'>usibus</span> <span class='ocrx_word' id='word_1_507' title='bbox 1480 1294 1760 1336; x_wconf 84' lang='lat' dir='ltr'>Malabaricis‚</span> <span class='ocrx_word' id='word_1_508' title='bbox 1785 1293 1823 1328; x_wconf 91' lang='lat' dir='ltr'>in</span> <span class='ocrx_word' id='word_1_509' title='bbox 1850 1303 1925 1340; x_wconf 92' lang='lat' dir='ltr'>quo</span> <span class='ocrx_word' id='word_1_510' title='bbox 1952 1291 2094 1327; x_wconf 92' lang='lat' dir='ltr'>consti-</span> 
     </span>
     <span class='ocr_line' id='line_1_82' title="bbox 1144 1345 2095 1395; baseline -0.008 -7"><span class='ocrx_word' id='word_1_511' title='bbox 1144 1353 1283 1395; x_wconf 90' lang='lat' dir='ltr'>tuit,ut</span> <span class='ocrx_word' id='word_1_512' title='bbox 1298 1352 1336 1386; x_wconf 91' lang='lat' dir='ltr'>in</span> <span class='ocrx_word' id='word_1_513' title='bbox 1351 1348 1664 1387; x_wconf 90' lang='lat' dir='ltr'>administrando</span> <span class='ocrx_word' id='word_1_514' title='bbox 1680 1347 1874 1393; x_wconf 91' lang='lat' dir='ltr'>baptismo</span> <span class='ocrx_word' id='word_1_515' title='bbox 1888 1357 1966 1381; x_wconf 90' lang='lat' dir='ltr'>non</span> <span class='ocrx_word' id='word_1_516' title='bbox 1984 1345 2095 1381; x_wconf 90' lang='lat' dir='ltr'>omit-</span> 
     </span>
     <span class='ocr_line' id='line_1_83' title="bbox 1144 1400 2097 1447; baseline -0.008 -5"><span class='ocrx_word' id='word_1_517' title='bbox 1144 1410 1322 1442; x_wconf 88' lang='lat' dir='ltr'>terentur</span> <span class='ocrx_word' id='word_1_518' title='bbox 1341 1402 1651 1440; x_wconf 88' lang='lat' dir='ltr'>sacramentalia</span> <span class='ocrx_word' id='word_1_519' title='bbox 1668 1413 1677 1445; x_wconf 89' lang='grc'>;</span> <span class='ocrx_word' id='word_1_520' title='bbox 1697 1402 1893 1447; x_wconf 87' lang='lat' dir='ltr'>baptizato</span> <span class='ocrx_word' id='word_1_521' title='bbox 1922 1400 2097 1447; x_wconf 89' lang='lat' dir='ltr'>impone-</span> 
     </span>
     <span class='ocr_line' id='line_1_84' title="bbox 1146 1451 2098 1499; baseline -0.009 -4"><span class='ocrx_word' id='word_1_522' title='bbox 1146 1464 1256 1495; x_wconf 84' lang='lat' dir='ltr'>retur</span> <span class='ocrx_word' id='word_1_523' title='bbox 1274 1470 1419 1494; x_wconf 91' lang='lat' dir='ltr'>nomen</span> <span class='ocrx_word' id='word_1_524' title='bbox 1439 1457 1604 1493; x_wconf 88' lang='lat' dir='ltr'>alicuius</span> <span class='ocrx_word' id='word_1_525' title='bbox 1623 1455 1772 1496; x_wconf 86' lang='lat' dir='ltr'>Sancti;</span> <span class='ocrx_word' id='word_1_526' title='bbox 1801 1453 1957 1489; x_wconf 89' lang='lat' dir='ltr'>collatio</span> <span class='ocrx_word' id='word_1_527' title='bbox 1976 1451 2098 1499; x_wconf 87' lang='lat' dir='ltr'>bapti-</span> 
     </span>
     <span class='ocr_line' id='line_1_85' title="bbox 1145 1506 2098 1556; baseline -0.007 -8"><span class='ocrx_word' id='word_1_528' title='bbox 1145 1513 1219 1548; x_wconf 90' lang='lat' dir='ltr'>smi</span> <span class='ocrx_word' id='word_1_529' title='bbox 1240 1512 1452 1547; x_wconf 85' lang='lat' dir='ltr'>infantibus</span> <span class='ocrx_word' id='word_1_530' title='bbox 1470 1522 1545 1546; x_wconf 91' lang='lat' dir='ltr'>non</span> <span class='ocrx_word' id='word_1_531' title='bbox 1562 1508 1876 1556; x_wconf 82' lang='lat' dir='ltr'>protraheretur3</span> <span class='ocrx_word' id='word_1_532' title='bbox 1895 1506 2098 1542; x_wconf 86' lang='lat' dir='ltr'>matrimo-</span> 
     </span>
     <span class='ocr_line' id='line_1_86' title="bbox 1148 1560 2098 1612; baseline -0.008 -10"><span class='ocrx_word' id='word_1_533' title='bbox 1148 1567 1212 1602; x_wconf 89' lang='lat' dir='ltr'>nia</span> <span class='ocrx_word' id='word_1_534' title='bbox 1228 1578 1303 1602; x_wconf 91' lang='lat' dir='ltr'>non</span> <span class='ocrx_word' id='word_1_535' title='bbox 1320 1565 1644 1612; x_wconf 88' lang='lat' dir='ltr'>permitterentur</span> <span class='ocrx_word' id='word_1_536' title='bbox 1659 1561 1840 1597; x_wconf 86' lang='lat' dir='ltr'>contrahi</span> <span class='ocrx_word' id='word_1_537' title='bbox 1854 1561 1958 1596; x_wconf 90' lang='lat' dir='ltr'>inter</span> <span class='ocrx_word' id='word_1_538' title='bbox 1973 1560 2098 1595; x_wconf 86' lang='lat' dir='ltr'>infan-</span> 
     </span>
     <span class='ocr_line' id='line_1_87' title="bbox 1151 1613 2097 1659; baseline -0.01 -3"><span class='ocrx_word' id='word_1_539' title='bbox 1151 1625 1209 1656; x_wconf 88' lang='lat' dir='ltr'>tes</span> <span class='ocrx_word' id='word_1_540' title='bbox 1227 1621 1249 1655; x_wconf 88' lang='lat'>6</span> <span class='ocrx_word' id='word_1_541' title='bbox 1264 1620 1361 1655; x_wconf 77' lang='lat' dir='ltr'>ve17</span> <span class='ocrx_word' id='word_1_542' title='bbox 1377 1628 1584 1659; x_wconf 88' lang='lat' dir='ltr'>annorum,</span> <span class='ocrx_word' id='word_1_543' title='bbox 1601 1620 1645 1651; x_wconf 91' lang='lat' dir='ltr'>ut</span> <span class='ocrx_word' id='word_1_544' title='bbox 1658 1615 1780 1650; x_wconf 88' lang='lat' dir='ltr'>moris</span> <span class='ocrx_word' id='word_1_545' title='bbox 1794 1618 1895 1655; x_wconf 83' lang='lat' dir='ltr'>erat;</span> <span class='ocrx_word' id='word_1_546' title='bbox 1912 1613 2097 1649; x_wconf 88' lang='lat' dir='ltr'>mulieres</span> 
     </span>
     <span class='ocr_line' id='line_1_88' title="bbox 1152 1667 2099 1719; baseline -0.008 -11"><span class='ocrx_word' id='word_1_547' title='bbox 1152 1674 1188 1708; x_wconf 87' lang='lat' dir='ltr'>in</span> <span class='ocrx_word' id='word_1_548' title='bbox 1210 1673 1364 1719; x_wconf 85' lang='lat' dir='ltr'>signum</span> <span class='ocrx_word' id='word_1_549' title='bbox 1395 1670 1635 1707; x_wconf 82' lang='lat' dir='ltr'>matrimonii</span> <span class='ocrx_word' id='word_1_550' title='bbox 1662 1680 1711 1705; x_wconf 86' lang='lat' dir='ltr'>ex</span> <span class='ocrx_word' id='word_1_551' title='bbox 1737 1668 1836 1704; x_wconf 89' lang='lat' dir='ltr'>collo</span> <span class='ocrx_word' id='word_1_552' title='bbox 1862 1667 2099 1714; x_wconf 86' lang='lat' dir='ltr'>pendentem</span> 
     </span>
     <span class='ocr_line' id='line_1_89' title="bbox 1150 1724 2098 1771; baseline -0.007 -10"><span class='ocrx_word' id='word_1_553' title='bbox 1150 1738 1226 1761; x_wconf 93' lang='lat' dir='ltr'>non</span> <span class='ocrx_word' id='word_1_554' title='bbox 1246 1726 1449 1762; x_wconf 85' lang='lat' dir='ltr'>deferrent</span> <span class='ocrx_word' id='word_1_555' title='bbox 1467 1724 1580 1771; x_wconf 76' lang='lat' dir='ltr'>Tally</span> <span class='ocrx_word' id='word_1_556' title='bbox 1599 1735 1668 1759; x_wconf 92' lang='lat' dir='ltr'>seu</span> <span class='ocrx_word' id='word_1_557' title='bbox 1693 1732 1856 1758; x_wconf 89' lang='lat' dir='ltr'>auream</span> <span class='ocrx_word' id='word_1_558' title='bbox 1876 1726 2070 1757; x_wconf 88' lang='lat' dir='ltr'>tesseram</span> <span class='ocrx_word' id='word_1_559' title='bbox 2090 1746 2098 1762; x_wconf 84' lang='lat'><strong><em>‚</em></strong></span> 
     </span>
     <span class='ocr_line' id='line_1_90' title="bbox 1148 1774 2095 1827; baseline -0.008 -11"><span class='ocrx_word' id='word_1_560' title='bbox 1148 1791 1247 1827; x_wconf 85' lang='lat' dir='ltr'>quae</span> <span class='ocrx_word' id='word_1_561' title='bbox 1268 1790 1363 1826; x_wconf 89' lang='lat' dir='ltr'>prae</span> <span class='ocrx_word' id='word_1_562' title='bbox 1383 1791 1424 1815; x_wconf 92' lang='lat' dir='ltr'>se</span> <span class='ocrx_word' id='word_1_563' title='bbox 1444 1779 1600 1814; x_wconf 88' lang='lat' dir='ltr'>ferebat</span> <span class='ocrx_word' id='word_1_564' title='bbox 1617 1777 1829 1824; x_wconf 87' lang='lat' dir='ltr'>imaginem</span> <span class='ocrx_word' id='word_1_565' title='bbox 1858 1774 2069 1822; x_wconf 83' lang='lat' dir='ltr'>Pyllaiaris</span> <span class='ocrx_word' id='word_1_566' title='bbox 2087 1801 2095 1813; x_wconf 87' lang='lat'>,</span> 
     </span>
     <span class='ocr_line' id='line_1_91' title="bbox 1148 1828 2099 1881; baseline -0.008 -11"><span class='ocrx_word' id='word_1_567' title='bbox 1148 1834 1240 1870; x_wconf 87' lang='lat' dir='ltr'>idoli</span> <span class='ocrx_word' id='word_1_568' title='bbox 1268 1834 1414 1881; x_wconf 88' lang='lat' dir='ltr'>nuptiis</span> <span class='ocrx_word' id='word_1_569' title='bbox 1442 1831 1684 1880; x_wconf 86' lang='lat' dir='ltr'>praepositi,</span> <span class='ocrx_word' id='word_1_570' title='bbox 1723 1841 1849 1877; x_wconf 89' lang='lat' dir='ltr'>neque</span> <span class='ocrx_word' id='word_1_571' title='bbox 1882 1828 2099 1864; x_wconf 88' lang='lat' dir='ltr'>funiculum</span> 
     </span>
     <span class='ocr_line' id='line_1_92' title="bbox 1150 1882 2099 1931; baseline -0.007 -7"><span class='ocrx_word' id='word_1_572' title='bbox 1150 1894 1309 1925; x_wconf 88' lang='lat' dir='ltr'>centum</span> <span class='ocrx_word' id='word_1_573' title='bbox 1330 1892 1369 1924; x_wconf 90' lang='lat' dir='ltr'>et</span> <span class='ocrx_word' id='word_1_574' title='bbox 1387 1892 1475 1923; x_wconf 89' lang='lat' dir='ltr'>octo</span> <span class='ocrx_word' id='word_1_575' title='bbox 1494 1887 1665 1928; x_wconf 86' lang='lat' dir='ltr'>filorum;</span> <span class='ocrx_word' id='word_1_576' title='bbox 1685 1886 1913 1931; x_wconf 89' lang='lat' dir='ltr'>nuptiarum</span> <span class='ocrx_word' id='word_1_577' title='bbox 1932 1883 2031 1918; x_wconf 87' lang='lat' dir='ltr'>ritus</span> <span class='ocrx_word' id='word_1_578' title='bbox 2050 1882 2099 1917; x_wconf 84' lang='lat' dir='ltr'>ab</span> 
     </span>
     <span class='ocr_line' id='line_1_93' title="bbox 1150 1936 2102 1989; baseline -0.008 -11"><span class='ocrx_word' id='word_1_579' title='bbox 1150 1943 1254 1978; x_wconf 89' lang='lat' dir='ltr'>omni</span> <span class='ocrx_word' id='word_1_580' title='bbox 1269 1941 1549 1989; x_wconf 84' lang='lat' dir='ltr'>superstitione</span> <span class='ocrx_word' id='word_1_581' title='bbox 1565 1941 1898 1986; x_wconf 81' lang='lat' dir='ltr'>expurgarentur;</span> <span class='ocrx_word' id='word_1_582' title='bbox 1915 1936 2102 1971; x_wconf 90' lang='lat' dir='ltr'>mulieres</span> 
     </span>
     <span class='ocr_line' id='line_1_94' title="bbox 1152 1990 2101 2033; baseline -0.008 -1"><span class='ocrx_word' id='word_1_583' title='bbox 1152 2007 1273 2033; x_wconf 85' lang='lat' dir='ltr'>causa</span> <span class='ocrx_word' id='word_1_584' title='bbox 1298 1998 1591 2031; x_wconf 89' lang='lat' dir='ltr'>menstruorum</span> <span class='ocrx_word' id='word_1_585' title='bbox 1619 2004 1696 2028; x_wconf 92' lang='lat' dir='ltr'>non</span> <span class='ocrx_word' id='word_1_586' title='bbox 1722 1995 1959 2028; x_wconf 90' lang='lat' dir='ltr'>arcerentur</span> <span class='ocrx_word' id='word_1_587' title='bbox 1986 2001 2010 2025; x_wconf 89' lang='lat' dir='ltr'>a</span> <span class='ocrx_word' id='word_1_588' title='bbox 2035 1990 2101 2025; x_wconf 87' lang='lat' dir='ltr'>Sa-</span> 
     </span>
     <span class='ocr_line' id='line_1_95' title="bbox 1153 2043 2103 2093; baseline -0.008 -7"><span class='ocrx_word' id='word_1_589' title='bbox 1153 2049 1368 2086; x_wconf 87' lang='lat' dir='ltr'>cramentis</span> <span class='ocrx_word' id='word_1_590' title='bbox 1386 2061 1394 2093; x_wconf 83' lang='lat'>3</span> <span class='ocrx_word' id='word_1_591' title='bbox 1413 2048 1592 2084; x_wconf 88' lang='lat' dir='ltr'>omnibus</span> <span class='ocrx_word' id='word_1_592' title='bbox 1610 2075 1618 2090; x_wconf 94' lang='lat'>,</span> <span class='ocrx_word' id='word_1_593' title='bbox 1639 2047 1759 2082; x_wconf 92' lang='lat' dir='ltr'>etiam</span> <span class='ocrx_word' id='word_1_594' title='bbox 1780 2045 1910 2093; x_wconf 85' lang='lat' dir='ltr'>parcis</span> <span class='ocrx_word' id='word_1_595' title='bbox 1929 2055 2000 2080; x_wconf 90' lang='lat' dir='ltr'>seu</span> <span class='ocrx_word' id='word_1_596' title='bbox 2019 2043 2103 2079; x_wconf 87' lang='lat' dir='ltr'>infi-</span> 
     </span>
     <span class='ocr_line' id='line_1_96' title="bbox 1154 2097 2103 2146; baseline -0.008 -6"><span class='ocrx_word' id='word_1_597' title='bbox 1154 2115 1241 2140; x_wconf 87' lang='lat' dir='ltr'>mae</span> <span class='ocrx_word' id='word_1_598' title='bbox 1262 2103 1493 2139; x_wconf 89' lang='lat' dir='ltr'>conditionis</span> <span class='ocrx_word' id='word_1_599' title='bbox 1511 2100 1752 2143; x_wconf 88' lang='lat' dir='ltr'>hominibus,</span> <span class='ocrx_word' id='word_1_600' title='bbox 1771 2098 1992 2146; x_wconf 89' lang='lat' dir='ltr'>spiritualia</span> <span class='ocrx_word' id='word_1_601' title='bbox 2016 2097 2103 2133; x_wconf 90' lang='lat' dir='ltr'>sub-</span> 
     </span>
     <span class='ocr_line' id='line_1_97' title="bbox 1153 2154 2101 2200; baseline -0.007 -6"><span class='ocrx_word' id='word_1_602' title='bbox 1153 2158 1250 2194; x_wconf 88' lang='lat' dir='ltr'>sidia</span> <span class='ocrx_word' id='word_1_603' title='bbox 1269 2158 1389 2194; x_wconf 89' lang='lat' dir='ltr'>etiam</span> <span class='ocrx_word' id='word_1_604' title='bbox 1417 2158 1453 2191; x_wconf 90' lang='lat' dir='ltr'>in</span> <span class='ocrx_word' id='word_1_605' title='bbox 1481 2166 1619 2191; x_wconf 88' lang='lat' dir='ltr'>eorum</span> <span class='ocrx_word' id='word_1_606' title='bbox 1647 2154 1824 2189; x_wconf 85' lang='lat' dir='ltr'>domibus</span> <span class='ocrx_word' id='word_1_607' title='bbox 1851 2157 2101 2200; x_wconf 86' lang='lat' dir='ltr'>praestaren-</span> 
     </span>
     <span class='ocr_line' id='line_1_98' title="bbox 1156 2207 2106 2255; baseline -0.007 -7"><span class='ocrx_word' id='word_1_608' title='bbox 1156 2208 1716 2255; x_wconf 80' lang='lat' dir='ltr'>tur3ConstitutioniGregorii</span> <span class='ocrx_word' id='word_1_609' title='bbox 1732 2207 1806 2243; x_wconf 87' lang='lat' dir='ltr'>XV</span> <span class='ocrx_word' id='word_1_610' title='bbox 1823 2207 1930 2242; x_wconf 86' lang='lat' dir='ltr'>circa</span> <span class='ocrx_word' id='word_1_611' title='bbox 1944 2207 2106 2242; x_wconf 89' lang='lat' dir='ltr'>lavacra</span> 
     </span>
     <span class='ocr_line' id='line_1_99' title="bbox 1156 2261 2105 2310; baseline -0.008 -8"><span class='ocrx_word' id='word_1_612' title='bbox 1156 2271 1195 2302; x_wconf 87' lang='lat' dir='ltr'>et</span> <span class='ocrx_word' id='word_1_613' title='bbox 1223 2265 1443 2301; x_wconf 88' lang='lat' dir='ltr'>ablutiones</span> <span class='ocrx_word' id='word_1_614' title='bbox 1461 2263 1532 2310; x_wconf 88' lang='lat' dir='ltr'>ipsi</span> <span class='ocrx_word' id='word_1_615' title='bbox 1559 2262 1716 2298; x_wconf 79' lang='lat' dir='ltr'>obnoxii</span> <span class='ocrx_word' id='word_1_616' title='bbox 1744 2265 1876 2297; x_wconf 87' lang='lat' dir='ltr'>essent</span> <span class='ocrx_word' id='word_1_617' title='bbox 1902 2261 2105 2296; x_wconf 89' lang='lat' dir='ltr'>missiona-</span> 
     </span>
     <span class='ocr_line' id='line_1_100' title="bbox 1158 2314 2107 2363; baseline -0.005 -9"><span class='ocrx_word' id='word_1_618' title='bbox 1158 2319 1220 2363; x_wconf 78' lang='lat' dir='ltr'>rii;</span> <span class='ocrx_word' id='word_1_619' title='bbox 1249 2318 1462 2356; x_wconf 85' lang='lat' dir='ltr'>Christiani</span> <span class='ocrx_word' id='word_1_620' title='bbox 1482 2317 1586 2352; x_wconf 90' lang='lat' dir='ltr'>tibiis</span> <span class='ocrx_word' id='word_1_621' title='bbox 1605 2316 1744 2351; x_wconf 88' lang='lat' dir='ltr'>aliisve</span> <span class='ocrx_word' id='word_1_622' title='bbox 1764 2314 1935 2350; x_wconf 86' lang='lat' dir='ltr'>musices</span> <span class='ocrx_word' id='word_1_623' title='bbox 1963 2314 2107 2349; x_wconf 84' lang='lat' dir='ltr'>instru-</span> 
     </span>
     <span class='ocr_line' id='line_1_101' title="bbox 1158 2367 2108 2418; baseline -0.006 -11"><span class='ocrx_word' id='word_1_624' title='bbox 1158 2372 1313 2414; x_wconf 90' lang='lat' dir='ltr'>mentis,</span> <span class='ocrx_word' id='word_1_625' title='bbox 1335 2383 1408 2407; x_wconf 90' lang='lat' dir='ltr'>nec</span> <span class='ocrx_word' id='word_1_626' title='bbox 1428 2372 1467 2406; x_wconf 91' lang='lat' dir='ltr'>in</span> <span class='ocrx_word' id='word_1_627' title='bbox 1485 2370 1663 2418; x_wconf 82' lang='lat' dir='ltr'>pagodiis</span> <span class='ocrx_word' id='word_1_628' title='bbox 1683 2380 1755 2404; x_wconf 89' lang='lat' dir='ltr'>nec</span> <span class='ocrx_word' id='word_1_629' title='bbox 1771 2367 1915 2410; x_wconf 74' lang='lat' dir='ltr'>extra,</span> <span class='ocrx_word' id='word_1_630' title='bbox 1933 2367 2108 2402; x_wconf 89' lang='lat' dir='ltr'>occasio-</span> 
     </span>
     <span class='ocr_line' id='line_1_102' title="bbox 1158 2420 2106 2462; baseline -0.007 0"><span class='ocrx_word' id='word_1_631' title='bbox 1158 2438 1206 2462; x_wconf 88' lang='lat' dir='ltr'>ne</span> <span class='ocrx_word' id='word_1_632' title='bbox 1241 2425 1529 2462; x_wconf 85' lang='lat' dir='ltr'>sacrificiorum</span> <span class='ocrx_word' id='word_1_633' title='bbox 1558 2428 1625 2459; x_wconf 89' lang='lat' dir='ltr'>aut</span> <span class='ocrx_word' id='word_1_634' title='bbox 1652 2422 1818 2458; x_wconf 86' lang='lat' dir='ltr'>alterius</span> <span class='ocrx_word' id='word_1_635' title='bbox 1844 2420 2106 2456; x_wconf 87' lang='lat' dir='ltr'>solemnitatis</span> 
     </span>
     <span class='ocr_line' id='line_1_103' title="bbox 1158 2475 2107 2527; baseline -0.005 -12"><span class='ocrx_word' id='word_1_636' title='bbox 1158 2480 1482 2527; x_wconf 84' lang='lat' dir='ltr'>superstitionem</span> <span class='ocrx_word' id='word_1_637' title='bbox 1497 2477 1688 2524; x_wconf 87' lang='lat' dir='ltr'>sapientis</span> <span class='ocrx_word' id='word_1_638' title='bbox 1703 2479 1892 2511; x_wconf 90' lang='lat' dir='ltr'>sonarent</span> <span class='ocrx_word' id='word_1_639' title='bbox 1911 2475 1972 2510; x_wconf 91' lang='lat' dir='ltr'>vel</span> <span class='ocrx_word' id='word_1_640' title='bbox 1991 2485 2107 2510; x_wconf 87' lang='lat' dir='ltr'>cane-</span> 
     </span>
     <span class='ocr_line' id='line_1_104' title="bbox 1159 2528 2110 2576; baseline -0.007 -6"><span class='ocrx_word' id='word_1_641' title='bbox 1159 2533 1397 2570; x_wconf 81' lang='lat' dir='ltr'>rent-Huius</span> <span class='ocrx_word' id='word_1_642' title='bbox 1413 2533 1563 2568; x_wconf 91' lang='lat' dir='ltr'>decreti</span> <span class='ocrx_word' id='word_1_643' title='bbox 1580 2530 1760 2576; x_wconf 83' lang='lat' dir='ltr'>exempla</span> <span class='ocrx_word' id='word_1_644' title='bbox 1775 2528 2024 2564; x_wconf 85' lang='lat' dir='ltr'>Tournonius</span> <span class='ocrx_word' id='word_1_645' title='bbox 2038 2529 2110 2563; x_wconf 91' lang='lat' dir='ltr'>mi-</span> 
     </span>
     <span class='ocr_line' id='line_1_105' title="bbox 1159 2582 2109 2633; baseline -0.005 -10"><span class='ocrx_word' id='word_1_646' title='bbox 1159 2588 1209 2624; x_wconf 90' lang='lat' dir='ltr'>sit</span> <span class='ocrx_word' id='word_1_647' title='bbox 1226 2587 1275 2622; x_wconf 87' lang='lat' dir='ltr'>ad</span> <span class='ocrx_word' id='word_1_648' title='bbox 1302 2591 1456 2633; x_wconf 87' lang='lat' dir='ltr'>patrem</span> <span class='ocrx_word' id='word_1_649' title='bbox 1485 2584 1767 2633; x_wconf 88' lang='lat' dir='ltr'>provincialem</span> <span class='ocrx_word' id='word_1_650' title='bbox 1795 2582 1969 2629; x_wconf 86' lang='lat' dir='ltr'>aliosque</span> <span class='ocrx_word' id='word_1_651' title='bbox 1996 2593 2109 2628; x_wconf 90' lang='lat' dir='ltr'>supe-</span> 
     </span>
     <span class='ocr_line' id='line_1_106' title="bbox 1161 2636 2110 2680; baseline -0.005 -4"><span class='ocrx_word' id='word_1_652' title='bbox 1161 2642 1288 2677; x_wconf 90' lang='lat' dir='ltr'>riores</span> <span class='ocrx_word' id='word_1_653' title='bbox 1308 2641 1538 2676; x_wconf 88' lang='lat' dir='ltr'>Iesuitarum</span> <span class='ocrx_word' id='word_1_654' title='bbox 1560 2639 1596 2673; x_wconf 91' lang='lat' dir='ltr'>in</span> <span class='ocrx_word' id='word_1_655' title='bbox 1617 2636 1848 2672; x_wconf 84' lang='lat' dir='ltr'>Madurensi</span> <span class='ocrx_word' id='word_1_656' title='bbox 1864 2665 1872 2680; x_wconf 88' lang='lat'>‚</span> <span class='ocrx_word' id='word_1_657' title='bbox 1891 2638 2110 2672; x_wconf 89' lang='lat' dir='ltr'>Carnaten-</span> 
     </span>
     <span class='ocr_line' id='line_1_107' title="bbox 1161 2689 2112 2741; baseline -0.005 -11"><span class='ocrx_word' id='word_1_658' title='bbox 1161 2696 1208 2739; x_wconf 89' lang='lat' dir='ltr'>si,</span> <span class='ocrx_word' id='word_1_659' title='bbox 1227 2695 1391 2741; x_wconf 88' lang='lat' dir='ltr'>aliisque</span> <span class='ocrx_word' id='word_1_660' title='bbox 1411 2694 1608 2729; x_wconf 89' lang='lat' dir='ltr'>Indiarum</span> <span class='ocrx_word' id='word_1_661' title='bbox 1631 2690 1881 2726; x_wconf 89' lang='lat' dir='ltr'>orientalium</span> <span class='ocrx_word' id='word_1_662' title='bbox 1901 2689 2049 2735; x_wconf 84' lang='lat' dir='ltr'>regnis,</span> <span class='ocrx_word' id='word_1_663' title='bbox 2071 2690 2112 2725; x_wconf 91' lang='lat' dir='ltr'>il-</span> 
     </span>
     <span class='ocr_line' id='line_1_108' title="bbox 1164 2743 2112 2796; baseline -0.006 -12"><span class='ocrx_word' id='word_1_664' title='bbox 1164 2749 1305 2796; x_wconf 88' lang='lat' dir='ltr'>ludque</span> <span class='ocrx_word' id='word_1_665' title='bbox 1338 2745 1627 2783; x_wconf 83' lang='lat' dir='ltr'>observandum</span> <span class='ocrx_word' id='word_1_666' title='bbox 1656 2743 1857 2779; x_wconf 87' lang='lat' dir='ltr'>mandavit</span> <span class='ocrx_word' id='word_1_667' title='bbox 1888 2743 1958 2779; x_wconf 89' lang='lat' dir='ltr'>sub</span> <span class='ocrx_word' id='word_1_668' title='bbox 1985 2754 2112 2790; x_wconf 88' lang='lat' dir='ltr'>poena</span> 
     </span>
     <span class='ocr_line' id='line_1_109' title="bbox 1162 2796 2112 2844; baseline -0.008 -5"><span class='ocrx_word' id='word_1_669' title='bbox 1162 2799 1583 2838; x_wconf 84' lang='lat' dir='ltr'>excommunicationis</span> <span class='ocrx_word' id='word_1_670' title='bbox 1600 2802 1786 2844; x_wconf 87' lang='lat' dir='ltr'>quantum</span> <span class='ocrx_word' id='word_1_671' title='bbox 1815 2796 1863 2832; x_wconf 89' lang='lat' dir='ltr'>ad</span> <span class='ocrx_word' id='word_1_672' title='bbox 1890 2797 2112 2843; x_wconf 88' lang='lat' dir='ltr'>provincia-</span> 
     </span>
     <span class='ocr_line' id='line_1_110' title="bbox 1164 2851 2111 2901; baseline -0.004 -11"><span class='ocrx_word' id='word_1_673' title='bbox 1164 2856 1218 2891; x_wconf 89' lang='lat' dir='ltr'>les</span> <span class='ocrx_word' id='word_1_674' title='bbox 1238 2860 1278 2892; x_wconf 92' lang='lat' dir='ltr'>et</span> <span class='ocrx_word' id='word_1_675' title='bbox 1297 2855 1524 2901; x_wconf 84' lang='lat' dir='ltr'>superiores</span> <span class='ocrx_word' id='word_1_676' title='bbox 1541 2881 1548 2895; x_wconf 95' lang='lat'>,</span> <span class='ocrx_word' id='word_1_677' title='bbox 1569 2856 1610 2887; x_wconf 90' lang='lat' dir='ltr'>et</span> <span class='ocrx_word' id='word_1_678' title='bbox 1628 2851 1898 2898; x_wconf 83' lang='lat' dir='ltr'>suspensionis</span> <span class='ocrx_word' id='word_1_679' title='bbox 1922 2854 2111 2897; x_wconf 87' lang='lat' dir='ltr'>quantum</span> 
     </span>
     <span class='ocr_line' id='line_1_111' title="bbox 1163 2904 2112 2953; baseline -0.008 -8"><span class='ocrx_word' id='word_1_680' title='bbox 1163 2909 1212 2944; x_wconf 86' lang='lat' dir='ltr'>ad</span> <span class='ocrx_word' id='word_1_681' title='bbox 1230 2909 1403 2944; x_wconf 86' lang='lat' dir='ltr'>subditos</span> <span class='ocrx_word' id='word_1_682' title='bbox 1422 2905 1644 2953; x_wconf 86' lang='lat' dir='ltr'>spectabat,</span> <span class='ocrx_word' id='word_1_683' title='bbox 1663 2904 1790 2940; x_wconf 88' lang='lat' dir='ltr'>donec</span> <span class='ocrx_word' id='word_1_684' title='bbox 1808 2904 1925 2939; x_wconf 92' lang='lat' dir='ltr'>aliter</span> <span class='ocrx_word' id='word_1_685' title='bbox 1943 2904 1991 2938; x_wconf 91' lang='lat' dir='ltr'>ab</span> <span class='ocrx_word' id='word_1_686' title='bbox 2009 2905 2112 2949; x_wconf 89' lang='lat' dir='ltr'>Apo-</span> 
     </span>
     <span class='ocr_line' id='line_1_112' title="bbox 1163 2958 2111 2999; baseline -0.005 0"><span class='ocrx_word' id='word_1_687' title='bbox 1163 2964 1304 2999; x_wconf 87' lang='lat' dir='ltr'>stolica</span> <span class='ocrx_word' id='word_1_688' title='bbox 1330 2961 1431 2997; x_wconf 85' lang='lat' dir='ltr'>Sede</span> <span class='ocrx_word' id='word_1_689' title='bbox 1459 2960 1522 2995; x_wconf 86' lang='lat' dir='ltr'>vel</span> <span class='ocrx_word' id='word_1_690' title='bbox 1549 2970 1573 2994; x_wconf 90' lang='lat' dir='ltr'>a</span> <span class='ocrx_word' id='word_1_691' title='bbox 1599 2970 1640 2994; x_wconf 91' lang='lat' dir='ltr'>se</span> <span class='ocrx_word' id='word_1_692' title='bbox 1669 2958 1844 2994; x_wconf 89' lang='lat' dir='ltr'>eiusdem</span> <span class='ocrx_word' id='word_1_693' title='bbox 1873 2958 2111 2994; x_wconf 88' lang='lat' dir='ltr'>auctoritate</span> 
     </span>
     <span class='ocr_line' id='line_1_113' title="bbox 1165 3011 2112 3061; baseline -0.007 -9"><span class='ocrx_word' id='word_1_694' title='bbox 1165 3016 1285 3052; x_wconf 86' lang='lat' dir='ltr'>suerit</span> <span class='ocrx_word' id='word_1_695' title='bbox 1299 3015 1513 3061; x_wconf 72' lang='lat' dir='ltr'>provisum.</span> <span class='ocrx_word' id='word_1_696' title='bbox 1529 3012 1712 3048; x_wconf 86' lang='lat' dir='ltr'>Eiusdem</span> <span class='ocrx_word' id='word_1_697' title='bbox 1728 3011 1878 3047; x_wconf 87' lang='lat' dir='ltr'>decreti</span> <span class='ocrx_word' id='word_1_698' title='bbox 1889 3011 2112 3057; x_wconf 80' lang='lat' dir='ltr'>exemplum</span> 
     </span>
     <span class='ocr_line' id='line_1_114' title="bbox 1166 3065 2112 3113; baseline -0.003 -8"><span class='ocrx_word' id='word_1_699' title='bbox 1166 3070 1271 3105; x_wconf 89' lang='lat' dir='ltr'>misit</span> <span class='ocrx_word' id='word_1_700' title='bbox 1290 3068 1338 3104; x_wconf 89' lang='lat' dir='ltr'>ad</span> <span class='ocrx_word' id='word_1_701' title='bbox 1357 3068 1602 3110; x_wconf 84' lang='lat' dir='ltr'>Clementem</span> <span class='ocrx_word' id='word_1_702' title='bbox 1624 3067 1676 3101; x_wconf 88' lang='lat' dir='ltr'>XI</span> <span class='ocrx_word' id='word_1_703' title='bbox 1697 3095 1704 3109; x_wconf 95' lang='lat'>‚</span> <span class='ocrx_word' id='word_1_704' title='bbox 1723 3066 1786 3113; x_wconf 90' lang='lat' dir='ltr'>qui</span> <span class='ocrx_word' id='word_1_705' title='bbox 1807 3065 1901 3101; x_wconf 89' lang='lat' dir='ltr'>illud</span> <span class='ocrx_word' id='word_1_706' title='bbox 1928 3065 1966 3100; x_wconf 92' lang='lat' dir='ltr'>in</span> <span class='ocrx_word' id='word_1_707' title='bbox 1995 3076 2112 3111; x_wconf 86' lang='lat' dir='ltr'>gene-</span> 
     </span>
     <span class='ocr_line' id='line_1_115' title="bbox 1167 3118 2113 3167; baseline -0.002 -9"><span class='ocrx_word' id='word_1_708' title='bbox 1167 3123 1240 3158; x_wconf 89' lang='lat' dir='ltr'>rali</span> <span class='ocrx_word' id='word_1_709' title='bbox 1269 3121 1580 3167; x_wconf 84' lang='lat' dir='ltr'>congregatione</span> <span class='ocrx_word' id='word_1_710' title='bbox 1596 3148 1604 3163; x_wconf 93' lang='lat'>,</span> <span class='ocrx_word' id='word_1_711' title='bbox 1623 3120 1696 3154; x_wconf 79' lang='lat' dir='ltr'>vii⁰</span> <span class='ocrx_word' id='word_1_712' title='bbox 1718 3119 1805 3154; x_wconf 86' lang='lat' dir='ltr'>idus</span> <span class='ocrx_word' id='word_1_713' title='bbox 1827 3118 1996 3154; x_wconf 87' lang='lat' dir='ltr'>ianuarii</span> <span class='ocrx_word' id='word_1_714' title='bbox 2022 3119 2113 3156; x_wconf 81' lang='lat'>1706</span> 
     </span>
     <span class='ocr_line' id='line_1_116' title="bbox 1169 3172 2111 3218; baseline -0.004 -7"><span class='ocrx_word' id='word_1_715' title='bbox 1169 3176 1299 3211; x_wconf 88' lang='lat' dir='ltr'>liabita</span> <span class='ocrx_word' id='word_1_716' title='bbox 1315 3203 1324 3218; x_wconf 92' lang='lat'>,</span> <span class='ocrx_word' id='word_1_717' title='bbox 1345 3178 1474 3210; x_wconf 85' lang='lat' dir='ltr'>r&#39;atum</span> <span class='ocrx_word' id='word_1_718' title='bbox 1495 3173 1631 3209; x_wconf 88' lang='lat' dir='ltr'>habuit</span> <span class='ocrx_word' id='word_1_719' title='bbox 1650 3175 1690 3209; x_wconf 85' lang='lat' dir='ltr'>et</span> <span class='ocrx_word' id='word_1_720' title='bbox 1708 3173 1745 3207; x_wconf 92' lang='lat' dir='ltr'>in</span> <span class='ocrx_word' id='word_1_721' title='bbox 1775 3172 1954 3208; x_wconf 90' lang='lat' dir='ltr'>omnibus</span> <span class='ocrx_word' id='word_1_722' title='bbox 1980 3173 2111 3208; x_wconf 90' lang='lat' dir='ltr'>obser-</span> 
     </span>
     <span class='ocr_line' id='line_1_117' title="bbox 1167 3225 2121 3270; baseline -0.004 -5"><span class='ocrx_word' id='word_1_723' title='bbox 1167 3229 1337 3265; x_wconf 89' lang='lat' dir='ltr'>vandum</span> <span class='ocrx_word' id='word_1_724' title='bbox 1359 3228 1584 3270; x_wconf 88' lang='lat' dir='ltr'>mandavit,</span> <span class='ocrx_word' id='word_1_725' title='bbox 1603 3227 1674 3262; x_wconf 84' lang='lat' dir='ltr'>hac</span> <span class='ocrx_word' id='word_1_726' title='bbox 1696 3230 1826 3262; x_wconf 90' lang='lat' dir='ltr'>tamen</span> <span class='ocrx_word' id='word_1_727' title='bbox 1855 3225 1986 3262; x_wconf 86' lang='lat' dir='ltr'>addita</span> <span class='ocrx_word' id='word_1_728' title='bbox 2013 3226 2121 3262; x_wconf 87' lang='lat' dir='ltr'>clau-</span> 
     </span>
    </p>
   </div>
  </div>
 </body>
</html>
