2241 3473
714 134 852 166 VSQVE
872 137 928 164 AD
951 135 1237 167 PRAESENTEM
1261 137 1466 167 ΑΕΤΑΤΕΜ

97 204 247 242 stitutis
272 202 386 240 novis
412 203 562 252 aliquot
589 215 683 242 suae
702 204 885 242 factionis
901 203 1049 252 episco-

98 257 172 306 pis,
199 262 457 304 expectantes
482 269 627 294 novum
647 269 780 295 rerum
799 257 977 295 ordinem
995 257 1043 294 ab

98 311 206 348 omni
232 312 518 359 inquisitionis,
547 324 763 360 regumque
791 313 884 359 iugo
911 312 1048 348 immu-

98 376 215 409 nem,
244 377 361 413 quem
398 366 436 402 in
474 367 703 414 perturbato
732 367 915 413 Europae
943 370 1047 402 statu

104 419 183 454 iam
203 420 587 467 appropinquantem
605 419 845 463 salutabant,
865 419 1050 455 concilia-

99 470 231 508 bulum
258 472 540 510 dissolverunt.

144 526 258 562 Anno
287 527 375 564 1801
405 532 494 575 post
518 526 631 563 varia
657 525 918 562 conciliabula
944 526 1045 563 dioe-

98 590 260 623 cesana,
288 581 459 618 alterum
482 579 680 617 nationale
699 579 920 616 habuerunt
938 579 1048 616 Pari-

96 634 164 670 siis
182 663 191 678 ,
219 633 257 669 in
284 646 358 682 quo
387 640 474 682 post
501 633 735 671 scandalosa
760 633 921 669 dissidia
946 633 1049 670 inter

100 687 330 724 sacerdotes
358 689 474 736 primi
501 693 541 725 et
567 687 727 724 secundi
756 686 905 723 ordinis
923 715 932 730 ,
963 691 1051 734 post

98 741 234 780 laudes
265 743 412 778 effusas
438 743 635 790 plerisque
661 741 959 778 ecclesiasticae
987 752 1052 788 po-

100 797 252 832 testatis
267 795 459 840 osoribus,
475 797 564 832 Van
583 796 729 842 Espen,
747 796 804 831 De
821 795 1048 838 Hontheim‚

98 849 154 885 Le
175 848 276 892 Plat,
291 848 523 885 Tamburini
542 850 706 897 aliisque
725 848 892 892 delatas,
914 849 1049 885 audire

97 902 172 939 fuit
197 903 377 938 convicia
403 903 443 938 in
462 904 650 940 Sanctam
668 901 811 939 Sedem
832 907 872 939 et
889 903 928 938 in
947 903 1049 950 prin-

100 956 210 1003 cipes
228 955 422 1003 politicos,
444 967 533 993 cum
552 955 724 992 ridiculis
742 956 943 992 iactantiis
961 967 1050 992 con-

99 1008 247 1046 iuncta.
275 1010 329 1045 At
353 1010 510 1057 signato
537 1009 696 1046 interim
724 1010 828 1046 inter
853 1011 1050 1058 Apostoli-

99 1073 187 1099 cam
203 1062 347 1100 Sedem
362 1069 402 1100 et
419 1064 656 1110 gubernium
675 1063 868 1099 Gallicum
888 1075 1050 1100 concor-

98 1115 213 1160 dato,
241 1117 541 1153 conciliabulum
571 1117 679 1153 iussu
706 1117 888 1164 guber-nii
906 1146 914 1162 ‚
942 1117 1050 1154 cuius

100 1168 353 1217 instigatione
381 1175 562 1207 coactum
588 1170 708 1207 fuisse
736 1170 892 1207 videtur
918 1170 968 1206 ad
994 1170 1046 1206 in-

99 1223 326 1260 cutiendum
343 1223 526 1260 Pontifici
541 1228 706 1268 metum,
721 1223 957 1260 dissolutum
974 1228 1044 1261 est.

99 1279 159 1316 Ex
181 1289 257 1327 quo
274 1283 451 1326 tempore
468 1278 856 1316 Constitutionalium
872 1283 982 1315 secta
996 1278 1048 1315 di-

98 1334 290 1382 sparuit1.

146 1389 204 1426 11.
223 1388 293 1425 Pii
316 1389 375 1425 VI
392 1388 518 1425 obitus
537 1392 615 1432 (an.
633 1388 736 1432 1799)
755 1409 794 1415 -
812 1388 942 1430 Quum
969 1389 1048 1425 iam

97 1454 168 1481 sex
182 1443 343 1480 circiter
357 1442 624 1480 hebdomades
641 1442 825 1479 Pontifex
834 1442 1047 1479 Valentiae

97 1498 137 1534 in
152 1497 390 1545 Delphinatu
405 1498 444 1532 in
460 1500 573 1533 arcta
587 1496 765 1532 custodia
780 1496 1050 1544 ageret‚Dire-

97 1551 266 1589 ctorium
292 1551 507 1593 mandavit,
536 1554 580 1586 ut
605 1550 896 1586 transferretur
915 1550 1046 1586 Divio-

98 1617 203 1649 nem:
230 1606 299 1642 sed
326 1605 477 1641 obstitit
503 1603 636 1640 divina
659 1604 928 1649 Providentia,
947 1615 1047 1652 quae

98 1659 368 1697 venerabilem
407 1669 543 1695 senem
565 1687 573 1702 ,
614 1657 807 1694 diuturnis
846 1659 1050 1695 aerumnis

98 1714 236 1751 fractis
267 1718 306 1751 et
337 1713 511 1761 paralysi
538 1712 578 1748 in
604 1712 858 1749 inferioribus
884 1713 1052 1763 artubus

98 1768 364 1813 laborantem,
384 1768 443 1804 1v⁰
463 1766 615 1803 calend.
635 1767 872 1814 septembris
892 1767 982 1804 1799
1001 1767 1050 1803 ad

100 1821 274 1858 iustitiae
301 1832 489 1858 coronam
516 1820 698 1857 evocavit
715 1823 742 1855 2.
771 1822 908 1857 Annos
935 1825 1051 1857 natus

95 1877 164 1919 81,
191 1880 395 1923 postquam
425 1874 647 1910 Ecclesiam
673 1875 843 1910 rexisset
869 1886 961 1910 αηη.
991 1874 1049 1919 24,

97 1940 217 1965 mens.
236 1928 364 1973 &dies
382 1928 438 1964 14.
455 1928 548 1964 Eius
563 1939 706 1975 corpus
721 1928 861 1964 deinde
877 1928 1047 1964 Romam

102 1982 355 2026 translatum,
373 1992 519 2029 magna
536 1981 769 2028 populorum
802 1981 1050 2029 omniumque

98 2036 279 2073 ordinum
293 2036 516 2084 frequentia
529 2036 1046 2083 exceptum,persolutisque

97 2100 255 2126 summa
279 2089 581 2126 honorificentia
608 2089 798 2126 extremis
823 2089 1050 2136 sepulturae

99 2143 237 2180 officiis
257 2172 265 2186 ‚
299 2144 341 2180 in
379 2143 477 2180 aede
517 2143 714 2179 Vaticana
753 2142 952 2179 conditum
991 2147 1051 2180 est

100 2207 202 2233 anno
229 2196 483 2236 1801.—P1us
509 2196 583 2245 Pp.
601 2197 656 2233 VI
676 2198 868 2233 bonarum
888 2197 1048 2241 artium,

100 2260 314 2299 earumque
330 2251 524 2288 cultorum
540 2254 708 2298 paterno
724 2250 900 2287 instituto
919 2250 1050 2286 fautor

100 2304 267 2342 eximius
291 2305 436 2350 extitit3
463 2316 586 2353 quare
610 2304 838 2341 academias
857 2303 1046 2349 fundavit,

101 2360 381 2403 monumentis,
392 2358 760 2402 edifitiis‚viis,dum
774 2359 928 2395 Romae
947 2363 1050 2403 erat,

101 2413 392 2450 condecoravit.
422 2414 456 2448 A
484 2412 686 2460 paludibus
712 2412 883 2460 pontinis
900 2413 1049 2450 Urbem

100 2467 298 2510 liberavit,
314 2467 438 2514 leges,
449 2466 506 2502 uti
524 2478 626 2502 nunc
640 2470 846 2510 vocantur,
859 2466 1050 2514 agrarias

101 2521 290 2565 sancivit,
317 2521 471 2568 aliaque
500 2520 722 2557 huiusmodi
749 2525 971 2558 memoratu
997 2520 1050 2556 di-

102 2577 308 2625 gnissima.

150 2631 206 2668 12.
225 2630 325 2666 Pius
345 2627 447 2672 VII,
467 2628 661 2676 Pontifex
675 2634 752 2673 (an.
770 2629 1051 2673 mom—Roma

101 2698 126 2723 a
151 2683 349 2723 seditiosis
368 2681 573 2718 Francicis
598 2686 809 2730 occupata,
835 2684 940 2718 omni
967 2683 1050 2720 fere

103 2739 215 2777 ltalia
235 2748 370 2775 eorum
390 2735 514 2772 armis
534 2735 712 2780 subacta,
726 2736 919 2773 Pontifice
936 2737 1050 2784 longe

102 2806 127 2831 a
152 2792 254 2830 Sede
272 2801 344 2828 sua
362 2789 547 2831 abducto,
565 2790 826 2826 ecclesiastici
846 2790 1051 2837 regiminis

102 2847 288 2884 facultate
329 2845 481 2892 privato
516 2846 556 2880 et
590 2843 749 2880 tandem
782 2844 821 2880 in
854 2849 1049 2890 potestate

101 2902 270 2938 hostium
298 2899 514 2941 moriente,
543 2897 805 2934 cardinalibus
831 2897 1022 2946 dispersis
1039 2926 1048 2943 ‚

147 3018 156 3039 1
177 3013 292 3047 Pre'cis
308 3010 492 3052 historique
507 3019 566 3042 sur
580 3009 708 3050 l’e'ylise
722 3010 1044 3051 constitutiormelle;

99 3062 206 3097 picot,
224 3058 416 3095 Mc'moires,
437 3066 511 3087 nnn.
531 3054 634 3093 1795,
652 3055 751 3093 1797,
768 3055 868 3088 1801.

144 3110 158 3132 ‘3
179 3105 351 3138 Blancard.
370 3101 482 3134 Pre'eis
499 3102 576 3133 his-t.
595 3101 634 3133 de
653 3101 685 3132 la
703 3101 753 3132 vie
770 3105 800 3134 et
816 3102 862 3133 clu
875 3100 1049 3142 pontificat

100 3152 140 3184 cle
167 3152 225 3184 Pie
258 3150 314 3188 Vh
342 3148 429 3180 Hist.
447 3148 555 3183 civile.
571 3147 734 3188 politiqzte
752 3150 784 3179 et
809 3147 986 3189 reliqieuse
1011 3147 1050 3179 de

102 3198 160 3229 Pie
181 3197 220 3229 ι’]
233 3206 289 3238 par
303 3205 344 3227 un
365 3194 515 3232 Francais
533 3193 618 3225 cath.
638 3202 734 3230 rom.;
747 3193 946 3232 Balslassari,
963 3193 1048 3226 Just.

102 3242 142 3275 de
159 3242 398 3276 l'enldvement
417 3239 500 3272 etde
515 3240 547 3271 Ια
561 3237 725 3280 captivite'
739 3238 779 3272 de
794 3239 854 3272 Pie
873 3238 928 3273 VI.

315 3297 582 3348 WOVTERS,
613 3297 666 3338 ΙΙ.

1916 129 1995 169 321

1098 206 1280 245 Ecclesia
1304 207 1343 244 in
1369 218 1524 245 summo
1549 208 1776 246 discrimine
1796 207 2049 254 versabatur,

1099 265 1139 298 et
1163 262 1308 298 amisso
1327 262 1469 309 capite,
1491 262 1711 300 emoritura
1727 261 1950 299 videbatur.
1970 262 2048 300 Sed

1098 315 1162 362 qui
1188 316 1338 353 habitat
1371 317 1409 352 in
1437 317 1556 353 coelis
1575 345 1584 361 ,
1611 316 1763 364 iniquos
1789 315 2046 353 frementium

1099 375 1214 417 atque
1232 371 1550 408 convenientium
1565 370 1758 407 adversus
1778 370 1990 407 Dominum
2008 373 2050 407 et

1098 423 1298 460 Christum
1324 424 1409 461 eius
1436 429 1601 461 conatus
1625 425 1797 469 deiecit,
1823 435 2048 472 novumque

1099 476 1377 515 documentum
1395 478 1514 522 dedit,
1532 478 1678 516 Christi
1698 477 1980 526 promissiones
1999 477 2048 515 de

1100 536 1293 578 perpetua
1319 531 1521 568 Ecclesiae
1548 531 1755 568 duratione
1781 535 1821 568 et
1847 531 2050 569 indefecti-

1100 584 1251 621 bilitate
1270 596 1348 621 non
1367 584 1517 621 fallere.
1539 584 1711 621 Adduxit
1727 585 1836 621 Deus
1859 596 1884 621 a
1901 585 2053 631 longin-

1100 649 1174 684 quo
1201 643 1355 685 gentes,
1383 649 1408 675 a
1433 639 1627 676 catholica
1650 638 1726 675 fide
1753 638 1919 681 alienas,
1947 649 2048 686 quae

1100 691 1233 727 iuncta
1269 703 1358 729 cum
1391 693 1610 729 Austriacis
1643 692 1806 740 aliisque
1833 691 2051 729 foederatis

1100 755 1232 788 manu,
1261 745 1439 782 Francos
1467 746 1542 782 hoc
1575 746 1658 793 ipso
1690 757 1793 782 anno
1821 746 1911 782 1799
1937 745 2052 782 Italia

1100 799 1349 846 expulerunt,
1376 803 1416 836 et
1442 799 1553 837 Petri
1579 799 1723 837 Sedem
1741 799 1915 836 libertati
1935 799 2048 836 resti-

1099 855 1275 890 tuerunt.
1309 853 1508 890 Austriaci
1541 858 1581 890 et
1605 854 1725 890 Russi
1751 853 2022 890 Mediolanum
2039 881 2049 897 ,

1101 906 1292 943 Venetias
1309 911 1510 955 totamque
1529 908 1684 944 Italiam
1697 907 2053 955 superiorem,An-

1100 961 1153 1007 gli
1181 965 1222 998 et
1246 961 1501 1009 Neapolitani
1526 962 1713 1006 Romam,
1741 961 1897 997 Turcae
1923 961 2051 997 Anco-

1100 1025 1194 1051 nam
1220 1019 1478 1064 occuparunt,
1492 1016 1704 1063 Gallosque
1722 1015 1770 1052 ad
1788 1014 2049 1052 deserendam

1102 1070 1253 1106 ltaliam
1281 1071 1567 1117 compulerunt.

1148 1123 1402 1172 Quapropter
1429 1129 1517 1172 post
1543 1124 1602 1160 Pii
1627 1124 1680 1160 VI
1698 1123 1844 1160 obitum
1863 1125 1909 1161 35
1927 1123 2052 1161 cardi-

1102 1177 1214 1214 nales
1240 1182 1512 1215 convenerunt
1536 1178 1746 1223 Venetias;
1774 1178 1852 1214 illic
1878 1177 2052 1215 calendis

1102 1232 1327 1269 decembris
1355 1233 1448 1270 1799
1474 1234 1664 1270 conclave
1691 1232 1862 1279 ingressi
1889 1236 1993 1276 sunt,
2012 1237 2054 1270 et

1101 1287 1225 1336 pridie
1252 1286 1338 1324 idus
1364 1287 1498 1324 martii
1526 1287 1618 1326 1800
1648 1286 1687 1322 in
1718 1286 1945 1335 pontificem
1975 1287 2053 1324 ele-

1101 1348 1245 1392 gerunt
1263 1343 1502 1391 Gregorium
1520 1342 1746 1379 Barnabam
1765 1341 2052 1386 Chiaramonti‚

1101 1402 1379 1443 Caesenatem‚
1399 1398 1494 1435 Ord-
1512 1399 1553 1435 S.
1569 1397 1788 1442 Benedicti,
1808 1397 2052 1435 cardinalem

1102 1456 1327 1503 episcopum
1353 1456 1505 1491 Forum
1530 1453 1721 1498 Cornelii,
1747 1453 1812 1501 qui
1831 1454 1879 1489 ob
1906 1464 2052 1490 memo-

1104 1511 1203 1547 riam
1230 1511 1394 1548 illustris
1420 1510 1478 1547 sui
1497 1507 1831 1558 praedecessoris,
1859 1508 1970 1544 cuius
1988 1518 2052 1544 ae-

1104 1576 1266 1601 rumnas
1293 1568 1333 1602 et
1360 1565 1553 1611 pietatem
1579 1573 1805 1611 exaequare
1839 1561 2053 1607 debuerat,

1103 1630 1248 1656 nornen
1273 1619 1333 1655 Pii
1359 1618 1430 1655 VII
1465 1617 1678 1666 assumpsit
1710 1616 1890 1665 rexitque
1916 1615 2052 1653 Eccle-

1102 1674 1203 1710 siam
1229 1684 1354 1721 usque
1380 1672 1430 1709 ad
1456 1683 1604 1708 annum
1632 1671 1737 1709 1823.

1150 1727 1243 1763 Pius
1268 1727 1340 1763 Vll
1367 1726 1598 1775 pontificatu
1623 1725 1734 1770 inito,
1766 1737 1809 1762 se
1836 1728 1960 1762 totum
1986 1736 2055 1773 ap-

1102 1781 1240 1829 plicuit
1267 1780 1315 1817 ad
1342 1779 1634 1828 componendas
1659 1780 1864 1817 Ecclesiae
1884 1791 1962 1816 res.
1982 1779 2053 1816 ldi-

1103 1835 1172 1871 bus
1198 1835 1291 1871 maii
1318 1835 1367 1871 ad
1392 1835 1621 1871 universum
1649 1834 1786 1870 orbem
1813 1833 2052 1870 catholicum

1101 1889 1309 1937 epistolam
1337 1888 1581 1936 encyclicam
1607 1887 1779 1934 scripsit,
1805 1887 1845 1923 in
1871 1898 1948 1935 qua
1965 1890 2054 1934 post

1101 1942 1237 1978 laudes
1262 1941 1536 1978 meritissimas
1562 1941 1620 1977 sui
1646 1940 1866 1977 decessoris
1886 1970 1895 1984 ‚
1921 1944 1963 1978 et
1986 1952 2053 1978 au-

1101 1996 1204 2043 gusti
1223 1995 1422 2038 Caesaris,
1438 1995 1508 2031 sub
1527 1994 1636 2030 cuius
1654 1993 1852 2042 praesidio
1870 1997 1910 2031 et
1929 1995 2054 2031 tutela

1102 2049 1360 2085 cardinalium
1400 2048 1561 2084 comitia
1594 2048 1774 2085 Venetiis
1805 2047 1940 2084 habita
1971 2048 2052 2085 fue-

1102 2107 1204 2147 rant,
1232 2104 1469 2140 electionem
1494 2113 1607 2152 suam
1633 2102 1884 2150 significavit3
1904 2101 2054 2148 episco-

1102 2169 1173 2205 pos
1198 2168 1336 2194 omnes
1361 2151 1542 2193 hortatu‘s
1568 2159 1642 2200 est,
1669 2160 1713 2192 ut
1737 2155 1913 2203 deposito
1938 2155 2049 2191 Fidei

1103 2211 1358 2248 custodiendo
1384 2211 1546 2254 intenti,
1573 2210 1777 2247 studerent
1804 2210 2050 2257 potissimum

1101 2265 1254 2302 debitae
1283 2265 1520 2302 clericorum
1546 2264 1779 2300 institutioni
1807 2267 1848 2300 et
1866 2274 2051 2299 coercen-

1100 2319 1173 2356 dae
1190 2318 1400 2366 cogitandi‚
1416 2316 1816 2366 loquendi‚scribendi
1835 2320 1875 2353 et
1892 2316 2050 2363 legendi

1101 2373 1359 2417 licentiae,ne
1375 2372 1522 2409 malum
1539 2372 1832 2419 gravissimum,
1843 2369 1920 2405 iam
1939 2381 1988 2406 ex
2003 2381 2053 2407 ea

1100 2430 1433 2474 ortum‚serperet
1449 2426 1566 2462 latius
1580 2429 1782 2472 totumque
1792 2423 1927 2460 orbem
1942 2423 2051 2460 inva-

1100 2481 1224 2518 deret.
1248 2481 1370 2518 Bellis
1388 2479 1704 2527 impedientibus,
1723 2477 1935 2514 iubilaeum
1955 2477 2048 2513 anni

1100 2535 1228 2572 sancti
1255 2546 1334 2570 non
1361 2534 1591 2571 celebravit.
1613 2531 1736 2568 Nonis
1754 2531 1849 2567 iunii
1868 2531 2050 2568 Venetiis

1102 2589 1263 2632 relictis,
1280 2589 1448 2625 Romam
1467 2585 1713 2636 properavit,
1728 2595 1844 2632 quam
1862 2585 1906 2620 v⁰
1924 2596 2050 2621 nonas

1099 2643 1196 2686 iulii,
1223 2642 1477 2679 iubilantibus
1502 2639 1692 2676 Romanis
1711 2667 1720 2682 ‚
1745 2638 1948 2684 ingressus
1974 2644 2048 2674 est.

1100 2697 1310 2744 Reliquum
1325 2697 1445 2732 etiam
1463 2693 1721 2736 territorium,
1736 2702 1760 2728 a
1774 2692 1942 2728 Francis
1956 2703 2049 2740 pon-

1100 2751 1245 2787 tificiae
1271 2748 1499 2787 auctoritati
1533 2747 1786 2792 ademptum,
1820 2757 1945 2793 opera
1978 2747 2050 2782 Im-

1101 2804 1296 2853 peratoris
1314 2802 1552 2839 Germaniae
1586 2800 1769 2848 regisque
1795 2799 2052 2846 Neapolitani

1100 2859 1263 2907 recepit.
1276 2858 1372 2894 Mox
1387 2856 1581 2902 publicam
1597 2865 1731 2891 rerum
1746 2853 2051 2890 administratio-

1100 2924 1203 2956 nem,
1231 2912 1419 2948 miserum
1446 2910 1483 2944 in
1510 2908 1667 2944 modum
1693 2907 1924 2955 collapsam,
1946 2917 2050 2943 com-

1100 2966 1240 3014 posuit.
1267 2964 1397 3006 Quum
1423 2961 1650 3005 audivisset,
1676 2961 1716 2997 in
1741 2971 1867 3007 regno
1892 2960 2050 3008 Neapo-

1099 3021 1222 3056 litano
1243 3046 1251 3062 ,
1285 3021 1373 3065 post
1399 3016 1645 3052 Francorum
1673 3015 1966 3062 expulsionem,
1995 3015 2050 3050 in—

1101 3074 1224 3109 iustas
1251 3070 1439 3106 saevitias
1465 3069 1645 3105 exerceri
1673 3069 1713 3104 in
1739 3067 1861 3103 laicos
1879 3070 1920 3102 et
1937 3067 2050 3104 cleri-

1101 3138 1181 3167 cos,
1202 3125 1266 3171 qui
1287 3122 1534 3159 dissidiorum
1553 3127 1593 3159 et
1610 3120 1932 3168 conflagrationis
1951 3124 2049 3157 tem-

1101 3191 1196 3227 pore
1222 3188 1324 3213 novo
1345 3179 1485 3213 'rerum
1513 3175 1695 3223 regimini
1720 3175 1859 3211 favere
1875 3173 1950 3210 visi
1967 3173 2048 3212 fue-

1102 3237 1205 3278 rant,
1230 3231 1277 3270 de
1304 3241 1352 3269 ea
1378 3242 1422 3269 re
1448 3230 1627 3279 graviter
1653 3227 1920 3278 expostulavit
1941 3228 2045 3277 apud

1780 3287 1834 3329 26
