2241 3473
211 133 292 175 328

156 217 306 265 praelia
331 215 577 253 Moscoviam
602 226 725 262 usque
753 212 978 261 penetravit
1004 222 1111 248 eam-

155 283 229 319 que
267 270 453 319 postridie
491 269 574 305 idus
611 268 850 315 septembris
885 266 1110 314 occupavit.

154 325 306 362 Verum
335 324 432 360 urbe
458 324 548 365 hac,
575 322 713 358 incolis
745 321 934 368 egressis,
963 331 986 356 a
1011 320 1110 356 Rus-

156 379 208 415 sis
235 379 323 425 igne
350 387 558 418 succensa,
581 381 620 412 et
642 380 829 412 autumno
849 375 927 411 iam
948 384 1110 421 progre-

155 432 298 474 diente,
310 430 512 467 Gallorum
529 430 729 466 exercitus
745 428 936 466 recedere
952 430 1112 464 coactus

156 489 227 522 est.
256 485 373 520 Russi
397 484 544 528 Gallos,
570 483 721 531 frigore
748 488 789 520 et
814 483 919 519 same
946 492 1113 528 pereun-

157 543 228 582 tes,
249 548 272 574 a
299 541 413 584 tergo
439 549 485 574 ac
512 538 638 575 latere
665 537 851 585 aggressi
868 540 960 573 sunt
987 538 1113 572 tanta-

156 604 228 640 que
251 592 361 628 clade
388 592 426 627 in
454 591 590 639 fugam
609 594 794 640 egerunt,
821 595 864 628 ut
881 589 1113 627 florentissi-

155 657 241 681 mus
275 646 433 689 500,000
460 646 667 682 hominum
700 646 900 682 exercitus
927 655 1016 680 cum
1045 643 1113 678 im-

157 709 292 735 menso
320 698 410 735 belli
428 704 626 747 apparatu
651 698 736 736 fere
757 702 860 735 totus
887 697 1065 746 perierit.

203 753 313 789 Tunc
347 753 411 800 qui
443 765 485 790 se
512 753 673 790 foedere
707 753 831 790 Gallis
874 753 1113 796 iunxerant,

155 813 262 843 metu
289 806 431 852 soluto,
449 818 492 844 se
520 819 608 844 cum
635 807 774 844 Russis
792 811 931 844 contra
948 806 1036 842 illos
1055 817 1116 842 so-

155 862 325 899 ciarunt.
355 863 471 898 Anno
497 866 686 910 sequente
713 861 922 909 Napoleon
951 860 1115 896 collecto

155 928 257 953 novo
285 916 357 953 350
385 916 552 952 millium
579 916 778 960 exercitu,
798 915 944 952 bellum
963 915 1001 950 in
1020 915 1115 951 Ger-

156 971 291 1008 mania
321 970 573 1014 instauravit;
595 970 822 1018 aliquandiu
847 969 958 1005 vario
987 972 1115 1004 marte

155 1026 368 1072 pugnavit3
396 1026 466 1062 sed
491 1026 563 1061 xv⁰
593 1024 780 1061 calendas
806 1023 1034 1060 novembris
1061 1022 1117 1058 in-

154 1080 308 1126 signem
327 1079 479 1117 cladem
503 1090 643 1127 passus
661 1077 877 1126 in·praelio
906 1076 1115 1124 Lipsiensi‚

155 1135 412 1171 Germaniam
453 1134 641 1171 deseruit.
671 1134 824 1170 Galliae
868 1131 1115 1169 territorium

153 1192 294 1225 eontra
320 1188 557 1232 foederatos,
585 1187 678 1223 illud
706 1187 812 1223 omni
839 1197 888 1223 ex
916 1190 1031 1233 parte
1058 1185 1115 1220 in-

154 1242 373 1287 vadentes,
418 1241 659 1289 pedetentim
701 1240 872 1278 defendit
909 1251 1034 1287 usque
1066 1238 1114 1275 ad

157 1309 198 1333 111
234 1298 319 1334 idus
356 1297 494 1345 aprilis
529 1296 646 1341 1814,
680 1307 755 1344 qua
780 1296 841 1332 die
869 1293 1116 1331 abdicatione

153 1364 226 1390 sua
251 1353 409 1400 signata
431 1381 439 1396 ,
473 1363 515 1388 se
542 1354 723 1398 reprere
760 1355 922 1387 coactus
963 1349 1037 1385 fuit
1075 1349 1113 1384 in

154 1410 322 1446 insulam
351 1409 500 1452 Ilvam,
536 1408 648 1443 cuius
679 1407 948 1454 principatum
979 1416 1004 1441 a
1037 1406 1115 1441 foe-

153 1462 302 1500 deratis
329 1463 496 1510 accepit.
526 1462 640 1497 Anno
673 1463 861 1508 sequente
895 1459 1110 1495 multorum

153 1518 379 1565 proditione
407 1530 456 1555 ex
475 1517 602 1553 insula
620 1526 691 1552 sua
709 1516 880 1563 elapsus,
901 1513 1116 1551 belliduces

156 1573 291 1609 Gallos
318 1572 357 1608 in
384 1576 518 1619 partes
544 1581 636 1607 suas
664 1569 888 1618 pertraxit,
916 1572 956 1605 et
982 1568 1117 1615 fugato

163 1627 363 1664 Ludovico
397 1626 541 1669 XVIII,
573 1625 663 1662 X111⁰
697 1623 886 1661 calendas
912 1622 1048 1670 aprilis
1074 1621 1119 1658 de

158 1692 259 1718 novo
301 1680 440 1718 soliu'm
479 1680 632 1717 Galliae
678 1677 921 1715 conscendit.
965 1676 1116 1712 Verum

156 1736 244 1772 xiv⁰
273 1735 460 1773 calendas
478 1734 560 1771 iulii
579 1745 703 1782 prope
724 1743 871 1780 pagum
889 1731 937 1769 de
955 1731 1117 1767 Water-

157 1789 219 1826 loo
251 1791 289 1826 in
323 1790 490 1837 Belgio,
523 1788 589 1825 ubi
624 1799 713 1824 cum
750 1786 904 1835 potenti
938 1785 1118 1822 exercitu

157 1848 298 1881 contra
325 1844 551 1881 foederatos
571 1842 770 1891 principes
789 1840 988 1877 acerrime
1007 1839 1121 1875 dimi-

158 1900 277 1944 cavit,
304 1902 542 1947 prostratuS‚
572 1896 747 1933 Parisios
773 1896 959 1932 celeriter
986 1895 1120 1931 confu-

158 1954 240 2001 git3
269 1965 435 2001 cumque
470 1953 643 1989 hostium
676 1962 817 1987 manus
851 1949 1026 1986 evadere
1054 1961 1117 1986 ne-

158 2008 293 2051 sciret,
320 2019 362 2044 se
389 2007 496 2044 dedit
513 2006 666 2054 Anglis‚
695 2016 718 2042 a
736 2005 874 2052 quibus
902 2003 1117 2040 translatus

159 2066 221 2098 est
255 2062 295 2097 in
331 2062 500 2097 insulam
535 2061 574 2096 S.
612 2060 790 2096 Helenae
813 2087 821 2102 ,
856 2058 893 2094 in
930 2057 1119 2094 extremis

159 2116 311 2153 Oceani
339 2115 466 2164 plagis
492 2115 630 2158 sitam;
650 2113 728 2157 ubi,
748 2112 915 2149 terribili
943 2122 1038 2148 sane
1067 2111 1121 2147 di—

159 2171 278 2207 vinae
306 2170 480 2207 iustitiae
508 2168 688 2216 exemplo
710 2197 718 2211 ,
744 2167 847 2203 idem
875 2166 941 2202 ille
975 2166 1091 2202 homo
1111 2195 1119 2211 ‚

160 2225 223 2262 eui
251 2224 367 2272 paulo
394 2228 487 2260 ante
516 2227 619 2259 totus
645 2221 751 2257 orbis
780 2220 846 2256 vix
865 2220 1048 2256 sufficere
1065 2220 1119 2256 vi-

158 2279 341 2323 debatur,
362 2278 400 2314 in
429 2278 573 2324 exiguo
601 2276 709 2322 rupis
736 2274 882 2321 angulo
912 2274 1047 2310 tristes
1066 2274 1119 2310 vi-

161 2338 224 2369 tae
251 2333 438 2380 reliquias
465 2331 587 2368 traxit
613 2340 737 2377 usque
765 2328 814 2364 ad
841 2338 986 2364 annum
1015 2329 1122 2374 1821,

160 2398 235 2436 quo
262 2387 458 2423 occubuit.

210 2442 266 2480 20.
288 2441 496 2478 Ecclesiae
509 2438 733 2490 persecutio
748 2438 816 2474 sub
836 2436 1069 2484 Napoleone
1083 2460 1121 2463 ——

160 2497 367 2544 Napoleon
416 2498 677 2542 tempestates
719 2503 866 2539 graves
916 2492 1121 2528 Ecclesiae

161 2551 321 2600 eiusque
338 2550 520 2587 Pontifici
536 2549 607 2584 Pio
622 2548 692 2584 VII
708 2545 927 2583 suscitavit.
941 2545 1035 2582 Pius
1049 2547 1119 2583 VII

162 2605 305 2642 iterum
334 2610 452 2654 atque
480 2606 624 2641 iterum
651 2605 811 2650 questus
838 2601 971 2637 fuerat
989 2600 1035 2636 de
1055 2601 1119 2638 de-

163 2661 284 2697 cretis
317 2659 534 2697 Mediolani
572 2655 861 2704 pi‘omulgatIS‚
897 2665 998 2702 quae
1031 2666 1122 2691 con-

164 2714 341 2760 cordate,
369 2725 473 2751 anno
503 2713 593 2751 1803
621 2712 725 2747 inter
756 2709 1023 2756 Apostolicam
1054 2710 1121 2746 Sc-

162 2769 250 2805 dem
279 2774 319 2806 et
338 2768 637 2816 rempublicam,
657 2776 760 2801 nunc
789 2775 955 2809 regnum
986 2764 1119 2801 ltaliae

164 2824 285 2867 inito,
317 2828 433 2860 erant
467 2821 658 2870 opposita.
691 2820 915 2866 Imperator
951 2819 1120 2864 postula-

164 2878 334 2914 tionibus
359 2877 561 2913 Pontilicis
590 2886 666 2910 non
693 2874 818 2910 solum
847 2882 923 2907 non
944 2871 1036 2908 feeit
1061 2884 1121 2908 sa-

163 2933 225 2975 tis,
254 2932 321 2969 scd
348 2932 468 2968 etiam
497 2940 632 2966 mense
661 2927 814 2964 octobri
843 2927 934 2964 1805
962 2930 1118 2974 portum

163 2998 374 3034 arcemque
400 2984 696 3021 Anconitanam
728 2980 951 3028 intercepit.
981 2980 1119 3016 Recla-

164 3041 287 3076 mavit
315 3039 516 3081 Pontifex;
537 3038 755 3083 imperator
784 3046 877 3071 vero
899 3034 1121 3082 petulantes

164 3104 210 3129 w:
250 3094 480 3130 minatorias
521 3091 675 3127 litteras
714 3089 762 3125 ad
802 3099 891 3125 eum
938 3087 1119 3124 reddidit.

163 3147 312 3184 lieinde
347 3148 394 3183 ab
422 3158 524 3183 anno
560 3144 652 3181 180ss
679 3144 778 3180 Galli
816 3153 982 3189 regnum
1019 3143 1121 3178 Nea-

165 3202 379 3249 politanum
399 3198 842 3244 invasuri,territorium
862 3197 1119 3244 pontificium,

165 3257 235 3292 der
261 3255 362 3302 quod
389 3255 608 3293 exercitum
643 3253 840 3290 ducebant
857 3280 866 3297 ,
894 3263 971 3288 non
1007 3263 1123 3289 secus

499 146 665 174 EPOCHA
687 130 775 174 54111.
802 146 830 173 A
849 144 1035 172 PVBLICA
1056 144 1207 172 RERVM
1228 145 1272 173 ΙΝ
1295 144 1465 173 GALLIIS
1484 144 1774 173 SVBVERSIONE

1163 222 1210 248 ac
1237 215 1391 247 terram
1419 210 1602 247 hostilem
1635 212 1868 247 tractarunt.
1898 209 2123 247 Praeterea

1161 265 1371 313 Napoleon
1399 265 1512 300 novis
1538 264 1575 299 in
1603 263 1687 300 dies
1721 263 1940 301 immodicis
1973 263 2118 312 captio-

1163 319 1291 367 sisque
1319 318 1574 367 petitionibus
1602 317 1835 354 Pontificem
1863 329 2010 356 vexare
2037 329 2116 354 non

1163 373 1332 418 destitit;
1360 373 1498 421 quibus
1525 384 1615 409 cum
1635 372 1744 416 Pius,
1763 373 1941 419 quamvis
1958 371 2007 408 ad
2028 383 2123 408 eon-

1163 427 1374 463 ciliandam
1403 438 1539 474 pacem
1569 426 1908 475 promptissimus,
1937 438 2007 474 pro
2035 437 2117 462 mu-

1164 481 1272 518 neris
1291 482 1350 518 sui
1369 481 1496 517 officio
1524 479 1713 517 assentiri
1739 491 1815 515 non
1836 485 1980 527 posset,
1997 479 2120 516 domi-

1165 538 1228 571 tor
1260 535 1389 583 primo
1423 535 1698 571 Beneventum
1733 536 1774 569 et
1812 533 1981 570 Pontem
2021 534 2118 571 Cur-

1164 601 1271 634 vum,
1298 589 1440 626 deinde
1468 589 1566 625 alias
1593 588 1749 624 ditionis
1777 586 2001 635 pontificiae
2028 587 2123 624 civi-

1166 647 1267 679 tates
1298 643 1454 680 demum
1476 672 1484 688 ‚
1517 642 1707 690 postridie
1742 641 1895 678 calend.
1930 640 2122 677 februarii

1166 697 1270 742 1808,
1284 698 1411 745 ipsam
1426 699 1594 733 Romam
1614 696 1775 732 militari
1795 707 1915 732 manu
1933 695 2122 742 occupari

1165 751 1290 788 iussit.
1320 751 1414 788 Pius
1440 752 1511 787 VII
1539 751 1641 787 datis
1667 750 1718 787 ad
1748 749 1898 786 Miollis
1924 749 2124 786 exercitus

1165 806 1358 842 Gallicani
1385 806 1539 849 ducem,
1561 805 1610 841 ad
1635 808 1818 841 oratores
1836 804 2057 852 principum
2084 806 2125 840 et

1166 860 1214 896 ad
1243 861 1368 907 ipsum
1395 861 1679 908 imperatorem
1708 858 1863 902 litteris,
1882 868 1953 894 suo
1971 861 2012 894 et
2036 867 2124 893 suo-

1166 925 1252 950 rum
1279 925 1556 950 successorum
1576 913 1735 949 nomine
1755 916 1895 948 contra
1912 912 1983 948 has
2008 911 2127 947 alias-

1165 980 1239 1016 que
1266 967 1409 1005 deinde
1436 972 1594 1005 secutas
1622 966 1810 1003 territorii
1837 965 2028 1013 pontificii
2061 976 2126 1000 oc·
2166 1012 2169 1013 ⁷

1167 1022 1398 1069 cupationes
1432 1022 1620 1059 continuo
1656 1019 1890 1057 reclamavit
1923 1022 1963 1056 et
1996 1023 2125 1066 prote·

1165 1080 1294 1113 status
1321 1080 1382 1113 est
1408 1080 1451 1112 ut
1477 1074 1776 1112 tribulationum
1794 1102 1803 1118 ,
1830 1084 1927 1121 quas
1943 1073 2127 1122 ‚patieba-

1167 1136 1231 1167 tur
1251 1159 1259 1175 ,
1288 1141 1452 1167 caussae
1486 1130 1786 1166 innotescerent
1820 1132 1860 1164 et
1893 1127 1982 1164 iura
2015 1126 2128 1166 Sedis

1168 1185 1423 1232 Apostolicae
1450 1189 1560 1220 sarta
1589 1186 1769 1229 tectaque
1796 1185 2019 1218 manerent.

1215 1239 1273 1276 21.
1321 1238 1517 1286 Pontifex
1563 1236 1768 1273 territorio
1802 1236 1991 1284 priuatar-
2030 1240 2126 1279 (an.

1169 1293 1322 1336 1808-9)
1342 1315 1380 1320 —
1399 1293 1530 1335 Quum
1560 1292 1731 1340 primum
1759 1290 1896 1339 copiae
1923 1290 2128 1328 Gallorum

1168 1349 1336 1384 Romam
1371 1347 1629 1390 invaserunt,
1664 1357 1738 1382 arx
1771 1357 1801 1381 s.
1838 1344 1982 1392 Angeli
2012 1349 2130 1392 capta

1168 1406 1242 1446 est,
1268 1402 1461 1449 disposita
1489 1413 1561 1449 per
1580 1401 1665 1437 vias
1684 1405 1726 1437 et
1744 1401 1896 1447 plateas
1916 1399 2128 1448 praesidia,

1168 1457 1287 1494 aedes
1314 1456 1557 1500 Quirinales,
1584 1466 1680 1503 quas
1708 1455 1890 1492 Pontifex
1916 1454 2126 1499 incolebat,

1170 1522 1318 1559 magna
1345 1510 1519 1558 pediturn
1548 1513 1587 1547 et
1613 1510 1789 1557 equitum
1818 1521 1937 1546 manu
1963 1508 2131 1546 bellicis-

1170 1578 1244 1614 que
1271 1567 1482 1602 tormentis
1508 1565 1713 1609 obsessae,
1742 1564 1925 1613 Pontifex
1951 1564 1990 1600 in
2023 1563 2129 1612 pala-

1170 1621 1224 1657 tio
1253 1631 1323 1656 suo
1352 1624 1539 1668 tanquam
1569 1620 1607 1654 in
1640 1618 1818 1655 custodia
1855 1618 2039 1655 detentus
2064 1628 2132 1653 no-

1171 1676 1306 1723 visque
1333 1686 1405 1723 per
1438 1674 1523 1711 dies
1554 1674 1732 1721 singulos
1764 1673 1918 1709 iniuriis
1945 1675 1985 1709 et
2011 1672 2130 1711 mole-

1170 1731 1256 1767 stiis
1303 1733 1507 1766 saturatus
1528 1757 1536 1772 ‚
1581 1729 1721 1765 militia
1769 1726 1968 1776 pontificia
2007 1727 2130 1774 copiis

1170 1785 1333 1821 Gallicis
1360 1783 1551 1828 admixta,
1572 1782 1757 1820 custodes
1777 1781 1981 1818 Pontificis
1998 1781 2131 1818 lectis-

1170 1839 1257 1875 simi
1291 1838 1516 1885 nobilesque
1551 1837 1627 1873 viri
1662 1837 1702 1872 in
1737 1847 1872 1873 arcem
1907 1835 2129 1872 Romanam

1169 1892 1334 1936 detrusi,
1354 1891 1494 1928 deinde
1521 1891 1688 1939 dispersi
1715 1895 1755 1927 et
1773 1890 1969 1934 dissoluti,
1988 1889 2129 1926 militia

1171 1948 1226 1983 sic
1260 1946 1366 1982 dicta
1393 1946 1520 1982 civica
1547 1957 1568 1982 e
1596 1946 1708 1982 faece
1735 1945 1866 1993 populi
1901 1943 2128 1985 constituta,

1171 2011 1270 2047 quae
1297 2000 1460 2048 quaevis
1486 1999 1640 2046 flagitia
1667 1999 1790 2035 libere
1820 1998 2023 2046 patrabat,
2049 2007 2132 2034 ma-

1170 2055 1277 2090 xima
1305 2065 1397 2102 pars
1423 2053 1695 2092 Cardinalium
1723 2052 1885 2088 militari
1911 2053 1950 2087 vi
1978 2062 2001 2087 a
2030 2050 2131 2086 Pon-

1172 2108 1288 2145 tificis
1310 2109 1434 2145 latere
1454 2107 1592 2143 avulsa
1611 2111 1651 2143 et
1669 2106 1746 2142 alio
1765 2106 1990 2156 depeqtata,
2009 2103 2133 2140 admi-

1173 2163 1286 2199 nistri
1314 2162 1398 2198 eius
1426 2166 1465 2198 et
1491 2161 1682 2197 officiales
1709 2160 1948 2207 complures,
1967 2162 2050 2194 tum
2068 2169 2131 2194 ur-

1173 2217 1262 2253 bani
1293 2220 1375 2253 tum
1402 2215 1678 2264 provinciales,
1698 2213 1845 2257 vexati,
1865 2214 1903 2249 in
1923 2223 2131 2250 carcerem

1173 2271 1356 2315 coniecti,
1383 2270 1521 2318 procul
1549 2268 1764 2312 amandati,
1792 2268 1871 2304 alia
1898 2267 2027 2315 plura,
2056 2267 2132 2315 ipsi

1172 2325 1349 2374 gentium
1378 2324 1453 2360 iuri
1481 2323 1695 2367 contraria,
1725 2325 1921 2359 attentata
1947 2326 2051 2358 sunt.

1219 2379 1369 2416 Eodem
1403 2382 1582 2425 tempore
1627 2377 1666 2412 in
1707 2376 1921 2424 provinciis
1960 2376 2128 2421 Urbini,

1173 2434 1380 2471 Marchiae
1407 2436 1447 2469 et
1473 2432 1691 2475 Camerini,
1710 2442 1807 2479 quas
1835 2431 2038 2468 Gallorum
2056 2431 2133 2468 im-

1173 2492 1334 2536 perator
1371 2487 1533 2523 decreto
1573 2486 1762 2534 postridie
1801 2485 1954 2523 calend.
1994 2485 2132 2533 aprilis

1174 2544 1264 2581 1808
1285 2541 1537 2589 Apostolicae
1558 2540 1651 2578 Sedi
1669 2540 1888 2589 ademptas,
1910 2551 2034 2588 regno
2055 2541 2129 2577 Ita-

1173 2599 1249 2634 lico
1277 2596 1472 2639 adiunxit,
1492 2607 1668 2643 quaeque
1696 2596 1876 2632 facinora
1901 2594 2056 2632 nefaria
2073 2598 2130 2632 at-

1172 2664 1245 2701 que
1272 2651 1471 2698 sacrilega
1497 2655 1638 2686 contra
1664 2650 1889 2687 libertatem
1909 2678 1917 2693 ,
1951 2649 2131 2685 immuni-

1172 2713 1292 2744 tatem
1315 2711 1355 2742 et
1372 2704 1592 2741 doctrinam
1613 2705 1819 2742 Ecclesiae
1840 2707 1996 2752 patrata
2013 2707 2130 2740 sunt:

1172 2772 1312 2797 sacrae
1341 2760 1515 2806 virgines
1541 2759 1730 2807 expulsae
1758 2770 1779 2796 e
1806 2757 1992 2795 claustris
2009 2786 2017 2802 ,
2045 2769 2130 2804 pro-

1172 2817 1306 2851 fanata
1333 2813 1494 2861 templa,
1516 2815 1631 2850 frena
1658 2813 1840 2850 licentiae
1868 2812 2013 2855 soluta,
2041 2822 2133 2847 con—

1173 2873 1322 2917 tempta
1348 2868 1556 2915 disciplina
1583 2869 1872 2911 ecclesiastica,
1891 2866 1997 2903 sacri
2017 2876 2133 2903 cano—

1173 2936 1241 2960 nes
1259 2922 1496 2966 conculcati,
1514 2922 1789 2969 promulgatus
1808 2921 1930 2958 codex
1951 2919 2132 2967 aliaeque

1173 2979 1305 3023 leges,
1343 2988 1419 3012 non
1460 2976 1573 3012 modo
1615 2977 1741 3013 sacris
1780 2975 2022 3018 canonibus,
2061 2973 2130 3010 sed

1171 3035 1290 3070 etiam
1317 3032 1560 3079 evangelicis
1590 3031 1811 3079 praeceptis
1839 3041 1886 3067 ac
1904 3029 2034 3066 divino
2053 3028 2128 3064 iuri

1172 3088 1453 3130 adversantes,
1481 3086 1658 3133 depressi
1686 3091 1725 3122 et
1751 3085 1886 3123 vexati
1912 3083 2022 3126 cleri,
2050 3082 2129 3130 cpi-

1173 3153 1380 3188 scoporum
1412 3145 1587 3186 potestas
1616 3141 1742 3176 laicali
1771 3140 1959 3180 subiecta,
1979 3137 2039 3172 vis
2064 3148 2129 3173 eo-

1173 3208 1256 3231 rum
1293 3195 1558 3231 conscientiae
1598 3194 1835 3230 multimodis
1871 3192 1981 3228 illata
2003 3219 2011 3234 ‚
2046 3191 2126 3239 epi-

1171 3250 1281 3297 scopi
1308 3261 1329 3285 e
1357 3249 1437 3285 suis
1464 3247 1664 3285 cathedris
1690 3246 1901 3286 exturbati.
