2241 3473
672 188 798 220 VSQVE
825 189 879 217 AD
907 184 1237 215 IANSENISTARVM
1265 184 1441 213 EXORDIA

91 258 261 297 validum
290 256 572 306 pronuntiavit.
594 257 652 295 Re
672 257 837 294 Romam
865 255 1026 305 perlata,

92 312 266 351 Clemens
286 310 359 347 VII
380 311 609 348 sententiam
645 309 859 348 Crammeri
880 309 1026 346 nullam

92 364 318 410 declaravit,
339 375 547 412 regemque
567 364 638 400 sub
659 375 779 412 poena
807 373 1028 400 excommu-

91 417 296 455 nicationis
327 417 578 454 Cathariuam
613 418 781 465 recipcre
810 419 848 452 ct
876 416 1026 452 Annam

93 471 288 508 dimittere
309 470 430 509 iussit.

144 526 216 561 Ast
237 535 402 560 vesanus
423 535 491 561 rex
516 527 695 561 neutrum
716 520 933 571 praestitit:
954 520 1029 556 imo

93 587 241 614 omnem
259 588 345 613 cum
364 578 410 613 R.
427 577 612 614 pontifice
629 574 936 613 communionem
957 573 1027 609 ah-

95 630 221 678 rupit,
243 641 483 678 regnumque
514 631 551 666 in
581 633 723 667 tetrum
752 628 919 665 schisma
939 637 1028 661 con-

93 682 196 720 iecit.
218 682 509 719 Matrimonium
531 695 640 720 suum
670 693 755 718 cum
776 682 889 717 Anna
909 678 1028 715 Bole-

93 747 143 773 na
176 739 361 784 tanquam
393 735 609 783 legitimum
631 738 669 772 et
695 733 958 771 Elisabetham
981 743 1028 767 ex

94 800 141 825 ea
159 789 330 837 genitam
353 800 421 825 ceu
444 800 575 826 veram
610 787 721 836 regni
754 785 960 823 haeredem
983 784 1029 820 ab

94 842 271 879 omuibus
291 842 425 878 haberi
447 841 583 887 voluit,
613 840 777 878 Mariam
798 851 903 883 vero,
924 850 943 874 e
964 836 1031 874 Ca-

95 895 250 931 thariua
268 897 522 942 procreatam,
544 894 666 931 veluti
686 893 852 941 spuriam
875 891 921 928 ad
943 902 1029 927 ma-

93 951 191 984 trem
214 946 420 995 relegavit;
441 959 590 984 omnem
614 947 662 984 R.
688 945 889 983 Pontificis
910 944 1030 980 iuris-

92 1000 298 1036 dictionem
319 1000 355 1036 iu
376 1001 521 1048 Anglos
540 1002 579 1037 et
599 999 786 1036 Hibernos
815 996 1031 1046 abrogavit,

94 1053 179 1090 eius
201 1064 338 1090 nomen
364 1053 646 1101 ubique-deleri
667 1053 801 1096 iussit,
826 1054 1031 1088 cunctam-

93 1117 166 1154 que
183 1117 268 1142 cum
286 1117 331 1143 eo
345 1106 650 1143 communionem
665 1117 802 1142 severe
814 1103 1030 1140 interdixit.

95 1159 164 1196 His
185 1158 383 1195 violentiis
403 1162 442 1196 et
467 1159 722 1196 schismaticis
742 1158 845 1206 regis
865 1156 1032 1194 decretis

94 1215 251 1249 senatus
271 1215 311 1248 et
331 1213 501 1249 maxima
533 1224 581 1249 ex
614 1213 724 1261 parte
753 1211 881 1248 clerus
901 1222 946 1246 ac
966 1221 1033 1258 po-

95 1264 221 1314 pulus,
243 1268 310 1301 aut
330 1263 529 1303 blanditiis
559 1270 626 1302 aut
646 1268 749 1302 metu
772 1268 842 1302 aut
862 1263 946 1300 aliis
967 1274 1032 1300 ar-

97 1318 202 1355 tibus
223 1318 316 1355 victi
336 1322 549 1362 eesserunt;
571 1319 780 1356 Henricum
797 1317 891 1354 VIII
908 1327 1035 1364 supre-

95 1382 202 1409 mum
222 1370 420 1409 Ecclesiae
441 1372 680 1421 Anglieanae
701 1374 819 1420 caput
839 1370 1034 1415 dixerunt3

97 1425 208 1472 eique
224 1428 264 1461 et
278 1425 563 1462 successoribus
577 1425 636 1462 ius
651 1425 832 1462 haereses
843 1427 883 1460 et
894 1423 1036 1460 abusus

98 1477 382 1516 ecclesiasticos
415 1479 669 1527 cognoscendi
704 1481 744 1514 et
774 1476 947 1522 tollendi,
966 1487 1036 1512 an-

96 1536 219 1568 natas
239 1534 279 1567 et
301 1531 469 1569 decimas
489 1531 770 1569 ecclesiasticas
791 1529 1037 1580 percipiendi,

98 1595 219 1621 novos
239 1584 482 1633 episcopatus
501 1585 673 1634 erigendi
703 1587 742 1621 et
761 1583 837 1621 alia
852 1583 900 1620 ad
915 1581 1035 1619 eccle-

99 1636 297 1674 siasticum
343 1637 531 1685 regimem
578 1638 794 1686 spectantia
830 1634 1038 1685 peragendi

99 1689 381 1728 adiudicarunt.
391 1691 583 1728 Henricus
595 1702 786 1728 summum
798 1689 1038 1737 Anglicanae

100 1742 285 1780 eeclesiae
323 1747 440 1792 caput
459 1744 705 1790 constitutus,
726 1755 786 1781 an.
809 1742 910 1780 1535
929 1742 1037 1778 Tho-

100 1807 203 1833 mam
223 1797 427 1844 Cromweh
448 1797 572 1834 virum
606 1797 749 1835 laicum
767 1827 775 1841 ,
796 1808 908 1833 suum
930 1796 1038 1832 vica-

101 1849 204 1886 rium
225 1850 445 1898 generalem
467 1852 506 1887 in
528 1851 640 1888 rebus
659 1849 927 1887 ecclesiasticis
955 1861 1040 1885 con·

98 1902 236 1941 stituit.
272 1902 396 1941 Huius
429 1903 502 1940 viri
521 1905 561 1941 et
588 1906 744 1941 senatus
777 1902 934 1940 consilio
967 1912 1038 1938 rex

100 1956 349 2002 monasteria,
382 1957 506 2005 primo
539 1957 691 1994 minora
713 1957 851 1994 deinde
872 1958 1039 2000 caetera,

99 2020 260 2046 numero
270 2009 361 2054 640,
372 2013 576 2058 praeterea
588 2010 659 2047 110
672 2010 876 2059 hospitalia
890 2011 929 2046 et
937 2009 1039 2046 2344

101 2062 243 2099 sacella
261 2063 431 2109 sustulit,
464 2075 674 2111 eorumque
706 2064 806 2100 bona
832 2062 975 2112 partim
994 2061 1040 2098 fi-

103 2126 180 2161 sc0‚
208 2116 348 2164 partim
379 2117 528 2162 aulicis,
542 2116 606 2153 vel
625 2116 695 2154 sibi
725 2117 862 2154 deditis
891 2115 1041 2153 adiudi-

104 2168 229 2215 eavit,
248 2169 389 2217 partim
408 2170 549 2219 exiguo
570 2170 694 2218 pretio
715 2169 900 2207 vendidit.

154 2220 353 2270 Quotquot
383 2223 523 2271 iniquis
543 2227 582 2260 et
600 2223 854 2261 schismaticis
883 2221 1040 2260 Henrici

105 2273 271 2311 decretis
300 2277 491 2324 assentiri,
521 2275 633 2325 eique
665 2289 736 2313 ceu
756 2275 952 2313 Ecclesiae
972 2286 1040 2311 ca-

106 2326 177 2375 piti
196 2326 466 2367 iusiurandum
487 2333 682 2378 praestare
699 2330 940 2374 recusabant,
960 2340 1043 2377 poe·

108 2390 158 2416 na
177 2380 312 2428 capitis
333 2382 626 2421 damnabantur.
648 2384 805 2429 Eorum,
827 2382 890 2430 qui
910 2382 948 2419 in
969 2382 1041 2419 hac

107 2433 371 2481 persecutione
390 2435 583 2485 suppliciis
599 2436 726 2474 affecti
747 2436 917 2482 fuerunt,
938 2446 1042 2483 prae-

107 2485 211 2534 cipui
243 2490 334 2524 sunt
362 2487 520 2527 Ioannes
552 2489 689 2527 Fisher
721 2490 920 2538 episcopus
942 2488 1039 2526 Rof-

109 2538 239 2585 sensis,
259 2542 297 2578 et
311 2540 479 2580 Thomas
498 2543 632 2580 Morus
651 2543 761 2591 regni
776 2542 1041 2587 cancellarius,

108 2591 181 2628 viri
200 2593 416 2632 eruditione
450 2607 495 2632 ac
514 2608 664 2633 morum
697 2596 920 2644 integritate
949 2607 1042 2632 con-

107 2645 242 2692 spicui.
261 2646 410 2684 Tantus
430 2647 502 2686 fuit
521 2649 621 2698 regis
641 2649 748 2686 furor
764 2679 773 2694 ‚
805 2651 847 2685 ut
865 2648 992 2697 ipsum
1013 2661 1041 2685 s.

107 2697 297 2736 Thomam
315 2729 324 2744 ,
352 2712 450 2739 saec.
479 2702 557 2739 XII
586 2702 910 2750 archiepiscopum
940 2701 1041 2738 Can-

106 2751 353 2797 tuariensem‚
383 2754 431 2791 ab
459 2754 593 2804 Anglis
621 2755 868 2792 devotissime
897 2755 1040 2791 cultum

109 2815 179 2841 ceu
214 2806 487 2853 perduellionis
525 2820 632 2844 reum
666 2809 704 2845 in
736 2808 796 2845 ius
828 2807 990 2854 vocarit,
1023 2820 1042 2845 e

106 2856 240 2895 Ssrum
257 2858 344 2896 albo
359 2860 531 2905 eiecerit,
550 2861 708 2909 eiusque
724 2872 809 2898 ossa
824 2872 1043 2898 concrema-

108 2911 141 2947 ri
161 2915 200 2947 et
218 2911 366 2949 cineres
385 2913 555 2962 dispergi
573 2913 738 2950 iusserit.

160 2962 307 3002 Paulus
328 2965 396 3014 Pp.
418 2966 487 3011 III,
516 2966 722 3003 Clementis
743 2966 817 3003 VII
837 2978 1043 3014 successor,

110 3027 170 3053 an.
193 3017 294 3055 1538
312 3020 558 3065 sententiam,
588 3031 700 3068 quam
730 3019 806 3055 iam
826 3022 914 3056 ante
934 3020 957 3056 3
979 3032 1043 3057 an-

111 3080 179 3106 nos
198 3070 364 3109 Henrico
385 3072 477 3109 VIII
493 3073 661 3110 minatus
690 3072 831 3118 fuerat,
859 3072 1044 3109 sollemni-

110 3124 170 3158 ter
189 3124 466 3173 promulgavit:
498 3137 629 3174 regem
665 3128 848 3172 tanquam
869 3125 1043 3163 haereti-

111 3186 212 3222 cum,
231 3178 445 3224 moechum,
466 3178 725 3216 innocentium
756 3177 1042 3216 interfectorem

112 3230 151 3265 et
170 3230 389 3277 pontificiae
410 3232 623 3269 maiestatis
643 3243 765 3278 reum,
786 3232 1043 3269 excommuni-

1874 168 1949 210 155

1070 255 1213 298 catum,
1235 264 1396 302 regnum
1417 250 1538 290 sacris
1552 249 1799 288 interdictum
1821 249 1859 286 et
1876 247 2007 286 subdi-

1070 308 1129 343 tos
1149 318 1171 343 a
1190 306 1277 343 fidei
1300 306 1424 343 officio
1444 304 1588 342 solutos
1603 302 1825 341 declaravit.
1841 302 1928 339 Rex
1948 313 2010 338 ve-

1072 371 1113 396 ro
1135 359 1257 407 magis
1273 359 1309 395 in
1327 358 1538 395 catholicos
1555 357 1704 394 saeviit.
1721 355 2009 402 Nonnunquam

1073 413 1189 449 etiam
1226 411 1505 448 animadvertit
1526 411 1563 447 iu
1586 410 1843 453 Lutherauos,
1863 408 1927 457 qui
1949 407 2010 444 fa-

1074 470 1186 502 vente
1220 465 1442 502 Crammero
1475 464 1513 500 iu
1548 463 1695 500 occulto
1729 462 1949 511 serpebant,
1970 462 2010 497 et

1071 523 1205 555 contra
1225 529 1356 554 eorum
1377 517 1589 553 doctrinam
1607 528 1667 553 au.
1688 515 1787 553 1539
1803 515 1872 552 sub
1888 525 2010 562 poena

1072 571 1206 619 capitis
1242 570 1418 607 omnibus
1453 570 1661 606 credendos
1695 568 1869 606 definivit
1897 568 1965 604 hos
1984 566 2009 603 6

1071 623 1263 662 articulos:
1279 623 1316 659 in
1332 623 1398 659 SS.
1409 622 1653 659 Eucharistia
1667 633 1802 670 panem
1821 625 1860 658 et
1875 621 2008 656 vinum

1071 676 1379 713 substantialiter
1411 675 1581 713 converti
1614 675 1651 711 in
1688 675 1834 723 Corpus
1858 677 1898 710 et
1917 673 2010 710 Sau-

1072 729 1226 778 guinem
1243 728 1397 775 Christi3
1413 728 1719 765 communionem
1740 728 1810 764 sub
1832 738 1907 763 una
1922 738 2010 774 spe-

1072 782 1129 819 cie
1150 782 1197 819 ad
1218 782 1381 819 salutem
1403 780 1601 826 sufficere3
1630 781 1863 817 coelibatum
1892 779 2008 816 cleri-

1072 847 1205 872 corum
1226 834 1482 881 retinendum3
1504 836 1638 870 votum
1667 833 1857 871 castitatis
1875 833 2009 869 obser-

1075 889 1257 934 vandum3
1274 888 1414 924 missae
1434 887 1667 924 sacrificium
1684 898 1751 934 pro
1773 886 1872 923 vivis
1892 887 1932 922 et
1951 885 2010 922 de-

1072 941 1216 979 functis
1237 941 1477 978 offerendum
1496 953 1504 986 ;
1532 939 1809 976 confessionem
1831 941 2010 986 peccato-

1075 1007 1157 1033 rum
1179 1006 1309 1031 coram
1343 994 1548 1031 sacerdote
1582 992 1810 1030 faciendam.
1841 991 1952 1028 Unde
1980 992 2011 1029 si

1073 1049 1258 1093 schisma,
1282 1050 1321 1084 et
1340 1059 1387 1084 ea
1415 1058 1515 1095 quae
1545 1057 1661 1095 supra
1680 1045 1886 1082 retulimus
1903 1074 1911 1090 ‚
1941 1056 2013 1081 ex-

1073 1102 1204 1150 cipias,
1233 1101 1403 1138 exterior
1433 1099 1634 1148 religionis
1662 1098 1786 1136 forma
1814 1098 1885 1135 sub
1914 1098 2013 1134 Hen-

1076 1156 1151 1192 rico
1180 1155 1268 1201 VII,
1297 1154 1360 1202 qui
1391 1153 1605 1201 usquedum
1640 1152 1762 1198 vixit,
1796 1151 1834 1188 in
1872 1150 2014 1199 Anglia

1075 1209 1139 1245 vix
1159 1208 1366 1245 immutata
1386 1207 1461 1244 fuit
1480 1207 1501 1243 ¹.

1126 1261 1213 1299 Alia
1241 1263 1442 1310 praeterea
1475 1259 1731 1308 spectacula„
1746 1256 2014 1297 schismaticae

1079 1314 1274 1352 Ecclesiae
1295 1313 1420 1363 capite
1442 1313 1577 1361 digna,
1600 1311 1781 1361 praebuit
1800 1311 2015 1350 Henricus:

1077 1381 1136 1406 an.
1160 1368 1273 1411 1536,
1293 1367 1425 1416 paucis
1440 1368 1525 1415 post
1547 1362 1778 1403 Ca'tharinae
1796 1364 2014 1415 Aragoniae

1077 1423 1225 1459 obitum
1246 1421 1390 1467 diebus,
1411 1423 1525 1458 Anna
1546 1418 1694 1456 Bolena
1723 1424 1880 1467 propter
1900 1417 2015 1456 adul:-

1076 1475 1175 1512 teria
1195 1476 1234 1511 et
1252 1474 1442 1511 incestum
1463 1474 1645 1510 damnata
1665 1475 1703 1509 et
1719 1474 1845 1510 securi
1869 1482 2019 1521 percus-

1077 1540 1118 1566 sa
1130 1558 1139 1574 ,
1155 1540 1225 1565 rex
1242 1538 1401 1565 uxorem
1423 1526 1532 1563 duxit
1547 1525 1728 1562 Ioannam
1744 1525 2017 1575 Seymouram,

1079 1593 1208 1629 quam,
1221 1581 1334 1617 Anna
1354 1580 1481 1617 adhuc
1501 1578 1890 1627 vivente‚deperibat.
1912 1576 2018 1615 Ioan-

1081 1647 1129 1671 na
1148 1635 1183 1671 in
1206 1638 1332 1683 partu,
1345 1644 1420 1681 quo
1441 1635 1554 1669 natus
1573 1637 1632 1669 est
1647 1631 1864 1680 Eduardus‚
1878 1631 2016 1669 defun-

1080 1686 1353 1733 cta,Henricus
1365 1688 1525 1735 quartas
1545 1685 1796 1734 nuptiasiniit
1812 1686 2018 1723 eumAnna

1081 1740 1281 1787 Cliviensi;
1301 1740 1400 1777 hanc
1420 1743 1551 1776 autem
1573 1741 1657 1787 post
1675 1738 1700 1775 6
1725 1750 1875 1776 menses
1895 1749 2017 1787 repu-

1082 1793 1215 1840 diavit,
1237 1796 1277 1830 et
1296 1793 1485 1829 Thomam
1505 1790 1724 1838 Cromwell,
1753 1804 1887 1830 earum
1916 1803 2016 1839 nup—

1081 1848 1223 1884 tiarum
1241 1845 1543 1892 conciliatorem,
1557 1857 1627 1882 ceu
1643 1845 1848 1883 haereseos
1867 1847 1908 1882 et
1923 1844 2018 1882 alio-

1082 1912 1166 1938 rum
1186 1899 1390 1937 criminum
1410 1911 1520 1936 reum
1541 1898 1667 1947 capite
1694 1898 1868 1936 truncari
1894 1897 2017 1935 iussin

1082 1955 1192 1992 Tunc
1232 1965 1303 1990 rex
1338 1953 1513 2001 quintum
1558 1952 1777 2000 coniugium
1825 1949 2020 1988 contraxit

1082 2019 1166 2044 cum
1188 2006 1398 2044 Catharina
1415 2005 1597 2043 Howard.
1615 2005 1721 2042 Haec
1737 2017 1824 2042 cum
1841 2017 1901 2043 an.
1920 2004 2020 2041 1542

1085 2063 1241 2109 propter
1267 2059 1431 2096 infamia
1459 2058 1693 2095 commercia
1729 2059 1865 2096 fuisset
1895 2057 2020 2106 capite

1084 2115 1217 2163 plexa,
1251 2113 1441 2150 Henricus
1469 2113 1600 2149 sextas
1629 2112 1783 2161 nuptias
1811 2110 2022 2148 celebravit

1085 2180 1171 2204 cum
1193 2166 1406 2204 Catharina
1435 2165 1573 2212 Parra,
1603 2177 1700 2214 quae
1730 2177 1816 2202 cum
1847 2165 2020 2202 luthera-

1085 2232 1155 2257 nae
1175 2219 1376 2257 doctrinae
1405 2223 1506 2257 esset
1534 2219 1702 2264 addicta,
1730 2230 1867 2267 parum
1897 2217 2023 2255 abfuit

1083 2274 1174 2323 quin
1196 2273 1331 2310 eadem
1352 2284 1396 2310 ac
1416 2273 1692 2320 praecedentes
1708 2273 2020 2309 sorteuteretur:

1085 2326 1268 2375 regnavit
1288 2326 1483 2363 Henricus
1499 2337 1618 2374 usque
1638 2326 1685 2362 ad
1706 2336 1849 2362 annum
1869 2323 1982 2360 1547.

1136 2380 1198 2418 20.
1221 2380 1384 2417 Paulus
1413 2379 1488 2416 III
1512 2379 1706 2427 Pontifex
1737 2379 1818 2426 (an.
1841 2376 1957 2426 1534)
1975 2396 2023 2404 —-

1087 2434 1240 2470 Interea
1260 2432 1436 2470 Clemens
1457 2433 1526 2481 Pp.
1553 2432 1648 2478 VII,
1667 2433 1727 2469 V1⁰
1749 2431 1927 2473 calendas
1956 2441 2023 2466 oc-

1085 2487 1205 2524 tobris
1220 2486 1332 2532 1534,
1346 2485 1448 2523 obiit.
1467 2485 1601 2523 Prima
1617 2485 1678 2522 die
1694 2484 1949 2528 comitiorum,
1964 2480 2024 2519 111⁰

1084 2540 1168 2577 idus
1187 2539 1357 2576 eiusdem
1377 2539 1532 2585 mensis,
1549 2539 1798 2575 concordibus
1814 2535 2026 2584 suffragiis,

1084 2593 1306 2630 Alexander
1317 2592 1756 2638 Farnesius,Romanus‚
1769 2588 1974 2627 cardinalis
1989 2600 2025 2625 e-

1087 2648 1261 2695 piscopus
1275 2645 1619 2691 Ostiensis,annum
1633 2656 1750 2693 agens
1761 2644 1810 2680 67
1822 2644 2024 2690 cooptatus

1085 2702 1277 2748 est‚quem
1295 2698 1440 2735 eximia
1459 2702 1576 2747 atque
1597 2697 1814 2734 inveterata
1833 2695 2026 2741 virtus,et

1085 2752 1360 2801 praecellentes
1370 2751 1525 2789 litterae
1538 2762 1770 2799 magnopere
1787 2748 2024 2786 commenda-

1084 2807 1189 2851 bant,
1204 2806 1301 2842 adeo
1319 2808 1361 2841 ut
1372 2805 1546 2841 Clemens
1565 2815 1649 2840 eum
1672 2803 1744 2840 sibi
1764 2813 2023 2840 successorem

1084 2861 1314 2897 testamento
1330 2858 1560 2906 scripturum
1578 2855 1844 2901 affirmaret,si
1858 2852 2025 2892 Pontifi-

1085 2920 1194 2949 catus
1214 2911 1427 2949 hereditate
1449 2914 1654 2958 pararetur
1674 2909 1701 2947 ².
1723 2908 1889 2947 Paulum
1911 2907 1966 2945 III
1986 2918 2025 2943 se

1085 2966 1157 3004 diei
1174 2965 1307 3008 voluit,
1319 2967 1358 3000 et
1374 2963 1564 3000 111⁰n0nas
1579 2963 1799 3000 novembris
1814 2964 2022 2999 coronatus

1085 3025 1153 3057 est.
1166 3018 1373 3056 Ecclesiam
1392 3016 1622 3065 gubernavit
1640 3028 1760 3065 usque
1779 3015 1826 3053 ad
1844 3013 2023 3052 an.1549.

1130 3161 1136 3180 ¹
1155 3158 1281 3189 Sauder.
1298 3157 1342 3188 De
1365 3156 1491 3196 oriqine
1509 3157 1540 3186 el
1553 3163 1729 3196 proqressu
1760 3153 1945 3186 schismatis
1961 3153 2026 3185 An-³

1086 3201 1157 3231 clici
1179 3200 1216 3230 ui.

1085 3211 1103 3241 J
1127 3241 1141 3262 ‘2
1157 3210 1257 3272 levius
1275 3240 1329 3271 lib:
1348 3239 1385 3270 22
1403 3237 1559 3269 Historiae
1573 3238 1620 3269 sui
1638 3237 1797 3278 temporiS,
1817 3246 1844 3278 p.
1862 3236 1932 3268 495.
