2241 3473
245 148 320 186 196
815 149 971 178 EPOCHA
1000 150 1056 176 x1.
1085 149 1138 176 AB

1166 148 1305 176 1N1'rns
1333 148 1513 176 LVTHERI

197 228 508 276 Philippensem
526 223 550 259 ¹.
571 222 631 259 Ex
660 221 733 258 hoc
761 220 938 268 tempore
959 216 1146 255 ecclesiae
1187 215 1404 254 salvificam
1433 214 1628 252 hominem
1651 214 1804 264 quidem
1824 215 1954 265 gratia
1973 215 2043 253 Dei
2061 227 2132 264 per

200 281 240 318 in
262 279 473 317 foederatis
494 273 705 325 provinciis
725 273 789 310 diu
811 285 834 309 a
855 270 1025 309 Vicariis
1047 282 1145 319 apo-

203 334 348 372 stolicis
376 330 670 369 administratae
691 326 863 363 fuerunt.

253 388 315 423 74.
337 383 589 422 Arminiani
606 382 651 417 in
672 379 901 416 Hollcmclia
922 399 971 406 —
992 378 1037 415 In
1058 376 1150 414 Hol-

195 439 326 478 landia
348 438 480 481 etiam,
504 436 606 472 sicut
626 434 665 470 in
686 432 770 470 aliis
790 432 1027 481 regionibus,
1044 442 1148 467 nova

196 493 335 541 religio
382 491 486 527 inter
522 489 625 536 ipsos
645 486 831 524 sectarios
861 483 1148 529 controversiis,

197 545 324 583 turbis
343 546 383 580 et
405 541 640 580 factionibus
661 551 819 577 causam
836 539 954 576 dedit.
985 538 1148 575 Iacobus

197 597 413 641 Arminius,
434 597 472 632 in
493 593 746 643 Lugdunensi
780 593 1021 630 Batavorum
1044 591 1146 628 Uni-

201 652 389 689 versitate
411 649 630 697 theologiae
646 646 853 696 professor,
870 658 971 683 anno
990 645 1093 682 1604
1107 644 1145 680 in

203 705 356 754 publica
386 703 647 752 disputatione
681 701 785 737 inter
813 699 912 744 alia,
942 712 965 736 a
999 698 1146 735 Calvini

202 758 379 796 doctrina
401 757 528 793 aliena
549 754 727 799 asseruit,
746 754 870 790 Deum
894 765 969 790 non
993 752 1145 789 absolu-

197 816 238 850 to
259 813 417 849 decreto
441 810 535 847 alios
555 808 734 846 homines
755 808 802 844 ad
823 807 960 852 vitam,
982 806 1077 843 alios
1097 805 1145 842 ad

199 870 362 904 mortem
386 866 586 901 aeternam
620 861 939 911 praedestinasse,
965 860 1031 896 sed
1060 871 1146 907 pro-

200 924 286 969 pter
306 919 424 955 fidem
445 917 600 955 Christo
631 915 845 952 adhibitam
874 916 943 951 aut
971 914 1146 961 denega-

198 979 292 1019 tam3
314 972 413 1009 unde
433 971 681 1019 sequebatur,
698 969 887 1013 homines,
903 966 1084 1016 quamvis
1105 965 1145 1002 fi-

199 1028 264 1064 des
284 1026 334 1063 sit
354 1026 497 1062 donum
518 1024 588 1061 Dei
606 1053 615 1068 ,
636 1025 768 1060 tamen
799 1022 846 1059 ad
879 1022 1045 1059 salutem
1076 1032 1146 1056 ac-

198 1079 412 1129 cipiendam
433 1077 635 1127 cooperari
663 1087 772 1125 posse
802 1080 842 1112 et
871 1075 1026 1112 debere.
1053 1073 1146 1111 Eius

200 1133 432 1171 assertiones
453 1144 544 1169 mox
563 1130 690 1180 palam
713 1129 959 1178 impugnavit
973 1127 1143 1166 Franci—

200 1199 290 1225 scus
311 1187 518 1229 Gomarus,
539 1184 706 1223 Arminii
739 1183 901 1232 collega.
932 1183 1030 1220 Cum
1051 1193 1145 1218 vero

205 1241 409 1279 Arminius
429 1240 533 1277 inter
565 1238 787 1275 litterarum
823 1236 1031 1282 studiosos,
1052 1247 1146 1284 pro-

202 1295 367 1333 fessores
387 1297 427 1331 et
446 1292 735 1342 praedicatores
757 1290 914 1328 asseclis
935 1301 1011 1326 non
1033 1300 1145 1326 care-

201 1352 276 1394 ret,
297 1351 406 1385 ortae
427 1349 521 1384 sunt
540 1346 639 1383 duae
660 1344 862 1390 factiones,
891 1342 1144 1382 Arminiano-

202 1414 289 1440 rum
313 1413 448 1450 nempe
469 1404 508 1437 et
528 1399 855 1444 Gomaristarum,
877 1397 988 1435 dictis
1005 1399 1044 1433 et
1059 1396 1147 1434 scri—

203 1456 279 1506 ptis
305 1467 347 1493 se
382 1457 518 1492 mutuo
559 1453 846 1501 impugnantes.
886 1450 1147 1495 Gomaristae,

202 1509 355 1558 placitis
371 1507 522 1546 Calvini
538 1507 715 1544 strictius
730 1505 993 1551 inhaerentes,
1014 1504 1062 1541 ad
1083 1516 1149 1553 pu-

204 1564 348 1601 blicam
377 1562 469 1600 fidei
499 1560 779 1598 confessionem
802 1561 841 1596 et
861 1560 907 1596 ad
931 1557 1149 1596 cathechis-

205 1629 314 1655 mum
335 1615 721 1663 Heidelbergensem,
742 1613 850 1650 iussu
880 1611 1072 1650 Friderici
1094 1610 1149 1648 III

205 1670 383 1708 electoris
402 1668 586 1713 Palatini,
602 1668 705 1704 circa
721 1667 897 1705 an.1560
917 1665 1149 1710 confectum,

205 1724 483 1774 provocabant.
519 1720 742 1760 Arminiani
780 1719 969 1758 eiusmodi
1007 1719 1151 1768 scripta

207 1777 424 1828 symbolica
444 1777 488 1814 de
511 1787 610 1813 novo
632 1774 889 1819 discutienda,
907 1773 1154 1822 corrigenda,

206 1833 283 1870 imo
305 1831 432 1880 potius
452 1830 679 1879 abroganda
698 1840 803 1875 esse,
823 1827 1126 1865 contendebant.

261 1887 441 1923 Potestas
461 1884 583 1921 civilis
603 1883 824 1931 litigantes,
840 1881 1031 1919 institutis
1051 1881 1155 1917 inter

209 1951 275 1977 eos
295 1938 495 1987 colloquiis
523 1940 563 1974 et
592 1937 786 1985 imperata
806 1938 944 1972 mutua
975 1934 1153 1972 toleran-

209 1994 284 2037 tia,
315 1993 362 2030 ad
393 2003 526 2040 pacem
556 1992 771 2040 perducere
800 1989 949 2026 frustra
983 1988 1153 2024 conaba-

212 2050 290 2084 tur.
331 2045 578 2083 Gomaristae
617 2043 903 2081 contendebant
924 2072 933 2087 ,
970 2041 1155 2079 eiusmodi

213 2099 502 2138 controversias
532 2110 609 2135 non
638 2098 709 2134 nisi
740 2109 762 2134 a
792 2096 978 2134 nationali
1008 2096 1155 2143 synodo

213 2154 389 2202 componi
423 2163 543 2201 posse.
566 2150 799 2195 Arminiani,
821 2161 983 2187 numero
1013 2152 1052 2186 et
1080 2149 1156 2186 exi-

213 2207 439 2245 stimatione
480 2205 686 2242 inferiores
702 2234 712 2249 ,
750 2204 942 2253 synodum
981 2203 1155 2240 declina-

215 2263 322 2306 bant,
343 2264 383 2297 et
403 2259 608 2308 potestatis
626 2258 754 2295 civilis
774 2257 1010 2306 praesidium
1032 2269 1155 2304 quae-

214 2316 354 2353 rebant
372 2343 381 2358 ,
417 2316 460 2349 ut
488 2311 626 2349 saltem
657 2311 838 2359 religiosa
880 2310 1090 2348 tolerantia
1110 2310 1157 2347 ab

214 2381 260 2406 ea
288 2369 578 2405 decerneretur.
623 2364 800 2402 Arminio
831 2376 892 2401 an.
926 2364 1025 2401 1609
1055 2375 1158 2401 mor-

217 2427 286 2459 tuo
304 2452 314 2467 ,
343 2419 534 2457 dissensio
573 2421 690 2456 aucta
718 2422 756 2454 et
777 2418 824 2454 ad
850 2419 972 2466 ipsam
1008 2417 1158 2466 plebem

213 2478 429 2525 propagata
456 2477 528 2519 cst,
557 2473 613 2509 ita
644 2475 688 2508 ut
716 2471 878 2509 subinde
916 2471 1056 2507 turbae
1086 2483 1159 2508 ex-

214 2530 444 2566 citarentur.
479 2528 589 2564 Anno
619 2525 793 2573 sequenti
833 2525 1052 2562 Arminiani
1084 2537 1158 2574 pu-

213 2583 322 2620 blicis
351 2579 583 2619 Hollandiac
613 2578 821 2616 Ordinibus
851 2578 1078 2615 obtulerunt
1107 2578 1157 2615 li-

214 2637 353 2673 bellum
378 2635 766 2672 Remonstramz‘am
787 2632 1030 2680 inscriptum,
1046 2644 1068 2668 a
1085 2643 1160 2679 quo

218 2691 286 2738 ipsi
309 2691 650 2726 Remonstrantes
679 2685 769 2722 dicti
800 2690 901 2722 sunt.
932 2685 971 2721 In
1004 2697 1048 2721 eo
1078 2698 1117 2721 se
1139 2698 1161 2722 a

221 2744 384 2781 crimine
415 2742 656 2789 depravatae
676 2739 878 2787 religionis
908 2738 1082 2786 aliisquo,
1103 2739 1159 2775 si-

218 2798 254 2833 bi
287 2797 333 2833 ad
365 2795 602 2831 adversariis
623 2793 816 2841 impactis,
838 2792 1101 2835 vindicarunt,
1122 2796 1160 2828 ct

217 2850 434 2888 doctrinam
446 2860 554 2885 suam
568 2848 614 2884 de
627 2845 991 2895 praedestinatione,
1001 2845 1162 2893 aliisque

217 2905 242 2941 δ’)
276 2902 451 2940 articulis
490 2902 788 2949 proposuerunt.
829 2899 971 2936 Eorum
1011 2911 1162 2935 sumnia

218 2959 314 2995 haec
351 2959 450 2992 crat:
480 2955 582 2991 Deus
612 2954 658 2989 ab
696 2958 854 2991 aeterno
890 2952 1090 2994 decrevit.
1121 2957 1163 2988 ut

219 3013 256 3048 in
280 3009 478 3048 Christum
501 3007 687 3044 credituri
711 3010 750 3043 et
771 3006 807 3043 in
830 3006 903 3042 tide
924 3018 969 3042 ac
989 3006 1164 3042 obedien—

219 3065 272 3100 tia
293 3076 388 3111 erga
411 3074 497 3099 eum
521 3073 642 3109 usque
665 3061 700 3096 in
724 3060 840 3096 tinem
859 3060 1163 3108 perseveraturi,

220 3123 341 3158 vitam
374 3125 573 3158 aeternam
604 3122 961 3166 consequerentur,
990 3118 1164 3155 infideles

222 3194 314 3217 vero
354 3184 392 3217 et
432 3179 653 3228 peccatores
701 3190 774 3215 non
819 3176 1087 3225 resipiscentes
1126 3177 1162 3214 in

225 3241 429 3275 aeternnm
464 3235 770 3279 (lamnarcntur3
806 3233 851 3271 ad
901 3232 1016 3271 tidem
1059 3231 1161 3271 illam

1190 269 1388 307 Christum
1427 269 1615 317 indigere,
1644 281 1744 317 quae
1776 281 1898 307 cuusa
1915 269 2132 316 inchoatae,

1191 322 1449 360 continuatae
1483 326 1524 358 et
1556 321 1758 370 perfectae
1790 322 1926 360 salutis
1960 323 2044 360 eius
2062 327 2133 370 est,

1192 388 1278 414 eam
1301 378 1432 413 tamen
1454 387 1526 412 nec
1545 375 1668 413 solam
1687 387 1761 413 nec
1779 375 2080 413 irresistibiliter
2098 388 2135 413 ο-

1193 429 1334 479 perari.
1353 429 1424 467 His
1439 432 1572 478 postea
1587 429 1832 475 addiderunt,
1851 429 2044 467 hominem
2062 441 2134 479 per

1191 483 1347 531 culpam
1380 494 1493 520 suam
1526 482 1656 531 gratia
1675 484 1716 519 et
1733 482 1810 519 fide
1843 483 1883 524 in
1903 486 2134 532 perpetuum

1192 537 1374 574 excidere
1404 548 1525 585 posse.
1557 536 1704 573 Eorum
1733 535 1863 573 libello
1890 535 2133 574 Gomaristae

1192 591 1311 628 alium
1337 590 1840 627 Cone-aremonstrantiae
1859 593 2134 637 opposuerunt,

1190 645 1228 681 in
1251 656 1328 692 quo
1344 644 1559 681 doctrinam
1577 642 1728 680 Calvini
1749 643 1795 679 de
1814 642 2136 691 praedestinatio-

1190 710 1237 735 ne
1259 698 1307 734 ab
1326 697 1644 735 adversariorum
1667 695 1947 734 obiectionibus
1965 697 2138 734 vindica-

1190 753 1293 789 runt.
1315 751 1482 789 Demum
1509 749 1678 788 dissidiis
1706 753 1745 787 et
1763 750 1890 787 turbis
1919 749 2135 788 crescenti-

1189 806 1273 850 bus,
1294 807 1333 842 et
1356 805 1565 842 concordia
1585 803 1776 841 institutis
1792 804 1894 840 inter
1913 807 2045 852 partes
2064 803 2138 841 col-

1189 859 1331 907 loquiis
1351 857 1501 895 frustra
1520 859 1685 904 tentata,
1706 869 1768 895 an.
1793 857 1893 895 1617
1913 857 1952 894 in
1972 869 2137 907 genera·

1188 912 1216 949 li
1237 911 1428 949 Ordinum
1449 912 1571 949 totius
1604 911 1729 960 Belgii
1758 910 1947 948 foederati
1967 922 2136 960 congre-

1188 966 1345 1015 gatione
1361 966 1560 1003 decretum
1577 968 1650 1011 est,
1667 968 1710 1002 ut
1725 965 1772 1002 ad
1793 965 2032 1002 dirimendas
2047 976 2138 1002 con·

1190 1019 1403 1057 troversias
1423 1019 1619 1068 generalis
1639 1019 1812 1067 synodus
1839 1030 1941 1056 anno
1961 1017 2136 1068 sequenti

1189 1073 1458 1111 celebraretur
1478 1073 1682 1110 Dordraci.

1242 1127 1305 1165 75.
1329 1126 1520 1175 synodus
1539 1126 1899 1164 Dordracensz’s—
1916 1126 2029 1174 Anno
2057 1125 2138 1174 igi—

1189 1183 1258 1219 tur
1279 1181 1380 1219 1618
1401 1181 1572 1230 synodus
1607 1179 1798 1217 Dordraci
1827 1178 1964 1217 habita
1977 1181 2056 1226 est,
2075 1180 2137 1216 cui

1188 1238 1344 1284 praeter
1362 1235 1563 1283 theologos
1585 1234 1756 1271 Batavos
1784 1232 1997 1271 adfuerunt
2024 1232 2138 1270 multi

1189 1288 1378 1326 extranei.
1399 1287 1620 1325 Arminiani
1639 1286 1810 1336 theologi
1826 1287 2019 1336 synodum
2037 1286 2137 1324 iudi·

1190 1355 1273 1380 cem
1311 1343 1570 1387 recusarunt,
1600 1341 1992 1389 contenderuntque,
2029 1340 2138 1378 litem

1192 1409 1266 1434 non
1287 1408 1307 1433 e
1329 1396 1440 1433 libris
1461 1394 1702 1444 symbolicis,
1717 1394 1786 1432 sed
1801 1406 1822 1431 e
1837 1395 1919 1431 sola
1937 1394 2141 1443 Scriptura

1192 1450 1396 1499 colloquiis
1426 1449 1749 1497 componendam,
1768 1448 1831 1485 vel
1851 1459 2032 1497 suprema
2050 1459 2139 1486 ma-

1192 1504 1382 1553 gistratus
1404 1502 1531 1540 civilis
1550 1504 1744 1551 potestate
1766 1501 2043 1539 definiendam.
2064 1501 2140 1550 Sy-

1194 1558 1316 1595 nodus
1332 1568 1426 1594 vero
1443 1568 1507 1593 eos
1520 1558 1726 1605 propterea
1741 1555 2142 1604 increpavit,obstina-

1193 1614 1253 1649 tos
1269 1611 1412 1660 abegit,
1427 1610 1550 1659 iisque
1570 1620 1754 1647 censuras
1773 1608 1996 1646 intentavit.
2018 1608 2139 1646 Dein-

1195 1666 1242 1703 de
1271 1664 1493 1714 dogmatica
1523 1664 1684 1701 decreta
1712 1663 1760 1700 de
1789 1662 2142 1711 praedestinatione

1196 1722 1236 1757 et
1256 1717 1451 1757 adiunctis
1471 1717 1648 1754 materiis
1663 1746 1673 1763 ,
1695 1728 1718 1754 a
1737 1718 1868 1753 mente
1895 1715 2047 1754 Calvini
2069 1727 2143 1753 non

1196 1785 1336 1822 parum
1366 1772 1505 1817 aliena,
1536 1770 1718 1817 sancivit3
1746 1781 1835 1807 nam
1865 1769 2018 1808 deserto
2046 1769 2141 1807 hor-

1196 1827 1317 1864 rendo
1346 1827 1428 1863 eius
1457 1827 1676 1863 commento
1706 1824 1752 1861 de
1787 1823 2142 1873 praedestinatione

1198 1884 1289 1918 ante
1327 1880 1482 1929 lapsum
1502 1910 1511 1925 ,
1548 1890 1632 1916 eam
1676 1879 1764 1926 post
1799 1878 1955 1926 lapsum
1997 1876 2142 1915 factam

1197 1946 1281 1972 esse
1296 1933 1447 1971 statuit.
1458 1933 1672 1970 Praeterea
1683 1931 1884 1980 theologos
1895 1931 2144 1968 Arminianos

1198 2000 1266 2025 seu
1306 1988 1636 2025 Remonstrantes
1683 1985 1863 2033 deposuit
1878 2014 1888 2030 ,
1929 1984 2025 2022 alios
2058 1984 2144 2022 aliis

1200 2041 1330 2091 poenis
1346 2041 1523 2086 subiecit,
1554 2039 1825 2087 omnibusque,
1845 2037 1910 2088 qui
1930 2038 1990 2076 his
2010 2039 2144 2076 decre-

1198 2096 1249 2133 tis
1272 2095 1516 2133 subscribere
1537 2093 1701 2138 nollent,
1722 2103 1886 2130 munere
1906 2091 2145 2130 ecclesiasti-

1199 2162 1243 2187 co
1264 2147 1481 2186 interdixit.

1252 2203 1381 2244 Quum
1402 2202 1499 2239 hacc
1517 2201 1674 2238 decreta
1690 2200 1739 2236 ab
1760 2198 1971 2237 Ordinibus
1987 2209 2145 2248 genera-

1198 2256 1300 2294 libus
1320 2258 1450 2293 essent
1469 2254 1711 2299 confirmata,
1740 2253 2029 2302 praedicatores
2058 2253 2144 2290 Re-

1199 2309 1500 2347 monstrantium
1518 2308 1659 2355 ubique
1676 2307 1839 2356 depositi
1855 2309 1958 2352 sunt,
1974 2305 2149 2344 nonnulli

1199 2363 1376 2412 relegati,
1391 2361 1503 2400 multi
1523 2361 1562 2398 in
1582 2361 1679 2398 alias
1696 2360 1875 2409 regiones
1890 2359 2148 2405 transierunt3

1199 2418 1297 2455 sacri
1318 2428 1454 2453 eorum
1470 2418 1684 2452 conventus
1704 2413 1917 2459 interdicti,
1938 2415 2058 2452 etiam
2081 2424 2150 2450 ar-

1200 2471 1273 2508 mis
1294 2469 1457 2517 dispersi
1493 2470 1596 2506 sunt.
1619 2468 1662 2505 In
1688 2467 1887 2506 extraneis
1907 2479 2060 2517 quoque
2078 2478 2148 2505 seu

1202 2526 1316 2562 extra
1347 2522 1596 2561 Hollandiam
1622 2522 1892 2567 existentibus,
1912 2521 2150 2560 Calvinista-

1202 2590 1290 2615 rum
1311 2577 1492 2622 ecclesiis,
1515 2578 1680 2625 excepta
1712 2575 2045 2625 Brandeburgica,
2078 2574 2149 2612 de-

1202 2637 1312 2668 creta
1337 2631 1587 2668 Dordraccna
1609 2632 1812 2678 acceptata
1839 2628 1962 2675 fuere,
1981 2627 2152 2666 nomina-

1202 2685 1271 2721 tim
1294 2685 1332 2721 in
1356 2685 1574 2729 Gallicana,
1593 2695 1693 2731 quac
1713 2694 1774 2720 an.
1800 2682 1901 2720 1620
1929 2683 1968 2720 in
2001 2681 2150 2731 synodo

1203 2738 1397 2775 Alcetensi
1422 2737 1573 2783 statuit,
1605 2740 1646 2774 ut
1679 2748 1811 2774 omnes
1845 2735 2081 2785 professores
2113 2737 2152 2774 et

1180 2807 1183 2846 ἱ
1207 2792 1494 2840 praedicatores
1530 2803 1576 2828 ea
1611 2790 1832 2828 iuramento
1865 2785 2150 2839 approbarent3

1181 2861 1183 2884 ε
1205 2858 1365 2882 munere
1387 2844 1622 2890 ceciderunt,
1639 2844 1702 2893 qui
1724 2843 1989 2881 iuramentum
2017 2843 2149 2880 detre-

1181 2888 1184 2955 i
1202 2900 1372 2936 ctabant.

1182 2957 1184 3028 l
1258 2954 1370 2989 Anno
1390 2951 1492 2991 1625
1513 2953 1668 2989 mortuo
1688 2950 1876 2989 Mauritio
1892 2949 2067 2999 principe
2082 2949 2153 2987 sub

1182 3038 1184 3060 Ι
1206 3006 1406 3044 Friderico
1424 3005 1739 3051 110n1·i00‚fratre
1756 3005 1839 3042 eius
1858 3005 1898 3042 et
1917 3015 2154 3049 successore,

1182 3066 1185 3137 ‘h
1206 3061 1335 3109 plures
1350 3059 1640 3109 praedicatores
1657 3057 2016 3097 Romonstrantium
2032 3058 2069 3094 in
2089 3069 2154 3106 pa-

1183 3148 1185 3168 ,
1207 3118 1322 3155 triani
1345 3117 1490 3155 reversi
1507 3119 1610 3163 sunt,
1631 3127 1762 3154 sacros
1783 3118 2000 3154 conventus
2020 3114 2152 3164 publi-

1184 3177 1186 3188 *
1209 3189 1251 3211 cc
1273 3188 1389 3223 agere
1413 3177 1638 3224 coeperunt,
1654 3177 1694 3211 et:
1714 3186 1775 3211 an.
1800 3173 1901 3211 1630
1921 3174 2152 3222 potestatem

1212 3232 1366 3271 vivendi
1385 3232 1600 3270 secundum
1621 3243 1729 3269 suam
1747 3229 2030 3270 confessionem
2050 3239 2156 3267 acce·
