2241 3473
663 164 788 195 stvss
815 163 868 191 AD
897 161 1226 191 {ANSENISTARVM
1255 161 1431 189 EXORDIA

79 234 150 272 ctis
170 244 252 271 esse
272 231 481 271 orandum:
500 229 663 268 Sanetos
683 230 934 276 invocandos3
953 228 1014 266 vi-

78 289 158 324 tam
177 285 430 324 monasticam
449 296 531 321 esse
552 283 841 333 perfeetiorem3
863 285 1015 332 praeter

80 351 108 377 s.
127 339 369 388 Scripturam
385 338 616 374 traditiones
636 349 684 374 ss.
704 338 865 374 Patrurn
886 339 1015 373 tenen-

79 393 159 429 das.
182 391 324 440 Argnit
353 391 527 435 eosdem,
548 390 646 439 quod
668 391 812 427 veteris
834 394 871 426 et
894 400 1014 426 nuvae

79 445 226 482 Romae
263 445 477 481 doctrinam
517 447 782 492 oppugnantes
801 473 809 488 ,
845 442 1014 490 antiquis

80 498 283 546 utriusque
305 497 497 534 Ecclesiae
519 496 708 546 theologis
729 508 801 534 sua
820 507 1015 532 commen-

77 554 120 589 ta
138 554 429 599 anteponerent.

133 603 400 653 Tubingenses
418 602 586 651 theologi
604 601 641 638 in
657 601 730 638 alio
746 600 899 649 scripto,
915 611 1016 636 anno

81 656 181 695 1577
207 657 255 694 ad
285 656 549 705 patriarcham
578 655 688 700 dato,
709 654 923 691 doctrinam
952 652 1018 689 lu-

80 710 284 748 theranam
305 709 511 746 defendere
530 708 655 745 conati
676 708 777 753 sunt3
794 707 861 743 sed
883 716 1015 743 eorum

80 763 249 800 rationes
273 762 496 812 patriarcha
515 761 553 798 in
574 760 759 808 rescripto
786 758 1016 796 confutavit.

81 816 254 865 Cumque
271 815 652 862 Wirtenibergenses
671 813 759 850 huie
780 813 898 850 etiam
915 810 1015 848 refu-

80 869 220 907 tationi
241 879 342 906 nova
368 870 598 916 argument-a
627 867 885 915 opponerent,
906 865 1015 902 Iere-

80 922 175 959 mias
195 922 233 958 in
249 933 350 958 novo
365 921 413 958 ad
433 932 480 957 ea
495 931 676 969 responso
692 919 778 957 illos
796 918 958 963 monuit,
971 930 1017 954 ne

81 975 256 1024 deinceps
286 974 334 1011 ad
363 985 451 1011 eum
481 974 527 1011 de
555 973 670 1010 rebus
688 972 916 1020 theologicis
931 970 1020 1008 scri-

78 1027 226 1065 berent.
256 1027 430 1076 Denique
465 1039 524 1064 an.
550 1026 649 1064 1672
677 1026 846 1074 synodus
877 1024 1018 1062 Hiero-

79 1080 315 1130 solymitana
345 1081 580 1117 Graecorum
615 1079 877 1116 temeritatem
907 1078 1018 1115 theo-

79 1134 258 1183 logorum
277 1133 584 1182 Tubingensium
604 1133 798 1170 detestata
817 1133 877 1169 est
890 1129 915 1169 ¹.

135 1187 227 1224 Pari
245 1198 331 1224 eum
352 1186 617 1235 indignatione
638 1185 833 1223 doctrinas
854 1183 1017 1222 Calvini-

80 1243 229 1277 starum
249 1240 297 1278 ab
323 1239 484 1277 ecclesia
505 1240 655 1277 Graeca
682 1237 801 1276 fuisse
829 1237 996 1275 reiectas
1010 1266 1019 1283 ,

84 1293 297 1331 videbimus
318 1294 461 1342 postea.

132 1346 194 1384 54.
216 1347 422 1395 Relzjqz'osa
450 1347 751 1383 haereticorum
781 1344 1013 1382 dissidia—-

82 1399 140 1438 Ad
163 1399 348 1437 maiorem
377 1401 607 1436 novatorum
629 1398 891 1436 confusionem
913 1397 1016 1435 aeci-

82 1452 151 1499 dit,
172 1457 217 1490 ut
235 1453 339 1490 inter
358 1464 422 1490 eos
443 1452 544 1501 ipsos
564 1452 724 1489 dissidia
744 1451 924 1500 religiosa
945 1463 1017 1488 au-

80 1508 270 1556 gerentur
322 1517 539 1554 magnaque
567 1517 656 1542 cum
685 1504 934 1542 vehementia
980 1506 1019 1541 et

80 1562 218 1597 mutua
239 1559 503 1607 perseeutione
524 1559 781 1607 agitarentur.
803 1559 861 1596 Ea
880 1569 928 1595 ex
949 1569 1016 1594 eo-

80 1623 167 1650 rum
196 1612 405 1661 principio,
434 1613 481 1649 de
509 1611 831 1660 interpretatione
861 1622 889 1648 s.
911 1610 1018 1648 Scri-

81 1669 219 1714 pturae
244 1665 404 1703 cuilibet
422 1665 592 1702 fidelium
613 1665 784 1710 tributa,
804 1663 1019 1701 necessario

82 1719 357 1768 sequebantur,
368 1721 408 1756 et
421 1717 644 1756 luculenter
655 1717 899 1763 confirmant,
913 1729 1020 1766 prae-

82 1774 142 1809 ter
157 1784 186 1809 s.
199 1772 440 1820 Scripturam
456 1771 495 1808 in
506 1771 614 1808 Fidei
630 1772 745 1808 rebus
761 1770 1017 1809 neeessariam

83 1836 166 1863 esse
181 1824 424 1862 infallibilem
435 1824 630 1862 Ecclesiae
647 1824 933 1870 auctoritatem,
944 1835 1020 1872 qua

84 1877 374 1916 controversiae
391 1878 635 1916 dirimantur.
653 1878 748 1915 Post
769 1877 898 1927 plures
918 1877 1019 1923 lites,

85 1932 242 1970 vivente
262 1932 447 1978 Luthero,
467 1936 636 1976 exortas,
657 1931 827 1969 celebres
848 1932 938 1969 sunt
958 1931 1019 1967 A-

84 1985 404 2034 dz‘aphorz‘stecae
440 1988 483 2022 et
511 1984 852 2031 Interz'mz'stz'cae,
879 1983 1019 2033 quibus

85 2038 327 2076 occasionem
348 2038 456 2075 dedit
475 2049 609 2075 norma
628 2037 829 2086 religionis
848 2037 1021 2074 Interim

85 2092 200 2137 dicta,
220 2103 321 2130 anno
345 2091 444 2129 1548
473 2103 496 2128 a
524 2090 661 2128 Carolo
682 2091 716 2127 V
736 2090 975 2140 praescripta
994 2089 1021 2127 ².

85 2144 238 2182 Etenim
275 2144 446 2193 theologi
486 2145 871 2193 'VVirtembergenses
887 2173 896 2188 ,
931 2143 1020 2192 qui-

85 2198 156 2236 bus
185 2202 338 2235 mortuo
359 2198 529 2235 Luthero
559 2197 803 2246 praesidebat
823 2196 1022 2234 Melanch-

86 2251 204 2296 thon,
230 2263 369 2289 novam
398 2250 605 2288 formulam
634 2250 945 2288 Interimisticam
975 2262 1021 2287 ex

87 2304 317 2353 Augustana
346 2303 616 2350 confecerunt,
633 2304 669 2340 in
691 2315 769 2352 qua
787 2305 1024 2350 statuerunt,

88 2368 150 2394 res
160 2357 418 2406 adz‘aphoras,
429 2357 540 2403 idest,
551 2369 651 2405 quae
662 2369 690 2394 s.
706 2357 932 2406 Seripturae
947 2369 1021 2394 non

88 2410 401 2456 adversarentur,
414 2411 518 2459 pacis
538 2422 655 2448 causa
674 2411 872 2448 observari
893 2422 1022 2459 posse3

88 2463 295 2512 plerasque
312 2463 508 2501 doctrinas
524 2466 562 2501 et
577 2464 842 2502 caeremonias
856 2464 895 2501 in
910 2463 1023 2502 Inle-

90 2518 171 2553 rz'm
187 2515 315 2554 Caroli
331 2516 367 2553 V
383 2517 611 2565 exscriptas,
627 2520 801 2554 attamen
816 2517 855 2554 in
871 2529 1022 2554 sensum

89 2568 341 2606 lutheranum
361 2569 586 2618 explicatas,
602 2574 854 2620 receperunt3
876 2570 1024 2619 aliquas

90 2633 183 2659 vero
197 2626 238 2659 ut
248 2622 1024 2670 transsubstantiationem,invocationem

89 2675 238 2719 Ssrum,
261 2675 535 2724 Purgatorium
558 2677 709 2724 penitus
729 2677 952 2714 omiserunt.
970 2677 1025 2714 Ea

90 2727 256 2766 formula
276 2728 428 2776 Lipsiae
449 2728 496 2765 ab
512 2728 718 2767 Ordinibus
733 2729 936 2767 Saxonicis
956 2742 1026 2767 ac-

91 2785 262 2830 ceptata,
284 2780 534 2830 gravissimas
553 2781 655 2818 inter
675 2782 919 2820 Lutheranos
938 2783 1026 2820 lites

89 2834 294 2872 excitavit:
311 2834 500 2883 siquidem
520 2833 584 2871 alii
604 2835 786 2883 theologi,
800 2836 1024 2884 praesertim

89 2887 332 2936 Thuringici,
344 2887 420 2924 illis
433 2886 686 2924 defectionem
698 2900 719 2925 a
729 2888 1026 2926 Lutheranismo

92 2952 181 2978 cum
211 2940 393 2978 conviciis
423 2941 731 2988 exprobrarunt,
758 2943 858 2989 quod
892 2941 931 2978 in
959 2953 1028 2979 sua

90 2992 258 3031 formula
277 2994 651 3039 concederent,bena
667 3005 783 3042 opera
799 2995 845 3031 ad
861 2994 1027 3032 salutem

90 3057 172 3084 esse
200 3047 440 3093 necessaria,
462 3046 732 3096 hominemque
753 3048 903 3096 gratiae
923 3047 1026 3085 divi-

131 3141 141 3163 ¹
159 3140 355 3176 schelstrate,
371 3137 449 3169 Acta
464 3136 626 3169 Ecclesiae
643 3136 808 3169 orientalis
824 3139 937 3170 contra
953 3138 1029 3170 Cal-

92 3179 159 3211 υἰιιί
173 3183 204 3212 et
220 3180 353 3212 Lutheri
369 3180 524 3217 haereses
543 3180 656 3210 Romae
674 3178 762 3210 1739.
861 3185 864 3188 ’

133 3224 148 3247 ²
166 3222 230 3253 Vid.
243 3231 272 3263 p,
288 3220 436 3254 162-163.

1872 148 1943 186 181

1061 239 1130 265 nae
1159 227 1288 276 aliquo
1308 226 1419 265 modo
1440 223 1637 275 cooperari
1659 235 1767 273 posse
1787 224 1827 262 et
1845 223 1997 262 debere.

1114 281 1322 319 Praeterea
1353 280 1380 317 I.
1403 279 1584 317 Brentius
1614 277 1833 324 contendit,
1858 288 1996 326 eorpus

1060 333 1203 371 Christi
1234 346 1306 371 non
1335 336 1486 371 tantum
1518 333 1554 369 in
1586 344 1654 370 usn
1683 343 1847 376 coenae,
1869 331 1935 367 sed
1958 331 1997 368 vi

1060 387 1209 425 unionis
1228 387 1496 435 hypostaticae
1520 385 1658 434 ubique
1679 396 1761 422 esse
1791 395 1971 433 praesens
1985 413 1993 429 ,

1060 439 1210 488 fuitque
1231 452 1370 489 parens
1391 439 1697 487 Ubiquistarum.
1721 438 1889 475 Mathias
1908 437 1996 474 Fla·

1059 493 1139 530 eius
1153 493 1342 542 illyricus,
1355 493 1391 529 in
1404 492 1668 529 Universitate
1681 491 1831 529 Ienensi
1848 491 1999 528 theolo-

1060 546 1145 594 giae
1161 544 1371 595 professor,
1388 546 1571 591 asseruit,
1588 546 1785 593 peccatum
1808 544 1997 593 originale

1059 610 1141 636 esse
1161 598 1327 636 hominis
1347 598 1623 643 substantiam,
1641 597 1801 646 eiusque
1829 597 1997 634 asseclae

1060 652 1107 689 ab
1136 651 1370 689 adversariis
1398 651 1489 688 dieti
1516 655 1608 688 sunt
1635 650 1996 688 Substantz'alistae

1060 716 1127 741 seu
1147 705 1188 741 F
1187 705 1353 741 [aciani.
1374 704 1549 742 Andreas
1569 703 1758 741 Osiander
1772 733 1781 748 ,
1799 715 1820 740 e
1841 703 1997 752 praedi-

1061 759 1191 794 catore
1206 756 1522 806 Norimbergensi
1543 756 1735 806 professor
1754 757 1994 805 Regiomon-

1062 814 1193 857 tanus,
1213 811 1427 848 doctrinam
1458 810 1618 848 Lutheri
1648 810 1694 846 de
1722 810 1995 847 iustificatione

1062 863 1117 901 ita
1145 863 1331 908 mutavit,
1368 865 1411 900 ut
1437 865 1648 909 assereret,
1681 863 1996 900 iustificationem

1063 917 1273 954 consistere
1295 919 1471 955 nontam
1498 916 1537 953 in
1565 916 1789 953 remissione
1817 920 1995 964 peccato-

1064 981 1168 1017 rum,
1197 982 1314 1019 quam
1343 970 1381 1007 in
1411 969 1606 1007 essentiali
1638 969 1706 1005 Dei
1736 969 1908 1016 iustitia,
1928 970 2002 1007 ho-

1063 1023 1157 1061 mini
1178 1035 1246 1073 per
1265 1023 1382 1061 fidem
1403 1023 1543 1061 collata
1563 1024 1602 1059 et
1627 1021 1875 1069 immorante;
1898 1023 1996 1060 unde

1063 1079 1305 1125 sequeretur,
1326 1077 1519 1115 Christum
1536 1088 1609 1113 non
1630 1075 1838 1112 secundum
1861 1077 2000 1114 huma-

1065 1142 1166 1177 nam,
1178 1130 1244 1167 sed
1265 1130 1473 1167 seeundum
1489 1130 1610 1167 solam
1630 1128 1803 1166 divinam
1820 1132 1999 1166 naturam

1062 1195 1145 1221 esse
1173 1183 1345 1221 iustitiae
1375 1186 1573 1220 auctorem
1595 1184 1634 1219 et
1657 1181 1817 1219 humani
1846 1183 1999 1230 generis

1062 1237 1312 1274 salvatorem.
1334 1237 1370 1274 Is
1389 1236 1557 1274 instituit
1576 1235 1786 1273 factionem
1806 1235 2005 1275 Osiandri-

1063 1295 1228 1337 starum,
1244 1290 1291 1327 ab
1311 1290 1397 1328 aliis
1417 1293 1459 1327 ut
1478 1289 1712 1327 haereticam
1734 1288 2000 1337 proscriptam.

1115 1343 1202 1382 Non
1224 1343 1353 1381 minus
1370 1345 1506 1381 notatu
1524 1344 1640 1392 digna
1651 1345 1710 1379 est
1727 1341 1892 1379 defectio
1903 1343 1997 1379 mul-

1062 1400 1193 1434 torum
1208 1397 1478 1446 theologorum
1493 1398 1735 1444 aliorumque
1756 1395 2000 1432 Lutherano-

1062 1462 1148 1487 rum
1178 1451 1225 1488 ad
1255 1450 1405 1487 Calvini
1426 1450 1567 1499 placita
1587 1450 1633 1486 de
1654 1448 1911 1486 Eucharistia.
1934 1449 2000 1486 Lis

1061 1503 1162 1541 inter
1191 1504 1410 1541 Lutherum
1430 1506 1469 1541 et
1487 1502 1719 1552 Zwinglium
1740 1502 1818 1539 iam
1838 1503 1929 1539 olim
1949 1503 1996 1540 de

1063 1569 1109 1594 ea
1137 1568 1179 1594 re
1208 1557 1369 1606 agitata,
1390 1557 1515 1594 denuo
1535 1555 1728 1602 efferbuit,
1749 1558 1788 1592 et
1807 1556 1911 1594 circa
1932 1568 1997 1593 se-

1063 1611 1307 1659 xagesimum
1329 1609 1442 1648 huius
1462 1609 1604 1647 saeculi
1625 1621 1772 1646 annum
1794 1609 1896 1646 inter
1916 1609 1997 1658 pri-

1062 1663 1205 1701 marios
1234 1664 1438 1712 utriusque
1467 1662 1589 1711 partis
1617 1662 1817 1711 theologos
1845 1675 1997 1700 summa

1062 1728 1149 1754 cum
1166 1718 1413 1754 vehementia
1429 1715 1645 1765 mutuisque
1661 1727 1767 1753 more
1783 1715 1897 1754 solito
1913 1728 1999 1753 con-

1065 1770 1171 1808 viciis
1191 1771 1340 1820 agitata
1355 1769 1441 1808 fuit.
1454 1769 1675 1807 Fridericus
1687 1769 1744 1807 ΙΙΙ
1755 1769 1903 1807 elector
1914 1769 1997 1806 Pa-

1061 1823 1218 1870 latinus,
1234 1835 1359 1872 ,quum
1372 1823 1418 1861 de
1435 1824 1684 1860 controversa
1702 1822 1866 1860 materia
1882 1835 1905 1860 a
1919 1823 1997 1860 Me·

1061 1877 1295 1915 lanchthone
1317 1888 1543 1926 responsum
1564 1876 1784 1925 accepisset,
1806 1876 2016 1920 calvinia-‚

1064 1942 1134 1967 nae
1156 1930 1281 1979 potius
1302 1942 1421 1979 quam
1441 1929 1671 1967 lutheranae
1692 1931 1911 1967 sententiae
1932 1929 1996 1968 fa-

1063 1995 1170 2030 vens,
1189 1984 1415 2022 lutheranos
1436 1983 1725 2033 praedicatores
1746 1985 1786 2021 et
1806 1983 2001 2033 professo-

1063 2049 1123 2076 res
1152 2037 1319 2084 dimisit,
1349 2041 1389 2075 et
1416 2036 1641 2086 religionem
1670 2037 1929 2074 calvinianam
1962 2037 2000 2074 in

1064 2094 1192 2128 terras
1212 2103 1303 2128 suas
1323 2090 1553 2128 introduxit.
1572 2091 1683 2128 Hane
1699 2091 1852 2139 quidem
1870 2090 2002 2130 Ludo-

1065 2146 1192 2190 vieus,
1212 2144 1293 2182 eius
1313 2144 1415 2181 filius
1436 2146 1476 2181 et
1495 2156 1556 2181 an.
1582 2144 1682 2182 1576
1702 2156 1914 2191 successor,
1936 2143 2006 2181 eli-

1068 2198 1250 2245 minavit3
1272 2198 1338 2235 sed
1360 2210 1403 2235 eo
1425 2209 1525 2235 anno
1544 2197 1644 2235 1583
1662 2199 1826 2243 mortuo,
1839 2197 2004 2236 Casimi-

1067 2263 1132 2289 rus
1153 2252 1329 2289 eamdem
1350 2263 1425 2288 non
1445 2251 1526 2288 sine
1548 2251 1733 2288 violentia
1744 2252 1937 2297 restituit;
1955 2262 2004 2287 ex

1066 2316 1139 2353 quo
1160 2306 1334 2354 tempore
1356 2304 1614 2342 Calvinismus
1633 2305 1673 2341 in
1695 2305 1919 2342 Palatinatu
1939 2304 2005 2340 do-

1068 2358 1254 2396 minatum
1290 2358 1462 2396 retinuit.
1500 2358 1647 2395 Eodem
1675 2359 1847 2406 tempore
1877 2357 2002 2395 maior

1066 2412 1334 2450 Bremensium
1348 2423 1436 2461 pars
1450 2411 1583 2449 relicto
1595 2411 1903 2456 Lutheranismo,
1916 2410 2000 2449 Cal-

1067 2465 1272 2502 vinismum
1290 2465 1461 2514 professa
1476 2466 1545 2502 est.
1556 2464 1683 2502 Etiam
1700 2464 1869 2513 theologi
1883 2465 2001 2502 Saxo-

1067 2518 1152 2565 uici,
1181 2518 1564 2567 Wirtembergenses
1592 2517 1739 2555 scilicet
1763 2520 1801 2554 et
1820 2517 2000 2566 Lipsien-

1066 2583 1140 2617 ses,
1168 2571 1271 2609 sicut
1298 2572 1338 2609 in
1367 2571 1544 2609 doctrina
1565 2573 1610 2608 de
1630 2571 1750 2608 libero
1771 2570 1930 2608 arbitrio
1960 2573 2001 2608 et

1066 2625 1111 2662 de
1131 2625 1239 2663 bonis
1259 2625 1451 2674 operibus,
1465 2625 1520 2663 ita
1535 2626 1574 2662 et
1593 2624 1697 2661 eirca
1712 2624 1999 2662 Eucharistiam

1066 2691 1089 2716 a
1117 2678 1279 2716 Lutheri
1309 2678 1503 2716 sententia
1531 2676 1771 2723 defecerunt,
1805 2677 1925 2714 secuti
1956 2690 2001 2714 e-

1066 2732 1260 2780 xemplum
1298 2731 1469 2781 Philippi
1510 2730 1819 2768 Melanchthonis
1841 2743 1849 2777 ;
1900 2731 2001 2768 unde

1066 2785 1184 2823 etiam
1222 2784 1478 2834 Philippistae
1516 2787 1555 2821 et
1587 2782 2000 2832 Chripto-calvinistae

1067 2839 1160 2875 dicti
1197 2840 1288 2876 sunt
1327 2850 1350 2875 a
1386 2837 1634 2886 rigidioribus
1671 2848 1737 2873 seu
1775 2837 2002 2874 orthodoxis

1069 2891 1313 2937 Lutheranis,
1335 2890 1401 2939 qui
1423 2890 1566 2927 eisdem
1588 2890 1791 2928 haereseos
1812 2893 1941 2926 notam
1964 2890 1998 2926 i-

1070 2947 1291 2981 nusserunt.
1312 2945 1514 2992 Augustus
1527 2943 1670 2980 elector
1686 2943 1900 2980 Saxonicus
1917 2956 2008 2980 con-

1069 3009 1222 3035 sensum
1259 2997 1360 3033 inter
1387 2997 1471 3033 illos
1499 2996 1537 3032 in
1567 2998 1762 3034 conventu
1793 2997 2003 3034 Dresdensi

1070 3063 1129 3088 an.
1153 3051 1253 3088 1572
1281 3049 1486 3086 conciliare
1514 3048 1661 3087 frustra
1688 3049 1868 3087 tentavit.
1889 3049 2002 3086 Wir-

1070 3104 1355 3151 tembergenses
1385 3114 1446 3139 an.
1479 3101 1578 3139 1574
1606 3102 1709 3139 edito
1729 3103 1841 3148 libro,
1861 3103 1922 3139 eui
1945 3103 1998 3139 ti-

1070 3156 1195 3194 tulus:
1233 3154 1426 3203 Eoeeyesz‘s
1449 3156 1675 3204 perspicua
1703 3157 2004 3194 controversiae

1069 3210 1116 3247 de
1136 3219 1261 3246 coena
1282 3208 1460 3261 Domini,
1481 3220 1555 3246 non
1576 3210 1728 3246 tantum
1751 3208 1902 3246 Calvini
1923 3221 2004 3247 sen-
