<?xml version="1.0" encoding="UTF-8"?>
<!DOCTYPE html PUBLIC "-//W3C//DTD XHTML 1.0 Transitional//EN"
    "http://www.w3.org/TR/xhtml1/DTD/xhtml1-transitional.dtd">
<html xmlns="http://www.w3.org/1999/xhtml" xml:lang="en" lang="en">
 <head>
  <title>
</title>
<meta http-equiv="Content-Type" content="text/html;charset=utf-8" />
  <meta name='ocr-system' content='tesseract 3.04.00' />
  <meta name='ocr-capabilities' content='ocr_page ocr_carea ocr_par ocr_line ocrx_word'/>
</head>
<body>
  <div class='ocr_page' id='page_1' title='image "./historiaeecclesi01wout_0461.png"; bbox 0 0 2241 3473; ppageno 0'>
   <div class='ocr_carea' id='block_1_1' title="bbox 857 103 1424 135">
    <p class='ocr_par' dir='ltr' id='par_1_1' title="bbox 857 103 1424 135">
     <span class='ocr_line' id='line_1_1' title="bbox 857 103 1424 135; baseline 0.002 -4"><span class='ocrx_word' id='word_1_1' title='bbox 857 104 982 135; x_wconf 75' lang='lat' dir='ltr'>VSQVE</span> <span class='ocrx_word' id='word_1_2' title='bbox 1011 105 1063 131; x_wconf 74' lang='lat' dir='ltr'>AD</span> <span class='ocrx_word' id='word_1_3' title='bbox 1091 103 1220 131; x_wconf 72' lang='lat' dir='ltr'>INITIA</span> <span class='ocrx_word' id='word_1_4' title='bbox 1248 105 1424 132; x_wconf 83' lang='lat' dir='ltr'>LVTHERI</span> 
     </span>
    </p>
   </div>
   <div class='ocr_carea' id='block_1_2' title="bbox 150 170 1095 1333">
    <p class='ocr_par' dir='ltr' id='par_1_2' title="bbox 150 170 1095 1333">
     <span class='ocr_line' id='line_1_2' title="bbox 154 170 1092 219; baseline -0.004 -9"><span class='ocrx_word' id='word_1_5' title='bbox 154 175 231 217; x_wconf 85' lang='lat' dir='ltr'>tus,</span> <span class='ocrx_word' id='word_1_6' title='bbox 252 171 388 210; x_wconf 89' lang='lat' dir='ltr'>deinde</span> <span class='ocrx_word' id='word_1_7' title='bbox 404 170 571 208; x_wconf 85' lang='lat' dir='ltr'>clericali</span> <span class='ocrx_word' id='word_1_8' title='bbox 591 170 754 208; x_wconf 82' lang='lat' dir='ltr'>militiae</span> <span class='ocrx_word' id='word_1_9' title='bbox 771 170 1003 219; x_wconf 82' lang='lat' dir='ltr'>adscriptus,</span> <span class='ocrx_word' id='word_1_10' title='bbox 1017 182 1092 207; x_wconf 87' lang='lat' dir='ltr'>non</span> 
     </span>
     <span class='ocr_line' id='line_1_3' title="bbox 154 222 1092 273; baseline -0.002 -11"><span class='ocrx_word' id='word_1_11' title='bbox 154 225 331 262; x_wconf 81' lang='lat' dir='ltr'>obstante</span> <span class='ocrx_word' id='word_1_12' title='bbox 346 224 478 273; x_wconf 85' lang='lat' dir='ltr'>prioris</span> <span class='ocrx_word' id='word_1_13' title='bbox 490 224 593 261; x_wconf 78' lang='lat' dir='ltr'>vitae</span> <span class='ocrx_word' id='word_1_14' title='bbox 605 224 811 261; x_wconf 85' lang='lat' dir='ltr'>criminata</span> <span class='ocrx_word' id='word_1_15' title='bbox 823 222 1092 269; x_wconf 80' lang='lat' dir='ltr'>inhonestate&#39;,</span> 
     </span>
     <span class='ocr_line' id='line_1_4' title="bbox 154 277 1093 326; baseline -0.001 -11"><span class='ocrx_word' id='word_1_16' title='bbox 154 278 201 316; x_wconf 88' lang='lat' dir='ltr'>ad</span> <span class='ocrx_word' id='word_1_17' title='bbox 222 277 364 326; x_wconf 89' lang='lat' dir='ltr'>primas</span> <span class='ocrx_word' id='word_1_18' title='bbox 391 277 587 314; x_wconf 75' lang='lat' dir='ltr'>Ecclesiae</span> <span class='ocrx_word' id='word_1_19' title='bbox 613 277 821 325; x_wconf 70' lang='lat' dir='ltr'>dignitates</span> <span class='ocrx_word' id='word_1_20' title='bbox 846 277 1034 324; x_wconf 86' lang='lat' dir='ltr'>pervenit.</span> <span class='ocrx_word' id='word_1_21' title='bbox 1059 278 1093 314; x_wconf 89' lang='lat' dir='ltr'><strong>A</strong></span> 
     </span>
     <span class='ocr_line' id='line_1_5' title="bbox 153 329 1091 368; baseline -0.002 0"><span class='ocrx_word' id='word_1_22' title='bbox 153 330 311 368; x_wconf 78' lang='lat' dir='ltr'>Callisto</span> <span class='ocrx_word' id='word_1_23' title='bbox 344 330 397 367; x_wconf 88' lang='lat'>111</span> <span class='ocrx_word' id='word_1_24' title='bbox 429 330 623 368; x_wconf 87' lang='lat' dir='ltr'>avunculo</span> <span class='ocrx_word' id='word_1_25' title='bbox 657 342 724 367; x_wconf 88' lang='lat' dir='ltr'>suo</span> <span class='ocrx_word' id='word_1_26' title='bbox 754 329 960 366; x_wconf 83' lang='lat' dir='ltr'>cardinalis</span> <span class='ocrx_word' id='word_1_27' title='bbox 988 329 1091 366; x_wconf 90' lang='lat' dir='ltr'>vice-</span> 
     </span>
     <span class='ocr_line' id='line_1_6' title="bbox 153 382 1092 431; baseline 0 -12"><span class='ocrx_word' id='word_1_28' title='bbox 153 383 411 421; x_wconf 79' lang='lat' dir='ltr'>cancellarius</span> <span class='ocrx_word' id='word_1_29' title='bbox 427 388 591 427; x_wconf 82' lang='lat' dir='ltr'>creatus,</span> <span class='ocrx_word' id='word_1_30' title='bbox 609 383 679 420; x_wconf 89' lang='lat' dir='ltr'>sub</span> <span class='ocrx_word' id='word_1_31' title='bbox 696 383 823 431; x_wconf 65' lang='lat' dir='ltr'>Xysto</span> <span class='ocrx_word' id='word_1_32' title='bbox 836 382 888 419; x_wconf 89' lang='lat' dir='ltr'>IV</span> <span class='ocrx_word' id='word_1_33' title='bbox 902 383 1092 430; x_wconf 76' lang='lat' dir='ltr'>legatione</span> 
     </span>
     <span class='ocr_line' id='line_1_7' title="bbox 152 435 1093 484; baseline -0.002 -11"><span class='ocrx_word' id='word_1_34' title='bbox 152 435 190 473; x_wconf 89' lang='lat' dir='ltr'>in</span> <span class='ocrx_word' id='word_1_35' title='bbox 213 435 437 484; x_wconf 78' lang='lat' dir='ltr'>Hispaniam</span> <span class='ocrx_word' id='word_1_36' title='bbox 469 436 703 484; x_wconf 83' lang='lat' dir='ltr'>perfunctus,</span> <span class='ocrx_word' id='word_1_37' title='bbox 733 435 887 473; x_wconf 84' lang='lat' dir='ltr'>tandein</span> <span class='ocrx_word' id='word_1_38' title='bbox 919 435 966 471; x_wconf 85' lang='lat' dir='ltr'>ad</span> <span class='ocrx_word' id='word_1_39' title='bbox 995 447 1093 471; x_wconf 86' lang='lat' dir='ltr'>sum-</span> 
     </span>
     <span class='ocr_line' id='line_1_8' title="bbox 155 487 1093 538; baseline -0.002 -12"><span class='ocrx_word' id='word_1_40' title='bbox 155 500 257 526; x_wconf 88' lang='lat' dir='ltr'>mum</span> <span class='ocrx_word' id='word_1_41' title='bbox 277 489 547 538; x_wconf 84' lang='lat' dir='ltr'>pontificatum</span> <span class='ocrx_word' id='word_1_42' title='bbox 576 491 733 526; x_wconf 81' lang='lat' dir='ltr'>evectus</span> <span class='ocrx_word' id='word_1_43' title='bbox 749 487 834 525; x_wconf 86' lang='lat' dir='ltr'>suit.</span> <span class='ocrx_word' id='word_1_44' title='bbox 851 487 965 524; x_wconf 86' lang='lat' dir='ltr'>Hunc</span> <span class='ocrx_word' id='word_1_45' title='bbox 990 488 1093 524; x_wconf 87' lang='lat' dir='ltr'>Pon-</span> 
     </span>
     <span class='ocr_line' id='line_1_9' title="bbox 152 540 1094 590; baseline -0.003 -11"><span class='ocrx_word' id='word_1_46' title='bbox 152 540 297 579; x_wconf 85' lang='lat' dir='ltr'>tificem</span> <span class='ocrx_word' id='word_1_47' title='bbox 314 543 522 590; x_wconf 87' lang='lat' dir='ltr'>scriptores</span> <span class='ocrx_word' id='word_1_48' title='bbox 538 542 648 579; x_wconf 89' lang='lat' dir='ltr'>multi</span> <span class='ocrx_word' id='word_1_49' title='bbox 674 540 884 578; x_wconf 89' lang='lat' dir='ltr'>teterrimis</span> <span class='ocrx_word' id='word_1_50' title='bbox 905 541 1094 577; x_wconf 89' lang='lat' dir='ltr'>coloribus</span> 
     </span>
     <span class='ocr_line' id='line_1_10' title="bbox 154 593 1095 643; baseline -0.003 -11"><span class='ocrx_word' id='word_1_51' title='bbox 154 595 428 643; x_wconf 83' lang='lat' dir='ltr'>depinxerunt,</span> <span class='ocrx_word' id='word_1_52' title='bbox 448 594 628 632; x_wconf 90' lang='lat' dir='ltr'>Roderici</span> <span class='ocrx_word' id='word_1_53' title='bbox 661 593 780 638; x_wconf 87' lang='lat' dir='ltr'>vitia,</span> <span class='ocrx_word' id='word_1_54' title='bbox 808 593 964 630; x_wconf 66' lang='lat' dir='ltr'>tametsi</span> <span class='ocrx_word' id='word_1_55' title='bbox 989 604 1095 637; x_wconf 89' lang='lat' dir='ltr'>vera,</span> 
     </span>
     <span class='ocr_line' id='line_1_11' title="bbox 153 645 1093 697; baseline -0.003 -12"><span class='ocrx_word' id='word_1_56' title='bbox 153 647 377 686; x_wconf 81' lang='lat' dir='ltr'>Alexandro</span> <span class='ocrx_word' id='word_1_57' title='bbox 390 648 555 697; x_wconf 86' lang='lat' dir='ltr'>pontifici</span> <span class='ocrx_word' id='word_1_58' title='bbox 570 645 966 685; x_wconf 82' lang='lat' dir='ltr'>attribuentes:multa</span> <span class='ocrx_word' id='word_1_59' title='bbox 976 646 1093 682; x_wconf 87' lang='lat' dir='ltr'>etiam</span> 
     </span>
     <span class='ocr_line' id='line_1_12' title="bbox 154 698 1093 748; baseline -0.003 -10"><span class='ocrx_word' id='word_1_60' title='bbox 154 703 201 738; x_wconf 86' lang='lat' dir='ltr'>de</span> <span class='ocrx_word' id='word_1_61' title='bbox 216 701 298 738; x_wconf 88' lang='lat' dir='ltr'>eius</span> <span class='ocrx_word' id='word_1_62' title='bbox 314 701 499 738; x_wconf 84' lang='lat' dir='ltr'>electione</span> <span class='ocrx_word' id='word_1_63' title='bbox 517 701 772 748; x_wconf 88' lang='lat' dir='ltr'>moribusque,</span> <span class='ocrx_word' id='word_1_64' title='bbox 787 710 874 735; x_wconf 90' lang='lat' dir='ltr'>cum</span> <span class='ocrx_word' id='word_1_65' title='bbox 893 698 970 736; x_wconf 85' lang='lat' dir='ltr'>iam</span> <span class='ocrx_word' id='word_1_66' title='bbox 991 701 1093 736; x_wconf 90' lang='lat' dir='ltr'>esset</span> 
     </span>
     <span class='ocr_line' id='line_1_13' title="bbox 155 752 1094 802; baseline -0.002 -11"><span class='ocrx_word' id='word_1_67' title='bbox 155 753 349 798; x_wconf 83' lang='lat' dir='ltr'>Pontifex,</span> <span class='ocrx_word' id='word_1_68' title='bbox 369 756 408 791; x_wconf 90' lang='lat' dir='ltr'>et</span> <span class='ocrx_word' id='word_1_69' title='bbox 422 753 557 790; x_wconf 87' lang='lat' dir='ltr'>mortis</span> <span class='ocrx_word' id='word_1_70' title='bbox 577 763 731 802; x_wconf 86' lang='lat' dir='ltr'>genere,</span> <span class='ocrx_word' id='word_1_71' title='bbox 749 764 797 789; x_wconf 85' lang='lat' dir='ltr'>ex</span> <span class='ocrx_word' id='word_1_72' title='bbox 816 752 955 789; x_wconf 85' lang='lat' dir='ltr'>hausto</span> <span class='ocrx_word' id='word_1_73' title='bbox 978 763 1094 789; x_wconf 90' lang='lat' dir='ltr'>vene-</span> 
     </span>
     <span class='ocr_line' id='line_1_14' title="bbox 154 804 1092 853; baseline -0.001 -10"><span class='ocrx_word' id='word_1_74' title='bbox 154 818 217 852; x_wconf 89' lang='lat' dir='ltr'>no,</span> <span class='ocrx_word' id='word_1_75' title='bbox 227 806 554 844; x_wconf 86' lang='lat' dir='ltr'>circumferuntur</span> <span class='ocrx_word' id='word_1_76' title='bbox 564 818 586 843; x_wconf 90' lang='lat' dir='ltr'>a</span> <span class='ocrx_word' id='word_1_77' title='bbox 598 804 882 842; x_wconf 89' lang='lat' dir='ltr'>Guicciardinio</span> <span class='ocrx_word' id='word_1_78' title='bbox 896 804 1092 853; x_wconf 83' lang='lat' dir='ltr'>evulgata,</span> 
     </span>
     <span class='ocr_line' id='line_1_15' title="bbox 152 858 1092 908; baseline -0.002 -12"><span class='ocrx_word' id='word_1_79' title='bbox 152 871 250 907; x_wconf 90' lang='lat' dir='ltr'>quae</span> <span class='ocrx_word' id='word_1_80' title='bbox 271 859 524 908; x_wconf 82' lang='lat' dir='ltr'>prudentibus</span> <span class='ocrx_word' id='word_1_81' title='bbox 544 859 724 907; x_wconf 87' lang='lat' dir='ltr'>sanisque</span> <span class='ocrx_word' id='word_1_82' title='bbox 744 858 887 895; x_wconf 87' lang='lat' dir='ltr'>criticis</span> <span class='ocrx_word' id='word_1_83' title='bbox 906 869 981 894; x_wconf 89' lang='lat' dir='ltr'>non</span> <span class='ocrx_word' id='word_1_84' title='bbox 1003 869 1092 906; x_wconf 91' lang='lat' dir='ltr'>pro-</span> 
     </span>
     <span class='ocr_line' id='line_1_16' title="bbox 151 911 1090 956; baseline -0.002 -7"><span class='ocrx_word' id='word_1_85' title='bbox 151 912 306 956; x_wconf 64' lang='lat' dir='ltr'>bantum</span> <span class='ocrx_word' id='word_1_86' title='bbox 337 912 552 950; x_wconf 88' lang='lat' dir='ltr'>subiiciunt</span> <span class='ocrx_word' id='word_1_87' title='bbox 581 914 767 956; x_wconf 75' lang='lat' dir='ltr'>attamen,</span> <span class='ocrx_word' id='word_1_88' title='bbox 796 911 906 948; x_wconf 91' lang='lat' dir='ltr'>illum</span> <span class='ocrx_word' id='word_1_89' title='bbox 926 923 1002 947; x_wconf 88' lang='lat' dir='ltr'>non</span> <span class='ocrx_word' id='word_1_90' title='bbox 1023 923 1090 947; x_wconf 87' lang='lat' dir='ltr'>ca-</span> 
     </span>
     <span class='ocr_line' id='line_1_17' title="bbox 151 964 1092 1013; baseline -0.002 -11"><span class='ocrx_word' id='word_1_91' title='bbox 151 966 276 1003; x_wconf 84' lang='lat' dir='ltr'>ruisse</span> <span class='ocrx_word' id='word_1_92' title='bbox 296 964 543 1003; x_wconf 49' lang='lat' dir='ltr'>virtutibus?</span> <span class='ocrx_word' id='word_1_93' title='bbox 557 965 640 1013; x_wconf 91' lang='lat' dir='ltr'>Ipse</span> <span class='ocrx_word' id='word_1_94' title='bbox 653 964 829 1002; x_wconf 84' lang='lat' dir='ltr'>Voltaire</span> <span class='ocrx_word' id='word_1_95' title='bbox 846 964 1092 1013; x_wconf 73' lang='lat' dir='ltr'>reprehendit</span> 
     </span>
     <span class='ocr_line' id='line_1_18' title="bbox 151 1017 1092 1066; baseline -0.001 -11"><span class='ocrx_word' id='word_1_96' title='bbox 151 1018 496 1062; x_wconf 86' lang='lat' dir='ltr'>Guicciardinium,</span> <span class='ocrx_word' id='word_1_97' title='bbox 509 1019 609 1066; x_wconf 92' lang='lat' dir='ltr'>quod</span> <span class='ocrx_word' id='word_1_98' title='bbox 622 1018 778 1054; x_wconf 90' lang='lat' dir='ltr'>nimium</span> <span class='ocrx_word' id='word_1_99' title='bbox 791 1029 860 1055; x_wconf 90' lang='lat' dir='ltr'>suo</span> <span class='ocrx_word' id='word_1_100' title='bbox 876 1017 914 1054; x_wconf 89' lang='lat' dir='ltr'>in</span> <span class='ocrx_word' id='word_1_101' title='bbox 927 1017 1092 1054; x_wconf 86' lang='lat' dir='ltr'>Alexan-</span> 
     </span>
     <span class='ocr_line' id='line_1_19' title="bbox 151 1070 1092 1119; baseline -0.001 -11"><span class='ocrx_word' id='word_1_102' title='bbox 151 1071 261 1109; x_wconf 90' lang='lat' dir='ltr'>drum</span> <span class='ocrx_word' id='word_1_103' title='bbox 274 1071 328 1108; x_wconf 89' lang='lat' dir='ltr'>VI</span> <span class='ocrx_word' id='word_1_104' title='bbox 345 1072 430 1108; x_wconf 85' lang='lat' dir='ltr'>odio</span> <span class='ocrx_word' id='word_1_105' title='bbox 443 1071 660 1113; x_wconf 85' lang='lat' dir='ltr'>indulserit,</span> <span class='ocrx_word' id='word_1_106' title='bbox 672 1073 712 1108; x_wconf 90' lang='lat' dir='ltr'>et</span> <span class='ocrx_word' id='word_1_107' title='bbox 722 1071 918 1119; x_wconf 83' lang='lat' dir='ltr'>Europam</span> <span class='ocrx_word' id='word_1_108' title='bbox 934 1070 1092 1107; x_wconf 88' lang='lat' dir='ltr'>univer-</span> 
     </span>
     <span class='ocr_line' id='line_1_20' title="bbox 150 1124 1092 1173; baseline -0.002 -11"><span class='ocrx_word' id='word_1_109' title='bbox 150 1135 233 1162; x_wconf 85' lang='lat' dir='ltr'>sam</span> <span class='ocrx_word' id='word_1_110' title='bbox 249 1125 452 1173; x_wconf 88' lang='lat' dir='ltr'>deceperit.</span> <span class='ocrx_word' id='word_1_111' title='bbox 474 1125 567 1162; x_wconf 89' lang='lat' dir='ltr'>Eius</span> <span class='ocrx_word' id='word_1_112' title='bbox 588 1124 802 1173; x_wconf 84' lang='lat' dir='ltr'>ingenium,</span> <span class='ocrx_word' id='word_1_113' title='bbox 824 1127 862 1161; x_wconf 86' lang='lat' dir='ltr'>et</span> <span class='ocrx_word' id='word_1_114' title='bbox 881 1124 920 1160; x_wconf 88' lang='lat' dir='ltr'>in</span> <span class='ocrx_word' id='word_1_115' title='bbox 945 1124 1092 1172; x_wconf 85' lang='lat' dir='ltr'>guber-</span> 
     </span>
     <span class='ocr_line' id='line_1_21' title="bbox 151 1177 1093 1226; baseline 0 -12"><span class='ocrx_word' id='word_1_116' title='bbox 151 1178 279 1215; x_wconf 87' lang='lat' dir='ltr'>nanda</span> <span class='ocrx_word' id='word_1_117' title='bbox 303 1177 475 1215; x_wconf 82' lang='lat' dir='ltr'>Ecclesia</span> <span class='ocrx_word' id='word_1_118' title='bbox 491 1178 764 1215; x_wconf 76' lang='lat' dir='ltr'>dexteritatem</span> <span class='ocrx_word' id='word_1_119' title='bbox 784 1179 971 1214; x_wconf 87' lang='lat' dir='ltr'>evincunt</span> <span class='ocrx_word' id='word_1_120' title='bbox 981 1188 1093 1226; x_wconf 85' lang='lat' dir='ltr'>prae-</span> 
     </span>
     <span class='ocr_line' id='line_1_22' title="bbox 150 1230 1091 1279; baseline 0 -12"><span class='ocrx_word' id='word_1_121' title='bbox 150 1231 283 1268; x_wconf 90' lang='lat' dir='ltr'>sertim</span> <span class='ocrx_word' id='word_1_122' title='bbox 313 1230 464 1275; x_wconf 90' lang='lat' dir='ltr'>Bullae,</span> <span class='ocrx_word' id='word_1_123' title='bbox 485 1231 694 1279; x_wconf 87' lang='lat' dir='ltr'>Epistolae,</span> <span class='ocrx_word' id='word_1_124' title='bbox 711 1230 864 1278; x_wconf 85' lang='lat' dir='ltr'>aliaque</span> <span class='ocrx_word' id='word_1_125' title='bbox 885 1231 1028 1279; x_wconf 82' lang='lat' dir='ltr'>scripta</span> <span class='ocrx_word' id='word_1_126' title='bbox 1043 1231 1091 1267; x_wconf 84' lang='lat' dir='ltr'>ab</span> 
     </span>
     <span class='ocr_line' id='line_1_23' title="bbox 150 1283 1005 1333; baseline 0 -13"><span class='ocrx_word' id='word_1_127' title='bbox 150 1283 232 1332; x_wconf 88' lang='lat' dir='ltr'>ipso</span> <span class='ocrx_word' id='word_1_128' title='bbox 252 1283 510 1322; x_wconf 88' lang='lat' dir='ltr'>Pontificatus</span> <span class='ocrx_word' id='word_1_129' title='bbox 530 1285 589 1321; x_wconf 91' lang='lat' dir='ltr'>sui</span> <span class='ocrx_word' id='word_1_130' title='bbox 612 1286 786 1333; x_wconf 84' lang='lat' dir='ltr'>tempore</span> <span class='ocrx_word' id='word_1_131' title='bbox 810 1283 1005 1332; x_wconf 84' lang='lat' dir='ltr'>evulgata.</span> 
     </span>
    </p>
   </div>
   <div class='ocr_carea' id='block_1_3' title="bbox 151 1364 357 1368">
    <p class='ocr_par' dir='ltr' id='par_1_3' title="bbox 151 1364 357 1368">
     <span class='ocr_line' id='line_1_24' title="bbox 151 1364 357 1368; baseline 0 0"><span class='ocrx_word' id='word_1_132' title='bbox 151 1364 357 1368; x_wconf 95' lang='lat' dir='ltr'> </span> 
     </span>
    </p>
   </div>
   <div class='ocr_carea' id='block_1_4' title="bbox 148 1386 1092 3202">
    <p class='ocr_par' dir='ltr' id='par_1_4' title="bbox 149 1386 1092 1509">
     <span class='ocr_line' id='line_1_25' title="bbox 150 1386 1092 1426; baseline 0.001 -8"><span class='ocrx_word' id='word_1_133' title='bbox 150 1386 306 1418; x_wconf 80' lang='lat' dir='ltr'>studuisse</span> <span class='ocrx_word' id='word_1_134' title='bbox 323 1387 379 1417; x_wconf 92' lang='lat' dir='ltr'>iuri</span> <span class='ocrx_word' id='word_1_135' title='bbox 394 1387 549 1417; x_wconf 79' lang='lat' dir='ltr'>Bononiae</span> <span class='ocrx_word' id='word_1_136' title='bbox 564 1386 622 1417; x_wconf 87' lang='lat' dir='ltr'>sub</span> <span class='ocrx_word' id='word_1_137' title='bbox 634 1386 748 1417; x_wconf 81' lang='lat' dir='ltr'>celebri</span> <span class='ocrx_word' id='word_1_138' title='bbox 768 1387 904 1426; x_wconf 86' lang='lat' dir='ltr'>Gaspare</span> <span class='ocrx_word' id='word_1_139' title='bbox 916 1388 1092 1420; x_wconf 78' lang='lat' dir='ltr'>Veronensi.</span> 
     </span>
     <span class='ocr_line' id='line_1_26' title="bbox 149 1427 1090 1469; baseline 0.002 -11"><span class='ocrx_word' id='word_1_140' title='bbox 149 1429 192 1458; x_wconf 88' lang='lat' dir='ltr'>De</span> <span class='ocrx_word' id='word_1_141' title='bbox 208 1437 262 1459; x_wconf 86' lang='lat' dir='ltr'>sua</span> <span class='ocrx_word' id='word_1_142' title='bbox 279 1428 341 1458; x_wconf 79' lang='lat' dir='ltr'>vita</span> <span class='ocrx_word' id='word_1_143' title='bbox 357 1427 478 1458; x_wconf 89' lang='lat' dir='ltr'>militari</span> <span class='ocrx_word' id='word_1_144' title='bbox 503 1428 563 1459; x_wconf 88' lang='lat' dir='ltr'>alte</span> <span class='ocrx_word' id='word_1_145' title='bbox 590 1427 688 1459; x_wconf 79' lang='lat' dir='ltr'>silent.</span> <span class='ocrx_word' id='word_1_146' title='bbox 717 1428 754 1459; x_wconf 79' lang='lat' dir='ltr'>Ct‘</span> <span class='ocrx_word' id='word_1_147' title='bbox 779 1429 934 1467; x_wconf 84' lang='lat' dir='ltr'>Leonetti,</span> <span class='ocrx_word' id='word_1_148' title='bbox 963 1429 1019 1469; x_wconf 79' lang='lat' dir='ltr'>Op.</span> <span class='ocrx_word' id='word_1_149' title='bbox 1038 1429 1090 1461; x_wconf 83' lang='lat' dir='ltr'>cit.</span> 
     </span>
     <span class='ocr_line' id='line_1_27' title="bbox 151 1469 525 1509; baseline -0.003 -9"><span class='ocrx_word' id='word_1_150' title='bbox 151 1469 209 1500; x_wconf 90' lang='lat' dir='ltr'>vol.</span> <span class='ocrx_word' id='word_1_151' title='bbox 228 1470 246 1505; x_wconf 86' lang='lat' dir='ltr'>l,</span> <span class='ocrx_word' id='word_1_152' title='bbox 259 1474 275 1501; x_wconf 72' lang='lat' dir='ltr'>S</span> <span class='ocrx_word' id='word_1_153' title='bbox 290 1469 338 1508; x_wconf 93' lang='lat' dir='ltr'>IV,</span> <span class='ocrx_word' id='word_1_154' title='bbox 353 1478 380 1509; x_wconf 91' lang='lat' dir='ltr'>p.</span> <span class='ocrx_word' id='word_1_155' title='bbox 399 1469 435 1499; x_wconf 85' lang='grc'>97</span> <span class='ocrx_word' id='word_1_156' title='bbox 457 1478 525 1509; x_wconf 85' lang='lat' dir='ltr'>sqq.</span> 
     </span>
    </p>

    <p class='ocr_par' dir='ltr' id='par_1_5' title="bbox 148 1510 1092 2873">
     <span class='ocr_line' id='line_1_28' title="bbox 192 1510 1092 1550; baseline -0.001 -8"><span class='ocrx_word' id='word_1_157' title='bbox 192 1511 308 1542; x_wconf 82' lang='lat' dir='ltr'>&#39;Recte</span> <span class='ocrx_word' id='word_1_158' title='bbox 331 1512 475 1541; x_wconf 78' lang='lat' dir='ltr'>observat</span> <span class='ocrx_word' id='word_1_159' title='bbox 493 1510 645 1545; x_wconf 76' lang='lat' dir='ltr'>Leonetti,</span> <span class='ocrx_word' id='word_1_160' title='bbox 668 1510 852 1542; x_wconf 84' lang='lat' dir='ltr'>documenta</span> <span class='ocrx_word' id='word_1_161' title='bbox 879 1515 1092 1550; x_wconf 83' lang='lat' dir='ltr'>contempora-</span> 
     </span>
     <span class='ocr_line' id='line_1_29' title="bbox 149 1553 1090 1592; baseline 0.002 -10"><span class='ocrx_word' id='word_1_162' title='bbox 149 1561 218 1590; x_wconf 83' lang='lat' dir='ltr'>nea,</span> <span class='ocrx_word' id='word_1_163' title='bbox 234 1561 314 1592; x_wconf 82' lang='lat' dir='ltr'>quae</span> <span class='ocrx_word' id='word_1_164' title='bbox 330 1555 457 1592; x_wconf 79' lang='lat' dir='ltr'>nepotes</span> <span class='ocrx_word' id='word_1_165' title='bbox 473 1556 583 1583; x_wconf 88' lang='lat' dir='ltr'>vocant</span> <span class='ocrx_word' id='word_1_166' title='bbox 607 1553 658 1592; x_wconf 82' lang='lat' dir='ltr'>qui</span> <span class='ocrx_word' id='word_1_167' title='bbox 683 1553 880 1591; x_wconf 87' lang='lat' dir='ltr'>appellantur</span> <span class='ocrx_word' id='word_1_168' title='bbox 896 1553 1036 1584; x_wconf 78' lang='lat' dir='ltr'>Roderici</span> <span class='ocrx_word' id='word_1_169' title='bbox 1056 1554 1090 1584; x_wconf 88' lang='lat' dir='ltr'>si-</span> 
     </span>
     <span class='ocr_line' id='line_1_30' title="bbox 148 1593 1091 1634; baseline 0.002 -11"><span class='ocrx_word' id='word_1_170' title='bbox 148 1593 194 1631; x_wconf 87' lang='lat' dir='ltr'>lii,</span> <span class='ocrx_word' id='word_1_171' title='bbox 207 1594 323 1624; x_wconf 84' lang='lat' dir='ltr'>maiora</span> <span class='ocrx_word' id='word_1_172' title='bbox 340 1602 409 1623; x_wconf 81' lang='lat' dir='ltr'>esse</span> <span class='ocrx_word' id='word_1_173' title='bbox 426 1603 550 1624; x_wconf 89' lang='lat' dir='ltr'>numero</span> <span class='ocrx_word' id='word_1_174' title='bbox 565 1594 623 1624; x_wconf 86' lang='lat' dir='ltr'>illis</span> <span class='ocrx_word' id='word_1_175' title='bbox 643 1603 722 1634; x_wconf 85' lang='lat' dir='ltr'>quae</span> <span class='ocrx_word' id='word_1_176' title='bbox 736 1603 789 1624; x_wconf 88' lang='lat' dir='ltr'>eos</span> <span class='ocrx_word' id='word_1_177' title='bbox 805 1594 889 1634; x_wconf 79' lang='lat' dir='ltr'>filios</span> <span class='ocrx_word' id='word_1_178' title='bbox 901 1594 1021 1633; x_wconf 73' lang='lat' dir='ltr'>dicunt,</span> <span class='ocrx_word' id='word_1_179' title='bbox 1035 1604 1091 1625; x_wconf 88' lang='lat' dir='ltr'>nec</span> 
     </span>
     <span class='ocr_line' id='line_1_31' title="bbox 150 1635 1090 1675; baseline 0.001 -10"><span class='ocrx_word' id='word_1_180' title='bbox 150 1635 309 1665; x_wconf 77' lang='lat' dir='ltr'>decentiae</span> <span class='ocrx_word' id='word_1_181' title='bbox 325 1636 437 1673; x_wconf 84' lang='lat' dir='ltr'>specie,</span> <span class='ocrx_word' id='word_1_182' title='bbox 460 1644 527 1666; x_wconf 90' lang='lat' dir='ltr'>cnm</span> <span class='ocrx_word' id='word_1_183' title='bbox 551 1636 729 1674; x_wconf 80' lang='lat' dir='ltr'>praesertim</span> <span class='ocrx_word' id='word_1_184' title='bbox 754 1635 784 1665; x_wconf 91' lang='lat' dir='ltr'>in</span> <span class='ocrx_word' id='word_1_185' title='bbox 810 1636 975 1675; x_wconf 79' lang='lat' dir='ltr'>aliquibus,</span> <span class='ocrx_word' id='word_1_186' title='bbox 1002 1637 1041 1666; x_wconf 88' lang='lat' dir='ltr'>uti</span> <span class='ocrx_word' id='word_1_187' title='bbox 1061 1637 1090 1666; x_wconf 85' lang='lat' dir='ltr'>in</span> 
     </span>
     <span class='ocr_line' id='line_1_32' title="bbox 149 1675 1092 1716; baseline 0.001 -10"><span class='ocrx_word' id='word_1_188' title='bbox 149 1677 257 1707; x_wconf 86' lang='lat' dir='ltr'>litteris</span> <span class='ocrx_word' id='word_1_189' title='bbox 270 1677 483 1714; x_wconf 74' lang='lat' dir='ltr'>familiaribus,</span> <span class='ocrx_word' id='word_1_190' title='bbox 494 1678 551 1707; x_wconf 85' lang='lat' dir='ltr'>hoc</span> <span class='ocrx_word' id='word_1_191' title='bbox 565 1676 698 1715; x_wconf 88' lang='lat' dir='ltr'>supponi</span> <span class='ocrx_word' id='word_1_192' title='bbox 712 1675 885 1707; x_wconf 80' lang='lat' dir='ltr'>nullatenus</span> <span class='ocrx_word' id='word_1_193' title='bbox 900 1682 1012 1716; x_wconf 82' lang='lat' dir='ltr'>posset.</span> <span class='ocrx_word' id='word_1_194' title='bbox 1023 1679 1092 1708; x_wconf 82' lang='lat' dir='ltr'>Sae-</span> 
     </span>
     <span class='ocr_line' id='line_1_33' title="bbox 149 1717 1092 1758; baseline 0.002 -10"><span class='ocrx_word' id='word_1_195' title='bbox 149 1727 188 1757; x_wconf 85' lang='lat' dir='ltr'>pe</span> <span class='ocrx_word' id='word_1_196' title='bbox 205 1719 329 1757; x_wconf 83' lang='lat' dir='ltr'>saepius</span> <span class='ocrx_word' id='word_1_197' title='bbox 346 1718 526 1748; x_wconf 81' lang='lat' dir='ltr'>documenta</span> <span class='ocrx_word' id='word_1_198' title='bbox 540 1718 597 1748; x_wconf 84' lang='lat' dir='ltr'>sibi</span> <span class='ocrx_word' id='word_1_199' title='bbox 611 1717 738 1748; x_wconf 72' lang='lat' dir='ltr'>invicem</span> <span class='ocrx_word' id='word_1_200' title='bbox 753 1723 960 1758; x_wconf 88' lang='lat' dir='ltr'>opponuntur,</span> <span class='ocrx_word' id='word_1_201' title='bbox 978 1720 1018 1748; x_wconf 87' lang='lat' dir='ltr'>uti</span> <span class='ocrx_word' id='word_1_202' title='bbox 1033 1720 1092 1750; x_wconf 88' lang='lat' dir='ltr'>duo</span> 
     </span>
     <span class='ocr_line' id='line_1_34' title="bbox 149 1759 1089 1800; baseline 0 -10"><span class='ocrx_word' id='word_1_203' title='bbox 149 1759 259 1790; x_wconf 81' lang='lat' dir='ltr'>Brevia</span> <span class='ocrx_word' id='word_1_204' title='bbox 281 1760 514 1800; x_wconf 76' lang='lat' dir='ltr'>legitimationis</span> <span class='ocrx_word' id='word_1_205' title='bbox 529 1759 656 1790; x_wconf 84' lang='lat' dir='ltr'>Ioannis</span> <span class='ocrx_word' id='word_1_206' title='bbox 674 1760 804 1799; x_wconf 79' lang='lat' dir='ltr'>Borgiae</span> <span class='ocrx_word' id='word_1_207' title='bbox 821 1760 891 1790; x_wconf 87' lang='lat' dir='ltr'>data</span> <span class='ocrx_word' id='word_1_208' title='bbox 908 1762 1014 1791; x_wconf 86' lang='lat' dir='ltr'>eodem</span> <span class='ocrx_word' id='word_1_209' title='bbox 1034 1761 1089 1791; x_wconf 70' lang='lat' dir='ltr'>(lie.</span> 
     </span>
     <span class='ocr_line' id='line_1_35' title="bbox 149 1801 1090 1841; baseline 0.001 -10"><span class='ocrx_word' id='word_1_210' title='bbox 149 1801 271 1831; x_wconf 83' lang='lat' dir='ltr'>Plurimi</span> <span class='ocrx_word' id='word_1_211' title='bbox 287 1801 389 1832; x_wconf 79' lang='lat' dir='ltr'>facere.</span> <span class='ocrx_word' id='word_1_212' title='bbox 402 1801 579 1831; x_wconf 87' lang='lat' dir='ltr'>adnituntur</span> <span class='ocrx_word' id='word_1_213' title='bbox 591 1801 696 1831; x_wconf 83' lang='lat' dir='ltr'>hostes</span> <span class='ocrx_word' id='word_1_214' title='bbox 711 1802 743 1832; x_wconf 74' lang='lat' dir='ltr'>tt.</span> <span class='ocrx_word' id='word_1_215' title='bbox 759 1802 915 1832; x_wconf 77' lang='lat' dir='ltr'>Ecclesiae</span> <span class='ocrx_word' id='word_1_216' title='bbox 929 1803 1090 1841; x_wconf 82' lang='lat' dir='ltr'>epistolam</span> 
     </span>
     <span class='ocr_line' id='line_1_36' title="bbox 148 1841 1090 1881; baseline 0 -9"><span class='ocrx_word' id='word_1_217' title='bbox 148 1841 191 1872; x_wconf 88' lang='lat' dir='ltr'>Pii</span> <span class='ocrx_word' id='word_1_218' title='bbox 215 1842 240 1872; x_wconf 87' lang='lat' dir='ltr'>ll</span> <span class='ocrx_word' id='word_1_219' title='bbox 264 1843 301 1872; x_wconf 88' lang='lat' dir='ltr'>ad</span> <span class='ocrx_word' id='word_1_220' title='bbox 325 1842 515 1872; x_wconf 72' lang='lat' dir='ltr'>Caralinalem</span> <span class='ocrx_word' id='word_1_221' title='bbox 540 1842 720 1872; x_wconf 82' lang='lat' dir='ltr'>Rodericum</span> <span class='ocrx_word' id='word_1_222' title='bbox 745 1843 857 1881; x_wconf 74' lang='lat' dir='ltr'>Boi-gia</span> <span class='ocrx_word' id='word_1_223' title='bbox 882 1843 1029 1873; x_wconf 87' lang='lat' dir='ltr'>directam</span> <span class='ocrx_word' id='word_1_224' title='bbox 1053 1844 1090 1873; x_wconf 85' lang='lat' dir='ltr'>de</span> 
     </span>
     <span class='ocr_line' id='line_1_37' title="bbox 149 1883 1090 1921; baseline -0.001 -6"><span class='ocrx_word' id='word_1_225' title='bbox 149 1884 270 1915; x_wconf 84' lang='lat' dir='ltr'>choreis</span> <span class='ocrx_word' id='word_1_226' title='bbox 283 1883 371 1914; x_wconf 80' lang='lat' dir='ltr'>Senis</span> <span class='ocrx_word' id='word_1_227' title='bbox 383 1883 506 1921; x_wconf 82' lang='lat' dir='ltr'>habitis,</span> <span class='ocrx_word' id='word_1_228' title='bbox 521 1884 567 1913; x_wconf 89' lang='lat' dir='ltr'>cni</span> <span class='ocrx_word' id='word_1_229' title='bbox 585 1884 610 1913; x_wconf 87' lang='lat' dir='ltr'>is</span> <span class='ocrx_word' id='word_1_230' title='bbox 624 1886 651 1913; x_wconf 88' lang='lat' dir='ltr'>et</span> <span class='ocrx_word' id='word_1_231' title='bbox 669 1883 745 1913; x_wconf 80' lang='lat' dir='ltr'>alter</span> <span class='ocrx_word' id='word_1_232' title='bbox 759 1884 929 1914; x_wconf 80' lang='lat' dir='ltr'>Cardinalis</span> <span class='ocrx_word' id='word_1_233' title='bbox 942 1884 1090 1915; x_wconf 83' lang='lat' dir='ltr'>interfuis-</span> 
     </span>
     <span class='ocr_line' id='line_1_38' title="bbox 148 1925 1091 1964; baseline 0.001 -8"><span class='ocrx_word' id='word_1_234' title='bbox 148 1927 269 1957; x_wconf 57' lang='lat' dir='ltr'>senam</span> <span class='ocrx_word' id='word_1_235' title='bbox 280 1934 316 1955; x_wconf 83' lang='lat' dir='ltr'>ex</span> <span class='ocrx_word' id='word_1_236' title='bbox 332 1934 365 1955; x_wconf 87' lang='lat' dir='ltr'>ea</span> <span class='ocrx_word' id='word_1_237' title='bbox 381 1925 480 1963; x_wconf 77' lang='lat' dir='ltr'>magis</span> <span class='ocrx_word' id='word_1_238' title='bbox 498 1925 637 1964; x_wconf 75' lang='lat' dir='ltr'>arguitur</span> <span class='ocrx_word' id='word_1_239' title='bbox 649 1925 729 1955; x_wconf 87' lang='lat' dir='ltr'>vitae</span> <span class='ocrx_word' id='word_1_240' title='bbox 743 1925 887 1956; x_wconf 83' lang='lat' dir='ltr'>honestas</span> <span class='ocrx_word' id='word_1_241' title='bbox 905 1926 1091 1957; x_wconf 81' lang='lat' dir='ltr'>cardinalis.</span> 
     </span>
     <span class='ocr_line' id='line_1_39' title="bbox 148 1965 1087 2007; baseline 0 -10"><span class='ocrx_word' id='word_1_242' title='bbox 148 1967 191 1997; x_wconf 88' lang='lat' dir='ltr'>Ex</span> <span class='ocrx_word' id='word_1_243' title='bbox 206 1967 274 2005; x_wconf 86' lang='lat' dir='ltr'>ipsa</span> <span class='ocrx_word' id='word_1_244' title='bbox 287 1967 402 1996; x_wconf 88' lang='lat' dir='ltr'>eruitur</span> <span class='ocrx_word' id='word_1_245' title='bbox 416 1967 450 1997; x_wconf 75' lang='lat' dir='ltr'>R.</span> <span class='ocrx_word' id='word_1_246' title='bbox 465 1965 626 1996; x_wconf 83' lang='lat' dir='ltr'>Pontifices</span> <span class='ocrx_word' id='word_1_247' title='bbox 640 1967 724 1996; x_wconf 85' lang='lat' dir='ltr'>hisce</span> <span class='ocrx_word' id='word_1_248' title='bbox 735 1967 926 2004; x_wconf 79' lang='lat' dir='ltr'>temporibus</span> <span class='ocrx_word' id='word_1_249' title='bbox 941 1968 1087 2007; x_wconf 74' lang='lat' dir='ltr'>vigilasse</span> 
     </span>
     <span class='ocr_line' id='line_1_40' title="bbox 148 2007 1091 2048; baseline 0.001 -10"><span class='ocrx_word' id='word_1_250' title='bbox 148 2016 241 2048; x_wconf 88' lang='lat' dir='ltr'>supra</span> <span class='ocrx_word' id='word_1_251' title='bbox 252 2009 440 2038; x_wconf 72' lang='lat' dir='ltr'>honestatem</span> <span class='ocrx_word' id='word_1_252' title='bbox 453 2007 709 2045; x_wconf 85' lang='lat' dir='ltr'>Cardinalium,et</span> <span class='ocrx_word' id='word_1_253' title='bbox 722 2009 746 2037; x_wconf 86' lang='lat' dir='ltr'>si</span> <span class='ocrx_word' id='word_1_254' title='bbox 760 2009 842 2046; x_wconf 88' lang='lat' dir='ltr'>Papa</span> <span class='ocrx_word' id='word_1_255' title='bbox 859 2012 918 2039; x_wconf 86' lang='lat' dir='ltr'>tam</span> <span class='ocrx_word' id='word_1_256' title='bbox 935 2009 1091 2039; x_wconf 89' lang='lat' dir='ltr'>severelo-</span> 
     </span>
     <span class='ocr_line' id='line_1_41' title="bbox 149 2048 1087 2089; baseline 0 -9"><span class='ocrx_word' id='word_1_257' title='bbox 149 2051 252 2089; x_wconf 89' lang='lat' dir='ltr'>quitur</span> <span class='ocrx_word' id='word_1_258' title='bbox 267 2053 394 2089; x_wconf 88' lang='lat' dir='ltr'>propter</span> <span class='ocrx_word' id='word_1_259' title='bbox 408 2048 577 2087; x_wconf 84' lang='lat' dir='ltr'>simplicem</span> <span class='ocrx_word' id='word_1_260' title='bbox 595 2050 800 2088; x_wconf 77' lang='lat' dir='ltr'>praesentiam</span> <span class='ocrx_word' id='word_1_261' title='bbox 819 2050 950 2087; x_wconf 80' lang='lat' dir='ltr'>choreis,</span> <span class='ocrx_word' id='word_1_262' title='bbox 963 2059 1016 2080; x_wconf 90' lang='lat' dir='ltr'>eos</span> <span class='ocrx_word' id='word_1_263' title='bbox 1030 2059 1087 2080; x_wconf 83' lang='lat' dir='ltr'>ex-</span> 
     </span>
     <span class='ocr_line' id='line_1_42' title="bbox 148 2090 1087 2130; baseline -0.001 -8"><span class='ocrx_word' id='word_1_264' title='bbox 148 2090 302 2130; x_wconf 84' lang='lat' dir='ltr'>probrans</span> <span class='ocrx_word' id='word_1_265' title='bbox 319 2090 405 2121; x_wconf 86' lang='lat' dir='ltr'>utide</span> <span class='ocrx_word' id='word_1_266' title='bbox 417 2099 447 2120; x_wconf 90' lang='lat' dir='ltr'>re</span> <span class='ocrx_word' id='word_1_267' title='bbox 464 2090 590 2130; x_wconf 77' lang='lat' dir='ltr'>indigna</span> <span class='ocrx_word' id='word_1_268' title='bbox 600 2091 775 2129; x_wconf 81' lang='lat' dir='ltr'>purpuratis</span> <span class='ocrx_word' id='word_1_269' title='bbox 793 2091 820 2120; x_wconf 87' lang='lat' dir='ltr'>S.</span> <span class='ocrx_word' id='word_1_270' title='bbox 833 2091 996 2127; x_wconf 82' lang='lat' dir='ltr'>Ecclesiae,</span> <span class='ocrx_word' id='word_1_271' title='bbox 1006 2094 1087 2121; x_wconf 79' lang='lat' dir='ltr'>certe</span> 
     </span>
     <span class='ocr_line' id='line_1_43' title="bbox 148 2131 1090 2163; baseline 0.001 -1"><span class='ocrx_word' id='word_1_272' title='bbox 148 2140 210 2162; x_wconf 90' lang='lat' dir='ltr'>non</span> <span class='ocrx_word' id='word_1_273' title='bbox 227 2131 364 2163; x_wconf 82' lang='lat' dir='ltr'>siluisset</span> <span class='ocrx_word' id='word_1_274' title='bbox 381 2131 418 2162; x_wconf 84' lang='lat' dir='ltr'>de</span> <span class='ocrx_word' id='word_1_275' title='bbox 435 2132 596 2162; x_wconf 86' lang='lat' dir='ltr'>inhonesta</span> <span class='ocrx_word' id='word_1_276' title='bbox 614 2131 838 2162; x_wconf 79' lang='lat' dir='ltr'>consuetudine</span> <span class='ocrx_word' id='word_1_277' title='bbox 855 2141 910 2162; x_wconf 89' lang='lat' dir='ltr'>nec</span> <span class='ocrx_word' id='word_1_278' title='bbox 927 2132 954 2163; x_wconf 88' lang='lat' dir='ltr'>ei</span> <span class='ocrx_word' id='word_1_279' title='bbox 971 2141 1090 2163; x_wconf 86' lang='lat' dir='ltr'>servas-</span> 
     </span>
     <span class='ocr_line' id='line_1_44' title="bbox 149 2173 1088 2212; baseline 0 -9"><span class='ocrx_word' id='word_1_280' title='bbox 149 2176 196 2204; x_wconf 88' lang='lat' dir='ltr'>set</span> <span class='ocrx_word' id='word_1_281' title='bbox 209 2174 323 2212; x_wconf 89' lang='lat' dir='ltr'>primos</span> <span class='ocrx_word' id='word_1_282' title='bbox 337 2174 470 2203; x_wconf 86' lang='lat' dir='ltr'>honores</span> <span class='ocrx_word' id='word_1_283' title='bbox 486 2174 514 2203; x_wconf 93' lang='lat' dir='ltr'>in</span> <span class='ocrx_word' id='word_1_284' title='bbox 533 2173 748 2203; x_wconf 83' lang='lat' dir='ltr'>ecclesiastica</span> <span class='ocrx_word' id='word_1_285' title='bbox 761 2173 947 2205; x_wconf 77' lang='lat' dir='ltr'>hierarchia.</span> <span class='ocrx_word' id='word_1_286' title='bbox 961 2175 1088 2212; x_wconf 86' lang='lat' dir='ltr'>lusuper</span> 
     </span>
     <span class='ocr_line' id='line_1_45' title="bbox 149 2213 1089 2254; baseline 0.001 -10"><span class='ocrx_word' id='word_1_287' title='bbox 149 2215 219 2244; x_wconf 87' lang='lat' dir='ltr'>Pius</span> <span class='ocrx_word' id='word_1_288' title='bbox 235 2213 261 2245; x_wconf 88' lang='lat' dir='ltr'>ll</span> <span class='ocrx_word' id='word_1_289' title='bbox 278 2215 306 2244; x_wconf 90' lang='lat' dir='ltr'>in</span> <span class='ocrx_word' id='word_1_290' title='bbox 323 2223 377 2244; x_wconf 87' lang='lat' dir='ltr'>sua</span> <span class='ocrx_word' id='word_1_291' title='bbox 391 2214 520 2253; x_wconf 87' lang='lat' dir='ltr'>epistola</span> <span class='ocrx_word' id='word_1_292' title='bbox 534 2214 668 2244; x_wconf 84' lang='lat' dir='ltr'>affirmat</span> <span class='ocrx_word' id='word_1_293' title='bbox 684 2214 765 2253; x_wconf 88' lang='lat' dir='ltr'>quod</span> <span class='ocrx_word' id='word_1_294' title='bbox 780 2214 967 2254; x_wconf 72' lang='lat' dir='ltr'>evulqatum</span> <span class='ocrx_word' id='word_1_295' title='bbox 978 2214 1089 2254; x_wconf 78' lang='lat' dir='ltr'>suerat</span> 
     </span>
     <span class='ocr_line' id='line_1_46' title="bbox 149 2255 1086 2293; baseline 0.001 -8"><span class='ocrx_word' id='word_1_296' title='bbox 149 2255 243 2285; x_wconf 79' lang='lat' dir='ltr'>fuisse</span> <span class='ocrx_word' id='word_1_297' title='bbox 256 2256 441 2285; x_wconf 84' lang='lat' dir='ltr'>contrarium</span> <span class='ocrx_word' id='word_1_298' title='bbox 454 2256 518 2286; x_wconf 91' lang='lat' dir='ltr'>suis</span> <span class='ocrx_word' id='word_1_299' title='bbox 535 2256 682 2292; x_wconf 85' lang='lat' dir='ltr'>moribus,</span> <span class='ocrx_word' id='word_1_300' title='bbox 698 2255 779 2293; x_wconf 87' lang='lat' dir='ltr'>quod</span> <span class='ocrx_word' id='word_1_301' title='bbox 796 2261 879 2286; x_wconf 79' lang='lat' dir='ltr'>certe</span> <span class='ocrx_word' id='word_1_302' title='bbox 893 2256 1033 2286; x_wconf 76' lang='lat' dir='ltr'>vitiosam</span> <span class='ocrx_word' id='word_1_303' title='bbox 1048 2257 1086 2286; x_wconf 88' lang='lat' dir='ltr'>vi-</span> 
     </span>
     <span class='ocr_line' id='line_1_47' title="bbox 150 2296 1085 2337; baseline 0.001 -11"><span class='ocrx_word' id='word_1_304' title='bbox 150 2299 212 2327; x_wconf 82' lang='lat' dir='ltr'>tam</span> <span class='ocrx_word' id='word_1_305' title='bbox 227 2296 368 2327; x_wconf 86' lang='lat' dir='ltr'>excludit.</span> <span class='ocrx_word' id='word_1_306' title='bbox 386 2297 519 2336; x_wconf 83' lang='lat' dir='ltr'>Denique</span> <span class='ocrx_word' id='word_1_307' title='bbox 536 2298 602 2336; x_wconf 87' lang='lat' dir='ltr'>ipse</span> <span class='ocrx_word' id='word_1_308' title='bbox 621 2297 840 2337; x_wconf 76' lang='lat' dir='ltr'>Gregorovius,</span> <span class='ocrx_word' id='word_1_309' title='bbox 858 2297 1085 2328; x_wconf 80' lang='lat' dir='ltr'>infensissimus</span> 
     </span>
     <span class='ocr_line' id='line_1_48' title="bbox 150 2335 1087 2375; baseline 0.002 -7"><span class='ocrx_word' id='word_1_310' title='bbox 150 2335 308 2368; x_wconf 82' lang='lat' dir='ltr'>Ecclesiae</span> <span class='ocrx_word' id='word_1_311' title='bbox 320 2338 474 2368; x_wconf 83' lang='lat' dir='ltr'>Romanae</span> <span class='ocrx_word' id='word_1_312' title='bbox 489 2339 592 2375; x_wconf 88' lang='lat' dir='ltr'>hostis,</span> <span class='ocrx_word' id='word_1_313' title='bbox 605 2338 765 2369; x_wconf 80' lang='lat' dir='ltr'>consessus</span> <span class='ocrx_word' id='word_1_314' title='bbox 779 2341 835 2374; x_wconf 81' lang='lat' dir='ltr'>est,</span> <span class='ocrx_word' id='word_1_315' title='bbox 846 2338 937 2369; x_wconf 87' lang='lat' dir='ltr'>vitam</span> <span class='ocrx_word' id='word_1_316' title='bbox 951 2340 1087 2370; x_wconf 85' lang='lat' dir='ltr'>intimam</span> 
     </span>
     <span class='ocr_line' id='line_1_49' title="bbox 151 2377 1083 2419; baseline 0.001 -10"><span class='ocrx_word' id='word_1_317' title='bbox 151 2377 285 2409; x_wconf 82' lang='lat' dir='ltr'>familiae</span> <span class='ocrx_word' id='word_1_318' title='bbox 314 2379 446 2417; x_wconf 81' lang='lat' dir='ltr'>Borgiae</span> <span class='ocrx_word' id='word_1_319' title='bbox 471 2388 540 2409; x_wconf 85' lang='lat' dir='ltr'>esse</span> <span class='ocrx_word' id='word_1_320' title='bbox 564 2380 663 2410; x_wconf 88' lang='lat' dir='ltr'>adhuc</span> <span class='ocrx_word' id='word_1_321' title='bbox 694 2379 784 2410; x_wconf 86' lang='lat' dir='ltr'>nobis</span> <span class='ocrx_word' id='word_1_322' title='bbox 823 2380 1022 2419; x_wconf 80' lang='lat' dir='ltr'>incognitam.</span> <span class='ocrx_word' id='word_1_323' title='bbox 1050 2381 1083 2411; x_wconf 88' lang='lat' dir='ltr'>Et</span> 
     </span>
     <span class='ocr_line' id='line_1_50' title="bbox 151 2419 1086 2461; baseline 0.001 -11"><span class='ocrx_word' id='word_1_324' title='bbox 151 2428 227 2450; x_wconf 87' lang='lat' dir='ltr'>sane</span> <span class='ocrx_word' id='word_1_325' title='bbox 243 2421 273 2450; x_wconf 91' lang='lat' dir='ltr'>in</span> <span class='ocrx_word' id='word_1_326' title='bbox 290 2419 451 2457; x_wconf 63' lang='lat' dir='ltr'>hypothesi</span> <span class='ocrx_word' id='word_1_327' title='bbox 468 2420 716 2451; x_wconf 87' lang='lat' dir='ltr'>adversariorum</span> <span class='ocrx_word' id='word_1_328' title='bbox 731 2421 852 2459; x_wconf 85' lang='lat' dir='ltr'>concipi</span> <span class='ocrx_word' id='word_1_329' title='bbox 876 2422 989 2460; x_wconf 82' lang='lat' dir='ltr'>nequit,</span> <span class='ocrx_word' id='word_1_330' title='bbox 1006 2431 1086 2461; x_wconf 84' lang='lat' dir='ltr'>quo-</span> 
     </span>
     <span class='ocr_line' id='line_1_51' title="bbox 151 2460 1086 2494; baseline 0.003 -4"><span class='ocrx_word' id='word_1_331' title='bbox 151 2460 242 2491; x_wconf 90' lang='lat' dir='ltr'>modo</span> <span class='ocrx_word' id='word_1_332' title='bbox 258 2461 429 2491; x_wconf 80' lang='lat' dir='ltr'>Alexander</span> <span class='ocrx_word' id='word_1_333' title='bbox 446 2461 623 2492; x_wconf 90' lang='lat' dir='ltr'>solemniter</span> <span class='ocrx_word' id='word_1_334' title='bbox 649 2462 836 2494; x_wconf 80' lang='lat' dir='ltr'>celebrasset</span> <span class='ocrx_word' id='word_1_335' title='bbox 862 2463 1086 2493; x_wconf 86' lang='lat' dir='ltr'>matrimonium</span> 
     </span>
     <span class='ocr_line' id='line_1_52' title="bbox 152 2502 1087 2541; baseline 0.002 -9"><span class='ocrx_word' id='word_1_336' title='bbox 152 2502 307 2533; x_wconf 86' lang='lat' dir='ltr'>Lucretiae</span> <span class='ocrx_word' id='word_1_337' title='bbox 322 2502 490 2541; x_wconf 83' lang='lat' dir='ltr'>Borgiaein</span> <span class='ocrx_word' id='word_1_338' title='bbox 508 2503 651 2534; x_wconf 85' lang='lat' dir='ltr'>Vaticano</span> <span class='ocrx_word' id='word_1_339' title='bbox 667 2512 734 2533; x_wconf 89' lang='lat' dir='ltr'>cum</span> <span class='ocrx_word' id='word_1_340' title='bbox 747 2504 922 2534; x_wconf 86' lang='lat' dir='ltr'>interventu</span> <span class='ocrx_word' id='word_1_341' title='bbox 936 2504 1087 2534; x_wconf 87' lang='lat' dir='ltr'>Cardina—</span> 
     </span>
     <span class='ocr_line' id='line_1_53' title="bbox 150 2542 1087 2584; baseline 0.002 -10"><span class='ocrx_word' id='word_1_342' title='bbox 150 2542 236 2582; x_wconf 87' lang='lat' dir='ltr'>lium,</span> <span class='ocrx_word' id='word_1_343' title='bbox 258 2543 448 2582; x_wconf 83' lang='lat' dir='ltr'>patritiorum</span> <span class='ocrx_word' id='word_1_344' title='bbox 471 2552 678 2582; x_wconf 90' lang='lat' dir='ltr'>romanorum,</span> <span class='ocrx_word' id='word_1_345' title='bbox 695 2549 784 2584; x_wconf 87' lang='lat' dir='ltr'>atque</span> <span class='ocrx_word' id='word_1_346' title='bbox 800 2548 957 2575; x_wconf 89' lang='lat' dir='ltr'>oratorum</span> <span class='ocrx_word' id='word_1_347' title='bbox 974 2545 1087 2576; x_wconf 85' lang='lat' dir='ltr'>Princi-</span> 
     </span>
     <span class='ocr_line' id='line_1_54' title="bbox 150 2584 1087 2625; baseline 0.003 -11"><span class='ocrx_word' id='word_1_348' title='bbox 150 2593 241 2624; x_wconf 79' lang='lat' dir='ltr'>pum3</span> <span class='ocrx_word' id='word_1_349' title='bbox 265 2593 320 2615; x_wconf 90' lang='lat' dir='ltr'>nec</span> <span class='ocrx_word' id='word_1_350' title='bbox 336 2589 467 2623; x_wconf 83' lang='lat' dir='ltr'>possunt</span> <span class='ocrx_word' id='word_1_351' title='bbox 483 2585 543 2615; x_wconf 87' lang='lat' dir='ltr'>alia</span> <span class='ocrx_word' id='word_1_352' title='bbox 566 2584 716 2623; x_wconf 87' lang='lat' dir='ltr'>explicari</span> <span class='ocrx_word' id='word_1_353' title='bbox 733 2595 811 2625; x_wconf 83' lang='lat' dir='ltr'>quae</span> <span class='ocrx_word' id='word_1_354' title='bbox 834 2587 1033 2617; x_wconf 90' lang='lat' dir='ltr'>inveniuntur</span> <span class='ocrx_word' id='word_1_355' title='bbox 1049 2587 1087 2617; x_wconf 90' lang='lat' dir='ltr'>ab</span> 
     </span>
     <span class='ocr_line' id='line_1_55' title="bbox 150 2625 1089 2659; baseline 0.002 -3"><span class='ocrx_word' id='word_1_356' title='bbox 150 2625 305 2656; x_wconf 85' lang='lat' dir='ltr'>historicis</span> <span class='ocrx_word' id='word_1_357' title='bbox 320 2625 476 2656; x_wconf 73' lang='lat' dir='ltr'>pontificis</span> <span class='ocrx_word' id='word_1_358' title='bbox 487 2625 575 2657; x_wconf 88' lang='lat' dir='ltr'>huius</span> <span class='ocrx_word' id='word_1_359' title='bbox 589 2625 692 2656; x_wconf 83' lang='lat' dir='ltr'>relata.</span> <span class='ocrx_word' id='word_1_360' title='bbox 710 2627 855 2658; x_wconf 87' lang='lat' dir='ltr'>Omnibus</span> <span class='ocrx_word' id='word_1_361' title='bbox 869 2627 990 2658; x_wconf 86' lang='lat' dir='ltr'>tandem</span> <span class='ocrx_word' id='word_1_362' title='bbox 1003 2637 1089 2659; x_wconf 90' lang='lat' dir='ltr'>com-</span> 
     </span>
     <span class='ocr_line' id='line_1_56' title="bbox 150 2666 1089 2707; baseline 0.004 -11"><span class='ocrx_word' id='word_1_363' title='bbox 150 2671 270 2706; x_wconf 83' lang='lat' dir='ltr'>pertum</span> <span class='ocrx_word' id='word_1_364' title='bbox 295 2671 351 2704; x_wconf 82' lang='lat' dir='ltr'>est,</span> <span class='ocrx_word' id='word_1_365' title='bbox 375 2666 460 2697; x_wconf 83' lang='lat' dir='ltr'>nihili</span> <span class='ocrx_word' id='word_1_366' title='bbox 488 2676 568 2697; x_wconf 84' lang='lat' dir='ltr'>nunc</span> <span class='ocrx_word' id='word_1_367' title='bbox 594 2667 755 2698; x_wconf 86' lang='lat' dir='ltr'>habendus</span> <span class='ocrx_word' id='word_1_368' title='bbox 782 2668 913 2699; x_wconf 78' lang='lat' dir='ltr'>Diurius</span> <span class='ocrx_word' id='word_1_369' title='bbox 928 2669 1089 2707; x_wconf 83' lang='lat' dir='ltr'>Burkardi,</span> 
     </span>
     <span class='ocr_line' id='line_1_57' title="bbox 151 2707 1089 2750; baseline 0.003 -12"><span class='ocrx_word' id='word_1_370' title='bbox 151 2708 249 2748; x_wconf 82' lang='lat' dir='ltr'>prima</span> <span class='ocrx_word' id='word_1_371' title='bbox 265 2707 332 2738; x_wconf 83' lang='lat' dir='ltr'>sons</span> <span class='ocrx_word' id='word_1_372' title='bbox 349 2708 481 2738; x_wconf 88' lang='lat' dir='ltr'>omnium</span> <span class='ocrx_word' id='word_1_373' title='bbox 499 2710 720 2739; x_wconf 89' lang='lat' dir='ltr'>calumniarum</span> <span class='ocrx_word' id='word_1_374' title='bbox 739 2709 872 2740; x_wconf 81' lang='lat' dir='ltr'>familiae</span> <span class='ocrx_word' id='word_1_375' title='bbox 896 2711 1028 2750; x_wconf 84' lang='lat' dir='ltr'>Borgiae</span> <span class='ocrx_word' id='word_1_376' title='bbox 1042 2715 1089 2741; x_wconf 84' lang='lat' dir='ltr'>at-</span> 
     </span>
     <span class='ocr_line' id='line_1_58' title="bbox 150 2749 1087 2790; baseline 0.002 -10"><span class='ocrx_word' id='word_1_377' title='bbox 150 2749 346 2780; x_wconf 81' lang='lat' dir='ltr'>tributarum.</span> <span class='ocrx_word' id='word_1_378' title='bbox 361 2751 556 2787; x_wconf 82' lang='lat' dir='ltr'>Quapropter</span> <span class='ocrx_word' id='word_1_379' title='bbox 572 2750 702 2780; x_wconf 78' lang='lat' dir='ltr'>familiae.</span> <span class='ocrx_word' id='word_1_380' title='bbox 716 2750 848 2790; x_wconf 82' lang='lat' dir='ltr'>Borgiae</span> <span class='ocrx_word' id='word_1_381' title='bbox 872 2752 980 2782; x_wconf 82' lang='lat' dir='ltr'>noxiae</span> <span class='ocrx_word' id='word_1_382' title='bbox 1007 2760 1087 2782; x_wconf 89' lang='lat' dir='ltr'>sem-</span> 
     </span>
     <span class='ocr_line' id='line_1_59' title="bbox 150 2791 1089 2830; baseline 0.003 -10"><span class='ocrx_word' id='word_1_383' title='bbox 150 2799 208 2830; x_wconf 86' lang='lat' dir='ltr'>per</span> <span class='ocrx_word' id='word_1_384' title='bbox 221 2791 448 2826; x_wconf 88' lang='lat' dir='ltr'>imminuuutur,</span> <span class='ocrx_word' id='word_1_385' title='bbox 461 2799 530 2820; x_wconf 87' lang='lat' dir='ltr'>cum</span> <span class='ocrx_word' id='word_1_386' title='bbox 544 2791 664 2830; x_wconf 81' lang='lat' dir='ltr'>exurgit</span> <span class='ocrx_word' id='word_1_387' title='bbox 677 2792 808 2830; x_wconf 77' lang='lat' dir='ltr'>scriptor</span> <span class='ocrx_word' id='word_1_388' title='bbox 822 2793 968 2822; x_wconf 86' lang='lat' dir='ltr'>honestus</span> <span class='ocrx_word' id='word_1_389' title='bbox 991 2797 1020 2823; x_wconf 92' lang='lat' dir='ltr'>et</span> <span class='ocrx_word' id='word_1_390' title='bbox 1036 2802 1089 2823; x_wconf 90' lang='lat' dir='ltr'>an-</span> 
     </span>
     <span class='ocr_line' id='line_1_60' title="bbox 152 2831 1086 2873; baseline 0.003 -10"><span class='ocrx_word' id='word_1_391' title='bbox 152 2831 303 2871; x_wconf 79' lang='lat' dir='ltr'>tiquitatis</span> <span class='ocrx_word' id='word_1_392' title='bbox 320 2840 448 2863; x_wconf 85' lang='lat' dir='ltr'>severus</span> <span class='ocrx_word' id='word_1_393' title='bbox 465 2832 676 2872; x_wconf 82' lang='lat' dir='ltr'>investigator.</span> <span class='ocrx_word' id='word_1_394' title='bbox 697 2833 770 2864; x_wconf 89' lang='lat' dir='ltr'>Vide</span> <span class='ocrx_word' id='word_1_395' title='bbox 793 2833 941 2871; x_wconf 84' lang='lat' dir='ltr'>Leonetti,</span> <span class='ocrx_word' id='word_1_396' title='bbox 960 2832 1014 2873; x_wconf 83' lang='lat' dir='ltr'>Op.</span> <span class='ocrx_word' id='word_1_397' title='bbox 1034 2834 1086 2866; x_wconf 79' lang='lat' dir='ltr'>cit.</span> 
     </span>
    </p>

    <p class='ocr_par' dir='ltr' id='par_1_6' title="bbox 174 2882 278 2904">
     <span class='ocr_line' id='line_1_61' title="bbox 174 2882 278 2904; baseline -0.01 0"><span class='ocrx_word' id='word_1_398' title='bbox 174 2882 278 2904; x_wconf 82' lang='lat' dir='ltr'>assim.</span> 
     </span>
    </p>

    <p class='ocr_par' dir='ltr' id='par_1_7' title="bbox 151 2881 1090 3202">
     <span class='ocr_line' id='line_1_62' title="bbox 151 2881 1090 2954; baseline 0.002 -9"><span class='ocrx_word' id='word_1_399' title='bbox 151 2881 170 2913; x_wconf 74' lang='lat' dir='ltr'>p</span> <span class='ocrx_word' id='word_1_400' title='bbox 193 2913 346 2946; x_wconf 66' lang='lat' dir='ltr'>²Praeter</span> <span class='ocrx_word' id='word_1_401' title='bbox 367 2914 502 2951; x_wconf 57' lang='lat' dir='ltr'>nosceta,</span> <span class='ocrx_word' id='word_1_402' title='bbox 524 2912 592 2944; x_wconf 79' lang='lat' dir='ltr'>Vita</span> <span class='ocrx_word' id='word_1_403' title='bbox 619 2913 731 2945; x_wconf 80' lang='lat' dir='ltr'>Leonis</span> <span class='ocrx_word' id='word_1_404' title='bbox 751 2913 797 2951; x_wconf 72' lang='lat' dir='ltr'>X,</span> <span class='ocrx_word' id='word_1_405' title='bbox 824 2915 932 2954; x_wconf 84' lang='lat' dir='ltr'>Jorry,</span> <span class='ocrx_word' id='word_1_406' title='bbox 947 2914 1090 2947; x_wconf 78' lang='lat' dir='ltr'>Historia</span> 
     </span>
     <span class='ocr_line' id='line_1_63' title="bbox 151 2954 1087 2997; baseline 0 -10"><span class='ocrx_word' id='word_1_407' title='bbox 151 2954 331 2987; x_wconf 72' lang='lat' dir='ltr'>Alexandri</span> <span class='ocrx_word' id='word_1_408' title='bbox 353 2955 397 2992; x_wconf 82' lang='lat' dir='ltr'>VI,</span> <span class='ocrx_word' id='word_1_409' title='bbox 416 2954 556 2994; x_wconf 84' lang='lat' dir='ltr'>aliosque</span> <span class='ocrx_word' id='word_1_410' title='bbox 573 2957 748 2997; x_wconf 67' lang='lat' dir='ltr'>nuperrime</span> <span class='ocrx_word' id='word_1_411' title='bbox 760 2956 847 2986; x_wconf 84' lang='lat' dir='ltr'>huius</span> <span class='ocrx_word' id='word_1_412' title='bbox 865 2957 966 2995; x_wconf 86' lang='lat' dir='ltr'>Papae</span> <span class='ocrx_word' id='word_1_413' title='bbox 981 2966 1087 2988; x_wconf 87' lang='lat' dir='ltr'>nomen</span> 
     </span>
     <span class='ocr_line' id='line_1_64' title="bbox 153 2995 1085 3035; baseline 0.002 -8"><span class='ocrx_word' id='word_1_414' title='bbox 153 3005 172 3027; x_wconf 88' lang='lat' dir='ltr'>a</span> <span class='ocrx_word' id='word_1_415' title='bbox 193 2997 351 3027; x_wconf 84' lang='lat' dir='ltr'>calumniis</span> <span class='ocrx_word' id='word_1_416' title='bbox 370 2997 564 3027; x_wconf 79' lang='lat' dir='ltr'>vindicarunt</span> <span class='ocrx_word' id='word_1_417' title='bbox 588 2996 800 3033; x_wconf 79' lang='lat' dir='ltr'>ephemerides</span> <span class='ocrx_word' id='word_1_418' title='bbox 817 2995 936 3028; x_wconf 78' lang='lat' dir='ltr'>Dublin</span> <span class='ocrx_word' id='word_1_419' title='bbox 951 2996 1085 3035; x_wconf 79' lang='lat' dir='ltr'>Review,</span> 
     </span>
     <span class='ocr_line' id='line_1_65' title="bbox 153 3036 1082 3075; baseline 0.002 -7"><span class='ocrx_word' id='word_1_420' title='bbox 153 3040 182 3068; x_wconf 89' lang='lat' dir='ltr'>et.</span> <span class='ocrx_word' id='word_1_421' title='bbox 197 3036 362 3069; x_wconf 60' lang='lat' dir='ltr'>Nouvellex¹</span> <span class='ocrx_word' id='word_1_422' title='bbox 379 3038 518 3069; x_wconf 75' lang='lat' dir='ltr'>Annales</span> <span class='ocrx_word' id='word_1_423' title='bbox 535 3037 572 3067; x_wconf 78' lang='lat' dir='ltr'>de</span> <span class='ocrx_word' id='word_1_424' title='bbox 589 3037 714 3068; x_wconf 74' lang='lat' dir='ltr'>Philus.</span> <span class='ocrx_word' id='word_1_425' title='bbox 727 3037 856 3075; x_wconf 49' lang='lat' dir='ltr'>cathol,</span> <span class='ocrx_word' id='word_1_426' title='bbox 872 3039 1082 3075; x_wconf 84' lang='lat' dir='ltr'>Rohrbacher,</span> 
     </span>
     <span class='ocr_line' id='line_1_66' title="bbox 153 3078 1086 3120; baseline 0.002 -12"><span class='ocrx_word' id='word_1_427' title='bbox 153 3079 183 3108; x_wconf 90' lang='lat' dir='ltr'>in</span> <span class='ocrx_word' id='word_1_428' title='bbox 205 3087 260 3109; x_wconf 87' lang='lat' dir='ltr'>sua</span> <span class='ocrx_word' id='word_1_429' title='bbox 276 3078 356 3109; x_wconf 69' lang='lat' dir='ltr'>His-t,</span> <span class='ocrx_word' id='word_1_430' title='bbox 373 3081 522 3116; x_wconf 81' lang='lat' dir='ltr'>univers.;</span> <span class='ocrx_word' id='word_1_431' title='bbox 540 3078 691 3115; x_wconf 77' lang='lat' dir='ltr'>Chantrel,</span> <span class='ocrx_word' id='word_1_432' title='bbox 708 3079 737 3108; x_wconf 92' lang='lat' dir='ltr'>in</span> <span class='ocrx_word' id='word_1_433' title='bbox 754 3078 830 3109; x_wconf 66' lang='lat' dir='ltr'>His-t.</span> <span class='ocrx_word' id='word_1_434' title='bbox 846 3079 1017 3120; x_wconf 71' lang='lat' dir='ltr'>pupulat&#39;re</span> <span class='ocrx_word' id='word_1_435' title='bbox 1033 3079 1086 3111; x_wconf 71' lang='lat' dir='ltr'>des</span> 
     </span>
     <span class='ocr_line' id='line_1_67' title="bbox 154 3119 1087 3161; baseline 0.002 -10"><span class='ocrx_word' id='word_1_436' title='bbox 154 3119 197 3151; x_wconf 89' lang='grc' dir='ltr'>Ρα</span> <span class='ocrx_word' id='word_1_437' title='bbox 222 3128 264 3158; x_wconf 83' lang='lat' dir='ltr'>es;</span> <span class='ocrx_word' id='word_1_438' title='bbox 281 3121 309 3150; x_wconf 83' lang='grc' dir='ltr'>Ρ.</span> <span class='ocrx_word' id='word_1_439' title='bbox 320 3120 535 3160; x_wconf 86' lang='lat' dir='ltr'>Ollivier‚0rd.</span> <span class='ocrx_word' id='word_1_440' title='bbox 550 3120 1087 3161; x_wconf 73' lang='lat' dir='ltr'>Praeti-,inopLepapeAleaeandre</span> 
     </span>
     <span class='ocr_line' id='line_1_68' title="bbox 160 3158 701 3202; baseline 0.002 -11"><span class='ocrx_word' id='word_1_441' title='bbox 160 3158 183 3192; x_wconf 82' lang='lat' dir='ltr'>V</span> <span class='ocrx_word' id='word_1_442' title='bbox 211 3163 243 3192; x_wconf 83' lang='lat' dir='ltr'>et</span> <span class='ocrx_word' id='word_1_443' title='bbox 258 3161 302 3193; x_wconf 73' lang='lat' dir='ltr'>les</span> <span class='ocrx_word' id='word_1_444' title='bbox 316 3162 452 3202; x_wconf 64' lang='lat' dir='ltr'>Borma,</span> <span class='ocrx_word' id='word_1_445' title='bbox 469 3163 594 3194; x_wconf 84' lang='lat' dir='ltr'>Parisiis</span> <span class='ocrx_word' id='word_1_446' title='bbox 612 3160 701 3193; x_wconf 86' lang='lat'>1870.</span> 
     </span>
    </p>
   </div>
   <div class='ocr_carea' id='block_1_5' title="bbox 1948 90 2022 129">
    <p class='ocr_par' dir='ltr' id='par_1_8' title="bbox 1948 90 2022 129">
     <span class='ocr_line' id='line_1_69' title="bbox 1948 90 2022 129; baseline -0.014 0"><span class='ocrx_word' id='word_1_447' title='bbox 1948 90 2022 129; x_wconf 85' lang='lat'>139</span> 
     </span>
    </p>
   </div>
   <div class='ocr_carea' id='block_1_6' title="bbox 1130 166 2077 2502">
    <p class='ocr_par' dir='ltr' id='par_1_9' title="bbox 1130 166 2077 2502">
     <span class='ocr_line' id='line_1_70' title="bbox 1188 166 2074 215; baseline -0.006 -7"><span class='ocrx_word' id='word_1_448' title='bbox 1188 170 1410 209; x_wconf 82' lang='lat' dir='ltr'>Alexander</span> <span class='ocrx_word' id='word_1_449' title='bbox 1427 170 1483 208; x_wconf 89' lang='lat' dir='ltr'>VI</span> <span class='ocrx_word' id='word_1_450' title='bbox 1497 168 1725 207; x_wconf 88' lang='lat' dir='ltr'>sicariorum</span> <span class='ocrx_word' id='word_1_451' title='bbox 1744 166 1956 212; x_wconf 81' lang='lat' dir='ltr'>licentiam,</span> <span class='ocrx_word' id='word_1_452' title='bbox 1974 178 2074 215; x_wconf 84' lang='lat' dir='ltr'>quae</span> 
     </span>
     <span class='ocr_line' id='line_1_71' title="bbox 1137 219 2074 273; baseline -0.003 -14"><span class='ocrx_word' id='word_1_453' title='bbox 1137 223 1206 260; x_wconf 89' lang='lat' dir='ltr'>hoc</span> <span class='ocrx_word' id='word_1_454' title='bbox 1227 227 1398 273; x_wconf 78' lang='lat' dir='ltr'>tempore</span> <span class='ocrx_word' id='word_1_455' title='bbox 1429 223 1466 260; x_wconf 92' lang='lat' dir='ltr'>in</span> <span class='ocrx_word' id='word_1_456' title='bbox 1490 222 1595 260; x_wconf 82' lang='lat' dir='ltr'>Urbe</span> <span class='ocrx_word' id='word_1_457' title='bbox 1624 222 1750 258; x_wconf 85' lang='lat' dir='ltr'>Roma</span> <span class='ocrx_word' id='word_1_458' title='bbox 1780 219 1953 257; x_wconf 83' lang='lat' dir='ltr'>maxima</span> <span class='ocrx_word' id='word_1_459' title='bbox 1977 222 2074 266; x_wconf 87' lang='lat' dir='ltr'>erat,</span> 
     </span>
     <span class='ocr_line' id='line_1_72' title="bbox 1136 272 2076 326; baseline -0.004 -14"><span class='ocrx_word' id='word_1_460' title='bbox 1136 277 1330 325; x_wconf 82' lang='lat' dir='ltr'>repressit,</span> <span class='ocrx_word' id='word_1_461' title='bbox 1344 289 1412 326; x_wconf 83' lang='lat' dir='ltr'>per</span> <span class='ocrx_word' id='word_1_462' title='bbox 1423 276 1588 324; x_wconf 80' lang='lat' dir='ltr'>seipsum</span> <span class='ocrx_word' id='word_1_463' title='bbox 1602 274 1789 311; x_wconf 82' lang='lat' dir='ltr'>iustitiam</span> <span class='ocrx_word' id='word_1_464' title='bbox 1801 274 1847 310; x_wconf 87' lang='lat' dir='ltr'>ad</span> <span class='ocrx_word' id='word_1_465' title='bbox 1855 272 2076 309; x_wconf 88' lang='lat' dir='ltr'>ministran-</span> 
     </span>
     <span class='ocr_line' id='line_1_73' title="bbox 1136 325 2075 377; baseline -0.004 -11"><span class='ocrx_word' id='word_1_466' title='bbox 1136 329 1182 366; x_wconf 89' lang='lat' dir='ltr'>do</span> <span class='ocrx_word' id='word_1_467' title='bbox 1204 330 1380 377; x_wconf 75' lang='lat' dir='ltr'>qualibet</span> <span class='ocrx_word' id='word_1_468' title='bbox 1409 330 1470 365; x_wconf 88' lang='lat' dir='ltr'>die</span> <span class='ocrx_word' id='word_1_469' title='bbox 1491 327 1636 372; x_wconf 86' lang='lat' dir='ltr'>martis;</span> <span class='ocrx_word' id='word_1_470' title='bbox 1658 327 1745 364; x_wconf 88' lang='lat' dir='ltr'>lites</span> <span class='ocrx_word' id='word_1_471' title='bbox 1774 326 1875 363; x_wconf 85' lang='lat' dir='ltr'>inter</span> <span class='ocrx_word' id='word_1_472' title='bbox 1894 325 2075 362; x_wconf 86' lang='lat' dir='ltr'>Ioannem</span> 
     </span>
     <span class='ocr_line' id='line_1_74' title="bbox 1138 379 2076 428; baseline -0.003 -9"><span class='ocrx_word' id='word_1_473' title='bbox 1138 383 1358 420; x_wconf 83' lang='lat' dir='ltr'>Lusitaniae</span> <span class='ocrx_word' id='word_1_474' title='bbox 1379 385 1417 420; x_wconf 83' lang='lat' dir='ltr'>et</span> <span class='ocrx_word' id='word_1_475' title='bbox 1438 380 1724 419; x_wconf 68' lang='lat' dir='ltr'>Fet-dinanum</span> <span class='ocrx_word' id='word_1_476' title='bbox 1742 379 1946 428; x_wconf 83' lang='lat' dir='ltr'>Hispaniae</span> <span class='ocrx_word' id='word_1_477' title='bbox 1966 389 2076 427; x_wconf 83' lang='lat' dir='ltr'>reges</span> 
     </span>
     <span class='ocr_line' id='line_1_75' title="bbox 1137 433 2076 483; baseline -0.004 -11"><span class='ocrx_word' id='word_1_478' title='bbox 1137 436 1182 472; x_wconf 90' lang='lat' dir='ltr'>dc</span> <span class='ocrx_word' id='word_1_479' title='bbox 1204 435 1409 483; x_wconf 88' lang='lat' dir='ltr'>partitione</span> <span class='ocrx_word' id='word_1_480' title='bbox 1441 435 1528 471; x_wconf 88' lang='lat' dir='ltr'>novi</span> <span class='ocrx_word' id='word_1_481' title='bbox 1546 433 1646 470; x_wconf 87' lang='lat' dir='ltr'>orbis</span> <span class='ocrx_word' id='word_1_482' title='bbox 1667 445 1730 469; x_wconf 88' lang='lat' dir='ltr'>seu</span> <span class='ocrx_word' id='word_1_483' title='bbox 1749 433 1990 469; x_wconf 76' lang='lat' dir='ltr'>detectarum</span> <span class='ocrx_word' id='word_1_484' title='bbox 2010 443 2076 469; x_wconf 86' lang='lat' dir='ltr'>re-</span> 
     </span>
     <span class='ocr_line' id='line_1_76' title="bbox 1137 485 2076 536; baseline -0.003 -12"><span class='ocrx_word' id='word_1_485' title='bbox 1137 488 1296 536; x_wconf 78' lang='lat' dir='ltr'>gionum</span> <span class='ocrx_word' id='word_1_486' title='bbox 1318 485 1822 535; x_wconf 77' lang='lat' dir='ltr'>coniposuit¹,clii²istianam</span> <span class='ocrx_word' id='word_1_487' title='bbox 1837 485 1946 522; x_wconf 88' lang='lat' dir='ltr'>fidem</span> <span class='ocrx_word' id='word_1_488' title='bbox 1960 485 1997 521; x_wconf 90' lang='lat' dir='ltr'>in</span> <span class='ocrx_word' id='word_1_489' title='bbox 2015 497 2076 522; x_wconf 89' lang='lat' dir='ltr'>no-</span> 
     </span>
     <span class='ocr_line' id='line_1_77' title="bbox 1137 537 2076 589; baseline 0 -13"><span class='ocrx_word' id='word_1_490' title='bbox 1137 552 1185 577; x_wconf 91' lang='lat' dir='ltr'>vo</span> <span class='ocrx_word' id='word_1_491' title='bbox 1197 541 1288 578; x_wconf 89' lang='lat' dir='ltr'>orbe</span> <span class='ocrx_word' id='word_1_492' title='bbox 1309 540 1605 589; x_wconf 78' lang='lat' dir='ltr'>praedicandam</span> <span class='ocrx_word' id='word_1_493' title='bbox 1623 538 1783 575; x_wconf 85' lang='lat' dir='ltr'>curavit.</span> <span class='ocrx_word' id='word_1_494' title='bbox 1799 540 1871 576; x_wconf 89' lang='lat' dir='ltr'>An.</span> <span class='ocrx_word' id='word_1_495' title='bbox 1884 537 1983 575; x_wconf 76' lang='lat'>1500</span> <span class='ocrx_word' id='word_1_496' title='bbox 2002 539 2076 576; x_wconf 85' lang='lat' dir='ltr'>Ro-</span> 
     </span>
     <span class='ocr_line' id='line_1_78' title="bbox 1137 589 2076 640; baseline -0.002 -10"><span class='ocrx_word' id='word_1_497' title='bbox 1137 605 1222 630; x_wconf 84' lang='lat' dir='ltr'>mae</span> <span class='ocrx_word' id='word_1_498' title='bbox 1254 593 1470 630; x_wconf 88' lang='lat' dir='ltr'>Iubilaeum</span> <span class='ocrx_word' id='word_1_499' title='bbox 1497 604 1561 629; x_wconf 88' lang='lat' dir='ltr'>seu</span> <span class='ocrx_word' id='word_1_500' title='bbox 1589 589 1849 639; x_wconf 86' lang='lat' dir='ltr'>plenissimam</span> <span class='ocrx_word' id='word_1_501' title='bbox 1875 590 2076 640; x_wconf 84' lang='lat' dir='ltr'>indulgen-</span> 
     </span>
     <span class='ocr_line' id='line_1_79' title="bbox 1137 643 2077 694; baseline -0.002 -11"><span class='ocrx_word' id='word_1_502' title='bbox 1137 646 1232 683; x_wconf 84' lang='lat' dir='ltr'>tiam</span> <span class='ocrx_word' id='word_1_503' title='bbox 1245 646 1445 689; x_wconf 85' lang='lat' dir='ltr'>concessit,</span> <span class='ocrx_word' id='word_1_504' title='bbox 1459 655 1574 694; x_wconf 85' lang='lat' dir='ltr'>qnam</span> <span class='ocrx_word' id='word_1_505' title='bbox 1588 647 1721 691; x_wconf 84' lang='lat' dir='ltr'>postea</span> <span class='ocrx_word' id='word_1_506' title='bbox 1736 643 1851 681; x_wconf 88' lang='lat' dir='ltr'>etiam</span> <span class='ocrx_word' id='word_1_507' title='bbox 1863 643 2077 692; x_wconf 88' lang='lat' dir='ltr'>impertivit</span> 
     </span>
     <span class='ocr_line' id='line_1_80' title="bbox 1137 697 2075 746; baseline -0.002 -10"><span class='ocrx_word' id='word_1_508' title='bbox 1137 702 1250 737; x_wconf 86' lang='lat' dir='ltr'>extra</span> <span class='ocrx_word' id='word_1_509' title='bbox 1267 699 1410 736; x_wconf 85' lang='lat' dir='ltr'>Urbem</span> <span class='ocrx_word' id='word_1_510' title='bbox 1434 698 1492 740; x_wconf 91' lang='lat' dir='ltr'>iis,</span> <span class='ocrx_word' id='word_1_511' title='bbox 1509 697 1572 746; x_wconf 91' lang='lat' dir='ltr'>qui</span> <span class='ocrx_word' id='word_1_512' title='bbox 1591 698 1756 734; x_wconf 85' lang='lat' dir='ltr'>Romam</span> <span class='ocrx_word' id='word_1_513' title='bbox 1773 697 1906 734; x_wconf 86' lang='lat' dir='ltr'>venire</span> <span class='ocrx_word' id='word_1_514' title='bbox 1924 709 1996 734; x_wconf 88' lang='lat' dir='ltr'>non</span> <span class='ocrx_word' id='word_1_515' title='bbox 2014 709 2075 746; x_wconf 88' lang='lat' dir='ltr'>po—</span> 
     </span>
     <span class='ocr_line' id='line_1_81' title="bbox 1138 749 2074 800; baseline -0.002 -11"><span class='ocrx_word' id='word_1_516' title='bbox 1138 755 1302 789; x_wconf 87' lang='lat' dir='ltr'>tuerant.</span> <span class='ocrx_word' id='word_1_517' title='bbox 1327 752 1500 800; x_wconf 85' lang='lat' dir='ltr'>Benigne</span> <span class='ocrx_word' id='word_1_518' title='bbox 1521 750 1676 798; x_wconf 83' lang='lat' dir='ltr'>excepit</span> <span class='ocrx_word' id='word_1_519' title='bbox 1699 749 1830 787; x_wconf 91' lang='lat' dir='ltr'>Nilum</span> <span class='ocrx_word' id='word_1_520' title='bbox 1845 750 2074 787; x_wconf 88' lang='lat' dir='ltr'>monachum</span> 
     </span>
     <span class='ocr_line' id='line_1_82' title="bbox 1138 802 2077 850; baseline -0.002 -8"><span class='ocrx_word' id='word_1_521' title='bbox 1138 805 1388 850; x_wconf 85' lang='lat' dir='ltr'>Basilianum,</span> <span class='ocrx_word' id='word_1_522' title='bbox 1415 806 1457 841; x_wconf 90' lang='lat' dir='ltr'>ut</span> <span class='ocrx_word' id='word_1_523' title='bbox 1477 815 1564 841; x_wconf 89' lang='lat' dir='ltr'>eum</span> <span class='ocrx_word' id='word_1_524' title='bbox 1581 803 1772 850; x_wconf 88' lang='lat' dir='ltr'>reciperet</span> <span class='ocrx_word' id='word_1_525' title='bbox 1792 803 1830 839; x_wconf 92' lang='lat' dir='ltr'>in</span> <span class='ocrx_word' id='word_1_526' title='bbox 1846 802 2020 840; x_wconf 81' lang='lat' dir='ltr'>Ecclesia</span> <span class='ocrx_word' id='word_1_527' title='bbox 2038 806 2077 840; x_wconf 88' lang='lat' dir='ltr'>et</span> 
     </span>
     <span class='ocr_line' id='line_1_83' title="bbox 1137 855 2075 903; baseline -0.003 -8"><span class='ocrx_word' id='word_1_528' title='bbox 1137 860 1274 895; x_wconf 88' lang='lat' dir='ltr'>contra</span> <span class='ocrx_word' id='word_1_529' title='bbox 1295 858 1510 895; x_wconf 86' lang='lat' dir='ltr'>Saracenos</span> <span class='ocrx_word' id='word_1_530' title='bbox 1531 857 1764 893; x_wconf 82' lang='lat' dir='ltr'>convocaret</span> <span class='ocrx_word' id='word_1_531' title='bbox 1790 855 1979 903; x_wconf 88' lang='lat' dir='ltr'>principes</span> <span class='ocrx_word' id='word_1_532' title='bbox 1998 855 2075 892; x_wconf 87' lang='lat' dir='ltr'>Oc-</span> 
     </span>
     <span class='ocr_line' id='line_1_84' title="bbox 1137 908 2076 959; baseline -0.002 -11"><span class='ocrx_word' id='word_1_533' title='bbox 1137 911 1312 956; x_wconf 88' lang='lat' dir='ltr'>cidentis,</span> <span class='ocrx_word' id='word_1_534' title='bbox 1334 911 1435 959; x_wconf 90' lang='lat' dir='ltr'>quod</span> <span class='ocrx_word' id='word_1_535' title='bbox 1456 909 1675 947; x_wconf 80' lang='lat' dir='ltr'>Alexander</span> <span class='ocrx_word' id='word_1_536' title='bbox 1690 908 1850 956; x_wconf 76' lang='lat' dir='ltr'>peregit,</span> <span class='ocrx_word' id='word_1_537' title='bbox 1867 909 2076 946; x_wconf 87' lang='lat' dir='ltr'>adhortans</span> 
     </span>
     <span class='ocr_line' id='line_1_85' title="bbox 1138 960 2075 1010; baseline -0.005 -8"><span class='ocrx_word' id='word_1_538' title='bbox 1138 964 1439 1002; x_wconf 87' lang='lat' dir='ltr'>Constantinum</span> <span class='ocrx_word' id='word_1_539' title='bbox 1456 963 1503 1000; x_wconf 86' lang='lat' dir='ltr'>ad</span> <span class='ocrx_word' id='word_1_540' title='bbox 1526 961 1670 1010; x_wconf 88' lang='lat' dir='ltr'>publici</span> <span class='ocrx_word' id='word_1_541' title='bbox 1690 961 1785 998; x_wconf 88' lang='lat' dir='ltr'>iuris</span> <span class='ocrx_word' id='word_1_542' title='bbox 1800 960 2019 998; x_wconf 82' lang='lat' dir='ltr'>faciendum</span> <span class='ocrx_word' id='word_1_543' title='bbox 2039 962 2075 998; x_wconf 88' lang='lat' dir='ltr'>in</span> 
     </span>
     <span class='ocr_line' id='line_1_86' title="bbox 1137 1014 2076 1065; baseline -0.002 -11"><span class='ocrx_word' id='word_1_544' title='bbox 1137 1018 1215 1055; x_wconf 89' lang='lat' dir='ltr'>suis</span> <span class='ocrx_word' id='word_1_545' title='bbox 1256 1017 1480 1065; x_wconf 79' lang='lat' dir='ltr'>regionibus</span> <span class='ocrx_word' id='word_1_546' title='bbox 1520 1016 1718 1052; x_wconf 87' lang='lat' dir='ltr'>decretum</span> <span class='ocrx_word' id='word_1_547' title='bbox 1752 1014 1797 1050; x_wconf 91' lang='lat' dir='ltr'>de</span> <span class='ocrx_word' id='word_1_548' title='bbox 1835 1015 2076 1062; x_wconf 79' lang='lat' dir='ltr'>processione</span> 
     </span>
     <span class='ocr_line' id='line_1_87' title="bbox 1136 1067 2076 1119; baseline -0.004 -11"><span class='ocrx_word' id='word_1_549' title='bbox 1136 1070 1303 1119; x_wconf 85' lang='lat' dir='ltr'>Spiritus</span> <span class='ocrx_word' id='word_1_550' title='bbox 1331 1070 1464 1107; x_wconf 85' lang='lat' dir='ltr'>Sancti</span> <span class='ocrx_word' id='word_1_551' title='bbox 1484 1070 1523 1106; x_wconf 90' lang='lat' dir='ltr'>et</span> <span class='ocrx_word' id='word_1_552' title='bbox 1542 1068 1731 1116; x_wconf 83' lang='lat' dir='ltr'>primatus</span> <span class='ocrx_word' id='word_1_553' title='bbox 1750 1067 1798 1103; x_wconf 88' lang='lat' dir='ltr'>R.</span> <span class='ocrx_word' id='word_1_554' title='bbox 1820 1067 2021 1105; x_wconf 86' lang='lat' dir='ltr'>Pontificis</span> <span class='ocrx_word' id='word_1_555' title='bbox 2039 1068 2076 1104; x_wconf 87' lang='lat' dir='ltr'>in</span> 
     </span>
     <span class='ocr_line' id='line_1_88' title="bbox 1138 1119 2077 1168; baseline -0.002 -9"><span class='ocrx_word' id='word_1_556' title='bbox 1138 1124 1357 1161; x_wconf 85' lang='lat' dir='ltr'>universam</span> <span class='ocrx_word' id='word_1_557' title='bbox 1372 1123 1596 1160; x_wconf 84' lang='lat' dir='ltr'>Ecclesiam.</span> <span class='ocrx_word' id='word_1_558' title='bbox 1610 1122 1702 1158; x_wconf 89' lang='lat' dir='ltr'>Cum</span> <span class='ocrx_word' id='word_1_559' title='bbox 1718 1119 1932 1168; x_wconf 85' lang='lat' dir='ltr'>principum</span> <span class='ocrx_word' id='word_1_560' title='bbox 1949 1124 2077 1157; x_wconf 86' lang='lat' dir='ltr'>orato-</span> 
     </span>
     <span class='ocr_line' id='line_1_89' title="bbox 1137 1172 2076 1223; baseline -0.003 -10"><span class='ocrx_word' id='word_1_561' title='bbox 1137 1178 1244 1214; x_wconf 87' lang='lat' dir='ltr'>ribus</span> <span class='ocrx_word' id='word_1_562' title='bbox 1264 1176 1426 1213; x_wconf 87' lang='lat' dir='ltr'>contulit</span> <span class='ocrx_word' id='word_1_563' title='bbox 1441 1176 1487 1213; x_wconf 89' lang='lat' dir='ltr'>de</span> <span class='ocrx_word' id='word_1_564' title='bbox 1510 1175 1678 1223; x_wconf 84' lang='lat' dir='ltr'>parando</span> <span class='ocrx_word' id='word_1_565' title='bbox 1699 1172 1797 1210; x_wconf 88' lang='lat' dir='ltr'>bello</span> <span class='ocrx_word' id='word_1_566' title='bbox 1818 1176 1954 1210; x_wconf 86' lang='lat' dir='ltr'>contra</span> <span class='ocrx_word' id='word_1_567' title='bbox 1973 1173 2076 1210; x_wconf 87' lang='lat' dir='ltr'>Tur-</span> 
     </span>
     <span class='ocr_line' id='line_1_90' title="bbox 1136 1225 2075 1277; baseline -0.003 -10"><span class='ocrx_word' id='word_1_568' title='bbox 1136 1242 1199 1267; x_wconf 87' lang='lat' dir='ltr'>cas</span> <span class='ocrx_word' id='word_1_569' title='bbox 1215 1228 1242 1275; x_wconf 73' lang='lat'>‘²3</span> <span class='ocrx_word' id='word_1_570' title='bbox 1262 1230 1498 1267; x_wconf 81' lang='lat' dir='ltr'>instauravit</span> <span class='ocrx_word' id='word_1_571' title='bbox 1517 1228 1623 1277; x_wconf 90' lang='lat' dir='ltr'>pium</span> <span class='ocrx_word' id='word_1_572' title='bbox 1641 1238 1783 1263; x_wconf 88' lang='lat' dir='ltr'>morem</span> <span class='ocrx_word' id='word_1_573' title='bbox 1801 1237 1824 1263; x_wconf 88' lang='lat' dir='ltr'>a</span> <span class='ocrx_word' id='word_1_574' title='bbox 1839 1225 1998 1263; x_wconf 86' lang='lat' dir='ltr'>Callisto</span> <span class='ocrx_word' id='word_1_575' title='bbox 2020 1227 2075 1264; x_wconf 85' lang='lat'>111</span> 
     </span>
     <span class='ocr_line' id='line_1_91' title="bbox 1137 1279 2076 1328; baseline -0.003 -8"><span class='ocrx_word' id='word_1_576' title='bbox 1137 1283 1371 1327; x_wconf 89' lang='lat' dir='ltr'>institutum,</span> <span class='ocrx_word' id='word_1_577' title='bbox 1395 1284 1437 1319; x_wconf 90' lang='lat' dir='ltr'>ut</span> <span class='ocrx_word' id='word_1_578' title='bbox 1453 1281 1613 1319; x_wconf 88' lang='lat' dir='ltr'>meridie</span> <span class='ocrx_word' id='word_1_579' title='bbox 1630 1280 1767 1317; x_wconf 88' lang='lat' dir='ltr'>fideles</span> <span class='ocrx_word' id='word_1_580' title='bbox 1782 1279 1896 1327; x_wconf 87' lang='lat' dir='ltr'>pulsu</span> <span class='ocrx_word' id='word_1_581' title='bbox 1918 1291 2076 1328; x_wconf 88' lang='lat' dir='ltr'>campa-</span> 
     </span>
     <span class='ocr_line' id='line_1_92' title="bbox 1137 1332 2075 1374; baseline -0.004 0"><span class='ocrx_word' id='word_1_582' title='bbox 1137 1349 1209 1374; x_wconf 89' lang='lat' dir='ltr'>nae</span> <span class='ocrx_word' id='word_1_583' title='bbox 1230 1336 1497 1374; x_wconf 75' lang='lat' dir='ltr'>excitarentur</span> <span class='ocrx_word' id='word_1_584' title='bbox 1516 1335 1562 1372; x_wconf 90' lang='lat' dir='ltr'>ad</span> <span class='ocrx_word' id='word_1_585' title='bbox 1594 1333 1832 1370; x_wconf 82' lang='lat' dir='ltr'>recitandam</span> <span class='ocrx_word' id='word_1_586' title='bbox 1861 1332 2075 1370; x_wconf 88' lang='lat' dir='ltr'>orationem</span> 
     </span>
     <span class='ocr_line' id='line_1_93' title="bbox 1136 1385 2076 1435; baseline -0.004 -8"><span class='ocrx_word' id='word_1_587' title='bbox 1136 1390 1379 1427; x_wconf 85' lang='lat' dir='ltr'>Dominieam</span> <span class='ocrx_word' id='word_1_588' title='bbox 1400 1391 1442 1426; x_wconf 90' lang='lat' dir='ltr'>et</span> <span class='ocrx_word' id='word_1_589' title='bbox 1460 1387 1728 1426; x_wconf 83' lang='lat' dir='ltr'>salutationem</span> <span class='ocrx_word' id='word_1_590' title='bbox 1762 1385 1987 1433; x_wconf 81' lang='lat' dir='ltr'>Angelicam</span> <span class='ocrx_word' id='word_1_591' title='bbox 2008 1398 2076 1435; x_wconf 90' lang='lat' dir='ltr'>pro</span> 
     </span>
     <span class='ocr_line' id='line_1_94' title="bbox 1136 1438 2075 1492; baseline -0.004 -12"><span class='ocrx_word' id='word_1_592' title='bbox 1136 1443 1391 1492; x_wconf 88' lang='lat' dir='ltr'>impetrando,</span> <span class='ocrx_word' id='word_1_593' title='bbox 1403 1442 1460 1479; x_wconf 88' lang='lat' dir='ltr'>uti</span> <span class='ocrx_word' id='word_1_594' title='bbox 1477 1440 1659 1485; x_wconf 76' lang='lat' dir='ltr'>diximus,</span> <span class='ocrx_word' id='word_1_595' title='bbox 1675 1438 2002 1476; x_wconf 84' lang='lat' dir='ltr'>contrainfedeles</span> <span class='ocrx_word' id='word_1_596' title='bbox 2018 1440 2075 1476; x_wconf 79' lang='lat' dir='ltr'>(li-</span> 
     </span>
     <span class='ocr_line' id='line_1_95' title="bbox 1138 1491 2076 1543; baseline -0.002 -11"><span class='ocrx_word' id='word_1_597' title='bbox 1138 1496 1226 1533; x_wconf 89' lang='lat' dir='ltr'>vino</span> <span class='ocrx_word' id='word_1_598' title='bbox 1257 1496 1414 1534; x_wconf 83' lang='lat' dir='ltr'>auxilio.</span> <span class='ocrx_word' id='word_1_599' title='bbox 1449 1493 1689 1543; x_wconf 86' lang='lat' dir='ltr'>Approbavit</span> <span class='ocrx_word' id='word_1_600' title='bbox 1717 1491 1899 1529; x_wconf 89' lang='lat' dir='ltr'>Ordinem</span> <span class='ocrx_word' id='word_1_601' title='bbox 1928 1493 2076 1530; x_wconf 83' lang='lat' dir='ltr'>monia-</span> 
     </span>
     <span class='ocr_line' id='line_1_96' title="bbox 1137 1545 2074 1587; baseline -0.005 -1"><span class='ocrx_word' id='word_1_602' title='bbox 1137 1550 1234 1587; x_wconf 88' lang='lat' dir='ltr'>lium</span> <span class='ocrx_word' id='word_1_603' title='bbox 1258 1547 1574 1586; x_wconf 80' lang='lat' dir='ltr'>Annuntiationis</span> <span class='ocrx_word' id='word_1_604' title='bbox 1589 1547 1632 1583; x_wconf 88' lang='lat' dir='ltr'>B.</span> <span class='ocrx_word' id='word_1_605' title='bbox 1643 1546 1688 1583; x_wconf 91' lang='lat' dir='ltr'>V.</span> <span class='ocrx_word' id='word_1_606' title='bbox 1700 1545 1752 1582; x_wconf 88' lang='lat' dir='ltr'>M.</span> <span class='ocrx_word' id='word_1_607' title='bbox 1770 1557 1791 1582; x_wconf 84' lang='lat' dir='ltr'>a</span> <span class='ocrx_word' id='word_1_608' title='bbox 1807 1545 1951 1582; x_wconf 81' lang='lat' dir='ltr'>Ioanna</span> <span class='ocrx_word' id='word_1_609' title='bbox 1965 1545 2074 1582; x_wconf 87' lang='lat' dir='ltr'>Vale-</span> 
     </span>
     <span class='ocr_line' id='line_1_97' title="bbox 1139 1598 2076 1646; baseline -0.004 -6"><span class='ocrx_word' id='word_1_610' title='bbox 1139 1603 1196 1640; x_wconf 88' lang='lat' dir='ltr'>sia</span> <span class='ocrx_word' id='word_1_611' title='bbox 1211 1602 1433 1640; x_wconf 88' lang='lat' dir='ltr'>institutum</span> <span class='ocrx_word' id='word_1_612' title='bbox 1453 1599 1479 1646; x_wconf 78' lang='lat'>³3</span> <span class='ocrx_word' id='word_1_613' title='bbox 1491 1611 1606 1638; x_wconf 86' lang='lat' dir='ltr'>sanae</span> <span class='ocrx_word' id='word_1_614' title='bbox 1627 1602 1666 1635; x_wconf 87' lang='lat' dir='ltr'>et</span> <span class='ocrx_word' id='word_1_615' title='bbox 1684 1598 1920 1635; x_wconf 81' lang='lat' dir='ltr'>orthodoxae</span> <span class='ocrx_word' id='word_1_616' title='bbox 1933 1599 2076 1636; x_wconf 86' lang='lat' dir='ltr'>doctri-</span> 
     </span>
     <span class='ocr_line' id='line_1_98' title="bbox 1139 1651 2075 1700; baseline -0.005 -7"><span class='ocrx_word' id='word_1_617' title='bbox 1139 1668 1212 1692; x_wconf 85' lang='lat' dir='ltr'>nae</span> <span class='ocrx_word' id='word_1_618' title='bbox 1242 1655 1526 1693; x_wconf 82' lang='lat' dir='ltr'>conservandae</span> <span class='ocrx_word' id='word_1_619' title='bbox 1562 1651 1687 1689; x_wconf 84' lang='lat' dir='ltr'>studio</span> <span class='ocrx_word' id='word_1_620' title='bbox 1722 1652 1975 1700; x_wconf 67' lang='lat' dir='ltr'>typographis</span> <span class='ocrx_word' id='word_1_621' title='bbox 2004 1653 2075 1689; x_wconf 87' lang='lat' dir='ltr'>sub</span> 
     </span>
     <span class='ocr_line' id='line_1_99' title="bbox 1137 1704 2076 1758; baseline -0.005 -12"><span class='ocrx_word' id='word_1_622' title='bbox 1137 1722 1258 1758; x_wconf 88' lang='lat' dir='ltr'>poena</span> <span class='ocrx_word' id='word_1_623' title='bbox 1271 1705 1680 1746; x_wconf 83' lang='lat' dir='ltr'>excommunicationis</span> <span class='ocrx_word' id='word_1_624' title='bbox 1695 1704 1901 1753; x_wconf 88' lang='lat' dir='ltr'>prohibuit,</span> <span class='ocrx_word' id='word_1_625' title='bbox 1914 1718 1959 1742; x_wconf 92' lang='lat' dir='ltr'>ne</span> <span class='ocrx_word' id='word_1_626' title='bbox 1978 1705 2076 1742; x_wconf 89' lang='lat' dir='ltr'>scri-</span> 
     </span>
     <span class='ocr_line' id='line_1_100' title="bbox 1137 1755 2077 1811; baseline -0.004 -11"><span class='ocrx_word' id='word_1_627' title='bbox 1137 1766 1200 1811; x_wconf 86' lang='lat' dir='ltr'>pta</span> <span class='ocrx_word' id='word_1_628' title='bbox 1215 1765 1283 1800; x_wconf 87' lang='lat' dir='ltr'>aut</span> <span class='ocrx_word' id='word_1_629' title='bbox 1305 1762 1420 1799; x_wconf 89' lang='lat' dir='ltr'>libros</span> <span class='ocrx_word' id='word_1_630' title='bbox 1440 1761 1544 1810; x_wconf 80' lang='lat' dir='ltr'>typis</span> <span class='ocrx_word' id='word_1_631' title='bbox 1573 1758 1803 1795; x_wconf 82' lang='lat' dir='ltr'>mandarent</span> <span class='ocrx_word' id='word_1_632' title='bbox 1822 1758 1903 1795; x_wconf 86' lang='lat' dir='ltr'>sine</span> <span class='ocrx_word' id='word_1_633' title='bbox 1923 1755 2077 1806; x_wconf 85' lang='lat' dir='ltr'>Episco-</span> 
     </span>
     <span class='ocr_line' id='line_1_101' title="bbox 1137 1811 2075 1864; baseline -0.005 -11"><span class='ocrx_word' id='word_1_634' title='bbox 1137 1827 1272 1864; x_wconf 90' lang='lat' dir='ltr'>porum</span> <span class='ocrx_word' id='word_1_635' title='bbox 1289 1814 1460 1852; x_wconf 85' lang='lat' dir='ltr'>lieentia.</span> <span class='ocrx_word' id='word_1_636' title='bbox 1478 1811 1691 1851; x_wconf 84' lang='lat' dir='ltr'>Audaciam</span> <span class='ocrx_word' id='word_1_637' title='bbox 1710 1811 1970 1848; x_wconf 84' lang='lat' dir='ltr'>Bartholomei</span> <span class='ocrx_word' id='word_1_638' title='bbox 1985 1812 2075 1849; x_wconf 87' lang='lat' dir='ltr'>Flo-</span> 
     </span>
     <span class='ocr_line' id='line_1_102' title="bbox 1136 1863 2073 1914; baseline -0.006 -7"><span class='ocrx_word' id='word_1_639' title='bbox 1136 1869 1222 1914; x_wconf 90' lang='lat' dir='ltr'>ridi,</span> <span class='ocrx_word' id='word_1_640' title='bbox 1243 1868 1449 1906; x_wconf 83' lang='lat' dir='ltr'>secretarii</span> <span class='ocrx_word' id='word_1_641' title='bbox 1469 1866 1667 1909; x_wconf 85' lang='lat' dir='ltr'>Brevium,</span> <span class='ocrx_word' id='word_1_642' title='bbox 1687 1864 1724 1900; x_wconf 92' lang='lat' dir='ltr'>in</span> <span class='ocrx_word' id='word_1_643' title='bbox 1744 1863 1912 1912; x_wconf 87' lang='lat' dir='ltr'>ipsorum</span> <span class='ocrx_word' id='word_1_644' title='bbox 1935 1864 2073 1902; x_wconf 82' lang='lat' dir='ltr'>falsifi-</span> 
     </span>
     <span class='ocr_line' id='line_1_103' title="bbox 1134 1917 2074 1969; baseline -0.005 -9"><span class='ocrx_word' id='word_1_645' title='bbox 1134 1923 1287 1960; x_wconf 87' lang='lat' dir='ltr'>catione</span> <span class='ocrx_word' id='word_1_646' title='bbox 1323 1921 1503 1969; x_wconf 74' lang='lat' dir='ltr'>energice</span> <span class='ocrx_word' id='word_1_647' title='bbox 1538 1917 1731 1967; x_wconf 86' lang='lat' dir='ltr'>repressit.</span> <span class='ocrx_word' id='word_1_648' title='bbox 1771 1918 1811 1954; x_wconf 90' lang='lat' dir='ltr'>In</span> <span class='ocrx_word' id='word_1_649' title='bbox 1847 1917 2074 1955; x_wconf 86' lang='lat' dir='ltr'>concistorio</span> 
     </span>
     <span class='ocr_line' id='line_1_104' title="bbox 1133 1969 2073 2024; baseline -0.003 -12"><span class='ocrx_word' id='word_1_650' title='bbox 1133 1987 1274 2024; x_wconf 85' lang='lat' dir='ltr'>magno</span> <span class='ocrx_word' id='word_1_651' title='bbox 1305 1974 1461 2023; x_wconf 83' lang='lat' dir='ltr'>pietatis</span> <span class='ocrx_word' id='word_1_652' title='bbox 1490 1984 1603 2010; x_wconf 88' lang='lat' dir='ltr'>sensu</span> <span class='ocrx_word' id='word_1_653' title='bbox 1633 1971 1714 2020; x_wconf 83' lang='lat' dir='ltr'>egit</span> <span class='ocrx_word' id='word_1_654' title='bbox 1733 1971 1779 2008; x_wconf 86' lang='lat' dir='ltr'>de</span> <span class='ocrx_word' id='word_1_655' title='bbox 1801 1969 2073 2009; x_wconf 85' lang='lat' dir='ltr'>reformatione</span> 
     </span>
     <span class='ocr_line' id='line_1_105' title="bbox 1132 2024 2071 2076; baseline -0.004 -11"><span class='ocrx_word' id='word_1_656' title='bbox 1132 2027 1357 2076; x_wconf 86' lang='lat' dir='ltr'>disciplinae</span> <span class='ocrx_word' id='word_1_657' title='bbox 1370 2025 1665 2069; x_wconf 83' lang='lat' dir='ltr'>ecclesiasticae,</span> <span class='ocrx_word' id='word_1_658' title='bbox 1683 2027 1721 2061; x_wconf 89' lang='lat' dir='ltr'>et</span> <span class='ocrx_word' id='word_1_659' title='bbox 1735 2024 1782 2060; x_wconf 88' lang='lat' dir='ltr'>ad</span> <span class='ocrx_word' id='word_1_660' title='bbox 1799 2035 1885 2060; x_wconf 89' lang='lat' dir='ltr'>eam</span> <span class='ocrx_word' id='word_1_661' title='bbox 1901 2024 2071 2062; x_wconf 86' lang='lat' dir='ltr'>reficien-</span> 
     </span>
     <span class='ocr_line' id='line_1_106' title="bbox 1132 2075 2071 2126; baseline -0.004 -7"><span class='ocrx_word' id='word_1_662' title='bbox 1132 2083 1219 2119; x_wconf 90' lang='lat' dir='ltr'>dam</span> <span class='ocrx_word' id='word_1_663' title='bbox 1236 2094 1305 2119; x_wconf 86' lang='lat' dir='ltr'>sex</span> <span class='ocrx_word' id='word_1_664' title='bbox 1322 2080 1546 2119; x_wconf 85' lang='lat' dir='ltr'>Cardinales</span> <span class='ocrx_word' id='word_1_665' title='bbox 1564 2075 1809 2116; x_wconf 78' lang='lat' dir='ltr'>destinavit4.</span> <span class='ocrx_word' id='word_1_666' title='bbox 1823 2077 2071 2126; x_wconf 85' lang='lat' dir='ltr'>Disciplinam</span> 
     </span>
     <span class='ocr_line' id='line_1_107' title="bbox 1132 2130 2072 2178; baseline -0.004 -6"><span class='ocrx_word' id='word_1_667' title='bbox 1132 2147 1223 2172; x_wconf 86' lang='lat' dir='ltr'>vero</span> <span class='ocrx_word' id='word_1_668' title='bbox 1235 2134 1474 2172; x_wconf 82' lang='lat' dir='ltr'>restauravit</span> <span class='ocrx_word' id='word_1_669' title='bbox 1485 2134 1522 2170; x_wconf 91' lang='lat' dir='ltr'>in</span> <span class='ocrx_word' id='word_1_670' title='bbox 1533 2130 1738 2170; x_wconf 75' lang='lat' dir='ltr'>Flandriis</span> <span class='ocrx_word' id='word_1_671' title='bbox 1749 2130 1989 2178; x_wconf 84' lang='lat' dir='ltr'>Baptismum</span> <span class='ocrx_word' id='word_1_672' title='bbox 1999 2144 2072 2168; x_wconf 90' lang='lat' dir='ltr'>non</span> 
     </span>
     <span class='ocr_line' id='line_1_108' title="bbox 1130 2183 2072 2226; baseline -0.004 0"><span class='ocrx_word' id='word_1_673' title='bbox 1130 2200 1213 2226; x_wconf 90' lang='lat' dir='ltr'>esse</span> <span class='ocrx_word' id='word_1_674' title='bbox 1230 2187 1492 2225; x_wconf 87' lang='lat' dir='ltr'>reiterandum</span> <span class='ocrx_word' id='word_1_675' title='bbox 1508 2184 1701 2223; x_wconf 84' lang='lat' dir='ltr'>Ruthenis</span> <span class='ocrx_word' id='word_1_676' title='bbox 1718 2183 1912 2221; x_wconf 84' lang='lat' dir='ltr'>conversis</span> <span class='ocrx_word' id='word_1_677' title='bbox 1930 2185 1977 2221; x_wconf 86' lang='lat' dir='ltr'>ad</span> <span class='ocrx_word' id='word_1_678' title='bbox 1992 2185 2072 2222; x_wconf 88' lang='lat' dir='ltr'>Ec-</span> 
     </span>
     <span class='ocr_line' id='line_1_109' title="bbox 1131 2237 2071 2287; baseline -0.004 -8"><span class='ocrx_word' id='word_1_679' title='bbox 1131 2242 1288 2279; x_wconf 89' lang='lat' dir='ltr'>clesiam</span> <span class='ocrx_word' id='word_1_680' title='bbox 1305 2241 1481 2279; x_wconf 81' lang='lat' dir='ltr'>sancivit.</span> <span class='ocrx_word' id='word_1_681' title='bbox 1505 2238 1695 2287; x_wconf 82' lang='lat' dir='ltr'>Euergice</span> <span class='ocrx_word' id='word_1_682' title='bbox 1717 2237 1899 2286; x_wconf 88' lang='lat' dir='ltr'>repressit</span> <span class='ocrx_word' id='word_1_683' title='bbox 1918 2249 2071 2287; x_wconf 79' lang='lat' dir='ltr'>magos,</span> 
     </span>
     <span class='ocr_line' id='line_1_110' title="bbox 1130 2289 2070 2343; baseline -0.004 -11"><span class='ocrx_word' id='word_1_684' title='bbox 1130 2296 1194 2343; x_wconf 86' lang='lat' dir='ltr'>qui</span> <span class='ocrx_word' id='word_1_685' title='bbox 1209 2294 1376 2331; x_wconf 87' lang='lat' dir='ltr'>maxime</span> <span class='ocrx_word' id='word_1_686' title='bbox 1387 2294 1422 2330; x_wconf 91' lang='lat' dir='ltr'>in</span> <span class='ocrx_word' id='word_1_687' title='bbox 1435 2293 1644 2330; x_wconf 83' lang='lat' dir='ltr'>Germania</span> <span class='ocrx_word' id='word_1_688' title='bbox 1657 2290 1888 2328; x_wconf 85' lang='lat' dir='ltr'>etBoliemia</span> <span class='ocrx_word' id='word_1_689' title='bbox 1898 2289 1935 2326; x_wconf 90' lang='lat' dir='ltr'>in</span> <span class='ocrx_word' id='word_1_690' title='bbox 1950 2290 2070 2328; x_wconf 81' lang='lat' dir='ltr'>foveis</span> 
     </span>
     <span class='ocr_line' id='line_1_111' title="bbox 1130 2342 2070 2392; baseline -0.004 -7"><span class='ocrx_word' id='word_1_691' title='bbox 1130 2360 1170 2386; x_wconf 87' lang='lat' dir='ltr'>se</span> <span class='ocrx_word' id='word_1_692' title='bbox 1201 2349 1344 2385; x_wconf 84' lang='lat' dir='ltr'>dabant</span> <span class='ocrx_word' id='word_1_693' title='bbox 1365 2347 1541 2384; x_wconf 87' lang='lat' dir='ltr'>omnibus</span> <span class='ocrx_word' id='word_1_694' title='bbox 1562 2345 1667 2382; x_wconf 89' lang='lat' dir='ltr'>vitiis</span> <span class='ocrx_word' id='word_1_695' title='bbox 1701 2344 1872 2392; x_wconf 86' lang='lat' dir='ltr'>impuris.</span> <span class='ocrx_word' id='word_1_696' title='bbox 1895 2342 1996 2380; x_wconf 83' lang='lat' dir='ltr'>Obiit</span> <span class='ocrx_word' id='word_1_697' title='bbox 2014 2346 2070 2381; x_wconf 87' lang='lat' dir='ltr'>A·-</span> 
     </span>
     <span class='ocr_line' id='line_1_112' title="bbox 1130 2396 2071 2447; baseline -0.004 -9"><span class='ocrx_word' id='word_1_698' title='bbox 1130 2401 1315 2438; x_wconf 84' lang='lat' dir='ltr'>lexander</span> <span class='ocrx_word' id='word_1_699' title='bbox 1326 2402 1397 2437; x_wconf 82' lang='lat' dir='ltr'>xv⁰</span> <span class='ocrx_word' id='word_1_700' title='bbox 1410 2400 1589 2437; x_wconf 85' lang='lat' dir='ltr'>calendas</span> <span class='ocrx_word' id='word_1_701' title='bbox 1605 2397 1830 2447; x_wconf 87' lang='lat' dir='ltr'>septembris</span> <span class='ocrx_word' id='word_1_702' title='bbox 1846 2396 1945 2433; x_wconf 81' lang='lat'>1503</span> <span class='ocrx_word' id='word_1_703' title='bbox 1959 2408 2005 2433; x_wconf 86' lang='lat' dir='ltr'>ex</span> <span class='ocrx_word' id='word_1_704' title='bbox 2019 2396 2071 2434; x_wconf 86' lang='lat' dir='ltr'>fe-</span> 
     </span>
     <span class='ocr_line' id='line_1_113' title="bbox 1130 2449 2068 2502; baseline -0.004 -11"><span class='ocrx_word' id='word_1_705' title='bbox 1130 2455 1185 2491; x_wconf 92' lang='lat' dir='ltr'>bri</span> <span class='ocrx_word' id='word_1_706' title='bbox 1205 2455 1252 2491; x_wconf 86' lang='lat' dir='ltr'>ad</span> <span class='ocrx_word' id='word_1_707' title='bbox 1267 2455 1415 2502; x_wconf 90' lang='lat' dir='ltr'>septem</span> <span class='ocrx_word' id='word_1_708' title='bbox 1435 2452 1513 2491; x_wconf 82' lang='lat' dir='ltr'>dies</span> <span class='ocrx_word' id='word_1_709' title='bbox 1533 2453 1725 2496; x_wconf 84' lang='lat' dir='ltr'>continua,</span> <span class='ocrx_word' id='word_1_710' title='bbox 1742 2450 1879 2487; x_wconf 87' lang='lat' dir='ltr'>aetatis</span> <span class='ocrx_word' id='word_1_711' title='bbox 1901 2460 1968 2487; x_wconf 89' lang='lat' dir='ltr'>sue</span> <span class='ocrx_word' id='word_1_712' title='bbox 1991 2449 2068 2487; x_wconf 90' lang='lat' dir='ltr'>cir-</span> 
     </span>
    </p>
   </div>
   <div class='ocr_carea' id='block_1_7' title="bbox 1132 2521 1337 2528">
    <p class='ocr_par' dir='ltr' id='par_1_10' title="bbox 1132 2521 1337 2528">
     <span class='ocr_line' id='line_1_114' title="bbox 1132 2521 1337 2528; baseline 0 0"><span class='ocrx_word' id='word_1_713' title='bbox 1132 2521 1337 2528; x_wconf 95' lang='lat' dir='ltr'> </span> 
     </span>
    </p>
   </div>
   <div class='ocr_carea' id='block_1_8' title="bbox 1130 2541 2075 3204">
    <p class='ocr_par' dir='ltr' id='par_1_11' title="bbox 1131 2541 2075 3029">
     <span class='ocr_line' id='line_1_115' title="bbox 1172 2541 2071 2578; baseline -0.002 -3"><span class='ocrx_word' id='word_1_714' title='bbox 1172 2544 1181 2565; x_wconf 74' lang='grc' dir='ltr'><strong>ῑ</strong></span> <span class='ocrx_word' id='word_1_715' title='bbox 1199 2545 1398 2575; x_wconf 85' lang='lat' dir='ltr'>Bellarminus</span> <span class='ocrx_word' id='word_1_716' title='bbox 1423 2542 1473 2578; x_wconf 83' lang='lat' dir='ltr'>(de</span> <span class='ocrx_word' id='word_1_717' title='bbox 1495 2541 1583 2574; x_wconf 85' lang='lat' dir='ltr'>Rom.</span> <span class='ocrx_word' id='word_1_718' title='bbox 1605 2542 1691 2573; x_wconf 81' lang='lat' dir='ltr'>Pont.</span> <span class='ocrx_word' id='word_1_719' title='bbox 1710 2543 1727 2572; x_wconf 95' lang='lat' dir='ltr'>l.</span> <span class='ocrx_word' id='word_1_720' title='bbox 1746 2541 1773 2575; x_wconf 78' lang='lat'>5,</span> <span class='ocrx_word' id='word_1_721' title='bbox 1791 2552 1814 2572; x_wconf 86' lang='lat' dir='ltr'>c.</span> <span class='ocrx_word' id='word_1_722' title='bbox 1835 2541 1864 2577; x_wconf 72' lang='grc' dir='ltr'>ΕΞ)</span> <span class='ocrx_word' id='word_1_723' title='bbox 1879 2541 1955 2572; x_wconf 85' lang='lat' dir='ltr'>haec</span> <span class='ocrx_word' id='word_1_724' title='bbox 1968 2542 2071 2574; x_wconf 85' lang='lat' dir='ltr'>babet:</span> 
     </span>
     <span class='ocr_line' id='line_1_116' title="bbox 1136 2583 2070 2623; baseline -0.001 -9"><span class='ocrx_word' id='word_1_725' title='bbox 1136 2597 1148 2615; x_wconf 75' lang='grc' dir='ltr'>(ι</span> <span class='ocrx_word' id='word_1_726' title='bbox 1166 2585 1336 2616; x_wconf 78' lang='lat' dir='ltr'>Alexander</span> <span class='ocrx_word' id='word_1_727' title='bbox 1352 2586 1386 2615; x_wconf 84' lang='lat' dir='ltr'>vt</span> <span class='ocrx_word' id='word_1_728' title='bbox 1409 2585 1509 2615; x_wconf 85' lang='lat' dir='ltr'>divisit</span> <span class='ocrx_word' id='word_1_729' title='bbox 1526 2584 1629 2614; x_wconf 85' lang='lat' dir='ltr'>orbem</span> <span class='ocrx_word' id='word_1_730' title='bbox 1647 2593 1742 2623; x_wconf 89' lang='lat' dir='ltr'>nuper</span> <span class='ocrx_word' id='word_1_731' title='bbox 1758 2583 1912 2614; x_wconf 86' lang='lat' dir='ltr'>inventum</span> <span class='ocrx_word' id='word_1_732' title='bbox 1945 2584 2070 2623; x_wconf 87' lang='lat' dir='ltr'>regibus</span> 
     </span>
     <span class='ocr_line' id='line_1_117' title="bbox 1131 2625 2072 2666; baseline -0.001 -9"><span class='ocrx_word' id='word_1_733' title='bbox 1131 2628 1294 2666; x_wconf 81' lang='lat' dir='ltr'>Hispaniae</span> <span class='ocrx_word' id='word_1_734' title='bbox 1308 2630 1338 2657; x_wconf 88' lang='lat' dir='ltr'>et</span> <span class='ocrx_word' id='word_1_735' title='bbox 1360 2626 1534 2656; x_wconf 81' lang='lat' dir='ltr'>Lusitaniae</span> <span class='ocrx_word' id='word_1_736' title='bbox 1551 2634 1609 2654; x_wconf 89' lang='lat' dir='ltr'>non</span> <span class='ocrx_word' id='word_1_737' title='bbox 1628 2626 1664 2655; x_wconf 89' lang='lat' dir='ltr'>ad</span> <span class='ocrx_word' id='word_1_738' title='bbox 1679 2634 1745 2655; x_wconf 89' lang='lat' dir='ltr'>eum</span> <span class='ocrx_word' id='word_1_739' title='bbox 1764 2625 1863 2663; x_wconf 87' lang='lat' dir='ltr'>finem,</span> <span class='ocrx_word' id='word_1_740' title='bbox 1885 2628 2017 2664; x_wconf 87' lang='lat' dir='ltr'>utreges</span> <span class='ocrx_word' id='word_1_741' title='bbox 2028 2625 2072 2656; x_wconf 89' lang='lat' dir='ltr'>illi</span> 
     </span>
     <span class='ocr_line' id='line_1_118' title="bbox 1131 2666 2074 2707; baseline -0.004 -7"><span class='ocrx_word' id='word_1_742' title='bbox 1131 2669 1398 2707; x_wconf 87' lang='lat' dir='ltr'>proficiscerentur</span> <span class='ocrx_word' id='word_1_743' title='bbox 1415 2667 1452 2697; x_wconf 89' lang='lat' dir='ltr'>ad</span> <span class='ocrx_word' id='word_1_744' title='bbox 1469 2666 1666 2697; x_wconf 81' lang='lat' dir='ltr'>debellandos</span> <span class='ocrx_word' id='word_1_745' title='bbox 1681 2675 1770 2705; x_wconf 82' lang='lat' dir='ltr'>reges</span> <span class='ocrx_word' id='word_1_746' title='bbox 1784 2666 1920 2696; x_wconf 87' lang='lat' dir='ltr'>infideles</span> <span class='ocrx_word' id='word_1_747' title='bbox 1937 2667 2007 2696; x_wconf 90' lang='lat' dir='ltr'>novi</span> <span class='ocrx_word' id='word_1_748' title='bbox 2021 2675 2074 2697; x_wconf 86' lang='lat' dir='ltr'>or-</span> 
     </span>
     <span class='ocr_line' id='line_1_119' title="bbox 1131 2707 2075 2749; baseline -0.002 -9"><span class='ocrx_word' id='word_1_749' title='bbox 1131 2711 1190 2749; x_wconf 86' lang='lat' dir='ltr'>bis,</span> <span class='ocrx_word' id='word_1_750' title='bbox 1218 2713 1247 2741; x_wconf 91' lang='lat' dir='ltr'>et</span> <span class='ocrx_word' id='word_1_751' title='bbox 1265 2718 1370 2740; x_wconf 86' lang='lat' dir='ltr'>eornm</span> <span class='ocrx_word' id='word_1_752' title='bbox 1396 2717 1493 2749; x_wconf 80' lang='lat' dir='ltr'>regna</span> <span class='ocrx_word' id='word_1_753' title='bbox 1518 2707 1707 2746; x_wconf 86' lang='lat' dir='ltr'>occupanda,</span> <span class='ocrx_word' id='word_1_754' title='bbox 1724 2707 1777 2738; x_wconf 75' lang='lat' dir='ltr'>scd</span> <span class='ocrx_word' id='word_1_755' title='bbox 1801 2707 1900 2738; x_wconf 89' lang='lat' dir='ltr'>solum</span> <span class='ocrx_word' id='word_1_756' title='bbox 1926 2710 2008 2738; x_wconf 86' lang='lat' dir='ltr'>uteo</span> <span class='ocrx_word' id='word_1_757' title='bbox 2025 2708 2075 2738; x_wconf 88' lang='lat' dir='ltr'>ad-</span> 
     </span>
     <span class='ocr_line' id='line_1_120' title="bbox 1131 2749 2073 2789; baseline -0.002 -8"><span class='ocrx_word' id='word_1_758' title='bbox 1131 2752 1276 2782; x_wconf 85' lang='lat' dir='ltr'>ducerent</span> <span class='ocrx_word' id='word_1_759' title='bbox 1297 2752 1379 2781; x_wconf 82' lang='lat' dir='ltr'>Fidei</span> <span class='ocrx_word' id='word_1_760' title='bbox 1404 2749 1595 2780; x_wconf 81' lang='lat' dir='ltr'>Christianae</span> <span class='ocrx_word' id='word_1_761' title='bbox 1632 2749 1871 2787; x_wconf 85' lang='lat' dir='ltr'>praedicatores,</span> <span class='ocrx_word' id='word_1_762' title='bbox 1888 2751 1916 2779; x_wconf 84' lang='lat' dir='ltr'>et</span> <span class='ocrx_word' id='word_1_763' title='bbox 1933 2752 2073 2789; x_wconf 85' lang='lat' dir='ltr'>protege-</span> 
     </span>
     <span class='ocr_line' id='line_1_121' title="bbox 1131 2788 2070 2830; baseline -0.002 -7"><span class='ocrx_word' id='word_1_764' title='bbox 1131 2797 1196 2823; x_wconf 89' lang='lat' dir='ltr'>rent</span> <span class='ocrx_word' id='word_1_765' title='bbox 1229 2802 1264 2823; x_wconf 89' lang='lat' dir='ltr'>ac</span> <span class='ocrx_word' id='word_1_766' title='bbox 1294 2792 1491 2823; x_wconf 82' lang='lat' dir='ltr'>defenderent</span> <span class='ocrx_word' id='word_1_767' title='bbox 1525 2798 1591 2819; x_wconf 82' lang='lat' dir='ltr'>cum</span> <span class='ocrx_word' id='word_1_768' title='bbox 1623 2790 1705 2829; x_wconf 79' lang='lat' dir='ltr'>ipsos</span> <span class='ocrx_word' id='word_1_769' title='bbox 1737 2788 1977 2830; x_wconf 86' lang='lat' dir='ltr'>praedicatores,</span> <span class='ocrx_word' id='word_1_770' title='bbox 2008 2794 2070 2822; x_wconf 89' lang='lat' dir='ltr'>tum</span> 
     </span>
     <span class='ocr_line' id='line_1_122' title="bbox 1131 2831 2072 2870; baseline -0.002 -6"><span class='ocrx_word' id='word_1_771' title='bbox 1131 2834 1320 2864; x_wconf 87' lang='lat' dir='ltr'>Christianos</span> <span class='ocrx_word' id='word_1_772' title='bbox 1355 2834 1394 2863; x_wconf 83' lang='lat' dir='ltr'>ab</span> <span class='ocrx_word' id='word_1_773' title='bbox 1418 2833 1460 2862; x_wconf 81' lang='lat' dir='ltr'>eis</span> <span class='ocrx_word' id='word_1_774' title='bbox 1484 2839 1666 2866; x_wconf 86' lang='lat' dir='ltr'>conversos;</span> <span class='ocrx_word' id='word_1_775' title='bbox 1691 2835 1720 2861; x_wconf 89' lang='lat' dir='ltr'>et</span> <span class='ocrx_word' id='word_1_776' title='bbox 1743 2832 1833 2862; x_wconf 86' lang='lat' dir='ltr'>simul</span> <span class='ocrx_word' id='word_1_777' title='bbox 1863 2835 1893 2862; x_wconf 91' lang='lat' dir='ltr'>ut</span> <span class='ocrx_word' id='word_1_778' title='bbox 1909 2831 2072 2870; x_wconf 86' lang='lat' dir='ltr'>impediret</span> 
     </span>
     <span class='ocr_line' id='line_1_123' title="bbox 1131 2871 2071 2912; baseline -0.002 -7"><span class='ocrx_word' id='word_1_779' title='bbox 1131 2875 1355 2912; x_wconf 87' lang='lat' dir='ltr'>contentiones,</span> <span class='ocrx_word' id='word_1_780' title='bbox 1368 2879 1395 2904; x_wconf 86' lang='lat' dir='ltr'>et</span> <span class='ocrx_word' id='word_1_781' title='bbox 1412 2872 1491 2903; x_wconf 85' lang='lat' dir='ltr'>bella</span> <span class='ocrx_word' id='word_1_782' title='bbox 1513 2871 1686 2910; x_wconf 84' lang='lat' dir='ltr'>Principum</span> <span class='ocrx_word' id='word_1_783' title='bbox 1703 2873 1955 2910; x_wconf 82' lang='lat' dir='ltr'>Christianorum,</span> <span class='ocrx_word' id='word_1_784' title='bbox 1974 2873 2024 2912; x_wconf 85' lang='lat' dir='ltr'>qui</span> <span class='ocrx_word' id='word_1_785' title='bbox 2041 2874 2071 2904; x_wconf 89' lang='lat' dir='ltr'>in</span> 
     </span>
     <span class='ocr_line' id='line_1_124' title="bbox 1131 2914 2070 2953; baseline -0.002 -7"><span class='ocrx_word' id='word_1_786' title='bbox 1131 2917 1189 2946; x_wconf 91' lang='lat' dir='ltr'>illis</span> <span class='ocrx_word' id='word_1_787' title='bbox 1217 2917 1304 2946; x_wconf 84' lang='lat' dir='ltr'>novis</span> <span class='ocrx_word' id='word_1_788' title='bbox 1327 2914 1507 2953; x_wconf 82' lang='lat' dir='ltr'>regionibus</span> <span class='ocrx_word' id='word_1_789' title='bbox 1531 2914 1684 2951; x_wconf 79' lang='lat' dir='ltr'>negotiari</span> <span class='ocrx_word' id='word_1_790' title='bbox 1707 2914 1892 2945; x_wconf 86' lang='lat' dir='ltr'>volebant».</span> <span class='ocrx_word' id='word_1_791' title='bbox 1916 2915 2070 2945; x_wconf 84' lang='lat' dir='ltr'>Bellarmi-</span> 
     </span>
     <span class='ocr_line' id='line_1_125' title="bbox 1132 2953 2069 3026; baseline -0.001 -39"><span class='ocrx_word' id='word_1_792' title='bbox 1132 2966 1187 2987; x_wconf 91' lang='lat' dir='ltr'>nus</span> <span class='ocrx_word' id='word_1_793' title='bbox 1203 2958 1392 3026; x_wconf 59' lang='lat' dir='ltr'>hielsccutus</span> <span class='ocrx_word' id='word_1_794' title='bbox 1418 2958 1463 2986; x_wconf 81' lang='lat' dir='ltr'>est</span> <span class='ocrx_word' id='word_1_795' title='bbox 1481 2953 1566 2983; x_wconf 87' lang='lat' dir='ltr'>Card.</span> <span class='ocrx_word' id='word_1_796' title='bbox 1583 2954 1768 2994; x_wconf 80' lang='lat' dir='ltr'>Cajetanum,</span> <span class='ocrx_word' id='word_1_797' title='bbox 1782 2956 1832 2995; x_wconf 90' lang='lat' dir='ltr'>qui</span> <span class='ocrx_word' id='word_1_798' title='bbox 1846 2956 1917 2986; x_wconf 83' lang='lat' dir='ltr'>vixit</span> <span class='ocrx_word' id='word_1_799' title='bbox 1933 2959 2069 2996; x_wconf 85' lang='lat' dir='ltr'>tempore</span> 
     </span>
     <span class='ocr_line' id='line_1_126' title="bbox 1131 2998 1356 3029; baseline -0.004 0"><span class='ocrx_word' id='word_1_800' title='bbox 1131 2999 1256 3029; x_wconf 84' lang='lat' dir='ltr'>Alexan(</span> <span class='ocrx_word' id='word_1_801' title='bbox 1273 2999 1294 3027; x_wconf 94' lang='lat' dir='ltr'>ri</span> <span class='ocrx_word' id='word_1_802' title='bbox 1311 2998 1356 3028; x_wconf 84' lang='lat' dir='ltr'>Vl.</span> 
     </span>
    </p>

    <p class='ocr_par' dir='ltr' id='par_1_12' title="bbox 1130 3035 2070 3119">
     <span class='ocr_line' id='line_1_127' title="bbox 1167 3035 2070 3110; baseline 0 -41"><span class='ocrx_word' id='word_1_803' title='bbox 1167 3038 1183 3110; x_wconf 61' lang='grc' dir='ltr'><em>Ξ</em></span> <span class='ocrx_word' id='word_1_804' title='bbox 1199 3038 1336 3109; x_wconf 58' lang='grc' dir='ltr'>ΒοΙΙκηΙῗ.</span> <span class='ocrx_word' id='word_1_805' title='bbox 1353 3038 1431 3069; x_wconf 77' lang='lat' dir='ltr'>Acta</span> <span class='ocrx_word' id='word_1_806' title='bbox 1448 3035 1502 3068; x_wconf 84' lang='lat' dir='ltr'>SS.</span> <span class='ocrx_word' id='word_1_807' title='bbox 1521 3036 1540 3068; x_wconf 75' lang='lat'>4</span> <span class='ocrx_word' id='word_1_808' title='bbox 1562 3036 1637 3068; x_wconf 84' lang='lat' dir='ltr'>sehr.</span> <span class='ocrx_word' id='word_1_809' title='bbox 1654 3047 1661 3076; x_wconf 92' lang='lat'>;</span> <span class='ocrx_word' id='word_1_810' title='bbox 1679 3038 1794 3078; x_wconf 75' lang='lat' dir='ltr'>Helyot,</span> <span class='ocrx_word' id='word_1_811' title='bbox 1811 3037 1890 3070; x_wconf 66' lang='lat' dir='ltr'>lust.</span> <span class='ocrx_word' id='word_1_812' title='bbox 1907 3036 1944 3070; x_wconf 84' lang='lat' dir='ltr'>de</span> <span class='ocrx_word' id='word_1_813' title='bbox 1960 3037 2070 3070; x_wconf 75' lang='lat' dir='ltr'>Ordres</span> 
     </span>
     <span class='ocr_line' id='line_1_128' title="bbox 1130 3079 1332 3119; baseline -0.005 -9"><span class='ocrx_word' id='word_1_814' title='bbox 1130 3088 1164 3110; x_wconf 82' lang='lat' dir='ltr'>re</span> <span class='ocrx_word' id='word_1_815' title='bbox 1181 3079 1222 3119; x_wconf 75' lang='lat' dir='ltr'>iq.</span> <span class='ocrx_word' id='word_1_816' title='bbox 1240 3083 1258 3110; x_wconf 87' lang='lat' dir='ltr'>t.</span> <span class='ocrx_word' id='word_1_817' title='bbox 1274 3080 1293 3108; x_wconf 88' lang='lat' dir='ltr'>V</span> <span class='ocrx_word' id='word_1_818' title='bbox 1327 3104 1332 3109; x_wconf 90' lang='lat'>.</span> 
     </span>
    </p>

    <p class='ocr_par' dir='ltr' id='par_1_13' title="bbox 1170 3118 1724 3157">
     <span class='ocr_line' id='line_1_129' title="bbox 1170 3118 1724 3157; baseline 0.002 -6"><span class='ocrx_word' id='word_1_819' title='bbox 1170 3122 1183 3142; x_wconf 73' lang='lat'><strong>³</strong></span> <span class='ocrx_word' id='word_1_820' title='bbox 1199 3122 1325 3157; x_wconf 80' lang='lat' dir='ltr'>Novaes,</span> <span class='ocrx_word' id='word_1_821' title='bbox 1343 3119 1375 3150; x_wconf 75' lang='lat' dir='ltr'>in</span> <span class='ocrx_word' id='word_1_822' title='bbox 1396 3119 1464 3152; x_wconf 79' lang='lat' dir='ltr'>Vita</span> <span class='ocrx_word' id='word_1_823' title='bbox 1479 3118 1657 3152; x_wconf 75' lang='lat' dir='ltr'>Alexandri</span> <span class='ocrx_word' id='word_1_824' title='bbox 1679 3119 1724 3153; x_wconf 82' lang='lat' dir='ltr'>VI.</span> 
     </span>
    </p>

    <p class='ocr_par' dir='ltr' id='par_1_14' title="bbox 1171 3161 1395 3204">
     <span class='ocr_line' id='line_1_130' title="bbox 1171 3161 1395 3204; baseline 0 -12"><span class='ocrx_word' id='word_1_825' title='bbox 1171 3162 1184 3184; x_wconf 78' lang='lat'><strong><em>⁴</em></strong></span> <span class='ocrx_word' id='word_1_826' title='bbox 1202 3162 1265 3193; x_wconf 87' lang='lat' dir='ltr'>Vid.</span> <span class='ocrx_word' id='word_1_827' title='bbox 1282 3171 1314 3204; x_wconf 35' lang='lat' dir='ltr'>p..</span> <span class='ocrx_word' id='word_1_828' title='bbox 1328 3161 1395 3193; x_wconf 47' lang='lat'>1138.</span> 
     </span>
    </p>
   </div>
  </div>
 </body>
</html>
