2241 3473
254 190 329 228 108

203 265 230 304 fi
258 264 580 315 praelectionibus
608 266 648 302 et
666 264 911 302 concionibus
931 263 1138 312 desumpti,

205 319 253 356 ad
274 319 504 368 Gregorium
525 318 594 366 Pp.
607 318 666 355 XI
687 317 805 355 delati
826 317 994 354 fuerunt.
1016 317 1058 354 In
1080 317 1139 353 his

205 371 381 409 articulis
410 372 458 408 R.
480 370 662 408 Pontifici
690 370 748 408 ius
774 370 998 420 temporalis
1023 369 1138 408 domi·

203 424 271 470 nii,
292 424 440 461 clericis
460 424 634 472 potestas
653 423 829 461 solvendi
849 427 965 472 atque
979 423 1141 472 ligandi,

202 483 242 514 et
269 476 532 526 superioribus
552 476 720 515 facultas
739 477 966 515 reservandi
986 477 1058 515 sibi
1079 488 1140 514 ca·

201 541 267 567 sus
301 529 560 568 conscientiae
596 531 920 580 denegabantur3
949 530 1142 580 principes

201 594 294 621 vero
314 583 532 621 saeculares
551 584 600 621 ad
629 585 836 622 adimenda
865 584 1014 622 clericis
1041 585 1143 622 bona

202 637 486 675 excitabantur.
507 637 720 686 Gregorius
738 638 796 676 XI
826 650 886 676 an.
917 637 1016 675 1377
1045 649 1141 675 con-

202 690 394 727 demnatis
420 690 504 729 istis
524 691 713 738 articulis,
733 691 1021 741 archiepiscopo
1040 691 1143 729 Can-

202 743 390 780 tuariensi
417 748 456 781 et
475 744 652 794 episcopo
672 745 907 783 Londinensi
928 745 1143 790 mandavit,

203 800 246 834 ut
273 797 312 834 in
340 796 567 835 Wicleffum
596 798 872 848 inquirerent,
902 799 1144 848 scriptasque

203 851 286 888 eius
324 849 581 890 confessiones
619 854 666 889 ad
700 852 963 901 Apostolicam
1003 852 1143 890 Sedem

201 904 514 942 transmitterent
538 903 561 943 ¹.
582 905 745 943 Wicleff
760 906 981 944 constitutis
1001 905 1143 943 iudici-

204 958 275 995 bus
287 969 347 996 an.
364 957 464 996 1378
485 959 672 1008 scriptum
688 960 843 1007 obtulit,
856 960 977 1008 inquo
995 962 1144 998 senten-

202 1011 277 1049 tias
291 1023 380 1049 suas
396 1012 434 1048 in
451 1012 650 1051 mitiorem
678 1014 832 1063 quidem
852 1025 1007 1051 sensum
1028 1013 1148 1062 expli-

203 1065 329 1112 cabat,
348 1066 415 1104 sed
436 1078 511 1103 non
532 1068 784 1104 retractabat.
798 1067 949 1105 Iudices
969 1067 1004 1104 ei
1022 1067 1145 1104 inter-

205 1119 403 1165 dixerunt,
424 1131 471 1157 ne
491 1120 672 1169 deinceps
692 1121 889 1158 doctrinas
908 1120 994 1157 illas
1014 1132 1147 1170 propo-

203 1176 338 1218 neret;
372 1174 607 1211 sententiam
642 1186 737 1212 vero
766 1174 805 1212 in
835 1174 1014 1212 eumdem
1043 1174 1146 1212 ferre

206 1226 290 1264 ausi
318 1238 396 1264 non
428 1229 535 1274 sunt,
563 1228 665 1276 quod
694 1228 856 1265 Ioannes
883 1227 963 1265 dux
991 1228 1145 1265 Lanca-

209 1280 340 1326 striae,
368 1281 440 1318 sub
460 1280 651 1330 impuberi
671 1281 867 1319 Richardo
887 1281 923 1318 11
943 1282 1053 1331 regni
1074 1282 1146 1319 ad-

206 1333 468 1381 ministrator,
503 1335 708 1384 pluresque
748 1347 928 1385 proceres
949 1337 988 1373 et
1008 1335 1145 1385 plebeii

205 1387 382 1426 novatori
402 1387 592 1426 faverent.

260 1439 425 1479 Wicleff
440 1442 688 1479 interdictum
709 1444 788 1480 tam
811 1454 947 1491 parum
962 1442 1148 1490 servavit,

210 1496 253 1532 ut
273 1494 391 1532 etiam
411 1495 622 1533 deteriores
641 1507 793 1534 errores
813 1496 1008 1546 professus
1027 1497 1090 1542 sit,
1110 1500 1149 1535 et

207 1560 268 1586 an.
297 1548 396 1586 1381
417 1548 455 1586 in
477 1549 800 1598 praelectionibus
820 1550 900 1588 suis
919 1552 958 1588 et
976 1550 1148 1588 thesibus

209 1602 425 1640 doctrinam
463 1603 700 1641 catholicam
739 1604 785 1641 de
819 1616 867 1642 ss.
902 1604 1149 1642 Eucharistia

210 1656 513 1705 impugnaverit,
529 1657 606 1694 imo
624 1657 858 1695 haereticam
875 1657 1148 1706 pronuntiarit.

207 1709 393 1750 Quamvis
421 1722 496 1748 non
526 1712 639 1760 pauci
668 1723 717 1749 ex
746 1711 1030 1749 Oxoniensibus
1058 1711 1148 1748 Wi-

207 1763 318 1800 cleffo
347 1764 591 1811 assentirent,
620 1768 750 1803 tamen
773 1765 1025 1803 cancellarius
1045 1765 1147 1802 Uni·-

209 1817 420 1864 versitatis,
448 1818 638 1867 multique
668 1819 886 1868 theologiae
912 1821 951 1856 et
969 1819 1066 1856 iuris
1086 1831 1146 1857 ca·

211 1871 337 1908 nonici
357 1871 534 1910 doctores
554 1873 684 1910 theses
705 1874 789 1911 eius
809 1872 960 1922 publice
976 1873 1152 1910 condem-

209 1928 366 1971 narunt,
382 1928 422 1963 et
436 1926 649 1974 subpoena
664 1927 832 1964 carceris
848 1927 1007 1976 proponi
1023 1929 1149 1965 vetue-

211 1980 313 2016 runt.
330 1979 549 2017 Richardus
565 1991 635 2017 rex
653 1980 879 2018 XVicleffum
895 1992 1056 2018 munere
1070 1993 1151 2030 pro-

211 2032 366 2070 fessoris
395 2033 586 2082 privavit,
617 2037 656 2071 et
681 2035 849 2084 synodus
868 2034 1124 2072 Londinensis
1141 2063 1150 2081 ,

212 2085 274 2122 cui
294 2097 384 2122 cum
418 2086 705 2137 archiepiscopo
735 2088 1005 2126 Cantuariensi
1025 2088 1149 2126 inter-

212 2139 373 2177 fuerunt
392 2140 416 2176 7
436 2141 604 2190 episcopi
626 2146 664 2178 et
683 2142 796 2179 multi
813 2142 1151 2191 theologiaeiuris-

215 2204 290 2242 que
311 2193 484 2231 canonici
505 2194 700 2242 doctores,
721 2207 822 2233 anno
844 2196 943 2233 1382
963 2196 1151 2234 assertio-

212 2258 280 2284 nes
295 2246 360 2293 24,
381 2259 402 2284 e
418 2247 589 2286 Wicleffi
608 2248 763 2298 scriptis
779 2251 994 2298 excerptas,
1009 2249 1150 2299 partim

213 2302 257 2338 ut
275 2300 493 2339 haereticas
515 2302 657 2350 partim
679 2304 722 2339 ut
741 2314 922 2341 erroneas
938 2303 1150 2342 damnavit.

213 2354 360 2392 Earum
380 2366 532 2392 summa
546 2355 642 2393 haec
654 2359 750 2393 erat:
766 2355 1031 2394 Substantiam
1043 2358 1152 2407 panis

212 2411 251 2445 et
271 2408 350 2445 vini
369 2409 484 2446 etiam
498 2411 583 2458 post
603 2410 932 2447 consecrationem
948 2411 986 2447 in
1004 2411 1153 2449 Eucha-

215 2462 327 2500 ristia
346 2474 590 2511 permanere,
625 2475 749 2512 neque
783 2463 979 2501 Christum
996 2465 1152 2503 realiter

212 2516 250 2552 in
272 2527 319 2553 ea
337 2527 420 2554 esse
441 2520 700 2565 praesentem3
721 2517 862 2555 Missae
880 2518 1111 2556 sacrificium
1129 2531 1152 2557 a

214 2569 366 2607 Christo
386 2582 464 2608 non
485 2569 602 2608 fuisse
623 2570 870 2618 institutum3
892 2571 1037 2609 homini
1058 2584 1151 2610 vere

212 2624 379 2661 contrito
418 2623 695 2662 confessionem
732 2628 979 2674 peccatorum
1023 2638 1150 2664 corani

214 2678 415 2715 sacerdote
436 2689 518 2716 esse
538 2677 728 2725 inutilem3
750 2679 973 2716 ministrum
993 2684 1152 2728 peccato

214 2731 370 2768 mortali
403 2732 631 2778 obnoxium,
666 2744 740 2769 non
769 2744 876 2782 posse
904 2736 1152 2771 sacramenta

216 2784 428 2832 conficere3
465 2786 611 2835 Papam
647 2786 832 2824 vitiosum
855 2798 928 2823 non
950 2787 1093 2824 habere
1113 2787 1149 2824 in

215 2837 454 2876 Christianos
471 2842 714 2887 potestatem,
732 2840 803 2878 nisi
818 2839 918 2878 forte
933 2840 1003 2878 sibi
1021 2841 1068 2877 ab
1088 2841 1154 2877 im-

216 2894 396 2939 peratore
425 2905 659 2941 concessam3
692 2896 776 2943 post
809 2897 974 2931 mortem
1006 2894 1151 2932 Urbani

220 2944 274 2981 VI
297 2945 443 2983 nullum
479 2947 660 2997 deinceps
695 2948 841 2997 Papam
859 2959 941 2985 csse
962 2947 1152 2997 recipien-

219 2998 321 3045 dum;
338 3001 571 3048 temporales
588 3000 815 3039 clericorum
830 3001 1086 3051 possessiones
1101 3013 1154 3039 es-

218 3063 257 3088 se
286 3052 502 3090 contrarias
535 3065 563 3091 s.
584 3054 827 3104 Scripturae;
857 3055 1053 3105 praelatos
1081 3067 1153 3092 non

219 3115 327 3152 posse
348 3108 685 3145 excommunicare
705 3109 938 3159 quempiam,
960 3109 1032 3147 nisi
1053 3109 1156 3158 prius

220 3159 346 3196 sciant
358 3172 444 3197 cum
459 3162 837 3201 excommunicatum
848 3175 930 3202 csse
942 3175 965 3201 a
979 3163 1071 3211 Dco;
1082 3162 1160 3201 dia-

263 3274 271 3295 ¹
291 3274 401 3313 Lahbe,
419 3274 537 3308 Cuncti.
557 3280 574 3308 t.
594 3277 643 3316 xl,
659 3287 686 3317 p.
704 3277 851 3310 ‘2038-4-2.

652 199 811 226 EPOCHA
839 200 893 226 lx.
922 199 974 225 AB
1002 198 1126 226 1N1'r10
1154 198 1384 227 SCHISMATIS
1413 200 1642 229 OCCIDENTIS

1182 275 1277 301 cono
1297 266 1337 301 et
1356 265 1584 315 presbytero
1612 265 1730 303 licere
1757 267 1918 306 verbum
1945 268 2119 306 divinum

1183 317 1407 365 praedicare
1419 318 1501 356 sine
1518 319 1650 368 Papae
1666 321 1706 358 et
1720 319 1985 370 episcoporum
2001 321 2122 360 facul-

1182 374 1286 418 tate3
1315 370 1488 410 dominos
1513 373 1747 421 temporales
1775 376 1814 411 et
1841 374 2122 414 ecclesiasticos

1183 436 1252 473 per
1271 427 1476 473 peccatum
1497 426 1660 463 mortale
1680 425 1857 464 excidere
1873 439 1943 466 sua
1959 429 2124 478 dignita-

1185 483 1221 515 te
1241 480 1279 515 et
1298 480 1507 527 potestate3
1529 479 1699 517 dominos
1715 481 1947 528 temporales
1966 481 2122 520 auferre

1184 542 1295 579 posse
1315 532 1417 569 bona
1449 532 1723 571 ecclesiasticis
1757 533 2009 572 habitualiter
2028 547 2122 584 pec-

1185 585 1376 632 cantibus3
1388 585 1614 624 fundatores
1623 586 1809 624 Ordinum
1820 588 2122 627 monasticorum

1186 650 1269 676 esse
1289 641 1526 687 peccatores,
1547 651 1687 689 eosque
1702 639 1965 690 ingredientes
1981 654 2056 680 non
2071 653 2126 680 es-

1185 703 1225 729 se
1245 692 1474 730 christianos
1496 692 1520 731 ¹.

1239 745 1325 783 Rex
1340 746 1601 795 perversitate
1613 747 1886 786 damnatarum
1900 748 2126 798 propositio·

1187 810 1277 836 num
1298 799 1499 837 intellecta
1515 830 1525 845 ,
1551 800 1835 851 archiepiscopo
1865 801 2124 840 Cantuarien-

1186 851 1218 889 si
1260 852 1423 902 eiusque
1460 853 1717 902 suffraganeis
1748 856 1984 905 potestatem
2022 856 2129 894 dedit

1187 907 1404 955 omnes,qui
1417 919 1481 945 eas
1493 907 1677 945 tradituri
1687 911 2026 957 essent,tamquam
2038 910 2128 947 hae-

1186 960 1328 998 reticos
1338 961 1742 1009 comprehendendi,et
1751 962 2032 1001 Universitatis
2041 974 2127 1001 can·

1188 1013 1342 1051 cellario
1361 1017 1480 1063 atque
1500 1015 1818 1064 procuratoribus
1839 1016 2052 1063 mandavit,
2082 1017 2127 1054 ut

1188 1067 1226 1103 in
1248 1067 1419 1106 Wicleffi
1440 1067 1610 1106 asseclas
1643 1068 1850 1118 diligenter
1871 1069 2126 1119 inquirerent,

1189 1132 1209 1158 e
1230 1120 1376 1159 ditione
1397 1121 1503 1159 urbis
1536 1121 1763 1160 Oxoniensis
1791 1122 2013 1162 eiiciendos.
2033 1122 2127 1161 Wi-

1190 1173 1277 1211 cleff
1295 1187 1336 1213 se
1351 1176 1498 1224 recepit
1524 1175 1564 1212 in
1595 1176 1835 1224 parochiam,
1857 1176 1949 1214 olim
1969 1177 2018 1215 ab
2038 1176 2128 1214 aula

1189 1227 1260 1265 sibi
1279 1228 1473 1275 collatam,
1494 1230 1706 1277 eodemque
1733 1242 1792 1268 an.
1817 1229 1918 1268 1382
1938 1230 1986 1268 ab
2006 1230 2130 1268 Urba·

1190 1293 1237 1318 no
1257 1282 1313 1319 VI
1333 1283 1499 1319 Romam
1528 1286 1730 1329 evocatus,
1749 1283 1941 1321 acerrima
1965 1283 2128 1333 epistola

1189 1335 1409 1384 respondit,
1428 1348 1467 1374 se
1496 1348 1578 1374 esse
1598 1337 1841 1386 impeditum.
1863 1338 1975 1376 Anno
1996 1341 2126 1375 autem

1192 1389 1293 1427 1384
1313 1389 1516 1439 apoplexia
1535 1392 1712 1428 mortuus
1732 1393 1802 1429 est.

1245 1444 1410 1481 Praeter
1447 1455 1566 1492 supra
1601 1446 1923 1482 commemoratos
1957 1455 2128 1492 erroreS,

1190 1496 1354 1536 Wicleff
1368 1497 1497 1546 plures
1511 1497 1608 1535 alios
1619 1498 1781 1536 tradidit
1792 1528 1801 1545 ,
1817 1498 1920 1536 sicut
1935 1510 1956 1536 e
1972 1499 2127 1548 scriptis

1191 1552 1287 1598 eius,
1302 1551 1532 1600 praesertim
1545 1562 1565 1588 e
1583 1551 1784 1601 Trz'aloyo,
1795 1552 2128 1590 constat.Univer-

1190 1604 1276 1650 sim,
1308 1604 1506 1642 Ecclesiae
1519 1606 1559 1642 et
1577 1605 1743 1642 Patruni
1777 1605 1987 1643 traditione
2013 1608 2129 1655 atque

1191 1658 1425 1696 auctoritate
1458 1657 1632 1705 reiectis,
1653 1658 1749 1696 nihil
1782 1659 2016 1697 credendum
2045 1670 2129 1697 esse

1191 1712 1332 1750 statuit
1350 1714 1508 1761 praeter
1525 1711 1562 1748 id
1583 1713 1685 1761 quod
1706 1713 1926 1750 continetur
1947 1712 1989 1750 in
2008 1712 2132 1762 Scrip-

1191 1767 1280 1803 tura
1295 1777 1405 1803 sacra
1419 1765 1642 1803 litteraliter
1656 1765 1865 1813 intellecta,
1881 1777 1996 1815 quam
2011 1766 2128 1804 etiam

1192 1819 1229 1857 in
1249 1819 1422 1869 linguam
1442 1817 1614 1869 patriam
1643 1820 1773 1858 vertit.
1794 1819 1882 1858 Non
1904 1831 2018 1858 unam
2039 1819 2132 1858 alte-

1192 1884 1327 1911 ramve
1360 1873 1555 1911 Ecclesiae
1589 1873 1804 1912 doctrinam
1825 1881 1892 1912 aut
1910 1873 2131 1912 institutio-

1193 1939 1281 1964 nem
1297 1938 1536 1976 oppugnare,
1556 1927 1623 1965 sed
1643 1926 1770 1977 potius
1786 1930 1912 1965 totum
1933 1926 2131 1965 Ecclesiae

1193 1981 1408 2019 catholicae
1429 1983 1603 2030 systema
1622 1981 1810 2019 innovare
1825 1981 1898 2019 sibi
1919 1981 2131 2030 proposuit3

1195 2035 1242 2072 ad
1261 2046 1374 2084 quem
1390 2034 1507 2072 finem
1528 2036 1811 2083 assequendum
1841 2035 1966 2084 magis
1994 2034 2132 2072 convi-

1195 2088 1264 2126 ciis
1285 2092 1324 2126 et
1344 2088 1510 2137 argutiis
1530 2088 1762 2138 sophisticis,
1782 2099 1901 2136 quam
1921 2087 2055 2126 solidis
2074 2100 2133 2126 ar-

1194 2141 1391 2192 gumentis
1426 2153 1516 2180 usus
1549 2145 1617 2180 est.
1641 2141 1766 2179 Simili
1794 2141 1934 2190 spiritu
1969 2142 2131 2181 animati

1193 2198 1306 2233 erant
1326 2195 1407 2233 eius
1426 2195 1606 2241 asseclae,
1623 2195 1686 2244 qui
1702 2195 2051 2246 pseudo-magistri
2071 2196 2132 2235 sui

1193 2249 1388 2287 erroribus
1408 2260 1527 2286 novos
1547 2249 1790 2286 addiderunt.

1247 2303 1341 2341 Cum
1357 2302 1526 2340 haeresis
1537 2303 1641 2340 inter
1649 2302 1929 2342 Universitatis
1939 2303 2134 2343 Oxonien-

1194 2357 1245 2395 sis
1277 2356 1452 2394 membra
1481 2359 1520 2394 et
1540 2356 1657 2394 etiam
1692 2356 1794 2394 inter
1814 2358 1918 2396 cives
1951 2358 2134 2396 continuo

1194 2413 1394 2460 serperet,
1427 2421 1497 2447 rex
1517 2421 1538 2447 e
1563 2413 1722 2448 senatus
1751 2410 1911 2449 consilio
1945 2412 2133 2463 episcopis

1194 2463 1465 2509 mandavit,ut
1485 2464 1532 2501 ad
1553 2464 1829 2502 conterendam
1846 2465 2036 2504 haeresim
2057 2464 2135 2504 effi-

1195 2517 1346 2555 caciora
1366 2517 1538 2554 remedia
1568 2517 1808 2556 adhiberent.
1831 2518 1958 2568 Igitur
1977 2519 2135 2558 archie-

1196 2572 1372 2620 piscopus
1392 2571 1685 2609 Cantuariensis
1705 2583 1807 2610 anno
1829 2572 1930 2611 1396
1945 2573 2135 2623 synodum

1197 2625 1361 2662 Londini
1382 2625 1651 2674 congregavit,
1671 2625 1708 2662 in
1731 2637 1808 2675 qua
1840 2625 1886 2664 18
1914 2626 2093 2674 articuli,
2113 2638 2134 2664 e

1202 2678 1561 2727 Τνῖαῖορῶνίοἰθῐϋ
1596 2680 1794 2729 excerpti,
1829 2679 1999 2718 damnati
2033 2682 2134 2718 sunt.

1196 2733 1301 2770 Idem
1334 2732 1489 2781 praesul
1518 2744 1580 2770 an.
1614 2732 1712 2770 1408
1749 2733 1914 2771 alteram
1942 2734 2135 2783 synodum

1197 2786 1321 2835 coegit
1343 2786 1497 2832 Oxonii,
1518 2786 1554 2823 in
1572 2797 1649 2834 qua
1667 2787 1739 2824 sub
1760 2798 1894 2836 poena,
1917 2788 1955 2825 in
1977 2798 2134 2837 promo—

1198 2842 1301 2877 tores
1321 2840 1523 2877 haeresum
1545 2842 1704 2885 statuta‚
1724 2840 1974 2879 interdictum
1997 2843 2068 2888 est,
2089 2851 2136 2878 ne

1196 2893 1282 2942 quis
1302 2894 1466 2931 clericus
1486 2896 1553 2931 aut
1572 2894 1784 2931 monachus
1803 2894 1885 2932 sine
1903 2893 2060 2943 speciali
2080 2893 2133 2932 li-

1199 2948 1326 2984 centia
1346 2948 1509 2984 verbum
1532 2947 1602 2984 Dei
1620 2947 1872 2996 praedicaret,
1892 2959 1940 2985 ne
1958 2947 1998 2985 in
2018 2947 2134 2986 scho-

1199 3000 1245 3037 lis
1266 3001 1312 3038 de
1332 3001 1508 3038 doctrina
1536 3001 1583 3038 ab
1608 3000 1782 3039 Ecclesia
1802 3001 1985 3039 damnata
2017 3000 2138 3039 disce·

1200 3057 1387 3103 piaretur,
1410 3067 1456 3091 ne
1477 3055 1564 3103 quis
1585 3066 1613 3091 s.
1630 3054 1869 3104 Scripturam
1894 3054 2048 3104 propria
2068 3065 2138 3093 sua

1202 3109 1437 3145 auctoritate
1457 3107 1495 3144 in
1516 3108 1692 3157 linguam
1726 3109 1929 3158 vulgarem
1951 3110 2137 3156 verteret,

1202 3166 1271 3200 aut
1282 3161 1498 3200 huiusmodi
1512 3161 1726 3200 versionem
1739 3161 1901 3212 legeret,
1913 3161 1983 3200 nisi
2001 3173 2023 3201 a
2038 3161 2139 3200 dioe-

1247 3277 1255 3300 ¹
1274 3279 1360 3320 Apud
1376 3278 1490 3319 habuc,
1509 3278 1627 3313 concil.
1645 3283 1663 3311 t.
1681 3279 1730 3317 xl,
1747 3289 1776 3320 p.
1793 3278 1882 3311 2052.
