2241 3473
705 183 833 215 VSQVE
861 183 915 211 AD
944 184 1136 212 AETATEM
1165 186 1310 213 CAROLI
1337 186 1380 215 M.

1883 175 1958 213 179

64 245 231 285 adversa
259 245 416 283 fortuna
436 247 626 284 certavit:
647 246 809 296 populos
833 245 988 283 Siciliae
1001 275 1010 292 ,
1031 247 1034 298 ξ
1054 247 1208 294 dorum,
1227 249 1463 286 monachum
1483 260 1690 298 graecum,
1710 248 1883 286 moribus
1903 248 2010 286 inte-

63 297 277 344 Sardiniae,
289 297 461 347 aliosque
477 302 557 336 tam
574 300 672 336 dure
689 299 862 344 vexavit,
875 302 919 336 ut
934 310 1011 335 om-
1031 301 1033 306 ‘

1030 383 1032 403 ‚
1053 353 1133 389 tine
1153 355 1236 390 tuni
1258 365 1399 402 graece
1421 355 1659 393 institutum.

64 351 176 389 nibus
204 361 347 388 exosus
376 362 437 388 au.
467 352 544 389 668
574 352 781 401 Syracusis
810 350 848 387 in
875 350 1011 388 balneo

64 405 226 442 necatus
245 402 376 440 fuerit.
399 404 493 441 Post
513 404 597 442 eius
618 409 782 441 mortem
809 403 1008 440 Ecclesiae
1029 405 1032 448 Ι

1053 312 1179 347 grum,
1200 312 1245 338 ac
1266 301 1406 339 divinis
1427 304 1467 339 et
1489 302 1669 340 humanis
1686 301 1831 340 litteris
1846 304 1933 338 tum
1949 302 2010 340 la-

1107 405 1147 441 111
1164 405 1293 443 locum
1311 410 1441 444 autem
1458 408 1633 445 Colmani
1646 407 2007 446 Northumbrorum

62 457 103 494 et
121 455 329 495 Catholicis
349 457 529 494 omnibus
557 468 645 505 spes
666 457 770 505 pacis
791 458 830 493 et
849 467 1010 492 concor·
1053 457 1256 506 episcopus
1276 462 1432 497 creatus
1453 459 1527 496 fuit
1543 460 1676 506 'l'uda3
1697 471 1773 509 quo
1790 460 1928 497 eodem
1944 471 2009 497 an-

62 508 148 546 diae
167 508 330 545 refulsit.
352 509 506 546 Etenim
522 508 799 546 Constantinus
828 508 1008 556 Pogona-

60 564 137 606 tus,
157 560 378 598 Constantis
400 561 504 598 filius
524 564 563 598 et
582 572 794 606 successor,
815 572 856 597 se
878 561 1009 597 haere-

60 612 148 651 ticis
176 613 371 651 infensum
399 618 438 651 et
462 625 556 662 erga
577 614 623 651 R.
647 613 862 651 Ecclesiam
884 613 1006 650 bene-

61 665 192 704 volum
214 667 417 714 praestitit.

110 718 173 756 25.
194 718 401 756 Ecclesiae
420 723 553 755 status
574 720 619 756 in
645 718 915 766 ⁴{mylen—lu
932 719 1007 754 An-

58 769 139 821 glia
176 771 413 809 christianae
441 771 659 819 Religionis
689 770 876 819 professio
906 782 1007 807 nova

59 834 212 872 semper
241 824 480 860 incrementa
508 835 732 872 novumque
760 823 1007 871 splendorem

59 875 250 925 capiebat.
270 876 377 914 Scoti
396 888 465 913 seu
486 876 668 921 Hiberni,
688 876 891 921 Britones,
916 877 1004 913 An-

58 928 315 978 glo-Saxones
333 928 490 978 passim,
510 929 684 978 exceptis
704 929 924 966 Saxonibus
940 939 1005 965 au-

56 981 259 1025 stralibus,
288 981 465 1018 eamdem
485 981 601 1018 fidem
621 981 854 1019 catholicam
873 983 1003 1018 secta-

57 1033 211 1071 bantur.
241 1033 542 1082 Disceptabatur
561 1035 665 1072 inter
684 1046 749 1071 eos
769 1034 816 1071 de
836 1034 915 1070 ritu
936 1045 1002 1071 ce-

54 1086 229 1124 lebrandi
246 1086 464 1124 Paschatis.
476 1086 582 1124 Scoti
598 1099 687 1124 cum
704 1087 930 1124 Britonibus
947 1099 1004 1123 ro-

53 1150 211 1177 manum
239 1141 280 1176 et
305 1151 551 1176 communem
579 1139 832 1177 ecclesiarum
854 1151 1003 1176 morem

53 1192 319 1240 sequebantur
346 1192 386 1228 in
412 1192 483 1229 1100
498 1222 506 1238 ,
527 1193 628 1241 quod
650 1193 802 1230 Pascha
822 1193 1002 1229 celebra-

53 1247 142 1282 rent
161 1244 222 1282 die
242 1244 466 1282 Dominica:
483 1245 761 1283 dissentiebant
778 1257 873 1282 vero
890 1245 928 1282 in
944 1258 1003 1291 eo,

55 1297 178 1346 quod,
207 1298 298 1335 dum
318 1297 412 1335 luna
432 1298 529 1335 XIV
548 1298 743 1336 incidebat
762 1299 801 1335 in
822 1298 1002 1335 Domini-

56 1360 142 1387 cam
157 1349 272 1396 diem,
293 1351 365 1387 hac
384 1351 468 1400 ipsa
488 1351 548 1388 die
569 1351 723 1388 Pascha
742 1351 1004 1397 celebrarent,

57 1414 130 1439 non
150 1414 244 1440 vero
275 1403 476 1441 Dominica
495 1404 683 1453 proxima.
706 1404 813 1441 Haec
833 1404 1002 1442 diversi-

55 1457 118 1492 tas
155 1456 260 1504 apud
299 1456 400 1504 ipsos
429 1468 565 1494 recens
594 1468 803 1494 conversos
832 1457 1002 1505 Anglos,

56 1508 284 1556 praesertim
297 1509 397 1557 apud
410 1509 699 1547 Northumbros
711 1510 1003 1558 obtinuit,quod

56 1560 155 1598 varii
174 1562 394 1600 sacerdotes
415 1563 520 1599 Scoti
543 1563 591 1600 ad
608 1563 694 1600 illos
710 1563 1003 1600 adventassent.

55 1613 187 1655 Quum
221 1615 352 1651 autem
388 1615 617 1664 disceptatio
651 1616 775 1664 magis
803 1617 1003 1664 magisque

54 1668 287 1715 augeretur,
313 1679 374 1704 an.
404 1668 481 1705 664
502 1669 673 1717 synodus
692 1680 757 1706 seu
779 1668 935 1706 collatio
956 1669 1003 1705 de

55 1730 101 1756 ea
121 1731 163 1756 re
185 1719 319 1757 habita
337 1722 396 1757 est
415 1721 453 1757 in
474 1721 723 1767 monasterio,
739 1722 838 1769 quod
858 1721 1002 1758 Strecz-

55 1772 251 1809 neskaleh
273 1784 341 1809 seu
362 1777 477 1811 smus
498 1774 634 1810 Phari
651 1775 798 1811 dictum
819 1776 889 1811 est.
909 1775 1002 1812 Col-

54 1835 196 1862 manus
221 1825 421 1874 episcopus
451 1826 830 1873 Northumbrorum‚
862 1839 1003 1876 genere

54 1877 219 1922 Scotus,
246 1879 441 1925 permulta
471 1879 570 1917 dixit
591 1891 659 1927 pro
681 1880 759 1916 ritu
781 1881 1000 1917 Scotorum.

53 1930 106 1967 At
125 1941 154 1967 s.
176 1930 389 1969 wilfridus
409 1931 541 1977 abbas,
562 1932 626 1980 qui
648 1944 671 1969 a
690 1933 836 1970 teneris
856 1933 896 1969 in
913 1933 1001 1969 Lin-

53 1982 284 2021 disfarnensi
304 1985 542 2022 monasterio
559 1986 705 2033 pietate
721 1988 760 2022 et
779 1985 922 2023 litteris
938 1985 1002 2022 111-

54 2035 225 2082 stitutus,
246 2036 330 2073 dein
354 2037 391 2073 in
411 2037 495 2086 ipsa
517 2038 612 2075 urbe
626 2038 754 2075 Roma
770 2038 868 2075 ritus
884 2039 1003 2075 eccle-

53 2087 228 2126 siasticos
255 2088 469 2137 perfectius
494 2090 685 2127 didicerat
701 2120 709 2136 ,
735 2102 937 2128 romanam
964 2094 1004 2129 et

52 2151 295 2179 communem
336 2142 590 2180 ecclesiarum
633 2143 877 2192 disciplinam
920 2147 1001 2181 tam

54 2194 249 2242 praeclare
269 2195 546 2244 propugnavit,
569 2197 612 2232 ut
631 2208 764 2233 omnes
781 2197 815 2233 ei
833 2209 1002 2234 assense-

53 2245 144 2293 rint,
164 2249 329 2296 excepto
350 2248 535 2285 Colmano
549 2279 557 2294 ,
577 2249 642 2297 qui
661 2250 791 2286 sedem
812 2261 921 2287 suam
939 2262 1001 2287 re-

53 2297 231 2348 linquere
250 2303 289 2337 et
309 2300 347 2337 in
368 2300 538 2337 Scotiam
558 2302 687 2338 redire
707 2301 846 2339 maluit
867 2300 888 2340 ¹.

106 2352 299 2390 Posthaec
319 2353 472 2390 Oswius
487 2353 795 2391 Northumbriae
813 2358 853 2392 et
865 2357 1004 2393 Ecber-

52 2405 114 2442 tus
141 2404 268 2443 Gantii
297 2417 430 2454 reges,
461 2407 508 2443 de
538 2407 807 2455 episcoporum
841 2409 1002 2446 consilio

52 2456 297 2506 vighardum
317 2459 591 2508 presbyterum
614 2472 704 2497 cum
720 2460 830 2498 donis
847 2465 885 2498 et
900 2461 1002 2498 litte-

52 2510 106 2547 ris
121 2510 288 2547 Romam
304 2511 351 2547 ad
368 2511 610 2549 Vitalianum
626 2513 696 2561 Pp.
714 2512 927 2560 miserunt3
945 2526 1002 2551 ro-

52 2566 274 2610 garuntque
296 2563 535 2610 Pontificem,
558 2569 600 2602 ut
619 2577 689 2613 pro
716 2566 860 2603 utiliori
877 2567 999 2604 eccle-

52 2614 132 2652 siae
143 2615 384 2663 Anglicanae
400 2617 590 2664 regimine
601 2618 633 2654 V
638 2619 773 2665 ighard
780 2630 844 2655 um
856 2620 1000 2657 archie-

53 2667 249 2716 piscopum
281 2668 600 2706 Cantuariensem
629 2674 669 2707 et
694 2671 814 2708 totius
833 2673 999 2721 Angliae

53 2719 262 2768 primatem
282 2720 486 2758 instituere
507 2722 749 2770 dignaretur.

106 2772 328 2810 Vitalianus
348 2774 509 2811 redditis
530 2775 577 2811 ad
597 2775 772 2813 Oswium
793 2776 947 2824 litteris,
964 2779 998 2815 ei

53 2824 238 2873 pietatem
253 2829 293 2863 et
308 2825 459 2863 felicem
475 2827 714 2875 Anglicanae
727 2829 913 2867 ecclesiae
925 2837 999 2868 sta-

53 2878 135 2914 tum
156 2878 376 2927 gratulatus
396 2882 465 2916 est.
487 2879 658 2927 Cumque
680 2881 904 2929 Vighardus
926 2884 999 2920 Ro-

54 2940 139 2967 mae
165 2931 297 2967 morbo
318 2934 521 2980 correptus
542 2932 710 2978 obiisset,
733 2934 915 2972 Pontifex
936 2948 996 2974 an.

53 2980 130 3019 668
148 2983 333 3020 ecclesiae
354 2984 646 3022 Cantuariensis
666 2986 999 3035 archiepiscopum

53 3036 93 3072 et
110 3034 230 3073 totius
249 3036 414 3085 Angliae
435 3037 639 3085 primatem
661 3038 865 3076 constituit
880 3040 1000 3078 Theo-

94 3172 105 3194 ¹
122 3175 233 3214 Lahhe‚
257 3175 374 3209 Concu.
398 3179 417 3208 t.
442 3177 486 3215 Vl,
510 3186 538 3215 p.
563 3175 636 3215 lou
661 3176 816 3215 illabillon‚
843 3179 940 3211 l’raes.
959 3182 1000 3212 ad

53 3213 133 3246 Acta
147 3215 306 3249 Benedici.

1055 522 1101 546 no
1119 509 1230 559 (664)
1251 510 1446 556 defuncto,
1466 512 1614 550 electus
1637 513 1711 551 fuit
1732 525 1760 551 s.
1779 512 2007 550 wilfridus.

1053 561 1130 598 Sed
1145 573 1235 599 cum
1251 562 1311 599 hic
1327 563 1364 600 in
1383 564 1552 601 Galliam
1568 566 1777 613 profectus,
1791 568 1833 603 ut
1849 577 2007 603 sacram

1051 613 1344 652 Ordinationem
1370 618 1609 665 perciperet,
1638 619 1890 667 prolixiorem
1921 618 2003 655 illic

1051 678 1201 703 moram
1226 668 1402 705 traheret
1420 698 1428 713 ,
1459 669 1611 707 vaius
1641 683 1711 708 rex
1741 683 1770 709 s.
1804 671 2005 708 Ceaddam

1052 720 1325 767 presbyterum
1343 750 1352 765 ,
1386 721 1486 758 Nort
1501 723 1745 760 lumbrorum
1784 723 2007 772 episcopum

1049 771 1309 808 ordinandum
1329 774 1495 811 curavit.
1518 774 1728 813 wilfridus
1749 787 1844 813 vero
1862 776 1900 813 in
1917 778 2004 814 An-

1047 823 1168 871 gliam
1206 824 1333 861 redux
1351 854 1360 871 ,
1395 826 1582 864 ecclesiae
1622 828 2002 866 administrationem

1048 877 1227 914 Ceaddae
1243 877 1347 914 ultro
1363 878 1534 926 reliquit,
1551 882 1590 916 et
1606 880 1643 916 iu
1667 880 1871 928 pristinum
1888 893 2004 918 suum

1047 930 1327 967 monasterium
1347 931 1507 968 secessit
1527 943 1650 980 usque
1671 933 1718 970 ad
1740 945 1887 971 annum
1911 934 2003 979 669,

1045 994 1123 1030 quo
1143 994 1171 1019 s.
1194 982 1348 1020 Ceadda
1378 983 1426 1020 ad
1447 984 1768 1022 Liclitfildensem
1790 987 2002 1024 ecclesiam

1045 1035 1148 1083 apud
1168 1034 1335 1073 Mercios
1355 1036 1561 1084 translato,
1582 1038 1622 1074 in
1639 1038 1925 1076 Eboracensem
1945 1051 2000 1077 se-

1046 1088 1134 1124 dem
1156 1090 1316 1125 evectus
1337 1087 1412 1126 fuit
1429 1088 1453 1126 ¹.

1098 1140 1325 1178 Theodorus
1357 1141 1650 1180 Canthariensis
1679 1143 1994 1193 archiepiscopus

1045 1196 1084 1230 et
1102 1194 1224 1231 totius
1244 1193 1409 1242 Angliac
1430 1195 1574 1243 primas
1590 1207 1614 1232 a
1632 1207 1660 1233 s.
1680 1196 1879 1234 Vitaliano
1897 1209 1993 1233 con-

1045 1245 1217 1292 stitutus,
1229 1247 1468 1284 ordinandae
1484 1248 1710 1297 disciplinae
1726 1250 1925 1297 rebusque
1939 1261 1997 1286 ec-

1045 1299 1185 1336 clesiae
1215 1299 1458 1347 Anglicanae
1486 1302 1763 1350 componendis
1790 1302 2000 1339 adlabora-

1049 1351 1116 1389 vit.
1138 1353 1249 1388 Anno
1269 1353 1346 1390 673
1367 1353 1487 1390 totius
1509 1354 1675 1402 Angliae
1691 1356 1886 1403 synodum
1904 1355 2000 1392 cele-

1047 1405 1178 1442 bravit
1195 1405 1546 1452 Herudfordiae,in
1563 1419 1640 1455 qua
1659 1407 1707 1444 10
1723 1407 1899 1456 capitula
1915 1420 1999 1446 san-

1046 1458 1124 1494 cita
1143 1460 1255 1494 sunt:
1281 1458 1319 1494 1Ο
1342 1459 1572 1498 mandatum
1593 1463 1665 1505 est,
1688 1462 1730 1497 ut
1750 1461 1903 1498 Pascha
1920 1461 1999 1498 ubi-

1046 1522 1120 1558 que
1149 1510 1418 1548 celebraretur
1445 1523 1599 1561 semper
1619 1513 1814 1550 dominica
1834 1513 1894 1550 die
1916 1516 2002 1562 post

1045 1562 1182 1600 lunam
1202 1563 1299 1600 XIV
1317 1564 1459 1601 mensis
1475 1565 1606 1614 primi;
1626 1566 1670 1603 20
1689 1569 1848 1603 cautum
1866 1568 1937 1612 est,
1953 1579 2001 1603 ne

1049 1615 1149 1652 ullus
1171 1616 1373 1665 episcopus
1394 1618 1559 1655 alterius
1580 1618 1806 1666 parochiam
1830 1618 1996 1656 invade-

1047 1672 1124 1715 ret3
1145 1668 1188 1705 30
1210 1680 1256 1705 ne
1272 1670 1473 1718 episcopus
1490 1670 1656 1709 inferret
1671 1672 1907 1719 gravamina
1925 1684 2004 1708 mo·

1047 1721 1249 1768 nasteriis3
1286 1721 1329 1759 5⁰
1360 1735 1406 1759 ne
1442 1723 1572 1760 clerici
1612 1727 1855 1773 vagarentur
1885 1727 2004 1762 extra

1048 1774 1254 1812 dioecesim
1280 1775 1363 1812 sine
1395 1775 1565 1825 episcopi
1585 1776 1765 1823 licentia;
1787 1775 1830 1814 6⁰
1852 1790 1899 1814 ne
1920 1778 2002 1827 epi-

1047 1827 1151 1875 scopi
1174 1827 1237 1864 vel
1257 1828 1387 1864 clerici
1403 1829 1605 1878 peregrini
1622 1831 1852 1867 exercerent
1869 1842 2000 1868 sacer-

1047 1879 1177 1917 dotale
1198 1880 1370 1917 officium
1391 1881 1536 1928 absque
1552 1893 1743 1919 consensu
1761 1883 1935 1931 episcopi
1950 1883 2000 1920 lo-

1047 1932 1175 1978 01;10Ο
1195 1944 1244 1969 ne
1266 1934 1351 1981 quis
1372 1934 1578 1982 coniugem
1599 1935 1819 1972 dimitteret
1841 1935 1913 1972 nisi
1929 1936 2003 1973 for-

1049 1985 1253 2022 nicationis
1274 1997 1406 2032 causa,
1427 1998 1475 2023 ea
1494 1987 1578 2036 lege
1601 1990 1747 2033 tamen,
1770 1991 1814 2025 ut
1834 1987 2000 2026 alteram

1048 2050 1122 2075 non
1143 2038 1332 2084 duceret,
1352 2040 1419 2075 sed
1442 2040 1645 2077 continens
1667 2044 1918 2089 permaneret
1939 2042 2001 2079 vel

1046 2102 1134 2127 cum
1157 2102 1276 2128 uxore
1297 2103 1367 2128 sua
1387 2091 1745 2142 reconciliaretur2.

1098 2143 1160 2180 26.
1182 2144 1391 2181 Ecclesiae
1410 2149 1546 2182 status
1565 2143 1610 2182 ‘in
1627 2146 1838 2194 Hispania
1853 2152 1891 2184 ec
1910 2147 2005 2184 Gal-

1046 2197 1102 2232 lia.
1119 2197 1223 2233 —In
1241 2197 1434 2245 Hispania
1453 2209 1514 2235 an.
1527 2198 1606 2235 675
1621 2198 1790 2247 episcopi
1814 2200 1873 2245 17,
1891 2200 1998 2238 vica-

1048 2248 1094 2285 rii
1115 2249 1139 2285 2
1160 2251 1199 2285 et
1219 2250 1381 2287 abbates
1401 2250 1425 2287 6
1447 2255 1717 2289 convenerunt
1737 2252 1942 2299 Toletum;
1961 2255 2001 2290 et

1047 2301 1258 2349 praemissa
1286 2302 1377 2339 fidei
1398 2303 1636 2351 professione
1653 2334 1662 2350 ,
1692 2316 1761 2352 pro
1783 2306 2000 2343 ordinanda

1045 2354 1249 2402 disciplina
1269 2355 1527 2393 condiderunt
1547 2368 1715 2394 canones
1734 2358 1792 2395 16.
1811 2358 1881 2394 His
1898 2359 1997 2396 inter

1044 2406 1123 2444 alia
1142 2408 1366 2454 mandatur,
1387 2410 1429 2445 ut
1449 2409 1630 2457 singulae
1649 2410 1855 2455 ecclesiae,
1876 2410 1995 2448 etiam

1046 2460 1284 2497 monasteria
1313 2461 1352 2496 in
1383 2461 1521 2499 officiis
1549 2463 1735 2510 publicis,
1757 2463 1930 2500 ordinem
1952 2476 1997 2500 ac

1043 2513 1162 2549 ritum
1193 2513 1516 2561 metropolitanae
1548 2515 1736 2552 ecclesiae
1758 2518 1993 2563 sequantur;

1043 2565 1282 2612 prohibetur,
1304 2578 1351 2603 ne
1372 2567 1593 2604 sacerdotes
1616 2568 1744 2605 ferant
1759 2569 1994 2605 sententiam

1042 2617 1250 2665 capitalem
1272 2621 1340 2656 aut
1361 2620 1624 2656 membrorum
1646 2620 1912 2658 mutilationes
1927 2621 1990 2658 fa-

1041 2669 1166 2715 ciant3
1191 2682 1237 2707 ne
1268 2672 1524 2717 moribundis,
1546 2673 1577 2709 si
1600 2684 1666 2709 eos
1687 2673 1904 2720 poeniteat,
1926 2685 1990 2710 re-

1041 2723 1261 2760 conciliatio
1279 2723 1482 2761 differatur
1497 2723 1522 2761 3.
1540 2725 1684 2761 Eodem
1702 2737 1802 2761 anno
1819 2726 1988 2775 episcopi

1040 2776 1063 2811 8
1075 2778 1575 2821 conveneruntBracaram,
1589 2778 1626 2813 in
1643 2777 1862 2822 Lusitania,
1880 2782 1919 2816 et
1934 2792 1992 2816 ca-

1039 2827 1164 2876 pitula
1187 2828 1234 2865 10
1255 2829 1521 2874 condiderunt,
1543 2830 1682 2876 quibus
1699 2832 1785 2878 post
1800 2830 1889 2868 fidei
1906 2843 1991 2880 pro-

1040 2880 1246 2918 fessionem
1263 2882 1449 2929 quosdam
1470 2882 1611 2918 abusus
1631 2882 1679 2918 ad
1700 2884 1894 2931 synodum
1915 2885 1988 2921 de-

1039 2933 1158 2978 latos,
1180 2936 1448 2978 correxerunt,
1470 2937 1576 2981 puta,
1597 2946 1646 2970 ne
1666 2946 1714 2972 ss.
1738 2936 1989 2974 Eucharistia

1040 2986 1129 3022 vino
1150 2986 1304 3022 madida
1323 2986 1462 3034 populo
1483 2987 1763 3035 porrigeretur,
1782 3001 1829 3026 ne
1845 2990 1905 3027 lac
1927 2992 1996 3028 aut

1083 3102 1091 3121 ¹
1110 3102 1202 3139 Beda,
1222 3101 1303 3131 Hist.
1322 3099 1338 3128 Ι.
1358 3100 1411 3136 111;
1429 3099 1541 3137 Labbc,
1560 3100 1679 3132 Concil.
1697 3105 1715 3132 t.
1735 3102 1784 3141 VI,
1801 3112 1828 3141 p.
1846 3102 1917 3134 429.
1971 3108 1974 3109 ’

1082 3142 1223 3179 Ξ111111110,
1250 3140 1366 3173 Concil.
1387 3144 1404 3170 t.
1425 3141 1469 3178 Vl,
1487 3150 1515 3179 p.
1534 3140 1604 3178 419,
1621 3141 1691 3180 491,
1708 3143 1784 3182 5373
1800 3144 1898 3183 Beda,
1914 3143 2000 3176 Hisc.

1043 3184 1090 3214 cit.
1108 3183 1125 3212 l.
1144 3184 1179 3219 V;
1198 3182 1353 3218 Δ1101111100,
1372 3182 1468 3212 Praef,
1486 3181 1526 3212 ad
1542 3181 1610 3213 Act.
1627 3182 1743 3214 Bened.

1085 3224 1098 3243 3
1114 3223 1188 3253 ibid.
1202 3233 1230 3262 p.
1247 3223 1316 3253 539.
