2241 3473
699 155 822 185 VSQVE
851 155 902 180 AD
933 152 1261 180 IANSENISTARVM
1292 153 1471 180 EXORDIA

95 223 236 272 quibus
264 220 440 259 Doctoris
472 219 668 258 Ecclesiae
706 232 842 258 nomen
873 219 1036 267 adeptus

95 279 165 314 est.
185 275 375 323 Equidem
397 274 443 312 12
464 274 570 311 libris
590 273 934 323 incomparabilem
956 276 1036 309 tra-

93 331 241 366 ctatum
262 328 310 365 de
329 339 470 365 amore
487 329 570 372 Dei,
588 328 697 365 docte
717 327 915 365 subtiliter
935 325 1035 362 dilu-

94 382 254 430 cideque
275 381 501 430 complexus
521 384 589 419 cst.
622 381 791 418 Maxime
821 388 953 417 autem
976 378 1034 414 vi-

95 435 156 471 vis
172 435 363 472 coloribus
382 435 565 472 virtutem
582 434 657 471 alio
675 445 804 482 opere,
822 433 921 481 quod
940 432 1035 469 Phe·-

97 489 199 526 Iotea
243 489 467 526 inscribitur
484 517 493 534 ,
546 487 679 536 pinxit.
721 487 807 524 Huc
845 486 1036 523 accedunt

94 543 285 579 tractatus
305 542 351 578 do.
371 543 488 579 rebus
507 541 555 578 ad
578 540 846 588 magisterium
880 538 1034 587 pietatis

93 595 386 644 spectantibus,
417 595 594 643 ipsaeque
623 592 939 637 constitutiones,
968 603 1032 629 sa-

94 648 252 697 pientia,
264 648 506 693 discretione,
519 659 563 685 ac
579 647 774 684 suavitate
791 646 1033 693 conspicuae,

93 713 190 750 quas
219 713 286 750 pro
318 700 683 738 Sanctimonialibus
708 699 864 736 Ordinis
884 698 1034 735 Visita-

94 754 209 792 tionis
238 755 280 792 B.
307 755 457 793 Mariae
488 755 534 792 ab
564 766 609 791 eo
639 752 837 790 constituti
869 751 1034 800 scripsit.

93 807 339 845 Uberrimam
387 820 479 845 sane
527 807 584 844 rei
631 806 822 844 asceticae
863 807 1032 854 segetem

91 860 288 910 Epistolae
308 861 430 909 ipsius
451 861 498 898 ad
519 860 705 909 plurimos
725 859 841 896 datae
858 857 1037 907 suppedi-

92 916 194 960 tant,
213 914 252 951 in
274 915 411 962 quibus
431 915 563 951 devoti
593 913 720 951 cultus
749 924 843 961 erga
871 912 928 949 Ss.
959 911 1033 948 Cor

93 967 179 1005 Iesu
200 968 347 1005 semina
368 968 529 1005 miserit.
552 967 592 1004 In
613 967 672 1004 his
701 965 1034 1003 lucubrationibus

92 1033 138 1059 ac
176 1021 404 1070 praesertim
442 1022 481 1058 in
517 1021 842 1068 interpretatione
877 1018 1038 1055 Cantici

97 1075 386 1121 Cantz’corum,
417 1074 529 1123 plura
557 1075 851 1121 Scripturarum
893 1071 1033 1120 aenig-

94 1130 212 1174 mata,
232 1128 409 1173 obscura,
431 1140 532 1165 nova
552 1127 639 1164 luce
670 1126 878 1175 perfundit.
910 1126 1033 1162 Porro

92 1182 141 1219 ad
161 1181 444 1219 retundendam
464 1180 751 1218 haereticorum
767 1179 827 1217 sui
847 1178 1033 1228 temporis

93 1235 378 1284 pervicaciam,
415 1234 776 1281 confirmandosque
814 1233 1032 1271 Catholicos

98 1289 480 1326 Controversiczrum
498 1287 654 1333 librum,
673 1287 713 1324 in
732 1298 808 1335 quo
828 1287 940 1336 plena
956 1286 1032 1324 Ca-

93 1341 259 1379 tholicae
295 1341 385 1379 fidei
424 1341 704 1379 demonstratio
743 1343 825 1386 est,
863 1339 1033 1387 aliosque

93 1397 298 1441 tractatus,
315 1395 595 1443 concionesque
611 1395 657 1432 de
674 1393 906 1431 veritatibus
927 1393 1033 1440 fidei,

93 1448 265 1497 itemque
296 1449 500 1486 Vexillum
526 1448 670 1485 Crucis
691 1447 931 1496 conscripsit,
948 1447 1034 1495 qui-

93 1502 164 1539 bus
184 1503 280 1540 adeo
300 1505 454 1539 strenue
470 1514 538 1551 pro
567 1502 767 1539 Ecclesiae
797 1513 916 1538 causa
945 1512 1033 1537 cer-

94 1556 209 1601 tavit,
229 1558 273 1593 ut
291 1555 533 1593 innumeram
564 1555 803 1604 perditorum
832 1555 1033 1591 hominum

94 1609 384 1646 multitudinem
406 1609 556 1646 adeius
584 1609 709 1645 sinum
740 1608 952 1653 reduxerit,
983 1607 1032 1644 fi-

95 1663 261 1711 demque
289 1663 328 1699 in
349 1665 433 1699 tota
454 1661 804 1700 Caballiacensium
833 1661 1034 1710 provincia

93 1716 311 1753 restituerit
343 1714 366 1753 ¹.
396 1716 502 1753 Obiit
531 1716 570 1753 S.
600 1715 835 1753 Franciscus
862 1714 1032 1752 Salesius

95 1781 157 1806 an.
181 1769 294 1815 1622,
315 1773 450 1818 postea
470 1770 517 1807 ab
536 1769 760 1806 Alexandro
791 1769 860 1817 Pp.
889 1768 964 1806 VH
992 1768 1031 1805 in

91 1824 226 1861 Ssrum
246 1835 452 1860 numerum
476 1822 624 1860 relatus
637 1821 663 1860 ².

143 1876 206 1914 81.
233 1876 467 1913 Cardz‘nalz‘s
495 1876 754 1913 Du-Perron
770 1875 873 1912 —S.
900 1875 1028 1912 Fran-

92 1929 186 1967 cisci
216 1930 395 1967 ardorem
425 1930 464 1966 in
503 1929 762 1978 oppugnanda
800 1928 954 1966 haeresi
993 1930 1032 1965 et

88 1983 365 2021 convertendis
385 1983 609 2020 errantibus
639 1983 676 2019 in
707 1982 835 2019 Gallia
865 1982 1031 2019 aemula-

87 2041 153 2073 tus
185 2042 245 2074 est
271 2036 481 2074 cardinalis
509 2036 720 2074 Perronius
749 2047 814 2073 seu
840 2035 1029 2072 Du-Per-

86 2101 168 2127 ron.
199 2090 235 2128 Is
268 2102 368 2128 anno
392 2090 491 2127 1556
519 2090 672 2127 Bernae
703 2089 928 2138 parentibus
957 2101 1029 2125 no-

88 2143 230 2181 bilibus
269 2144 336 2181 sed
373 2143 605 2180 calvinianis
635 2145 768 2189 natus,
808 2142 1029 2180 litterarum

88 2200 128 2233 et
156 2197 423 2246 philosophiae
457 2197 594 2234 studiis
623 2208 766 2245 magna
804 2208 890 2233 cum
926 2195 1031 2233 fama

90 2250 292 2295 absolutis,
312 2251 503 2288 haeresim
534 2250 744 2296 abiuravit,
775 2251 921 2287 statum
952 2248 1030 2286 cle-

87 2303 248 2341 ricalem
270 2303 474 2353 amplexus
494 2307 564 2351 est,
585 2308 624 2341 et
653 2303 837 2353 egregius
855 2303 944 2340 fidei
965 2314 1030 2339 ca-

85 2451 114 2482 S.
128 2451 326 2484 Franciscum
339 2454 487 2484 Salesium
501 2454 642 2484 Doctoris
657 2454 745 2484 titulo
759 2453 933 2484 decoraret.
947 2454 1030 2491 Quae

85 2494 210 2533 quidem
243 2498 312 2524 vota
343 2501 371 2526 et
387 2496 415 2526 S.
434 2496 465 2526 R.
486 2496 516 2527 E.
534 2496 713 2526 Cardinalcs
740 2500 768 2526 et
788 2496 891 2534 plures
908 2505 943 2525 ex
968 2501 1030 2526 toto

85 2536 161 2566 orbe
186 2536 344 2566 Antistites
376 2537 619 2576 ingeminarunt;
648 2537 684 2567 iis
709 2546 780 2567 vero
804 2538 1030 2568 Canonicorum

84 2577 233 2616 Collegia,
248 2579 432 2616 Lycaeornni
450 2579 609 2616 Doctores,
623 2578 818 2609 scientiarum
835 2578 1030 2616 Academiae,

83 2618 256 2657 Principes,
271 2628 307 2649 ac
320 2619 437 2650 nobiles
452 2629 612 2657 procereS,
627 2621 735 2660 ingens
750 2620 882 2658 denique
897 2619 1029 2650 fidelium

82 2660 245 2690 multitudo
272 2661 337 2690 suis
365 2660 645 2699 supplicationibus
663 2666 872 2691 accesserunt.
891 2661 1028 2692 Tandem

83 2701 154 2731 Pius
172 2703 224 2740 Pp.
243 2701 284 2732 lx
301 2710 335 2731 ex
355 2701 442 2731 Sacr.
461 2703 517 2732 Ril.
534 2704 646 2742 Congr.
664 2703 814 2737 consulto,
832 2703 956 2732 decreto
975 2704 1029 2734 Ut·-

82 2742 130 2772 bis
155 2747 184 2772 et
202 2742 294 2773 Orbis
322 2742 360 2774 19
392 2743 455 2773 iulii
480 2742 569 2779 1877,
587 2743 781 2774 universalis
797 2742 956 2775 Ecclesiae
971 2744 1032 2775 Do-

81 2785 206 2814 ctorem
236 2784 435 2814 Franciscum
479 2784 626 2815 salesium
667 2786 846 2815 declaravit.
883 2785 955 2815 Vid.
987 2786 1029 2816 La

81 2823 223 2898 {effugi
241 2834 257 2856 e
274 2824 305 2856 Ια
320 2825 403 2856 Fetle
416 2850 423 2863 ‚
441 2825 510 2856 voli.
528 2826 609 2863 evil,
626 2836 654 2867 p.
673 2825 733 2857 335
751 2836 810 2866 sqq
825 2836 831 2863 ;
849 2827 944 2864 CVlll,
960 2826 1028 2865 4043

109 2868 116 2896 l
149 2890 157 2904 ,
218 2891 222 2896 .

127 2908 134 2928 ¹
153 2907 327 2938 Alexander
345 2908 394 2938 Vll
411 2908 439 2938 iu
458 2908 544 2938 Bulla
558 2908 803 2939 Canonizalionis
820 2912 892 2939 x1110
909 2909 1028 2940 calend.

80 2949 179 2980 maias
200 2948 278 2979 1665
294 2954 323 2980 et
344 2950 373 2979 in
392 2950 579 2980 allocutione
595 2951 801 2980 consistoriali
820 2954 889 2982 ante
905 2952 1030 2981 canoni-

81 2991 245 3022 zationem.
264 2991 403 3022 Clemens
419 2992 467 3025 ΙΧ,
482 2991 665 3022 Benedictus
684 2992 1025 3028 xlv‚Cons1.Pastora-

83 3031 123 3063 tis
139 3041 236 3063 curae
252 3033 270 3062 5
289 3037 410 3072 august.
434 3032 519 3063 1751.

125 3071 140 3093 '2
155 3074 337 3110 Marsollier,
363 3073 413 3105 l'ie
428 3073 465 3104 (le
481 3082 503 3103 3.
520 3073 675 3111 Frausois
691 3072 729 3104 tle
745 3071 849 3112 Sacas,
864 3073 883 3104 Ξ).
897 3074 966 3105 voll.
983 3075 1028 3106 in-

81 3113 138 3145 122⁰
149 3115 249 3154 Opera
259 3124 284 3146 s,
294 3116 447 3145 francisci
464 3115 544 3145 edita
557 3119 626 3145 sunt
638 3114 656 3145 ⁹2
670 3115 742 3145 voli.
754 3115 862 3145 in-soll.
875 3117 1028 3154 Epistolae

84 3157 149 3186 eius
165 3158 293 3187 seorsim
307 3157 406 3186 editae
420 3160 491 3186 sunt
508 3157 603 3187 Paris.
631 3156 726 3193 1758,
745 3155 763 3185 6
780 3156 849 3187 voli.
865 3157 983 3196 iri-122⁰,
999 3162 1028 3188 et

82 3195 279 3236 18⁶21‚4v011.
295 3199 323 3228 in
337 3197 381 3228 8⁰.
391 3198 579 3228 Introductio
593 3197 734 3227 advitam
748 3197 888 3229 devotam
902 3200 1026 3239 saepius

5 3234 25 3253 ⁴·
81 3241 110 3269 et
127 3240 245 3270 cunctis
263 3240 326 3271 sere
342 3239 542 3271 idiomatibus
559 3247 673 3271 excusa
689 3238 756 3270 suit.

1891 142 1966 180 201

1085 217 1252 256 tholicae
1281 218 1462 256 defensor
1491 229 1536 255 ac
1564 216 1770 254 haereseos
1805 215 2023 254 debellator

1082 272 1218 309 evasit.
1241 272 1400 321 Ingenio
1429 271 1581 309 sublimi
1610 272 1650 308 et
1678 271 1806 314 acum,
1835 271 2022 308 memoria

1082 325 1329 362 tenacissima
1346 355 1354 371 ,
1385 324 1621 362 christianae
1649 323 1895 372 antiquitatis
1923 326 1963 361 ct
1990 336 2019 362 s.

1082 378 1317 426 'l'licologiae
1347 379 1565 415 eruditione
1595 377 1859 422 admirandus,
1880 376 2021 414 doctri-

1083 443 1173 468 nam
1194 432 1427 468 catholicam
1457 431 1624 480 egregiis
1653 430 1806 479 scriptis
1835 429 2021 476 defendit,

1081 484 1297 522 haereticos
1336 485 1481 522 multos
1520 485 1567 521 ad
1602 483 1814 522 Ecclesiam
1853 484 2022 521 reduxit.

1079 539 1150 575 An.
1175 537 1277 575 looo
1297 549 1426 575 coram
1450 538 1619 575 Henrico
1639 549 1730 585 rege
1752 536 1807 574 IV
1828 536 2021 585 publicam

1078 591 1375 640 disputationem
1406 591 1542 628 habuit
1579 602 1664 627 cum
1694 590 1878 628 Mornaco
1908 590 2020 628 Ples-

1076 656 1166 681 saeo
1188 644 1404 694 (Duplessis
1420 644 1620 693 Mornay),
1635 643 1778 680 celebri
1800 643 2019 690 calvinista,

1078 708 1191 745 quem
1213 700 1294 734 tam
1314 698 1530 736 luculenter
1559 697 1787 742 confutavit,
1817 700 1859 734 ut
1887 697 1918 734 is
1947 709 2020 745 pu-

1077 750 1169 787 dore
1189 750 1355 788 suffusus
1375 750 1601 788 discesserit.
1623 750 1790 798 Propter
1809 750 1902 788 haec
1923 750 2020 788 alia-

1077 815 1152 852 que
1180 804 1277 840 bene
1300 803 1440 841 merita
1461 804 1690 841 Du-Perron
1705 833 1714 849 ‚
1734 804 1811 840 iam
1841 805 1889 841 ab
1919 816 2018 841 anno

1082 857 1180 896 1593
1201 857 1398 905 episcopus
1416 856 1674 901 Ebroicensis,
1690 857 1737 894 ad
1754 856 2018 906 archiepisco-

1079 913 1212 959 patum
1229 911 1495 948 Senonensem
1513 912 1551 948 et
1567 909 1831 947 cardinalatus
1847 910 2018 959 dignita-

1078 968 1157 1002 tem
1179 966 1341 1001 evectus
1362 970 1430 1002 est.
1462 964 1566 1001 Obiit
1593 975 1656 1000 an.
1689 963 1802 1008 1618,
1831 964 2018 1012 pluraque

1076 1017 1222 1066 scripta
1242 1018 1473 1066 praesertim
1493 1016 1682 1066 polemica
1702 1015 1856 1064 reliquit
1879 1016 1903 1054 ¹.
1938 1018 2013 1055 »ῳ
2031 1022 2045 1045 s

1130 1072 1192 1109 82.
1215 1071 1442 1120 Scriptores
1463 1071 1727 1108 ecclesiastici
1739 1091 1789 1096 ——
1805 1070 1972 1107 Praeter
1986 1082 2017 1108 s.

1077 1125 1332 1162 Franciscum
1346 1124 1539 1162 Salesium
1549 1128 1587 1161 et
1598 1122 1833 1161 cardinalem
1845 1124 2017 1161 Du-Per—

1076 1190 1145 1215 ron
1165 1178 1325 1215 ineunte
1347 1179 1418 1215 hoc
1438 1178 1593 1215 saeculo
1612 1177 1830 1215 floruerunt
1849 1178 2016 1226 scripto-

1075 1243 1151 1278 res,
1171 1232 1235 1280 qui
1256 1234 1492 1280 sequuntur:

1129 1286 1173 1323 In
1202 1286 1438 1334 exponendis
1476 1297 1525 1323 ss.
1564 1283 1725 1322 Litteris
1762 1284 2016 1330 claruerunt,

1076 1340 1308 1377 Franciscus
1327 1338 1629 1384 Feuardentius,
1645 1337 1801 1375 Ordinis
1816 1338 2014 1375 Minorum

1077 1394 1260 1431 etdoctor
1273 1392 1528 1439 Sorbonicus;
1543 1391 1701 1440 reliquit
1715 1392 2015 1429 commentarios

1076 1447 1112 1484 in
1135 1447 1264 1496 plures
1284 1459 1312 1484 s.
1333 1446 1559 1495 Scripturae
1580 1446 1718 1491 libros,
1738 1445 1948 1483 Tractatus
1968 1446 2015 1482 de

1077 1499 1363 1546 controversiis,
1384 1503 1424 1537 et
1444 1500 1592 1548 aliquot
1610 1499 1775 1536 Patr-um
1796 1510 1912 1547 opera
1932 1498 2014 1535 edi-

1077 1555 1145 1592 dit.
1175 1554 1367 1591 Martinus
1396 1555 1488 1591 Ant.
1520 1552 1663 1598 Delrio,
1691 1551 2014 1600 Antwerpiensis,

1075 1608 1280 1645 Societatis
1309 1608 1419 1653 Iesu;
1448 1606 1602 1655 scripsit
1638 1604 1937 1643 commentarios
1973 1605 2012 1642 in

1076 1662 1270 1706 Genesim,
1288 1660 1324 1697 in
1343 1661 1547 1698 Canticum
1567 1663 1607 1696 et
1625 1659 1664 1696 in
1686 1660 2013 1704 Lamentationes,

1076 1715 1228 1763 Adagia
1249 1714 1296 1751 V.
1317 1717 1356 1751 et
1377 1714 1425 1752 N.
1441 1712 1695 1758 Testamenti,
1711 1712 2013 1749 Dilucidationes

1075 1768 1335 1805 difficiliorum
1364 1779 1394 1805 s.
1424 1767 1650 1815 Scripturae
1678 1766 1865 1811 locorum,
1895 1768 2013 1814 atque

1074 1821 1374 1870 Disquisitiones
1402 1821 1583 1869 magicas.
1606 1819 1793 1857 Nicolaus
1822 1818 2012 1865 Serarius,

1073 1874 1348 1923 Lotharingus,
1364 1874 1401 1912 S.
1431 1875 1480 1920 1.;
1510 1881 1665 1922 praeter
1693 1873 1876 1921 opuscula
1905 1873 2013 1909 varia
2046 1897 2048 1899 .

1072 1928 1501 1977 theologico-historica
1520 1927 1641 1964 edidit
1668 1926 1945 1975 prolegomena
1973 1927 2013 1962 et

1072 1981 1371 2019 commentarios
1399 1981 1438 2018 in
1468 1993 1497 2017 s.
1524 1980 1766 2028 Scripturam
1787 1977 1812 2016 ².
1843 1978 2011 2016 Benedi-

1073 2038 1157 2073 ctus
1183 2035 1360 2081 Pereira,
1382 2034 1617 2071 Valentinus
1646 2033 1856 2082 Hispanus,
1886 2032 1925 2069 S.
1955 2032 2011 2079 I.;

1071 2088 1230 2137 reliquit
1245 2088 1541 2126 commentarios
1556 2087 1595 2124 in
1613 2086 1795 2124 Genesim
1805 2088 1844 2122 et
1863 2085 2008 2122 Danie—

1072 2142 1150 2179 lem
1163 2141 1188 2180 3.
1203 2141 1436 2179 Guilielmus
1454 2138 1902 2186 Estius,Gorcomiensis‚
1919 2139 2012 2175 doc—

1073 2198 1134 2232 tor
1152 2196 1431 2242 Lovaniensis3
1452 2197 1606 2243 praeter
1626 2194 1702 2231 alia
1723 2193 1828 2230 dedit
1848 2196 2010 2229 annota-

1072 2250 1196 2286 tiones
1215 2249 1255 2286 in
1279 2248 1494 2286 difficiliora
1511 2260 1540 2286 s.
1557 2247 1781 2296 Scripturae
1800 2246 1898 2292 loca,
1914 2257 2014 2282 com—

1072 2303 1284 2340 mentarios
1305 2304 1341 2339 in
1362 2301 1556 2350 Epistulas
1575 2314 1605 2338 s.
1623 2300 1751 2347 Pauli,
1771 2303 1809 2337 et
1826 2310 2013 2336 commen·

1072 2357 1192 2393 tarios
1212 2356 1250 2393 in
1271 2356 1504 2403 Magistrum
1524 2354 1828 2392 Sententiarum.
1857 2351 2012 2389 Franci-

1073 2421 1161 2447 scus
1177 2410 1316 2455 Lucas,
1331 2408 1556 2457 Brugensis,
1570 2408 1775 2455 theologus
1799 2405 2010 2442 Lovanien-

1072 2463 1136 2509 sis,
1163 2475 1314 2512 graece,
1343 2463 1538 2508 hebraice,
1567 2461 1717 2510 syriace
1746 2462 1785 2496 et
1812 2458 2010 2495 chaldaice

1073 2518 1230 2563 doctus3
1259 2518 1414 2565 praeter
1452 2515 1530 2552 alia
1565 2513 1767 2562 exegetica
1795 2512 2010 2560 composuit

1073 2569 1370 2607 commentarios
1399 2569 1438 2605 in
1468 2569 1523 2606 IV
1561 2563 1776 2615 Evangelia
1796 2564 1822 2602 ⁴.
1852 2565 2012 2602 Iacobus

1073 2623 1252 2669 Tirinus,
1281 2621 1605 2670 Antwerpiensis,
1635 2620 1672 2656 S.
1704 2619 1756 2664 1.;
1794 2618 2011 2666 composuit

1073 2677 1394 2714 commentarium
1416 2676 1574 2712 brevem
1597 2672 1839 2720 solidumque
1860 2672 1898 2708 in
1920 2670 2012 2708 uni-

1074 2742 1224 2767 versam
1247 2742 1274 2767 s.
1297 2729 1554 2778 Scripturam.
1576 2725 1811 2763 Benedictus
1832 2724 2011 2761 Iustinia-

1074 2796 1156 2829 nus,
1170 2782 1449 2828 Genuensis,S.
1465 2778 1735 2827 I.;elaboravit
1755 2779 1832 2815 tria
1852 2777 2012 2814 volumi-

1074 2849 1121 2874 na
1141 2835 1518 2874 Commentariorum
1536 2835 1573 2869 in
1591 2845 1619 2869 s.
1636 2831 1889 2880 Scripturam.
1906 2831 2014 2868 Ioan-

1073 2902 1138 2928 nes
1167 2891 1212 2927 de
1242 2890 1417 2932 Pineda,
1447 2885 1699 2935 Hispalensis,
1737 2884 1774 2921 S.
1806 2885 1855 2931 1.;
1893 2884 2013 2921 edidit

1071 2943 1370 2981 commentarios
1400 2941 1437 2976 in
1467 2940 1616 2987 aliquot
1644 2950 1672 2976 s.
1702 2937 1927 2986 Scripturae
1965 2937 2012 2973 li-

1115 3072 1123 3093 1
1141 3073 1227 3103 Edita
1244 3069 1338 3100 Paris.
1360 3067 1445 3105 1620,
1463 3066 1480 3097 3
1503 3070 1572 3098 tom.
1597 3066 1626 3096 in
1652 3066 1703 3097 tol.
1724 3065 1849 3096 Accedit
1872 3064 2011 3094 volumen

1071 3115 1280 3152 Legationum,
1298 3109 1369 3140 ibid.
1395 3108 1483 3140 1623.

1110 3157 1123 3177 ‘2
1144 3155 1178 3184 lu
1195 3153 1266 3183 voll.
1289 3151 1390 3181 in-fol.

1110 3197 1124 3218 3
1143 3198 1294 3231 Autwerp.
1312 3192 1410 3222 in-fol.

1112 3239 1124 3260 ⁴1
1142 3236 1280 3277 Lugduni
1297 3235 1401 3265 Batav.
1420 3231 1508 3272 1712,
1524 3231 1542 3263 5
1560 3231 1630 3263 voll.
1646 3231 1740 3263 iu-sol.
