2241 3473
626 117 754 149 VSQVE
782 117 835 144 AD
865 111 1160 143 PON'riFch'rVM
1187 112 1218 139 S.
1240 112 1436 140 GREGORu
1465 111 1537 139 vu.

1920 96 2000 135 285

111 187 215 238 apud
235 186 413 224 Turones
432 184 585 230 habita,
607 184 657 222 10
681 182 855 232 capitula
881 178 1060 230 promul·
1096 187 1192 225 sem,
1216 179 1322 216 vitae
1341 177 1614 223 sanctimonia,
1629 175 1847 214 eruditione
1867 166 1907 212 et
1926 173 2054 211 eccle-

110 239 221 289 gavit
239 239 376 276 contra
394 237 614 280 simoniam,
630 236 906 274 beneficiorum
926 232 1059 282 plura-

110 293 286 337 litatem,
313 290 481 327 incestas
511 289 687 337 nuptias,
708 288 870 325 clericos
898 284 1060 322 inconti—

110 347 245 382 nentes
267 345 307 380 et
327 342 537 379 monachos
563 344 758 390 apostatas
781 337 804 377 ¹.
825 339 929 376 Idem
953 337 1058 373 Pon-

110 396 207 434 tifex
237 406 377 432 novam
398 394 634 443 legationem
655 391 817 430 credidit
838 391 956 427 Petro
978 390 1059 426 Da—

111 447 230 486 miani
250 450 290 484 et
309 447 492 484 Anselmo
510 445 675 483 Lucensi
693 445 739 482 ad
755 442 959 480 ecclesiam
976 442 1060 478 Mo-

111 499 390 544 diolanenseni,
409 499 474 547 qui
496 503 698 546 postquam
719 497 875 533 decreta
896 496 1060 543 Aposto-

110 552 210 590 licae
238 552 348 589 Sedis
369 564 389 588 e
410 554 594 599 suggesto
615 548 952 598 promulgassent,
973 550 1060 584 tan-

109 605 196 642 dem
213 604 402 641 Gnidonis
421 602 697 650 archiepiscopi
717 601 879 648 eiusque
901 600 995 636 cleri
1016 611 1061 636 a-

112 657 238 695 nimos
258 657 306 694 ad
328 655 604 704 poenitentiam
626 654 830 691 flexerunt.
848 653 976 693 Quum
998 663 1061 688 au-

111 712 192 748 tem
214 709 280 746 vix
302 708 403 746 ullus
432 720 453 744 e
481 708 585 744 clero
614 718 689 743 non
719 707 819 742 esset
846 704 909 741 vel
939 704 1062 752 pretio

111 762 314 800 ordinatus
331 761 393 798 vel
409 760 522 797 foeda
537 758 815 796 consuetudine
831 757 1063 802 maculatus,

114 816 351 852 censuerunt
370 812 508 861 legati,
527 823 718 848 canonum
746 810 995 847 severitatem
1024 809 1062 845 in

113 867 186 904 hoc
214 865 370 914 negotio
390 864 685 912 temperandam
700 892 708 906 ,
728 863 843 899 simul
866 864 995 899 tamen
1015 861 1063 897 fi-

115 930 206 956 nem
234 918 318 956 istis
339 917 450 954 malis
470 916 808 961 constituendum3
828 916 1064 963 quapropter

114 972 162 1009 ab
183 970 468 1018 archiepiscopo
488 972 528 1007 et
547 969 648 1006 clero
669 969 888 1016 exegerunt
906 965 1065 1015 promis-

112 1024 260 1061 sionem
288 1023 460 1059 iuratam
490 1024 530 1059 et
557 1021 758 1069 scriptam,
778 1031 857 1068 qua
885 1031 926 1056 se
946 1019 1064 1056 simo-

115 1076 220 1113 niam
250 1076 290 1112 et
309 1074 630 1112 incontinentiam
652 1073 828 1110 execrari
850 1074 889 1109 et
911 1074 1065 1108 utrum-

113 1140 186 1177 que
217 1127 361 1164 malum
382 1128 648 1175 extirpaturos
668 1125 831 1175 polliciti
852 1126 953 1162 sunt.
971 1124 1066 1160 Post

113 1181 223 1226 haec,
236 1180 350 1228 legati
363 1191 439 1225 eos,
451 1180 661 1216 constituta
674 1177 921 1227 poenitentia,
937 1188 1064 1213 recon-

119 1232 325 1279 ciliarunt3
345 1234 552 1281 praeterea
573 1233 842 1276 decreverunt,
862 1232 906 1267 ut
925 1241 1000 1265 non
1021 1241 1067 1265 0-

117 1284 270 1322 mnibus
300 1285 517 1333 promiscue
546 1284 712 1321 officium
734 1284 980 1327 redderetur,
1000 1282 1065 1319 sed

114 1338 174 1383 iis,
197 1337 263 1385 qui
289 1336 432 1374 litteris
451 1337 608 1382 eruditi,
627 1336 726 1374 casti
747 1339 787 1373 et
808 1346 958 1373 morum
979 1345 1067 1382 gra-

115 1390 239 1427 vitate
259 1389 409 1427 honesti
430 1389 842 1427 viderentur².Verum
863 1390 948 1437 post
967 1388 1069 1434 lega-

117 1444 247 1480 torum
277 1442 490 1479 discessum
511 1442 635 1479 Guido
664 1441 993 1490 archiepiscopus,
1013 1450 1068 1476 as-

117 1494 239 1533 siduis
250 1506 459 1542 pravorum
471 1495 703 1532 clericorum
724 1494 893 1542 querelis
913 1495 952 1531 et
972 1504 1069 1542 pene

119 1547 306 1585 conviciis
335 1548 581 1593 stimulatus,
601 1547 649 1585 ad
680 1547 889 1595 pristinum
908 1549 1066 1583 'statum

116 1611 298 1638 reversus
317 1602 387 1638 est.
404 1600 648 1638 —Nicolaus
668 1600 739 1648 Pp.
753 1599 789 1636 11
805 1599 899 1636 obiit
917 1597 979 1636 xi⁰
999 1609 1069 1635 ca-

115 1653 250 1691 lendas
267 1653 423 1701 augusti
444 1665 505 1690 an.
520 1653 734 1698 1061,cum
754 1663 825 1701 per
845 1653 1070 1695 biennium,

116 1709 357 1744 semestraet
376 1706 460 1743 dies
470 1708 654 1755 quinque
668 1717 799 1754 supra
814 1704 1071 1753 vzjqz'ntz‘Pon-

116 1757 261 1796 tificem
281 1758 436 1806 egisset.

172 1811 258 1848 142.
275 1811 515 1849 Aleoeamler
529 1811 580 1848 H
591 1811 790 1859 Pontifex·
806 1806 1072 1860 (an.1061)-

116 1863 214 1901 Post
233 1863 316 1900 eius
336 1864 483 1901 obitum
510 1875 654 1912 magna
683 1868 769 1901 orta
798 1866 857 1900 est
886 1859 1070 1899 dissensio

120 1915 160 1952 in
182 1915 360 1964 eligendo
389 1928 628 1954 successore.
651 1916 832 1964 Episcopi
854 1914 1075 1962 Longobar-

117 1968 174 2014 di,
194 1979 337 2017 magna
356 1980 406 2006 ex
422 1972 535 2017 parte
555 1968 757 2006 simoniaci
777 1971 817 2006 et
835 1966 1074 2004 incontinen-

117 2023 200 2065 tes,
221 2020 418 2068 cupientes
446 2021 671 2069 pontificem
690 2021 762 2059 sibi
783 2019 947 2058 similem
963 2048 972 2065 ,
991 2018 1075 2067 pri-

119 2084 181 2110 mo
198 2073 431 2110 Guibertum
447 2074 714 2119 Parmensem,
736 2073 802 2122 qui
823 2073 907 2110 vice
928 2070 1074 2109 Henri-

118 2124 154 2162 ci
165 2125 222 2163 IV
232 2126 363 2163 adhuc
377 2126 538 2165 iunioris
552 2127 864 2176 Longobardiam
880 2125 1076 2173 guberna-

120 2178 209 2223 bat,
229 2178 367 2215 deinde
387 2179 535 2217 aulicos
554 2180 657 2228 regis
685 2182 723 2217 et
751 2178 901 2226 aliquot
929 2177 1076 2225 episco-

122 2241 190 2278 pos
209 2230 442 2268 Germaniae
458 2232 497 2269 in
513 2237 643 2281 partes
664 2244 754 2269 suas
776 2230 1076 2279 pertraxerunt;

122 2294 212 2320 cum
225 2283 284 2321 his
296 2283 474 2322 Basileae
489 2285 785 2323 conciliabulum
803 2283 1026 2326 tenuerunt,
1038 2281 1076 2317 in

122 2346 199 2382 quo
221 2335 350 2373 omnia
367 2336 521 2375 Nicolai
540 2338 577 2375 II
598 2340 685 2375 acta
704 2340 744 2374 et
763 2337 921 2374 decreta
940 2334 1075 2371 rescin-

123 2387 217 2445 dere
236 2390 355 2436 atque
375 2389 564 2439 abrogare
579 2390 661 2428 ausi
677 2392 782 2428 sunt.
798 2389 841 2426 Id
862 2387 1078 2425 cardinales

121 2440 297 2488 impulit,
318 2443 362 2477 ut
380 2443 670 2491 quamprimum
690 2442 783 2479 Sedi
803 2441 962 2479 vacanti
981 2451 1074 2489 pro-

121 2492 416 2540 spicerent.Qua
420 2498 576 2543 propter
584 2496 825 2544 Stephanum
837 2493 1074 2531 cardinalem

123 2555 212 2581 cum
245 2545 388 2583 litteris
418 2547 600 2596 legarunt
627 2549 675 2585 ad
704 2547 914 2586 Henricum
943 2556 1076 2593 regem

124 2597 359 2635 Germaniae
380 2613 390 2646 3
421 2600 489 2636 sed
516 2601 648 2648 pravis
681 2601 898 2638 aulicorum
928 2598 1078 2636 artibus

121 2648 302 2687 effectum
324 2655 395 2696 est,
415 2653 458 2689 ut
477 2652 694 2701 Stephanus
713 2665 761 2690 ne
781 2655 968 2701 exceptus
987 2651 1076 2700 qui-

123 2702 210 2740 dem
225 2714 249 2740 a
262 2714 370 2752 rege,
382 2705 548 2742 Romam
564 2705 736 2744 redierit.
754 2705 881 2747 Quum
899 2705 979 2742 iam
1001 2704 1076 2741 tri-

124 2754 197 2792 bus
216 2754 299 2792 fere
318 2757 513 2794 mensibus
524 2757 746 2805 Apostolica
761 2758 881 2796 Sedes
903 2758 1076 2802 vacaret,

125 2809 168 2844 et
182 2807 357 2847 Ecclesia
375 2809 414 2846 in
434 2821 576 2858 magno
597 2810 817 2848 discrimine
837 2810 1077 2855 versaretur,

127 2860 368 2908 cardinales,
393 2861 695 2900 assentientibus
728 2863 831 2900 clero
868 2865 907 2900 et
936 2861 1078 2910 populo

129 2911 330 2961 Romano,
360 2914 581 2963 pontificem
609 2915 814 2963 elegerunt
840 2914 1080 2962 Anselmum,

123 2965 251 3012 patria
270 2966 601 3006 Mediolanensem
630 2970 670 3005 et
689 2968 908 3017 episcopum
927 2967 1079 3005 Lucen-

169 3114 178 3135 ¹
198 3115 314 3154 Labbe,
332 3115 463 3155 Concu„
481 3121 502 3149 t.
514 3117 570 3154 IX,
587 3125 620 3155 p.
635 3116 723 3147 1108.

1104 232 1247 270 siastici
1265 231 1463 280 regiminis
1478 229 1619 279 peritia
1633 228 1837 277 insignem,
1849 227 1914 275 qui
1931 226 2056 264 calen-

1105 285 1162 322 dis
1190 285 1359 321 octobris
1383 283 1481 321 1061
1503 284 1574 320 sub
1605 281 1760 320 nomine
1780 279 1998 319 Alexandri
2018 279 2055 316 11

1106 338 1369 385 inauguratus
1390 338 1449 373 est
1471 334 1493 374 ¹.

1163 389 1366 427 Cadalous
1394 389 1598 436 antipapa
1617 407 1665 414 —
1684 386 1813 428 Quum
1843 396 1936 423 vero
1965 396 2056 433 per-

1106 441 1208 479 versi
1227 441 1342 478 aulici
1354 441 1495 489 Agneti
1512 441 1714 487 augustae,
1727 438 1887 488 Henrici
1901 437 1956 475 IV
1969 448 2055 474 ma-

1107 494 1180 540 tri,
1203 493 1506 542 persuasissent,
1530 492 1757 529 electionem
1778 489 1993 528 Alexandri
2020 489 2057 526 11

1104 558 1186 584 esse
1206 546 1349 583 factam
1372 545 1408 581 in
1430 545 1615 581 iniuriam
1636 546 1675 580 et
1695 544 1961 590 contemptum
1989 553 2056 578 re-

1107 599 1186 647 gis,
1206 599 1288 647 ipsa
1308 598 1459 635 abiecto
1479 597 1717 643 Alexandro,
1737 608 1759 634 a
1779 596 1940 640 duobus,
1962 594 2059 632 indi-

1108 652 1192 701 gnis
1221 650 1431 699 episcopis‚
1460 648 1703 687 Vercellensi
1743 651 1782 685 et
1810 647 2058 693 Placentino,

1109 705 1152 740 νο
1182 702 1362 741 calendas
1392 702 1614 738 novembris
1637 701 1735 738 1061
1758 700 1978 748 eligendum
1999 711 2060 736 cu-

1109 756 1213 793 ravit
1251 755 1463 793 Cadaloum
1480 783 1489 799 ,
1523 753 1743 802 episcopum
1787 754 2060 797 Parmensem‚

1109 809 1188 845 illis
1207 807 1460 845 simillimum.
1483 806 1566 851 Hic,
1583 807 1784 854 assumpto
1805 804 1958 842 nomine
1982 803 2057 842 Ho-

1110 861 1207 897 norii
1238 860 1275 896 II
1288 889 1297 906 ,
1326 859 1513 896 militibus
1551 858 1717 905 stipatus
1758 859 1925 894 Romam
1963 868 2057 905 pro-

1108 912 1278 962 peravit,
1302 923 1432 949 mense
1462 909 1575 959 aprili
1598 910 1698 947 1062
1728 911 1865 946 urbem
1896 909 2061 954 obsedit,

1107 966 1289 1013 civesque
1319 963 1484 1012 pecunia
1513 974 1764 1010 corrumpere
1794 964 1959 999 conatus
1989 963 2060 1008 est3

1107 1019 1173 1055 sed
1194 1029 1306 1065 opem
1328 1017 1476 1053 ferente
1494 1014 1705 1052 Godefrido
1723 1015 1820 1051 duce
1838 1014 2061 1060 Hetruriae,

1108 1083 1130 1108 a
1160 1069 1348 1107 Romanis
1369 1068 1537 1117 turpiter
1555 1068 1754 1116 repulsus,
1776 1068 1962 1104 Parmam
1990 1078 2059 1103 re-

1109 1123 1192 1161 diit.
1223 1124 1336 1160 Anno
1371 1123 1556 1170 sequente
1585 1131 1720 1157 rursus
1738 1150 1747 1167 ,
1785 1131 1875 1156 cum
1908 1122 2061 1157 armata

1109 1186 1241 1220 mann,
1258 1176 1394 1211 urbem
1422 1174 1621 1221 ingressus
1643 1176 1723 1218 est,
1743 1173 1809 1210 sed
1831 1183 1922 1209 mox
1943 1183 1965 1209 a
1984 1172 2064 1208 suis

1109 1230 1300 1274 desertus,
1316 1239 1356 1264 se
1378 1227 1426 1264 ad
1447 1226 1629 1264 Cencium
1659 1226 1699 1262 in
1726 1226 1856 1263 castro
1876 1236 1906 1262 s.
1922 1224 2063 1273 Angeli

1111 1280 1268 1329 recepit.

1163 1334 1223 1370 Ad
1239 1333 1500 1370 cohibendum
1516 1333 1555 1369 et
1571 1331 1881 1380 extinguendum
1897 1329 2065 1367 schisma

1112 1386 1323 1435 diligenter
1352 1385 1550 1436 laboravit
1577 1396 1606 1422 s.
1630 1385 1772 1422 Petrus
1789 1382 2064 1429 Damiani31it-

1114 1439 1208 1476 teris
1228 1438 1470 1487 gravissimis
1490 1436 1715 1486 antipapam
1735 1437 1783 1473 ad
1813 1435 1939 1472 cordis
1968 1447 2064 1472 con-

1117 1491 1334 1529 versionem
1363 1502 1548 1527 revocare
1569 1491 1732 1527 conatus
1754 1490 1834 1535 est3
1855 1489 1904 1525 ad
1925 1487 2066 1525 defen-

1115 1544 1283 1581 dendam
1321 1543 1538 1580 Alexandri
1567 1543 1605 1580 II
1635 1541 1869 1579 electionem
1907 1541 2066 1578 doctum

1113 1597 1312 1645 dialogum
1331 1608 1398 1633 seu
1421 1594 1744 1644 disceptationem
1764 1593 1993 1643 synodalem
2013 1593 2068 1630 in-

1113 1653 1174 1687 ter
1203 1650 1437 1687 advocatum
1470 1648 1574 1696 regis
1603 1650 1642 1685 et
1671 1646 1913 1684 defensorem
1931 1646 1981 1683 R.
2003 1646 2072 1683 Ec-

1114 1701 1254 1739 clesiae
1275 1701 1446 1750 scripsit,
1466 1701 1506 1738 in
1526 1712 1603 1749 quo
1623 1699 1812 1743 ostendit,
1832 1709 2070 1736 consensum

1115 1754 1363 1803 imperatoris
1384 1754 1433 1792 ad
1453 1752 1670 1802 legitimam
1691 1751 1892 1789 Pontificis
1912 1751 2064 1788 electio-

1117 1819 1205 1844 nem
1226 1819 1301 1844 non
1321 1813 1406 1844 esse
1424 1805 1697 1850 necessarium,
1714 1804 1827 1842 illum
1847 1803 1982 1852 primis
1997 1804 2066 1841 Ec-

1117 1860 1258 1897 clesiae
1287 1859 1451 1896 saeculis
1480 1858 1640 1896 minime
1669 1857 1787 1895 fuisse
1817 1857 2066 1906 expetitum3

1117 1916 1251 1961 postea
1270 1912 1528 1960 imperatores
1547 1912 1707 1960 propter
1727 1909 1903 1948 difficiles
1923 1912 2068 1958 tempo-

1115 1977 1205 2002 rum
1221 1965 1532 2003 circumstantias
1547 1965 1586 2002 id
1600 1963 1696 2001 iuris
1712 1963 1932 2001 exercuisse
1952 1975 1973 2000 e
1993 1961 2069 2011 pri-

1118 2018 1261 2066 vilegio
1281 2017 1337 2055 eis
1357 2019 1405 2055 ab
1419 2017 1642 2067 Apostolica
1663 2016 1765 2054 Sede
1785 2027 1964 2053 concesso
1977 2044 1986 2060 ,
2008 2013 2070 2052 cui

1117 2075 1275 2119 propter
1296 2074 1500 2119 urgentem
1521 2068 1793 2107 necessitatem
1810 2068 1990 2117 derogari
2011 2079 2072 2115 po-

1118 2126 1217 2171 test3
1233 2126 1325 2161 ante
1340 2123 1555 2161 Alexandri
1571 2122 1799 2159 electionem
1815 2122 1966 2170 legatos
1982 2120 2072 2157 fuis-

1118 2188 1159 2214 se
1192 2176 1328 2214 missos
1357 2177 1406 2214 ad
1434 2187 1567 2225 regem
1581 2204 1590 2221 ,
1622 2175 1746 2222 iisque
1784 2186 1854 2223 per
1887 2173 2073 2210 iniuriam

1120 2241 1195 2266 non
1215 2229 1372 2275 auditis,
1389 2230 1588 2266 Romanos
1608 2229 1691 2264 iure
1708 2229 1748 2264 et
1765 2223 1980 2276 prudenter
1999 2225 2073 2262 ele-

1119 2282 1286 2319 ctionem
1304 2282 1514 2330 peregisse,
1531 2280 1780 2326 confidentes,
1797 2278 2068 2317 Alexandrum

1119 2335 1169 2381 II,
1192 2338 1327 2383 utpote
1343 2334 1448 2384 regis
1470 2334 1716 2379 familiarem,
1732 2333 1822 2370 huic
1842 2333 2002 2380 gratum
2018 2329 2075 2366 fu-

1118 2390 1253 2425 turum
1269 2386 1295 2426 2.
1312 2387 1485 2425 Litteras
1501 2386 1620 2424 etiam
1635 2386 1790 2435 scripsit
1805 2386 1853 2422 ad
1869 2385 2075 2421 Annonem

1119 2440 1452 2489 archiepiscopum
1473 2439 1759 2484 Coloniensem,
1789 2438 1851 2475 cui
1878 2435 2073 2485 principes

1119 2493 1319 2538 Germani,
1332 2495 1463 2530 amota
1473 2494 1627 2541 Agnete
1643 2492 1825 2540 augusta,
1842 2487 2001 2526 iunioris
2017 2499 2074 2524 re-

1118 2547 1176 2595 gis
1196 2545 1481 2584 institutionem
1503 2547 1543 2582 et
1562 2544 1672 2593 regni
1693 2540 2073 2581 administrationem

1119 2599 1500 2636 commendaverant.
1542 2596 1866 2644 Archiepiscopus
1913 2591 2073 2630 consilio

1120 2651 1230 2690 Petri
1247 2664 1308 2690 an.
1327 2651 1429 2688 1062
1445 2649 1597 2688 Osborii
1617 2649 1808 2698 synodum
1828 2646 1990 2692 indixit,
2010 2645 2073 2682 cui

1120 2716 1209 2742 cum
1224 2703 1413 2753 episcopis
1425 2702 1628 2740 Germanis
1644 2700 1816 2738 nonnulli
1828 2697 2075 2747 Longobardi

1120 2757 1348 2795 adfuerunt..
1366 2757 1411 2793 In
1428 2756 1499 2792 hac
1515 2755 1662 2803 synodo
1679 2752 1874 2790 Cadalous
1888 2751 2075 2799 antipapa

1121 2812 1329 2849 damnatus
1348 2812 1467 2858 atque
1487 2809 1655 2846 reiectus
1679 2806 1764 2844 fuit.
1786 2806 1882 2843 Post
1900 2816 2022 2841 annos
2049 2804 2075 2841 7

1120 2864 1222 2901 idem
1252 2863 1398 2901 factum
1426 2864 1485 2899 est
1512 2862 1551 2898 in
1581 2860 1728 2909 synodo
1755 2858 1986 2896 Mantuana.
2011 2858 2074 2894 Ex

1121 2929 1196 2965 quo
1223 2918 1396 2964 tempore
1418 2914 1641 2952 Alexander
1668 2913 1706 2951 II
1736 2913 1875 2962 ubique
1902 2913 1943 2949 in
1969 2912 2072 2949 Ger-

1120 2970 1253 3008 mania
1268 2969 1366 3007 acin
1381 2967 1653 3017 Longobardia
1672 2971 1886 3017 susceptus,
1906 2968 2075 3007 schisma

1123 3035 1216 3061 vero
1245 3022 1464 3060 extinctum
1493 3021 1563 3058 est.
1597 3020 1787 3058 Cadalous
1826 3033 1920 3059 vero
1958 3021 2073 3070 paulo

1166 3118 1176 3139 ¹
1208 3117 1235 3147 S.
1270 3118 1375 3147 Petrus
1405 3114 1555 3149 narniam,
1589 3112 1736 3154 Opuscul.
1767 3113 1822 3151 1v;
1851 3113 2003 3145 Baronius
2032 3113 2074 3144 ad

168 3154 183 3176 ²
198 3156 226 3187 S.
244 3157 355 3188 Petrus
367 3158 516 3197 Damiani,
529 3157 676 3199 Opuscul.
693 3159 724 3197 V;
743 3158 855 3190 Baron.
875 3157 915 3188 ad
931 3157 1078 3191 an.1059.
1124 3168 1172 3190 an.
1190 3157 1320 3189 1061.-
1335 3156 1349 3177 ‘2
1368 3154 1515 3195 Opuscul.
1533 3155 1581 3186 IV.
