2241 3473
155 99 233 138 288

803 99 962 128 EPOCHA
990 98 1045 125 VI.
1074 97 1102 124 A
1129 95 1289 125 'CAROLO
1317 99 1363 126 M.

96 183 239 221 magno
273 169 331 207 rei
364 167 544 217 publicae
578 165 720 202 damno
754 164 840 201 vita
872 161 1055 200 excessit.
1103 160 1566 209 cupiditatibushabenas
1579 162 1990 212 laxavitregnumque
2005 163 2064 200 tu-

95 225 301 272 Philippus
322 219 515 270 perversis
536 217 717 254 consiliis·
739 228 832 253 usus
860 216 941 261 est,
961 226 1056 263 pra-

95 278 154 315 vis
174 273 454 324 cupiditatibus
473 282 514 308 se
537 269 656 315 dedit,
671 269 932 306 ecclesiarum
952 268 1053 304 bona

91 329 236 367 invasit
257 357 265 372 ,
305 325 548 373 episcopatus
587 325 626 359 et
664 321 845 359 abbatias
882 319 1054 369 pecunia

92 380 282 423 vendidit,
299 376 482 414 ecclesias
499 377 540 413 et
554 386 719 424 regnum
739 374 779 411 in
799 373 952 411 tristem
969 375 1054 410 sta-

92 437 175 472 tum
197 430 373 469 coniecit.

147 485 234 523 145.
259 482 463 520 Ecclesiae
482 485 617 518 status
638 481 684 518 in
711 479 944 517 Germania
960 478 1054 515 ——In

92 536 304 575 Germania
323 535 396 571 sub
417 533 586 570 Henrico
603 533 658 571 IV
675 544 737 571 res
757 532 906 570 civicae
927 533 966 568 et
985 543 1053 568 ec-

92 589 333 627 clesiasticae
349 586 388 623 in
408 589 555 624 tetrum
574 587 722 624 statum
738 586 931 623 adductae
947 586 1053 622 sunt.

90 643 128 680 Is
149 642 260 679 annis
280 640 304 678 5
324 642 454 686 natus,
470 651 532 677 an.
556 639 658 676 1056
675 638 777 688 patri
795 650 864 675 suo
881 637 1053 674 Henrico

91 695 147 732 ΠΙ
182 696 426 732 successerat
458 693 531 730 sub
566 692 693 729 tutela
721 691 888 740 Agnetis
917 689 1053 727 matris

89 745 194 785 suae.
217 747 312 784 Post
332 757 478 794 paucos
498 756 624 783 annos
644 744 838 793 principes
866 743 1052 791 Germani

90 799 283 838 muliebre
302 799 511 847 imperium
532 800 572 835 et
593 798 756 835 Henrici
777 796 948 845 episcopi
969 797 1052 832 Au-

90 857 229 901 gustae
250 852 567 896 Vindelicorum‚
595 850 660 898 qui
682 850 827 899 Agneti
850 862 873 887 a
892 848 1053 885 consilio

90 908 176 943 erat
193 934 202 949 ,
236 904 504 953 arrogantiam
541 914 659 952 aegre
693 902 888 949 ferentes,
924 904 1056 938 amota

89 959 258 1006 Agnete,
279 958 385 1006 regis
406 956 695 994 institutionem
726 961 765 993 et
790 955 901 1004 regni
922 954 1053 992 admi-

90 1010 361 1048 nistrationem
392 1010 741 1054 commendarunt,
763 1009 818 1046 uti
840 1008 1009 1045 diximus
1027 1005 1051 1054 ¹,

90 1076 118 1102 s.
140 1063 297 1101 Annoni
319 1062 609 1111 archiepiscopo
627 1061 858 1107 Coloniensi,
876 1061 940 1110 qui
962 1073 1053 1098 mu-

91 1128 185 1153 nere
206 1128 276 1153 suo
296 1117 510 1164 prudenter
539 1127 583 1152 ac
614 1115 771 1152 fortiter
800 1114 958 1152 functus
980 1117 1051 1151 est.

91 1170 181 1207 Rex
209 1169 337 1206 iustae
367 1168 591 1206 severitatis
621 1168 900 1216 archiepiscopi
921 1168 1051 1216 impa-

90 1221 379 1270 tiens,confugit
390 1222 437 1259 ad
447 1221 705 1259 Adelbertum
718 1221 1051 1269 archiepiscopum

90 1275 359 1321 Bremensem,
375 1274 441 1322 qui
464 1286 513 1311 ex
534 1274 606 1310 hoc
625 1277 801 1323 tempore
832 1273 936 1322 regis
958 1285 1051 1311 cura

92 1330 132 1365 et
152 1327 262 1382 regni
283 1327 623 1365 administratione
644 1327 810 1376 arreptis
824 1356 834 1373 ,
855 1326 959 1376 regis
980 1339 1049 1364 cu-
1067 1335 1074 1372 1

144 1434 168 1472 ¹)
182 1435 257 1473 Pag.
276 1432 346 1464 285.

1101 213 1291 251 multibus
1306 213 1496 262 implevit.
1507 215 1580 252 An.
1597 215 1697 253 1066
1713 227 1785 253 rex
1798 228 1822 254 a
1833 215 2063 264 proceribus

1101 265 1310 303 Triburiae
1322 268 1575 315 congregatis
1590 268 1639 305 ad
1655 267 1930 305 dimittendum
1949 268 2064 305 Adel·

1100 318 1256 355 bertum
1270 321 1310 356 et
1322 319 1586 368 recipiendum
1595 321 1800 358 Annonem
1817 323 1976 358 coactus
1991 323 2064 367 est3

1099 370 1167 408 sed
1179 371 1276 408 iuris
1293 371 1354 408 sui
1371 371 1513 417 factus,
1526 383 1566 410 se
1586 374 1715 410 totum
1731 373 1861 420 pravis
1879 372 2066 421 cupidita-

1099 423 1206 461 tibus
1235 424 1361 470 dedit,
1391 424 1581 470 subditos,
1611 424 1847 473 praesertim
1875 425 2064 470 Saxones,

1100 476 1199 513 dure
1229 476 1461 525 opprimere,
1491 477 1774 514 ecclesiasticas
1805 477 2006 515 libertates
2025 479 2066 514 et

1099 528 1187 566 iura
1208 529 1369 575 violare,
1391 529 1640 578 episcopatus
1660 532 1700 567 et
1723 530 1899 567 abbatias
1917 529 2066 578 turpis-

1098 581 1196 618 simo
1217 585 1383 629 quaestu
1396 582 1584 631 indignis,
1600 582 1664 620 vel
1680 582 1806 620 maius
1827 582 1998 630 pretium
2013 581 2066 619 of-

1098 633 1335 681 ferentibus,
1364 635 1428 672 vel
1458 635 1590 683 pravis
1619 635 1703 672 eius
1733 634 1908 673 moribus
1939 633 2065 683 magis

1098 687 1361 734 adulantibus,
1382 687 1560 725 conferre
1581 688 1709 736 coepit
1726 686 1751 724 ¹.

1151 740 1379 777 Alexander
1419 741 1489 789 Pp.
1525 741 1563 778 II
1606 753 1629 778 a
1671 739 1894 778 Saxonibus
1927 739 2066 777 contra

1098 792 1315 830 Henricum
1328 805 1462 842 regem
1478 793 1765 841 interpellatus,
1779 805 1869 830 eum
1884 804 1946 830 an.
1961 792 2063 830 1073

1099 847 1266 883 Romam
1288 845 1338 882 ad
1359 846 1553 895 synodum
1576 846 1754 892 vocavit,
1777 848 1821 883 ut
1851 857 1920 894 pro
1940 845 2062 883 simo-

1097 898 1162 936 nia
1180 898 1355 947 aliisque
1385 898 1630 943 criminibuS,
1650 910 1817 947 quorum
1846 898 2064 935 accusaba-

1097 953 1176 996 tur,
1196 951 1278 988 Deo
1309 954 1349 987 et
1379 952 1578 989 Ecclesiae
1610 951 1759 989 faceret
1783 951 1891 989 satis.
1912 951 2065 988 Verum

1096 1005 1323 1042 Alexander
1344 1005 1379 1041 ΙΙ
1401 1005 1536 1042 eodem
1563 1016 1663 1042 anno
1683 1004 1747 1041 x1⁰
1784 1003 1934 1041 calend.
1956 1003 2061 1049 maii2

1096 1057 1202 1094 obiit.
1232 1058 1329 1094 Post
1350 1069 1441 1093 eum
1470 1057 1669 1094 Ecclesiae
1690 1058 1867 1106 regimen
1896 1055 2068 1104 suscepit

1096 1110 1312 1159 Gregorius
1341 1110 1430 1155 Vll,
1459 1110 1569 1147 cuius
1609 1110 1877 1158 pontificatus,
1907 1110 2066 1157 propter

1096 1175 1229 1200 rerum
1259 1164 1308 1200 ab
1338 1175 1384 1201 eo
1413 1164 1617 1211 gestarum
1658 1162 1983 1212 magnitudinem,
2004 1173 2066 1199 oe-

1095 1216 1244 1253 lebrem
1281 1216 1320 1253 in
1359 1216 1626 1254 ecclesiastica
1663 1215 1828 1254 historia
1876 1215 2064 1265 epocham

1097 1269 1311 1307 constituit.

1130 1431 1140 1452 ¹
1159 1429 1310 1461 Lambert.
1327 1429 1555 1470 Schasuaburg.
1574 1432 1604 1461 et
1619 1430 1777 1461 Marianus
1795 1428 1917 1465 Seuius
1936 1424 2056 1459 Chron.

832 1884 974 1922 FINIS
1004 1884 1137 1922 TOMI
1168 1883 1324 1921 PRIMI

286 2271 414 2306 NOTA
445 2271 532 2310 Pag.
563 2275 651 2306 vm,
678 2266 774 2306 Ind.‚

861 2266 925 2299 lin.
945 2267 1006 2308 11,
1033 2268 1101 2300 An.
1135 2265 1234 2300 4705
1282 2277 1453 2302 LEGATUR
1478 2270 1549 2301 An.
1575 2268 1673 2302 {075

592 2314 653 2353 13,
705 2314 775 2347 col.
806 2313 842 2355 2,
883 2326 901 2345 »
975 2315 1012 2357 2,
1037 2313 1213 2357 praefato
1359 2329 1376 2348 »
1473 2317 1662 2359 praefecto

569 2362 654 2403 105,
731 2374 748 2393 »
801 2363 836 2403 1,
880 2374 898 2393 n
951 2362 1011 2404 44,
1040 2362 1249 2395 Ladiocena
1360 2376 1377 2395 »
1478 2364 1688 2397 Laodicena

568 2409 652 2449 120,
729 2421 747 2440 »
800 2409 836 2451 2,
880 2422 898 2440 »
950 2410 1011 2452 41,
1039 2411 1251 2445 Sraesanct.
1354 2423 1372 2443 »
1471 2413 1690 2446 Prae-sanct.

568 2457 651 2495 174,
730 2469 747 2488 »
801 2458 837 2498 1,
883 2469 900 2488 »
953 2458 1014 2499 33,
1043 2465 1236 2500 occupatus
1358 2472 1376 2490 »
1475 2461 1661 2502 occupatis

597 2504 649 2538 ib.
727 2517 745 2536 »
798 2505 833 2546 2,
880 2516 897 2536 »
949 2505 1010 2547 43,
1039 2506 1190 2548 scripsit
1359 2519 1377 2538 »
1478 2508 1629 2551 scriptis

563 2552 650 2595 276,
728 2564 745 2583 »
798 2554 833 2595 1,
879 2565 896 2584 ))
950 2554 1010 2596 53,
1039 2558 1092 2587 cst
1355 2566 1373 2586 »
1475 2561 1525 2589 est

93 2971 2066 2998 :L——ffi

421 3042 517 3075 Nihil
534 3044 658 3076 obstat

304 3097 440 3128 Num-'rus
459 3098 540 3128 Can.
558 3100 764 3129 Siczxonuznho

362 3150 490 3181 Censor
511 3150 699 3189 cheoloyzcs

1498 3035 1734 3076 Imprimatur

1411 3092 1520 3123 losum!
1542 3091 1625 3121 Can.
1645 3090 1795 3121 Monmiuu

1523 3143 1685 3183 Depucae.
