2241 3473
583 182 710 214 VSQVE
738 183 792 209 AD
820 182 1133 210 CONVERSIONEM
1160 182 1424 211 CONSTANTINI
1453 184 1496 211 M.

118 245 181 281 44.
214 243 398 290 Orfiqenz's
430 244 552 281 inilia
570 266 621 271 —
644 245 725 283 Iam
752 243 869 281 etiam
898 240 1015 281 incla-

64 296 239 335 rescebat
264 296 452 346 Origenes
469 325 478 341 ,
505 297 606 334 inter
625 297 834 346 scriptores
855 307 1014 343 graecos

62 348 218 398 ingenio
238 360 282 387 ac
303 348 522 386 eruditione
539 350 682 387 nemini
703 349 891 386 secundus
908 378 917 393 ,
946 349 1011 396 qui

62 401 173 452 patre
194 401 364 439 Leonide
385 413 485 439 anno
508 402 582 440 185
602 400 859 441 Alexandriae
885 403 1014 446 natus,

61 456 146 504 post
165 455 287 502 patris
307 455 542 502 martyrium
566 453 788 503 aliquandiu
809 453 1014 490 humanio-

60 519 123 546 res
148 507 304 544 litteras
325 506 498 544 tradidit..
521 508 644 545 Annis
665 509 780 544 natus
800 504 1014 543 octodecim

63 572 86 598 a
106 560 316 605 Demetrio,
331 560 509 608 episcopo
529 558 811 605 Alexandrino,
832 558 871 594 in
888 558 1013 594 locum

62 612 272 651 Clementis
293 624 340 649 ss.
363 612 604 649 Litterarum
621 611 774 649 scholae
793 610 1014 659 praefectus

63 668 133 704 est.
154 665 270 702 Brevi
300 667 448 701 tantam
472 665 638 701 nominis
661 664 803 701 famam
823 674 1014 699 consecu-

60 720 124 756 tus
143 721 223 763 est,
245 720 287 754 ut
307 717 478 764 undique
498 716 547 753 ad
568 728 656 754 eum
677 716 913 753 audiendum
927 715 1012 763 plu-

62 770 150 808 rimi
170 769 437 814 convenirent3
450 769 590 816 quibus
606 769 707 806 haud
725 767 929 812 sufficiens,
942 767 1015 803 He-

62 822 207 860 raclam
229 821 458 869 discipulum
480 821 693 870 magisterii
716 821 862 857 socium
883 819 1013 867 elegit,

60 875 141 924 ipse
157 875 323 911 maiores
339 873 561 922 disciplinas
573 873 744 912 tradidit.
763 872 879 910 Multi
895 872 1010 909 etiam

65 926 224 972 ethnici,
240 926 278 963 in
299 925 572 975 philosophicis
593 925 801 974 disciplinis
817 926 1014 974 praestan-

62 979 214 1024 tissimi,
235 990 325 1016 011111
342 979 565 1024 audierunt,
587 980 746 1026 eiusque
763 990 833 1026 ope
854 978 901 1014 ad
918 977 1015 1014 chri-

60 1032 228 1070 stianam
255 1031 390 1068 Fidem
421 1032 611 1080 perducti,
638 1043 756 1079 usque
777 1031 870 1067 adeo
890 1030 1014 1074 incla-

59 1087 251 1130 ruerunt,
291 1087 334 1121 ut
372 1085 529 1133 quidam
565 1085 780 1121 illustribus
811 1082 1013 1130 martyriis

60 1137 237 1175 eamdem
265 1137 533 1174 confirmarint
550 1136 574 1175 ¹.
605 1138 771 1175 Caetera
799 1135 883 1173 eius
904 1136 1014 1184 gesta

60 1189 163 1228 infra
182 1189 449 1227 indicabimus.

116 1243 327 1279 Mz‘nutius
347 1243 473 1280 Felix
495 1263 541 1271 —
563 1243 715 1279 Romae
746 1240 908 1278 celebris
928 1241 1014 1277 erat

60 1294 251 1333 Minutius
271 1294 397 1340 Felix,
418 1294 490 1332 fori
514 1294 732 1332 causidicus
754 1296 793 1330 et
808 1295 940 1330 orator
959 1293 1014 1328 in-

60 1347 194 1397 signis,
221 1347 288 1395 qui
308 1347 478 1397 eleganti
506 1347 609 1396 stylo
631 1346 831 1396 egregiam
852 1356 1011 1394 compo-

60 1400 138 1438 suit
157 1399 394 1438 christianae
413 1400 631 1449 Religionis
646 1399 866 1449 apologiam
886 1398 924 1434 in
940 1398 1011 1434 for·

59 1464 125 1490 ma
158 1453 315 1502 dialogi,
335 1453 373 1490 in
394 1465 469 1501 quo
491 1465 578 1491 cum
598 1452 767 1491 Caecilio
788 1451 940 1489 ethnico
961 1451 1013 1487 di-

61 1507 195 1555 sputat
215 1505 400 1543 Octavius
421 1506 656 1544 christianus
673 1504 699 1543 ².

120 1557 160 1596 S.
179 1558 433 1608 Hippolytus
454 1582 502 1586 —
514 1559 699 1597 Eiusdem
715 1558 858 1596 aetatis
874 1555 950 1593 fuit
966 1557 1010 1593 D.

59 1610 311 1659 Hippolytus,
330 1611 540 1649 Clementis
565 1610 822 1649 Alexandrini
844 1609 1013 1657 discipu-

61 1663 136 1709 lus,
151 1663 289 1700 deinde
309 1663 508 1713 episcopus
530 1664 772 1701 Portuensis.
800 1663 836 1700 Is
856 1666 1011 1711 praeter

61 1716 364 1753 commentarios
378 1717 417 1752 in
433 1717 563 1754 varios
583 1729 611 1754 s.
635 1716 860 1764 Scripturae
880 1714 1011 1760 libros,

60 1768 215 1817 scripsit
235 1768 348 1817 plura
368 1769 447 1806 alia
475 1769 618 1806 diversi
639 1768 861 1817 argumenti
881 1778 1010 1815 opera,

61 1832 225 1868 quorum
246 1820 327 1858 alia
343 1821 546 1868 perierint,
563 1821 651 1867 alia,
674 1821 778 1858 inter
806 1831 907 1868 quae
933 1820 1010 1856 Ca-

61 1884 146 1910 non
173 1884 239 1910 seu
264 1873 413 1922 Cyclas
426 1874 648 1922 paschalis,
669 1873 803 1911 Oratio
831 1872 879 1908 de
892 1872 1012 1908 Anti-

60 1925 135 1962 clm
138 1926 228 1970 esto
247 1925 537 1963 Demonstratio
558 1931 705 1963 contra
726 1925 912 1970 ludaeos,
923 1926 1009 1961 tra-

60 1979 187 2016 ctatus
206 1977 404 2016 adversus
424 1978 486 2015 No
490 1984 612 2024 etum,
632 1980 863 2015 conservata
876 1978 1009 2014 sunt.
983 1974 997 1997 3

59 2030 194 2078 Mart)
199 2041 216 2066 r
231 2030 325 2067 obiit
343 2031 456 2068 iuxta
476 2031 663 2079 quosdam
684 2031 753 2068 snb
772 2030 1010 2077 imperatore

58 2082 296 2127 Alexandro,
322 2084 534 2121 secundum
555 2083 650 2120 alios
677 2083 749 2120 sub
770 2082 888 2119 Decio
903 2080 930 2119 ⁴.

113 2134 175 2172 45.
195 2135 400 2172 Ecclesiae
424 2141 559 2173 status
584 2135 657 2173 sub
683 2135 903 2172 Caracalla
923 2134 1009 2184 (an.

59 2186 152 2234 211)
167 2209 219 2214 ——
234 2187 328 2225 Post
351 2189 489 2226 duram
515 2189 585 2226 sub
606 2189 751 2226 Severo
775 2188 1011 2236 imperatore

60 2240 387 2288 persecutionem,
408 2241 542 2278 divina
561 2240 804 2290 providentia
824 2240 1011 2288 tranquil-

62 2291 160 2330 liora
187 2295 363 2342 tempora
384 2293 582 2331 Ecclesiae
611 2292 826 2331 destinavit
849 2293 919 2329 sub
945 2294 1014 2330 Ca-

61 2344 219 2391 racalla,
248 2346 314 2393 qui
343 2358 445 2383 anne
473 2346 548 2383 211
580 2358 657 2383 una
686 2357 773 2383 cum
801 2344 923 2382 fratre
944 2357 1012 2382 suo

65 2396 165 2434 Geta
186 2397 285 2446 patri
304 2398 451 2436 Severo
471 2398 510 2435 in
539 2398 701 2447 imperio
722 2398 919 2435 successit.
941 2398 1012 2435 Ca-

62 2448 208 2486 racalla
236 2451 423 2488 consortis
443 2451 668 2499 impatiens,
689 2452 829 2488 Getam
849 2450 1013 2488 fratrem

63 2500 273 2548 interemit,
299 2506 543 2551 mentemque
564 2503 733 2540 ferocem
759 2503 953 2541 convertit
972 2503 1011 2540 in

64 2564 196 2591 omnes
212 2583 222 2599 ,
249 2555 312 2602 qui
341 2556 407 2592 vel
426 2556 622 2594 levissime
643 2557 784 2593 Getam
804 2556 1015 2593 coluissent

63 2608 133 2643 aut
151 2606 275 2643 solum
296 2619 432 2645 nomen
452 2608 534 2646 eius
555 2611 639 2658 post
654 2611 820 2646 mortem
835 2609 1014 2657 scripsis—

63 2723 134 2750 sunt
155 2720 256 2751 studio
281 2722 390 2761 Rigalt.
414 2724 510 2754 Paris.
538 2723 618 2754 1631
639 2727 669 2755 01
691 2723 892 2764 1611,31(110
909 2725 1012 2756 Venet.

64 2759 140 2791 1701
157 2762 187 2792 in
204 2761 265 2798 sol„
277 2762 348 2792 item
360 2764 491 2794 studiol
509 2765 631 2803 ramel„
641 2766 725 2796 Antv.
732 2734 875 2804 ,Pmisilis
889 2768 918 2796 et
931 2766 1014 2805 ahb1;

63 2802 556 2863 111ῖᾷ110,ΡαῐνοΙ.Ιαει”η.1.1-111.

133 2843 255 2880 Euseb„
273 2842 358 2874 Hist.
376 2844 452 2875 eccl.
469 2845 486 2875 l.
504 2846 549 2883 Vl,
565 2855 591 2877 c.
606 2845 641 2876 9.).-
645 2846 663 2876 5
680 2850 709 2877 et
726 2846 773 2878 18.

102 2881 118 2903 ²
133 2883 247 2914 11111111ῑί1
265 2884 373 2914 Felicis
391 2885 547 2923 Dialogus,
564 2887 731 2926 inscriptus
750 2887 926 2927 Octavius,
943 2888 1009 2919 edt-

63 2925 112 2954 1113
128 2926 175 2954 031
191 2932 265 2954 cuia
282 2925 393 2963 Rigalt.
411 2924 500 2963 1613,
517 2927 628 2966 Migne,
645 2927 702 2958 loc.
718 2928 768 2958 cit
786 2932 806 2958 t
826 2930 872 2960 111.

106 2963 120 2985 3
135 2964 262 3003 operas.
281 2965 435 3005 Hippolyti
453 2975 531 3005 quae
548 2971 723 3007 supcisunt,
741 2970 916 3000 0131101001
933 2970 1014 3010 frag-

62 3007 165 3034 menta
188 3004 283 3035 edidit
306 3006 478 3045 Fabricius,
505 3007 599 3044 1716,
615 3007 633 3037 ⁶2
651 3009 710 3040 vol.
725 3010 768 3040 in·
757 3010 837 3041 -sfol
831 2994 1012 3049 ,Galland.,

63 3044 225 3076 Biblioth.
249 3046 323 3083 t.;11
347 3035 918 3088 11101101039ναεε.1.Χ;(-.ιτ(1
943 3051 1012 3089 Mai,

65 3083 167 3131 Scrip.
186 3088 243 3117 vet.
263 3090 280 3116 1
299 3088 320 3124 Ι,
337 3096 364 3126 p.
382 3087 431 3118 30.
450 3088 491 3118 De
515 3089 581 3118 eius
591 3057 672 3118 'qVita
694 3093 723 3120 01
746 3075 869 3130 scriptis
892 3092 953 3122 vid.
971 3093 1012 3122 De

65 3126 237 3197 M3⁴gi13i¹siesb
241 3126 331 3204 ’Acltla
344 3127 468 3199 lltlarlylr
475 3127 816 3208 .lagllostia3()1’ibefiitia,
834 3133 918 3211 Rong.
925 3133 1011 3212 17925

319 3179 348 3199 ts
390 3179 442 3199 ecc
579 3179 594 3200 c
691 3183 705 3200 s
759 3181 765 3200 ι

65 3205 214 3246 Bouana,
230 3208 315 3241 Acca
330 3207 385 3242 SS.
400 3209 440 3240 22
456 3218 537 3251 aug,
555 3212 596 3241 Dc
612 3172 852 3253 1113111131113ῗιρῖ1ἱ1ι
861 3173 1010 3245 citam

1911 176 1963 214 53

1055 247 1143 283 sent
1163 246 1224 283 vel
1246 246 1588 295 pronunciassent:
1605 257 1737 283 omnes
1760 247 1887 284 morte
1907 248 2013 284 mul-

1054 299 1129 335 tari
1161 299 1363 336 mandavit
1381 313 1390 346 ;
1410 311 1430 336 0
1451 298 1688 337 caesarianis
1719 298 1929 346 militibus,
1950 300 2014 348 qui

1054 361 1141 387 cum
1176 352 1276 389 Geta
1311 352 1487 397 fuerant,
1517 351 1656 400 viginti
1688 351 1822 397 millia,
1843 351 1948 389 viros
1969 364 2014 389 ac

1056 403 1252 449 mulieres,
1286 405 1416 452 plures
1450 416 1600 452 quoque
1635 404 1783 441 nobiles
1816 403 1990 452 aliosque
2005 434 2014 450 ,

1058 455 1118 491 vel
1155 455 1350 493 levissime
1383 460 1601 505 suspectos,
1628 455 1802 494 interimi
1836 456 1951 494 iussit
1989 455 2012 494 ¹.

1058 518 1080 543 «
1099 508 1201 544 Sane
1232 508 1323 545 dum
1354 511 1506 546 tautam
1535 509 1741 546 saevitiam
1770 521 1793 546 a
1814 509 2014 546 truculen-

1056 562 1097 596 to
1120 559 1291 609 principe
1312 561 1350 597 in
1375 562 1571 598 Romanos
1592 562 1638 598 ob
1659 560 1783 599 solum
1800 562 1925 599 Getae
1947 574 2012 599 no-

1056 623 1145 649 men
1166 615 1393 661 congestam
1414 614 1615 651 considero
1629 643 1637 659 ,
1659 614 1785 662 inquit
1804 614 2010 661 Baronius,

1055 670 1095 701 ct
1123 665 1160 700 in
1191 669 1359 702 mentem
1390 676 1532 702 revoco
1559 678 1660 714 quac
1681 667 1751 715 ipsi
1773 678 1893 714 pauco
1913 669 2007 704 ante

1055 718 1228 766 tempore
1248 718 1285 753 in
1308 717 1553 754 Christianos
1574 719 1621 755 ob
1641 719 1766 756 solum
1778 719 1921 757 Christi
1943 731 2011 756 no-

1056 781 1142 805 men
1173 771 1467 817 perpetrarunt,
1497 770 1608 818 plane
1638 771 1769 808 omnia
1789 772 1884 809 haec
1906 772 2012 808 ulei-

1054 824 1187 858 scente
1209 822 1379 859 Numine
1399 822 1486 858 illos
1506 834 1638 870 passos
1658 835 1742 860 csse
1763 823 1928 861 dixerim
1944 822 2008 862 2>>.

1108 874 1217 915 Quod
1248 875 1373 922 magis
1402 874 1624 911 mirandum
1653 878 1724 921 est,
1754 876 1827 913 hoc
1847 877 2014 914 hominis

1057 928 1271 963 monstrum
1293 927 1486 975 grassanti
1506 927 1544 963 iu
1566 928 1802 965 Christianos
1822 940 2013 977 persecu-

1054 979 1149 1015 tioni
1179 979 1337 1016 modum
1365 979 1508 1028 posuit,
1537 991 1745 1028 omnesque
1767 981 1918 1027 exules,
1939 993 2012 1019 cu-

1054 1032 1280 1080 iuscumque
1310 1032 1367 1068 rei
1396 1032 1561 1069 incusati
1581 1044 1625 1070 ae
1648 1033 2014 1082 quomodocumque

1054 1086 1182 1121 essent
1202 1084 1389 1130 damnati,
1410 1085 1597 1122 restituit.
1619 1085 1807 1126 Quamvis
1826 1088 1865 1122 in
1886 1098 2008 1123 remo-

1053 1136 1222 1174 tioribus
1261 1133 1474 1185 provinciis
1512 1137 1745 1185 aliquandiu
1783 1139 2007 1186 perdurarit

1053 1189 1285 1237 persecutio,
1307 1190 1362 1227 uti
1383 1201 1404 1226 e
1425 1190 1659 1227 Tertulliani
1679 1190 1776 1228 libro
1797 1191 1845 1228 ad
1867 1190 2011 1240 Scapu-

1055 1242 1144 1287 lam,
1164 1241 1321 1279 Africae
1350 1242 1637 1290 proconsularis
1658 1243 1892 1291 praesidem,
1913 1256 2012 1281 con-

1054 1296 1145 1340 stat,
1166 1296 1312 1341 tamen,
1334 1295 1400 1332 ubi
1420 1294 1669 1343 imperatoris
1697 1295 1880 1333 voluntas
1906 1296 2012 1334 inno·

1054 1347 1143 1393 tuit,
1163 1347 1289 1395 sopita
1305 1350 1375 1386 est.
1395 1347 1495 1384 Hinc
1513 1349 1744 1397 evangelica
1760 1348 2015 1397 praedicatio,

1055 1403 1141 1448 post
1167 1400 1322 1449 longam
1342 1402 1617 1449 tempestatem
1638 1401 1822 1439 libertate
1844 1402 1988 1440 donata
2006 1430 2017 1447 ,

1052 1454 1162 1490 tanto
1179 1453 1484 1490 abundantiores
1500 1453 1664 1502 protulit
1681 1454 1847 1500 fructus,
1858 1456 2010 1503 quanto

1053 1509 1254 1543 terrarum
1287 1506 1391 1544 orbis
1430 1510 1655 1556 martyrum
1693 1507 1884 1556 sanguine
1922 1509 2009 1544 erat

1053 1558 1288 1596 foecundior.
1303 1559 1544 1606 Innocentia,
1564 1560 1785 1597 constantia
1799 1572 1845 1597 ac
1867 1560 2013 1608 patien-

1054 1612 1109 1648 tia
1138 1612 1222 1660 plus
1242 1623 1359 1659 quam
1378 1612 1550 1650 humana
1570 1624 1715 1659 eorum,
1737 1613 1801 1660 qui
1821 1613 1860 1649 in
1880 1624 2009 1660 perse-

1053 1664 1219 1701 cutionis
1238 1664 1415 1701 incendio
1435 1665 1666 1713 sanguinem
1687 1677 1754 1713 pro
1776 1664 1930 1703 Christo
1951 1665 2010 1702 fu-

1053 1717 1203 1762 derant,
1224 1716 1478 1754 christianam
1498 1717 1744 1766 Religionem
1766 1729 2011 1766 quaquaver-

1053 1781 1138 1806 sum
1151 1769 1607 1818 praedicabant.Alii,qui
1622 1770 1905 1819 persecutionis
1921 1783 2008 1808 cau-

1052 1833 1095 1859 sa
1114 1822 1153 1858 in
1175 1821 1329 1870 longius
1353 1822 1505 1860 dissitas
1524 1825 1657 1860 terrae
1678 1824 1815 1872 plagas
1835 1824 2007 1860 transie-

1052 1876 1153 1919 rant,
1182 1885 1319 1911 earum
1347 1874 1492 1922 incolis,
1524 1887 1601 1923 qua
1626 1875 1830 1921 valebant,
1859 1886 2005 1912 areana

1053 1927 1235 1963 eoelestia
1268 1926 1399 1964 verbis
1428 1928 1785 1975 communicabant,
1821 1928 2010 1976 exemplis

1052 1979 1399 2026 commendabant3
1425 1992 1500 2029 quo
1530 1979 1679 2018 factum
1698 1982 1775 2026 est,
1797 1982 1841 2018 ut
1858 1981 1900 2017 in
1924 1980 2007 2018 dies

1053 2031 1176 2068 maior
1195 2031 1308 2069 fieret
1327 2032 1375 2070 ad
1392 2033 1606 2070 Ecclesiam
1621 2033 1799 2082 gentium
1820 2032 2005 2071 accessio.

1106 2084 1168 2121 46.
1191 2084 1231 2121 S.
1252 2085 1518 2134 Zephyrium
1534 2087 1735 2135 Pontifex
1746 2086 2012 2123 -Summum

1054 2136 1251 2174 Ecclesiae
1279 2138 1551 2185 pontificatum
1571 2141 1664 2176 tunc
1684 2139 1872 2187 temporis
1893 2150 2011 2187 gere-

1054 2190 1121 2226 bat
1149 2201 1177 2227 s.
1207 2189 1464 2239 Zephyrinus,
1483 2193 1700 2237 Romanus,
1721 2192 1787 2239 qui
1808 2203 1911 2228 anno
1933 2191 2010 2228 201

1053 2254 1082 2279 s.
1104 2243 1257 2280 Victori
1273 2245 1473 2281 suecessit.
1486 2245 1562 2282 Hic
1579 2243 1765 2281 Pontifex
1781 2244 1822 2281 in
1839 2254 2010 2281 commu-

1055 2295 1207 2332 nionem
1223 2296 1372 2344 recepit
1386 2296 1606 2342 Natalium,
1622 2297 1687 2345 qui
1702 2299 1910 2345 postquam
1926 2306 2009 2345 per-

1054 2348 1262 2385 secutionis
1282 2352 1455 2397 tempore
1476 2349 1674 2387 Christum
1695 2348 1892 2386 confessus
1920 2348 2013 2385 fuis-

1055 2402 1124 2446 set,
1146 2412 1169 2437 a
1191 2401 1444 2439 novatoribus
1466 2402 1650 2450 deceptus
1671 2402 1719 2439 ad
1735 2400 1930 2438 Theodoti
1945 2412 2009 2437 se-

1056 2456 1226 2490 ctatores
1243 2453 1469 2502 deflexerat,
1486 2455 1554 2492 sed
1569 2466 1590 2491 a
1609 2454 1911 2491 clementissimo
1929 2453 2010 2490 Deo

1056 2505 1209 2553 saepius
1238 2508 1451 2554 correptus,
1480 2507 1673 2544 haeresim
1693 2506 1863 2543 eiuravit
1883 2507 1923 2542 et
1943 2517 2011 2542 co-

1057 2569 1141 2595 ram
1161 2558 1379 2607 Zephyrino
1401 2571 1501 2608 papa
1521 2558 1827 2607 exomologesim
1849 2557 1944 2595 fecit
1954 2555 1981 2595 ³.

1111 2610 1328 2659 Perperam
1342 2612 1431 2648 huic
1443 2611 1626 2648 Pontifici
1638 2610 1894 2648 Montanismi
1905 2609 2012 2658 igno-

1057 2662 1217 2700 miniam
1233 2663 1388 2701 inurere
1401 2665 1559 2712 quidam
1575 2665 1793 2709 tentarunt,
1805 2663 1908 2711 quod
1918 2663 2011 2699 Ter-

1056 2715 1246 2753 tullianus
1266 2716 1424 2762 scribat,
1445 2717 1665 2765 episcopum
1682 2716 1906 2752 Romanum
1924 2714 2011 2764 (alii

1055 2767 1333 2816 Zephyrinum,
1354 2769 1420 2812 alii
1440 2769 1653 2814 Victorem,
1669 2768 1736 2805 alii
1755 2767 2011 2805 Eleutherum

1057 2832 1080 2857 a
1108 2821 1352 2858 Tertulliano
1373 2821 1499 2858 notari
1521 2821 1670 2871 putant)
1692 2820 1895 2866 Montani,
1915 2819 2010 2856 Pri-

1056 2873 1189 2910 scillae
1210 2875 1249 2910 et
1270 2873 1513 2913 Maximillae
1534 2873 1754 2921 prophetias
1780 2872 1987 2922 agnovisse
2000 2900 2010 2916 ‚

1056 2925 1210 2974 iamque
1231 2937 1367 2973 pacem
1383 2925 1506 2962 Asiae
1526 2930 1566 2963 et
1586 2925 1800 2975 Phryyz'ae
1821 2925 2010 2962 ecclesiae

1057 2976 1341 3026 (Montanistis)
1369 2979 1528 3025 inferre
1553 2983 1770 3025 paratum,
1799 2989 1822 3015 a
1852 2978 2011 3014 Praxea

1054 3030 1171 3067 fuisse
1191 3032 1390 3076 coactum,
1413 3031 1457 3067 ut
1482 3031 1641 3068 litteras
1656 3032 1773 3080 pacis
1798 3034 2011 3067 revocaret

1095 3132 1105 3152 ¹
1124 3134 1179 3162 Dio
1196 3136 1225 3163 et
1240 3133 1352 3171 Spart
1371 3131 1549 3171 Caracal&
1565 3133 1741 3173 Herodian„
1758 3134 1775 3164 l.
1793 3134 1838 3165 lV.

1095 3172 1109 3193 2
1126 3175 1246 3210 Bffluon
1263 3173 1389 3204 Annal.
1407 3173 1516 3204 eccles.
1535 3174 1574 3204 ad
1591 3183 1640 3206 an.
1655 3159 1741 3206 214.

1095 3213 1527 3253 3Euscb„11isc.eccl.1.v,
1547 3214 1635 3246 0228.
