2241 3473
716 197 852 227 VSQVE
875 197 928 224 AD
951 196 1236 225 PRAESENTEM
1261 194 1466 223 AETATEM

91 268 197 305 tulus
223 266 288 302 tlte
317 265 443 303 Union
472 266 639 308 Reciow,
658 269 737 302 tum
766 265 976 313 praecipue
995 276 1042 302 ex

92 321 176 369 ipso
196 320 301 360 folio.
328 332 403 367 quo
427 321 520 356 socii
543 320 808 356 invitabantur
832 324 872 356 et
899 319 1042 355 adscri-

92 375 301 415 bebantur,
318 374 430 410 facile
450 374 755 421 intelligebatur.
774 375 805 408 A
823 378 1043 420 protestan-

90 428 191 464 tibus
209 427 349 474 quippe
367 428 623 464 etl‘ormataet
636 428 786 464 directa
805 439 850 463 eo
866 429 1041 463 excitata

89 486 178 518 erat
203 481 356 528 spiritu,
376 488 417 516 ut
437 481 520 517 eius
541 482 716 517 asseclae
746 482 1039 528 profiterentur,

90 538 172 571 tres
210 534 446 570 christianas
476 535 769 570 communiones
798 545 1042 570 romano-ca·

89 587 290 629 tholicam,
321 588 765 634 greco-schismaticam,
805 593 845 624 et
870 588 1040 633 anglica-

90 653 196 681 nam.
213 641 392 689 quamvis
412 641 579 677 invicem
600 646 804 686 separatas
821 652 864 677 ac
881 641 1040 684 divisas,

94 705 220 742 aequo
249 699 379 730 tamen
416 694 500 730 iure
536 694 769 730 catholicum
799 707 942 731 nomen
971 695 1043 730 sibi

94 748 311 785 vindicare.
348 747 487 783 Aditus
523 748 641 795 igitur
676 749 712 783 in
742 749 846 784 illam
885 749 1045 795 patebat

93 802 272 838 omnibus
286 802 425 849 ubique
446 802 619 837 locorum
635 802 865 848 degentibus
882 808 960 837 tum
981 813 1041 838 ca-

93 855 263 897 tholicis,
292 859 371 891 tum
402 855 839 903 graeco-schismaticis,
869 860 949 891 tum
977 866 1042 891 an-

93 909 275 955 glicanis,
301 919 351 945 ea
377 914 509 945 tamen
538 910 638 956 lege,
665 913 706 944 ut
733 909 877 945 nemini
906 909 1043 945 liceret

94 963 140 998 de
162 963 284 998 variis
299 962 501 999 doctrinae
521 963 724 1009 capitibus,
742 963 929 1010 inquibus
947 963 1041 998 socii

91 1016 358 1059 dissentirent,
380 1017 648 1064 quaestionem
670 1016 1042 1064 movere‚etsingu-

93 1070 139 1106 lis
155 1071 214 1106 sas
228 1076 334 1107 esset
360 1071 545 1118 propriae
562 1071 771 1117 religiosae
790 1070 1043 1106 confessionis

91 1124 237 1172 placita
252 1125 460 1172 tranquillo
480 1125 612 1160 animo
631 1124 788 1160 sectari.
809 1124 932 1160 Sociis
947 1135 1041 1160 vero

91 1178 270 1214 omnibus
292 1190 430 1226 preces
449 1178 553 1226 ipsas
574 1177 819 1219 recitandas,
847 1180 887 1213 et
913 1188 1043 1213 sacer—

90 1231 245 1268 dotibus
258 1232 454 1268 sacrificia
468 1231 707 1268 celebranda
722 1231 919 1267 indixerat
934 1232 1041 1267 iuxta

90 1296 202 1322 suam
234 1286 521 1329 intentionem;
547 1290 590 1321 ut
616 1296 759 1331 nempe
787 1289 869 1320 tres
897 1296 1041 1320 memo-

92 1344 202 1376 ratae
210 1339 448 1375 christianae
459 1339 769 1381 communiones,
781 1343 915 1384 utpote
929 1350 1042 1385 quae,

93 1393 709 1440 proutaffirmabant‚Ecclesiam
722 1392 953 1428 catholicam
967 1404 1044 1427 om-

91 1458 163 1484 nes
177 1447 290 1483 simul
306 1448 385 1483 iam
398 1445 759 1489 constituissent,ad
772 1457 889 1481 unum
903 1457 1044 1492 corpus

94 1500 380 1538 efformandum
402 1499 559 1536 tandem
585 1499 791 1547 aliquando
819 1499 1044 1535 coivissent.

140 1555 336 1602 Suprema
351 1554 449 1590 S.O.
465 1554 748 1600 Congregati0‚
764 1553 811 1589 ad
831 1553 940 1589 cuius
956 1564 1045 1589 exa-

94 1619 184 1645 men
213 1608 286 1644 hoc
312 1609 514 1655 negotium
543 1607 590 1643 de
617 1618 726 1643 more
754 1607 928 1644 delatum
956 1607 1041 1649 fuit,

94 1662 365 1699 necessarium
396 1661 584 1697 iudicavit
616 1661 749 1697 fideles
777 1661 1042 1696 commonefa-

94 1729 202 1761 cere,
217 1728 266 1754 ne
284 1717 323 1752 in
344 1717 522 1764 laqueum
543 1716 655 1751 huius
673 1715 874 1751 societatis
895 1717 1043 1762 irrepe-

93 1774 197 1814 rent,
217 1774 256 1807 et
282 1770 498 1818 Episcopos
521 1769 697 1806 excitare
716 1773 759 1804 ut
780 1769 816 1804 in
838 1769 1044 1816 propatulo

95 1824 386 1860 haereticorum
427 1823 644 1859 huiusmodi
684 1823 886 1858 molimina
928 1833 1042 1869 pone-

94 1882 195 1914 rent.
209 1879 373 1926 Insuper
399 1889 470 1925 per
489 1878 706 1924 Epistolam
725 1876 800 1912 diei
822 1877 864 1913 16
880 1881 1046 1923 septem-

96 1932 176 1968 bris
202 1931 306 1975 1864,
327 1931 375 1967 ad
394 1943 532 1967 omnes
557 1931 724 1977 Angliae
752 1930 965 1977 Episcopos
982 1930 1045 1966 da-

96 1989 193 2028 tam,
220 1985 462 2026 declaravit,
491 1985 636 2030 placita
663 1983 710 2020 de
737 1984 852 2019 unica
878 1984 1047 2020 ecclesia

94 2051 144 2076 ex
163 2050 340 2081 romana,
363 2039 572 2085 anglicana
599 2043 637 2074 et
663 2048 811 2084 graeca
837 2039 1046 2073 efformata

94 2105 258 2141 prorsus
291 2105 378 2130 esse
406 2092 664 2128 haereticalia
691 2096 729 2127 et
756 2092 1046 2128 constitutionis

95 2159 217 2184 verae
232 2147 435 2183 Ecclesiae
455 2146 600 2183 Christi
621 2145 815 2188 eversiva;
845 2145 930 2181 ideo
958 2146 1046 2181 huic

98 2201 279 2237 societati
299 2201 517 2237 adhaerere
547 2199 649 2235 idem
676 2211 762 2236 esse
782 2210 827 2234 ac
849 2199 1045 2235 haeresim

102 2255 258 2299 fovere;
285 2255 515 2292 societatem
552 2256 677 2301 ipsam
713 2253 761 2289 ad
792 2253 1045 2289 indifferenti-

98 2320 227 2346 smum
253 2310 291 2345 in
319 2309 520 2356 religionis
551 2307 708 2354 negotio
740 2307 975 2354 perducere,
1009 2312 1048 2344 et

102 2374 327 2410 supremam
362 2362 537 2399 scandali
575 2373 620 2397 ac
654 2361 871 2408 spiritualis
910 2362 1047 2397 ruinae

102 2417 320 2463 perniciem
339 2416 501 2452 inferre.
533 2415 646 2451 Unde
665 2416 706 2450 S.
726 2415 773 2450 R.
796 2418 837 2450 et
855 2414 905 2450 U.
926 2415 1048 2462 Inqui-

97 2470 250 2506 sitionis
284 2469 552 2517 Congregatio
579 2469 714 2505 stricte
750 2470 911 2505 vetabat
938 2481 1048 2516 prae-

97 2524 227 2561 dictae
261 2524 439 2560 societati
468 2523 827 2570 quomodocumque
870 2523 1047 2559 favorem

99 2578 344 2625 impendere.
369 2578 503 2614 Missis
530 2577 656 2612 literis
683 2576 731 2612 ad
758 2577 962 2623 episcopos
988 2588 1048 2612 ca-

99 2631 266 2668 tholicos
291 2632 481 2678 Angliae,
509 2631 678 2666 ministri
706 2630 898 2666 ecclesiae
926 2631 1048 2676 angli-

100 2695 224 2722 canae
258 2696 402 2732 magno
433 2685 551 2720 animi
584 2694 731 2730 angore
769 2693 836 2718 eas
872 2683 1048 2730 perlege-

101 2742 204 2774 runt.
222 2740 409 2775 Attamen
435 2738 483 2774 ad
510 2736 626 2774 Card.
658 2735 804 2771 Patrizi
832 2736 933 2771 illius
952 2737 1045 2773 Con-

101 2793 346 2839 gregationis
360 2803 383 2828 a
399 2792 572 2828 Secretis
587 2790 830 2836 scripserunt
847 2801 888 2825 se
905 2789 942 2824 in
963 2802 1048 2836 pro-

99 2850 320 2892 grammate
333 2845 606 2882 associationis
617 2843 718 2878 haud
731 2844 860 2878 animo
873 2855 914 2879 re
922 2847 1047 2889 putas-

99 2910 142 2935 se
163 2900 251 2947 quid
279 2899 495 2936 decernere
514 2898 561 2934 de
581 2897 737 2933 nomine
757 2897 960 2933 Ecclesiae
988 2908 1049 2934 ca-

101 2952 283 2997 tholicae,
297 2953 396 3000 quod
413 2953 484 2988 sibi
496 2951 667 2988 ecclesia
682 2950 892 2996 anglicana
907 2951 1048 2987 tribue-

100 3005 179 3050 bat,
193 3010 324 3043 utrum
340 3017 482 3053 nempe
493 3005 528 3041 ei
543 3006 626 3040 iure
643 3006 901 3050 competeret,
919 3003 987 3040 sed
1003 3016 1048 3041 eo

101 3060 258 3097 nomine
292 3072 404 3096 suam
439 3058 648 3095 ecclesiam
669 3067 931 3104 nuncupasse,
959 3059 1049 3105 quia

102 3112 158 3148 ita
183 3113 381 3160 anglicani
409 3123 496 3149 eam
523 3121 668 3146 vocare
687 3110 828 3146 solent.
848 3111 920 3145 Ast
939 3122 1049 3157 prae-

102 3165 214 3212 cipue
240 3167 278 3202 in
305 3166 378 3202 hoc
405 3166 551 3212 scripto
570 3175 731 3211 scopum
758 3173 852 3199 suae
880 3164 1048 3200 associa-

102 3219 220 3257 tionis
234 3220 494 3258 cohonestare
521 3217 766 3265 satagebant.
784 3216 896 3253 Unde
913 3212 1049 3265 aperte

103 3271 196 3310 fassi
221 3278 327 3320 sunt,
346 3287 388 3313 se
407 3274 510 3312 haud
527 3273 628 3310 velle
648 3276 729 3308 tres
755 3271 960 3316 ecclesias,
975 3272 1049 3308 Ro-

1911 178 1992 220 405

1095 272 1268 303 manam,
1292 261 1554 308 Anglicanam
1574 260 1614 294 et
1632 256 1843 298 Graecam,
1862 252 1978 290 simul
2006 253 2044 289 in

1095 316 1354 352 associatione
1398 315 1503 349 fusas
1546 321 1754 348 remanere
1787 311 1903 356 prout
1941 318 2044 343 nunc

1095 375 1199 413 sunt,
1226 369 1401 415 singulas
1428 378 1537 403 suam
1560 365 1855 413 persuasionem
1874 361 2044 397 retinen-

1094 423 1155 466 do;
1185 423 1256 458 hoc
1299 422 1439 468 quippe
1483 432 1559 455 non
1597 419 1788 455 unitatem
1820 415 1890 452 sed
1934 415 2045 450 dism-

1095 477 1159 512 dia
1186 481 1225 512 et
1269 474 1575 510 dilacerationes
1617 473 1718 508 inter
1752 472 1897 506 fratres
1931 479 2043 516 pare-

1098 535 1170 566 ret.
1192 530 1291 565 Huic
1320 528 1507 574 epistolae
1536 531 1691 563 centum
1721 525 1937 570 nonaginta
1955 526 2044 558 octo

1099 584 1200 619 inter
1226 583 1395 618 decanos
1408 610 1416 624 ,
1435 581 1646 616 canonicos
1664 584 1703 614 et
1722 578 1913 626 parochos
1932 576 2045 612 alios-

1095 648 1168 683 que
1188 635 1480 673 ecclesiasticos
1498 634 1604 669 viros
1623 633 1854 678 anglicanos
1879 630 2044 666 subscri-

1100 694 1275 737 pserunt.
1311 688 1370 723 Ad
1396 688 1494 724 haec
1522 686 1724 732 rescripsit
1749 685 1866 722 Card.
1900 683 2044 719 Patrizi

1100 744 1238 780 leniter
1264 743 1377 779 simul
1413 748 1452 779 et
1486 742 1642 777 sortiter
1677 740 1738 775 die
1764 740 1786 775 8
1819 737 2043 774 novembris

1097 798 1198 833 1865
1229 798 1391 833 Summa
1420 794 1686 843 responsionis
1713 793 1810 828 haec
1840 795 1923 828 est:
1958 790 2040 826 nul-

1095 851 1173 886 lum
1207 850 1292 887 dati
1329 851 1563 898 principium
1599 847 1758 883 unitatis
1794 849 1954 893 praetet
1970 854 2035 879 Ve-

1097 904 1281 948 ritatem,
1314 916 1363 940 ex
1397 915 1471 952 qua
1505 906 1655 939 tantum
1691 900 1820 936 unitas
1860 909 1959 945 quae
1987 897 2037 933 sit

1094 959 1209 994 simul
1236 962 1277 994 et
1293 959 1399 994 utilis
1418 962 1458 994 et
1477 962 1662 993 constans
1682 954 1774 990 oriri
1802 957 1951 1000 potest;
1969 951 2042 986 hoc

1095 1013 1328 1059 principium
1355 1012 1514 1060 operari
1549 1022 1619 1058 per
1654 1019 1770 1044 uuam
1799 1017 1939 1042 veram
1968 1005 2041 1040 Ec-

1095 1066 1271 1109 clesiam,
1290 1077 1390 1113 quae
1418 1076 1560 1112 nempe
1581 1063 1670 1100 Sedi
1692 1061 1797 1097 Petri
1819 1055 2039 1107 copulatur,

1095 1131 1143 1155 ex
1169 1131 1243 1167 qua
1270 1120 1391 1156 veluti
1427 1131 1448 1156 e
1482 1123 1618 1155 centro
1646 1117 1806 1152 Veiitas
1833 1118 1872 1150 et
1897 1113 2039 1148 Unitas

1095 1174 1366 1210 ecclesiastica
1381 1171 1619 1220 pendet-His
1635 1170 1790 1211 adiecit,
1803 1179 1943 1216 preces
1962 1167 2046 1202 fun·

1096 1226 1190 1263 dere
1218 1239 1290 1274 pro
1316 1228 1459 1263 unione
1486 1226 1705 1268 Ecclesiae,
1726 1227 1841 1271 prout
1867 1221 2046 1257 Associa-

1098 1281 1151 1316 tio
1172 1281 1359 1325 dictabat,
1375 1280 1738 1328 praesumptionem
1759 1286 1901 1324 parere
1919 1274 1965 1310 de
1992 1274 2046 1309 in-

1096 1335 1309 1371 stabilitate
1328 1335 1546 1378 Ecclesiae,
1565 1331 1725 1392 perinde
1745 1342 1790 1366 ac
1809 1330 1840 1366 si
1858 1329 1944 1375 ipsa
1961 1339 2045 1375 pos·

1095 1392 1155 1423 set
1180 1388 1217 1423 in
1245 1394 1379 1435 partes
1398 1386 1631 1435 segregari,
1653 1395 1751 1432 quae
1780 1382 2045 1430 praesumptio

1096 1441 1297 1478 haeretica
1336 1446 1421 1486 est;
1448 1452 1539 1477 nam
1566 1440 1709 1487 dogma
1742 1437 1959 1473 revelatum
1987 1439 2046 1471 est

1096 1496 1286 1532 unitatem
1306 1496 1509 1532 Ecclesiae
1544 1493 1690 1531 Christi
1708 1501 1919 1538 numquam
1953 1489 2044 1524 defi-

1097 1561 1188 1586 cere
1214 1554 1255 1586 et
1273 1554 1504 1597 perpetuam
1524 1559 1611 1584 esse
1631 1546 1834 1583 Ecclesiae
1853 1544 2044 1580 unitatem

1097 1608 1213 1650 atque
1240 1603 1583 1645 infallibilitatem,
1612 1601 1666 1636 ita
1690 1604 1733 1635 ut
1759 1598 1938 1635 Ecclesia
1965 1607 2044 1632 ma-

1096 1658 1221 1703 gistra
1247 1662 1307 1694 est
1325 1670 1396 1694 ver
1400 1657 1503 1693 itatis
1523 1657 1562 1691 in
1581 1656 1653 1690 1100
1671 1654 1818 1697 seculo,
1838 1655 1954 1700 prout
1970 1651 2044 1687 fuit

1099 1712 1135 1746 in
1152 1724 1269 1759 supei
1275 1712 1421 1747 ioribus
1438 1721 1558 1771 usque
1571 1709 1620 1745 ad
1638 1709 1822 1755 primurn
1815 1706 1917 1742 ·Ut1'
1910 1715 2045 1752 iusque

1097 1764 1317 1801 documenti
1347 1766 1582 1801 concinnum
1617 1759 1945 1798 commentarium
1983 1758 2047 1794 de-

1097 1819 1151 1855 dit
1177 1820 1507 1867 Archiepiscopus
1533 1814 1879 1853 XVestmonasterii
1905 1813 2045 1848 Henri
2064 1817 2066 1819 '

1099 1884 1166 1908 cus
1183 1871 1616 1918 EduardusManning
1609 1883 1648 1906 m
1662 1869 1828 1917 epistola
1854 1866 2042 1914 pastorali

1098 1937 1198 1962 anno
1227 1927 1317 1964 1866
1344 1938 1440 1963 0101
1444 1928 1555 1962 ata1

1144 1981 1375 2016 Huiusmodi
1394 1990 1596 2027 congruae
1615 1977 1862 2026 provisiones
1881 1975 1929 2011 ad
1947 1974 2044 2021 opti-

1098 2045 1203 2069 mum
1231 2035 1378 2070 exitum
1405 2046 1489 2070 rem
1513 2033 1728 2075 duxerunt;
1755 2029 1945 2077 siquidem
1971 2029 2044 2064 Ec-

1097 2088 1216 2123 clesia
1257 2089 1450 2124 catholica
1483 2097 1650 2122 romana
1690 2086 1794 2121 ultra
1831 2093 2045 2131 progressa

1097 2146 1173 2185 est,
1193 2146 1233 2177 et
1259 2142 1428 2178 hostium
1455 2141 1618 2177 insidiae
1645 2140 1685 2175 in
1712 2149 1869 2186 pessum
1894 2137 2042 2173 abiere.

1103 2195 1155 2230 Et
1181 2207 1324 2232 revera
1341 2200 1432 2232 ante
1462 2200 1502 2232 et
1528 2198 1615 2242 post
1640 2194 1712 2229 hoc
1739 2198 1905 2239 tempus,
1934 2191 2049 2237 plura

1100 2249 1273 2285 Concilia
1300 2249 1555 2297 provincialia
1582 2248 1781 2284 celebrata
1805 2244 1950 2282 suntin
1969 2245 2046 2278 An-

1100 2303 1192 2349 glia‚
1222 2315 1321 2351 quae
1359 2303 1629 2340 saluberrimis
1668 2302 1818 2348 legibus
1857 2299 2043 2345 religiosa

1099 2357 1337 2393 dioecesium
1365 2357 1525 2404 negotia
1543 2356 1788 2398 ordinarunt;
1810 2353 1925 2388 latius
1952 2362 2038 2398 pro-

1099 2415 1243 2457 pagata
1262 2412 1300 2447 in
1319 2411 1401 2448 dies
1420 2410 1614 2447 catholica
1631 2409 1741 2451 fides,
1760 2411 1799 2443 et
1819 2406 2039 2452 complures

1099 2465 1298 2501 nobilitate
1325 2465 1483 2512 generis
1509 2468 1549 2500 et
1577 2462 1755 2498 doctiina
1788 2462 2038 2507 plaestantes

1099 2517 1147 2552 ad
1174 2520 1363 2555 unitatem
1383 2519 1586 2554 Ecclesiae
1607 2515 1794 2558 revocati;
1815 2515 1954 2551 Clerus
1982 2511 2046 2548 ad-

1100 2572 1254 2608 modum
1289 2577 1450 2616 auctus,
1477 2577 1618 2607 auctae
1654 2569 1804 2617 pariter
1831 2567 2044 2614 religiosae

1099 2625 1237 2662 domus
1256 2656 1263 2670 ‚
1292 2639 1369 2662 non
1397 2626 1512 2662 modo
1541 2636 1589 2661 ex
1616 2622 1863 2670 regularibus
1890 2621 2044 2656 Ordini-

1100 2680 1182 2723 bus,
1203 2681 1271 2717 sed
1298 2681 1419 2717 exiis
1439 2680 1558 2716 etiam
1578 2676 1863 2714 recentioribus
1880 2673 2042 2710 Institu-

1099 2734 1162 2777 cis,
1188 2746 1286 2781 quae
1313 2733 1564 2769 moderandis
1591 2731 1899 2767 adolescentium
1927 2727 2040 2762 mori-

1100 2788 1168 2823 bus
1186 2788 1441 2824 velcaritatis
1457 2786 1638 2834 operibus
1653 2782 1882 2821 exercendis
1897 2783 2042 2828 optime

1097 2840 1144 2877 de
1170 2853 1213 2877 re
1241 2841 1455 2876 christiana
1481 2845 1520 2875 et
1546 2839 1650 2874 civili
1676 2837 1864 2874 societate
1891 2846 2045 2871 merue-

1099 2899 1210 2939 runt;
1240 2894 1449 2930 constituta
1468 2894 1532 2939 pia
1553 2892 1739 2928 laicorum
1759 2889 1955 2932 sodalitia;
1978 2899 2044 2924 no-

1099 2960 1171 2985 vae
1200 2949 1403 2984 missiones
1438 2957 1666 2993 novaequae
1694 2944 1884 2981 ecclesiae
1911 2953 2043 2990 quam-

1100 3003 1230 3050 plures
1267 3006 1453 3044 erectae,
1493 3001 1610 3036 nobili
1649 3001 1837 3036 instructu
1874 2997 2041 3041 divites,

1099 3056 1261 3102 egregio
1278 3056 1385 3091 cultu
1403 3054 1586 3098 decorae3
1603 3053 1803 3100 permulta
1816 3051 1935 3088 etiam
1950 3050 2042 3087 item

1144 3181 1153 3202 ¹
1181 3180 1213 3211 L'
1234 3179 1359 3212 union'e
1394 3178 1482 3210 della
1525 3174 1741 3216 Cris-tianitd,
1772 3175 1904 3209 Lettera
1928 3174 2043 3216 pasto-

1098 3229 1170 3260 rale
1195 3227 1229 3258 al
1256 3225 1350 3259 Clero
1376 3229 1439 3257 etc.
1459 3224 1488 3255 di
1511 3223 1625 3255 Enrico
1656 3224 1799 3255 Eduardo
1827 3221 2038 3253 Arcivescovo

1099 3272 1128 3305 di
1154 3271 1396 3312 Westminster‚
1424 3271 1520 3303 Roma
1548 3269 1646 3310 1866,
1672 3270 1778 3303 versio
1804 3269 1925 3302 italica.
