2241 3473
581 193 706 224 stVE
733 193 786 221 AD
815 191 1125 225 CONVERSIONEM
1153 192 1415 221 CONSTANTINI
1442 191 1490 220 M.

126 256 254 299 Quum
274 255 386 304 paulo
405 258 490 305 post
508 255 790 306 persecutionis
811 255 921 292 furor
935 266 1012 293 ma-

74 308 180 348 xime
195 309 235 346 in
255 308 348 347 Asia
367 309 588 355 exarsisset,
603 309 679 347 illic
694 308 811 346 etiam
828 307 901 344 viri
917 320 1010 345 eru-

74 362 145 401 diti
173 373 242 411 pro
270 361 489 400 christianis
516 361 712 411 apologias
740 361 927 409 scripsero
945 390 953 405 ,
973 360 1011 397 in

73 415 211 465 quibus
241 415 402 453 crimina
421 415 468 453 iis
487 415 638 452 obiecta
656 413 876 459 diluerunt,
896 413 1010 450 Reli-

74 468 198 518 gionis
226 468 461 506 christianae
478 468 646 506 indolem
667 468 953 516 exposuerunt,
973 468 1013 504 et

74 522 119 559 ut
137 521 345 559 secundum
365 521 552 559 iustitiam
572 531 658 557 cum
677 519 722 557 iis
738 521 935 567 ageretur,
952 531 1013 567 po-

73 573 331 612 stulaverunt.
353 574 394 612 Id
411 574 587 611 fecerunt
601 572 665 621 qui
681 574 917 621 sequuntur:
935 571 1010 609 Me-

72 626 141 665 lito
161 628 360 677 episcopus
385 626 598 671 Sardensis,
618 625 686 676 qui
706 636 773 673 pro
793 624 1012 662 christianis

72 679 296 730 imperatori
326 680 378 718 M.
404 678 563 717 Aurelio
593 678 822 727 Apologiam
843 677 1010 723 obtulit,

73 734 185 771 cuius
205 734 327 771 solum
340 734 516 782 superest
531 731 851 780 fragmentum.1n
868 743 913 768 eo
930 742 1012 779 per-

74 786 233 836 stringit
252 788 386 823 auctor
405 785 620 823 inauditam
640 783 1012 833 impudentiam,qua

74 842 209 878 contra
226 838 400 876 innoxios
415 839 454 875 in
474 837 567 875 Asia
587 837 845 874 saeviebatur.
870 848 891 873 ‹<
912 837 1011 874 Per-

73 893 309 930 secutionem
330 891 486 940 patitur,
498 889 632 939 inquit,
649 890 798 939 piorum
814 889 1011 927 hominum

72 956 205 993 genus,
220 944 329 982 novis
344 955 412 993 per
426 944 558 981 Asiam
575 943 740 981 decretis
757 943 1011 992 exagitatum.

72 997 397 1046 Impudentissimi
421 1008 585 1047 namque
605 996 794 1034 delatores
814 999 854 1033 et
873 995 1014 1033 aliena-

72 1062 159 1088 rum
174 1062 288 1099 opum
305 1050 447 1099 cupidi,
459 1062 508 1087 ex
523 1049 786 1098 imperialibus
802 1049 938 1086 edictis
956 1061 1015 1086 oc-

72 1104 267 1141 casionem
297 1103 414 1149 nacti,
441 1104 568 1152 palam
598 1103 661 1140 diu
683 1104 876 1151 noctuque
897 1113 1012 1151 gras-

72 1158 208 1194 santur
222 1156 461 1205 spoliantque
481 1156 653 1194 homines
672 1156 851 1193 innoxios
871 1166 905 1192 ›>.
927 1155 1012 1192 Ro-

72 1210 190 1258 gabat
214 1209 506 1258 imperatorem,
537 1211 601 1255 ut,
621 1209 652 1247 si
675 1209 755 1258 ipse
780 1209 820 1246 id
841 1208 1012 1252 iusserit,

71 1262 179 1312 prius
198 1262 494 1300 christianorum
515 1273 670 1300 causam
690 1262 902 1299 secundum
917 1261 1012 1299 iuris

71 1315 234 1354 formam
249 1318 511 1364 cognosceret,
523 1315 763 1364 videretque,
777 1317 907 1352 utrum
923 1326 1007 1363 sup-

72 1368 196 1418 pliciis
211 1369 311 1407 affici
325 1380 376 1406 an
391 1369 517 1407 securi
532 1368 666 1406 vivere
683 1368 1015 1405 mererentur.De-

72 1421 160 1459 inde
181 1422 420 1469 ostendebat,
433 1421 620 1471 quomodo
637 1421 847 1459 christiana
862 1420 1014 1469 Religio

73 1476 143 1512 sub
169 1475 385 1525 principatu
406 1475 575 1525 Augusti
595 1476 693 1512 bono
714 1475 866 1523 publico
886 1474 1015 1512 adole-

73 1528 211 1575 visset;
231 1528 549 1577 supplicabatque
568 1527 620 1565 M.
631 1527 845 1573 Aurelium,
858 1529 913 1572 ut,
926 1538 1016 1575 que-

73 1581 318 1619 madmodum
346 1581 568 1619 Hadrianus
594 1583 632 1618 et
660 1580 881 1618 Antoninus
909 1579 1014 1617 fece-

73 1637 173 1680 rant,
188 1634 362 1672 insontes
377 1634 517 1672 Christi
529 1634 700 1671 cultores
715 1638 849 1671 contra
863 1633 1016 1680 iniquas

75 1687 338 1736 oppressiones
352 1688 453 1725 tueri
468 1687 589 1724 vellet
602 1686 626 1724 ¹.
642 1687 839 1724 Miltiades
855 1688 895 1723 et
905 1686 1018 1734 Apol-

73 1739 209 1778 linaris
241 1740 440 1789 episcopus
472 1740 788 1789 Hierapolitanus
815 1739 854 1776 in
883 1739 1015 1787 Phry-

74 1794 151 1842 gia,
170 1793 286 1831 etiam
303 1805 370 1842 pro
386 1793 605 1830 christianis
622 1793 883 1841 apologeticos
898 1792 1016 1829 libros

74 1846 324 1895 scripserunt,
344 1847 409 1894 qui
428 1846 580 1894 penitus
600 1846 830 1883 exciderunt
845 1843 870 1882 2.
887 1845 1015 1882 Athe-

75 1911 260 1948 nagoras,
279 1899 526 1936 Atheniensis
542 1929 550 1944 ,
572 1911 592 1935 e
613 1899 837 1948 philosopho
858 1898 1014 1935 ethnico

74 1952 318 1998 christianus,
339 1953 446 1990 cuius
465 1952 652 2000 Apologia
671 1953 719 1989 ad
739 1951 791 1988 M.
812 1951 1013 1988 Aurelium

73 2004 230 2054 eiusque
249 2005 370 2042 filium
391 2008 429 2043 et
448 2004 600 2053 imperii
618 2008 835 2042 consortem
851 2004 893 2040 L.
911 2003 1016 2041 Com-

73 2059 228 2095 modum
243 2059 398 2108 integra
417 2061 600 2106 superest.
622 2058 665 2094 In
685 2070 730 2095 ea
750 2056 933 2106 graphice
951 2058 1014 2094 de-

74 2112 289 2161 pinguntur
308 2111 461 2160 iniquae
477 2111 705 2148 vexationes
721 2114 760 2147 et
773 2111 1015 2159 persecutio-

75 2176 165 2211 nes,
192 2176 291 2213 quae
317 2165 356 2202 in
376 2164 605 2202 christianos
624 2164 933 2209 suscitabantur3
953 2163 1014 2200 hi-

76 2229 150 2266 que
169 2230 193 2255 a
212 2218 438 2267 vulgaribus
457 2217 659 2255 calumniis
679 2216 877 2262 atheismi‚
896 2217 1016 2265 thye-

75 2272 247 2308 stearum
267 2271 486 2320 epularum,
504 2270 710 2308 incestuosi
727 2269 952 2307 concubitus
972 2282 1016 2307 e-

76 2324 207 2373 gregie
226 2324 470 2362 vindicantur
486 2322 512 2362 ³.

128 2376 274 2414 Verum
289 2378 464 2426 quamvis
480 2377 531 2415 M.
548 2376 729 2414 Aurelius
744 2388 808 2413 eas
821 2376 1017 2426 apologias

79 2431 269 2478 acceperit
286 2431 517 2480 legeritque,
536 2432 667 2468 tamen
685 2430 826 2467 stoicus
843 2430 924 2467 eius
941 2429 1018 2467 ani-

78 2493 164 2520 mus
180 2483 272 2520 nihil
285 2483 397 2522 iustis
413 2483 642 2521 afflictorum
659 2483 836 2533 precibus
851 2482 924 2520 fuit
939 2495 1019 2532 per-

78 2538 216 2574 motus.

131 2588 194 2626 24.
216 2589 425 2638 Martyres
441 2612 490 2619 —
510 2591 786 2628 Persecutione
821 2589 1017 2627 saeviente

80 2641 279 2679 christiani
300 2644 605 2691 praeclarissima
625 2642 862 2681 constantiae
882 2654 1018 2680 exem-

79 2694 144 2744 pla
168 2695 373 2742 dederunt,
403 2709 666 2746 quaecumque
687 2696 813 2746 potius
832 2695 1019 2745 supplicia

79 2748 159 2797 pati
175 2759 289 2796 quam
300 2748 436 2787 Fidem
451 2751 640 2799 abnegare
656 2749 853 2799 eligentes.
870 2750 1018 2787 Romae

80 2804 234 2850 praeter
253 2812 282 2839 s.
304 2801 495 2839 Iustinum
521 2804 681 2851 eiusque
701 2803 843 2848 socios,
863 2803 1017 2850 marty-

79 2854 179 2892 rium
199 2855 368 2903 perpessi
386 2855 567 2903 leguntur
586 2855 833 2893 Ptolomaeus
854 2867 943 2893 cum
959 2867 1017 2892 so-

81 2906 162 2953 ciis,
180 2907 364 2946 Anicetus
385 2920 483 2957 papa
501 2910 539 2945 et
558 2908 623 2946 alii
639 2922 649 2955 3
670 2908 828 2957 Spoleti,
848 2909 1017 2946 Concor-

81 2959 164 2998 dius
183 2961 388 3010 presbyter
408 2963 448 2998 et
469 2961 700 3007 Pontianus3
718 2962 874 3007 Atinae,
894 2961 1016 2998 Iulia—

82 3024 174 3061 nus3
194 3014 397 3052 Heracliae
412 3014 450 3051 in
466 3014 850 3063 Thracia‚Glyceria;
865 3014 903 3051 in
919 3015 1019 3052 Pon-

122 3117 134 3139 ¹
150 3119 238 3159 Apud
253 3120 374 3157 Euseb.,
389 3118 473 3151 Hist.
488 3119 561 3150 eccl.
576 3118 596 3149 l.
612 3118 661 3157 IV,
675 3128 699 3150 c.
716 3118 765 3150 26.

121 3158 136 3181 2
151 3161 241 3199 lbid.;
257 3171 282 3192 s.
300 3161 431 3199 Hieron,
450 3160 598 3201 Cataloy.

122 3199 137 3222 ³
151 3202 237 3233 Extat
259 3202 298 3233 ad
314 3201 404 3234 finem
421 3202 571 3242 Operum
587 3211 611 3232 s.
628 3200 747 3239 lustiui,
763 3201 834 3232 edit.
850 3203 970 3243 Maran3
987 3210 1017 3234 e-

83 3242 156 3274 tiam
168 3251 281 3284 graece
295 3247 326 3276 et
341 3244 434 3275 latine
449 3244 530 3276 edita
545 3247 593 3275 est
608 3243 725 3282 Oxonii,
742 3241 829 3274 1682.

1055 257 1106 301 to,
1126 255 1290 294 Hermas
1310 255 1439 302 miles3
1455 253 1648 300 Damasci,
1664 253 1801 292 Victor
1817 255 1856 291 et
1870 253 1990 291 Coro-

1057 320 1119 355 na;
1136 310 1316 358 Pergami
1332 309 1369 345 in
1384 309 1487 354 Asia,
1498 307 1646 356 Carpus
1657 307 1992 355 episcopusThya-

1054 361 1220 406 tirensis,
1242 361 1415 410 Papylus
1430 361 1612 399 diaconus
1631 360 1788 408 eiusque
1807 370 1915 396 soror
1934 359 1992 396 A-

1055 414 1282 462 gathonica3
1302 414 1508 463 Smyrnae,
1524 413 1766 462 polycarpus
1782 412 1991 461 episcopus.

1055 467 1128 504 Sed
1146 470 1300 515 praeter
1314 467 1394 514 hos,
1410 478 1574 515 quorum
1592 466 1751 503 nomina
1766 466 1813 502 ad
1830 476 1897 502 nos
1913 476 1994 513 per-

1055 521 1259 565 venerunt,
1279 518 1373 557 alios
1392 519 1577 568 plurimos
1598 518 1788 567 martyrio
1807 517 1925 555 fuisse
1942 517 1995 555 af-

1057 572 1188 616 fectos,
1219 575 1301 609 tum
1333 584 1353 609 e
1387 572 1610 610 memoratis
1636 571 1819 621 apologiis
1838 573 1923 609 tum
1945 582 1993 608 ex

1055 625 1140 662 aliis
1160 625 1417 663 monumentis
1437 625 1628 662 evincitur
1646 624 1670 662 ¹.

1107 678 1228 715 Extat
1247 677 1345 715 hanc
1361 678 1399 714 in
1421 689 1499 714 rem
1523 677 1829 726 praeclarissima
1852 676 1995 726 episto-

1057 731 1105 777 la,
1125 742 1243 779 quam
1264 730 1462 767 christiani
1483 730 1688 778 Smyrnaei
1706 731 1753 768 ad
1769 730 1864 768 alias
1880 729 1997 767 eccle-

1055 783 1131 821 sias
1147 784 1385 832 scripserunt
1394 782 1420 820 ².
1434 783 1609 820 Narrant
1624 784 1662 820 in
1679 795 1736 829 ea,
1753 783 1996 832 quemadmo-

1055 836 1146 873 dum
1165 836 1364 874 christiani
1386 835 1554 883 undique
1571 836 1775 884 conquisiti
1797 839 1835 873 et
1854 836 1995 885 Smyr-

1057 901 1145 926 nam
1161 890 1209 926 ad
1226 889 1492 938 proconsulem
1509 888 1695 937 perducti,
1709 888 1996 927 immanissimis

1055 942 1251 991 suppliciis
1271 942 1589 980 excruciarentur
1605 971 1614 987 ,
1637 941 1684 978 ad
1703 942 1856 979 viscera
1877 953 1997 990 usque

1057 995 1363 1033 dilacerarentur
1391 995 1454 1032 vel
1473 994 1512 1031 in
1533 994 1657 1032 acutis
1676 996 1865 1032 testarum
1887 994 1998 1043 frag-

1057 1048 1195 1086 mentis
1225 1049 1507 1086 volutarentur.
1536 1047 1709 1088 Quorum
1728 1047 1898 1085 omnium
1918 1050 2000 1085 tan-

1056 1104 1096 1138 ta
1116 1103 1202 1139 erat
1220 1101 1259 1138 in
1278 1100 1512 1150 perferendis
1533 1100 1731 1149 suppliciis
1751 1100 1938 1138 fortitudo
1953 1112 1998 1137 ac

1057 1154 1254 1202 patientia,
1279 1157 1322 1192 ut
1341 1154 1413 1202 ipsi
1433 1155 1598 1191 tortores
1615 1153 1868 1190 mirarentur.
1891 1152 1998 1191 Nar-

1057 1210 1146 1244 rant
1161 1207 1309 1253 deinde,
1326 1207 1513 1256 quomodo
1530 1208 1618 1255 post
1630 1206 1763 1255 plures
1780 1206 1875 1243 alios
1891 1218 1919 1243 s.
1930 1207 1999 1243 Po-

1057 1262 1237 1309 lycarpus
1259 1261 1460 1310 episcopus
1481 1260 1529 1297 ad
1549 1271 1682 1297 necem
1704 1259 1941 1308 conquisitus
1962 1260 2001 1295 et

1058 1325 1186 1352 coram
1198 1314 1326 1351 iudice
1337 1314 1473 1351 Fidem
1488 1312 1699 1359 confessus,
1712 1313 1750 1350 in
1767 1324 1904 1362 rogum
1922 1311 2002 1349 fue-

1059 1366 1109 1404 rit
1136 1367 1318 1414 iniectus3
1346 1379 1513 1415 cumque
1532 1378 1555 1403 a
1574 1366 1740 1403 flammis
1771 1378 1847 1403 non
1867 1365 2000 1402 laede-

1059 1422 1180 1466 retur,
1189 1420 1317 1469 gladio
1329 1419 1527 1457 confossus
1543 1420 1582 1456 et
1597 1420 1635 1456 in
1652 1419 1780 1468 ignem
1794 1418 2000 1464 coniectus,

1058 1473 1175 1511 fuerit
1199 1474 1404 1511 crematus.
1425 1473 1596 1518 Addunt,
1617 1484 1656 1510 se
1678 1472 1761 1510 eius
1781 1484 1880 1518 ossa,
1904 1482 2003 1519 quae

1059 1529 1298 1576 supererant,
1327 1526 1544 1575 collegisse,
1564 1528 1604 1562 et
1632 1530 1815 1573 tanquam
1839 1524 2001 1574 gemmis

1058 1579 1346 1629 pretiosissimis
1374 1580 1524 1617 cariora
1543 1578 1582 1615 in
1603 1578 1686 1616 loco
1707 1579 1843 1616 decoro
1864 1576 2001 1615 condi-

1058 1633 1170 1680 disse,
1183 1633 1245 1670 ubi
1264 1632 1443 1680 martyrii
1464 1632 1546 1670 eius
1562 1631 1789 1669 memoriam
1805 1631 1999 1669 celebran-

1059 1687 1105 1723 do
1126 1686 1333 1735 quotannis
1354 1685 1452 1723 sesto
1469 1685 1695 1722 recolerent.

1111 1740 1172 1777 Ita
1199 1739 1445 1787 Smyrnensis
1470 1737 1633 1775 ecclesia
1659 1739 1706 1775 ad
1738 1737 1832 1775 alias
1847 1735 1999 1785 scripsit

1059 1793 1104 1829 de
1131 1805 1160 1830 s.
1186 1791 1396 1840 Polycarpi
1415 1791 1588 1837 exuviis3
1609 1803 1684 1839 quo
1705 1791 1907 1839 antiquum
1932 1801 1998 1826 ec-

1060 1845 1265 1883 clesiarum
1290 1856 1439 1882 morem
1464 1845 1503 1881 in
1530 1844 1763 1881 venerandis
1783 1845 2000 1891 martyrum

1058 1898 1230 1946 reliquiis
1246 1901 1285 1935 et
1304 1897 1546 1934 celebrandis
1566 1908 1701 1933 eorum
1717 1896 1910 1933 natalibus
1927 1895 1999 1932 do-

1057 1963 1200 1988 cemur.
1218 1951 1278 1988 Ita
1292 1950 1411 1987 etiam
1426 1950 1579 1988 saeculo
1595 1952 1779 1997 sequente
1795 1961 1823 1986 s.
1842 1948 2003 1997 Cypria-

1058 2016 1128 2042 nus
1141 2035 1150 2051 ,
1179 2004 1380 2052 episcopus
1400 2003 1715 2051 Carthaginensis
1730 2032 1740 2049 ,
1762 2002 1833 2039 sibi
1854 2014 1877 2039 a
1897 2001 2000 2038 clero

1057 2070 1125 2095 suo
1151 2057 1312 2095 sollicite
1339 2056 1549 2105 significari
1578 2056 1702 2093 voluit
1727 2055 1830 2101 dies,
1861 2055 2001 2103 quibus

1058 2112 1251 2159 martyres
1280 2110 1559 2147 occubuissent.
1591 2119 1615 2147 «
1642 2108 1708 2154 Ut,
1732 2108 1873 2157 inquit,
1894 2107 2000 2144 cele-

1057 2165 1220 2201 brentur
1239 2164 1301 2201 hic
1320 2176 1343 2201 a
1360 2162 1468 2200 nobis
1494 2162 1707 2200 oblationes
1742 2164 1781 2199 et
1811 2159 2002 2199 sacrificia

1058 2218 1104 2254 ob
1121 2216 1505 2254 commemorationes
1522 2227 1654 2253 eorum
1670 2213 1684 2235 ³
1700 2226 1734 2252 ».

1109 2270 1171 2308 25.
1193 2270 1252 2308 Ss.
1273 2271 1470 2307 Anicetus
1488 2298 1497 2314 ,
1529 2269 1658 2313 Soter,
1686 2273 1726 2305 et
1751 2267 2003 2305 Eleutherus

1059 2324 1491 2372 Pontz‘ficeS——Interea
1507 2335 1568 2360 an.
1582 2321 1737 2359 circiter
1758 2321 1831 2358 165
1847 2332 1876 2358 s.
1886 2319 2002 2357 Pium

1058 2377 1097 2414 in
1127 2378 1304 2414 Romano
1326 2375 1549 2425 pontificatu
1571 2374 1723 2423 excepit
1742 2387 1770 2412 s.
1793 2373 1975 2411 Anicetus
1991 2401 2001 2416 ,

1058 2431 1200 2479 Syrus;
1223 2430 1288 2478 qui
1316 2441 1401 2466 cum
1430 2428 1475 2466 D.
1498 2428 1736 2477 PolycarpO,
1757 2429 1800 2464 ut
1820 2425 2001 2471 diximus,

1059 2484 1103 2520 de
1140 2483 1371 2520 celebrando
1403 2482 1595 2519 Paschate
1623 2481 1807 2525 contulit,
1834 2483 1873 2516 et
1902 2490 2001 2516 anno

1059 2536 1303 2586 pontificatus
1324 2536 1382 2572 sui
1399 2538 1538 2572 octavo
1554 2535 1703 2571 Romae
1719 2535 1870 2580 martyr
1886 2543 2002 2568 occu-

1059 2590 1450 2634 buit—Constituit,
1471 2588 1527 2625 ait
1545 2587 1662 2625 Liber
1682 2584 1934 2630 Pontificalis‚
1955 2589 2006 2620 ut

1064 2643 1248 2680 Clericus
1267 2654 1423 2680 comam
1442 2653 1526 2678 non
1547 2641 1754 2684 nutriret,
1777 2637 2003 2676 secundum

1052 2701 1318 2746 praeceptum
1336 2695 1523 2745 Apostoli
1535 2693 1560 2732 ⁴¹.

1099 2828 1108 2849 ¹
1127 2827 1265 2865 Ruinart,
1281 2809 1413 2856 Praefat.
1431 2823 1468 2853 ad
1486 2824 1569 2853 Acta
1584 2831 1626 2852 ss.
1642 2819 1750 2852 Mart.

1098 2868 1113 2890 2
1128 2868 1215 2908 Apud
1231 2867 1354 2905 Euseb,
1369 2865 1451 2896 Hist.
1469 2864 1541 2894 eccl.
1558 2863 1577 2894 l.
1594 2864 1640 2902 IV,
1655 2872 1681 2894 c.
1699 2861 1754 2901 163
1772 2860 1909 2900 Cotclier‚
1927 2860 2002 2892 Pa-

1060 2917 1131 2942 tres
1147 2908 1224 2941 aevi
1239 2913 1345 2948 apost.

1099 2952 1113 2973 3
1129 2951 1241 2991 Epist.
1254 2949 1293 2981 34
1308 2951 1336 2979 et
1351 2947 1399 2978 37.

1099 2993 1112 3015 4
1129 2994 1156 3024 S.
1175 2994 1322 3022 Damasus
1340 2988 1463 3028 (Epist.
1479 2987 1527 3027 8),
1544 2987 1735 3018 ordinatores
1754 2993 1887 3026 arguens
1907 2984 2002 3014 Maxi-

1058 3035 1097 3065 mi
1114 3034 1222 3073 cyrici,
1235 3032 1285 3071 qui
1301 3035 1439 3061 comatus
1453 3029 1491 3059 ab
1504 3030 1548 3059 eis
1561 3029 1719 3060 ordinatus
1733 3028 1841 3064 fuerat,
1854 3027 1909 3056 ait:
1926 3023 2002 3056 Non

1058 3077 1216 3116 leyerant
1231 3070 1428 3112 Apostolum
1444 3070 1664 3101 scribentem:
1687 3081 1699 3098 «
1718 3070 1767 3099 Vir
1782 3072 1893 3105 autem,
1909 3067 1935 3098 si
1951 3075 2001 3097 co-

1059 3126 1138 3148 mam
1156 3116 1283 3150 nutriat,
1299 3113 1466 3152 ignominia
1481 3115 1526 3142 est
1540 3112 1582 3142 illi
1599 3123 1625 3142 ».
1643 3112 1697 3143 Ubi
1715 3109 1860 3150 generale
1877 3108 1918 3138 ad‘
1933 3116 2001 3138 om·—

1060 3167 1113 3189 nes
1138 3157 1220 3187 viros
1243 3156 1456 3194 praeceptum,
1479 3153 1655 3192 specialiter
1677 3152 1717 3182 ad
1734 3151 1865 3182 Clericos
1881 3149 2002 3180 videtur

1059 3200 1185 3230 referre.
1199 3198 1305 3228 Petrus
1320 3196 1474 3232 Constant,
1482 3194 1512 3224 in
1524 3204 1550 3225 s,
1562 3193 1713 3232 Aniceto,
1722 3195 1741 3223 t.
1754 3192 1768 3223 I
1780 3191 1889 3231 Epist.
1903 3190 2001 3221 Rom.

1059 3240 1168 3279 Pont.;
1181 3237 1350 3270 Amalarius
1365 3235 1395 3277 (1.
1408 3236 1487 3267 nde
1498 3235 1584 3268 Ecce.
1600 3235 1655 3277 off.
1671 3244 1697 3267 c.
1711 3234 1739 3273 5,
1753 3234 1783 3265 in
1799 3237 1818 3264 t.
1834 3233 1896 3265 XIV
1913 3231 2000 3263 Bibe.
