2241 3473
268 120 346 158 258

218 187 298 240 cto,
319 195 520 231 Romanus
545 192 798 239 Lecapenus,
825 190 927 238 apud
948 199 1064 236 quem
1082 190 1176 225 tunc

221 246 378 285 Summa
398 257 529 282 rerum
550 245 653 288 erat,
686 244 733 280 ad
755 243 887 280 sedem
909 242 975 290 Cp.
998 241 1177 278 ordinan-

218 287 312 337 dum
324 298 483 336 curavit
497 296 751 345 Tryphonem
767 295 1000 332 monachum
1010 294 1177 330 eximiae

218 351 389 396 Pietatis,
418 350 484 386 sed
505 349 650 396 ealege
672 351 715 385 ut
736 348 1054 396 patriarchatum
1070 347 1179 383 cede-

220 408 282 442 ret
296 402 440 441 iuniori
455 401 724 449 Teophylacto
735 401 904 438 Romani
917 399 1010 445 filio,
1023 399 1178 447 quando

219 458 283 495 hic
305 457 352 493 ad
375 455 594 502 legitimam
616 458 786 491 aetatem
811 453 1066 502 pervenisset.
1103 452 1178 488 Sed

219 509 430 557 Tryphon,
452 509 587 555 postea
620 506 794 543 Romani
822 505 1014 552 Lecapeni
1046 504 1178 541 odium

219 561 401 605 subiit,et
421 571 482 596 an.
495 559 571 597 931
591 559 673 596 eius
693 559 832 596 fraude
847 558 1035 603 deiectus,
1048 558 1086 593 in
1100 569 1180 594 mo-

221 612 440 652 nasterium
471 623 586 649 suum
610 623 816 660 regressus
838 612 908 648 est.
931 611 1043 647 Tunc
1073 610 1182 647 sedes

219 668 299 715 Cp.,
312 669 473 714 propter
488 665 680 702 iuniorem
696 667 870 702 aetatem
881 662 1181 711 Theophylacti,

218 719 375 757 vacavit
396 730 519 765 usque
539 719 587 755 ad
608 729 667 755 an.
691 718 769 756 933
787 747 796 763 ,
817 729 894 765 quo
916 716 947 752 is
964 745 972 761 ,
995 715 1179 762 quamvis

220 774 375 810 tantum
409 771 455 808 16
477 771 587 808 annis
610 773 728 807 natus
742 800 751 816 ,
774 769 1004 818 patriarcha
1024 768 1182 805 ordina-

220 828 285 862 tus
306 826 376 862 est.
391 824 724 872 Theophylactus,
743 822 924 860 mollitiei
943 821 1113 865 deditus,
1131 832 1185 856 se-

221 879 308 915 dem
341 877 406 925 Cp.
442 877 657 914 infamibus
693 877 867 913 moribus
901 872 1184 912 dehonestavit

224 942 346 978 usque
376 930 424 967 ad
451 942 512 967 an.
535 930 635 975 956,
656 942 730 978 quo
753 928 931 966 decessit.
955 928 998 964 In
1020 927 1102 963 eius
1122 927 1184 963 lo-

222 995 309 1021 cum
331 983 518 1020 suffectus
540 986 599 1019 est
618 983 863 1031 Polyeuctus
881 981 1107 1025 monachus,
1122 979 1185 1027 qui

222 1049 246 1075 a
265 1036 412 1074 teneris
439 1036 647 1073 sanctioris
674 1036 782 1072 vitae
803 1035 1030 1071 institutum
1051 1039 1184 1070 secta-

223 1094 299 1135 tus,
321 1090 357 1126 in
376 1090 468 1126 sede
485 1089 550 1138 Cp.
569 1101 691 1127 sanae
707 1088 910 1126 doctrinae
927 1099 971 1123 ac
989 1087 1184 1123 virtutum

223 1143 339 1180 laude
360 1143 502 1180 claruit
527 1154 647 1190 usque
668 1143 717 1179 ad
739 1152 883 1178 annum
901 1140 979 1177 970
998 1138 1021 1176 ¹.

280 1197 375 1233 Post
390 1198 559 1232 mortem
580 1194 828 1232 Constantini
855 1192 1184 1242 porphyrogeniti

226 1249 339 1298 (959)
360 1249 569 1297 imperium
592 1259 780 1296 graecum
804 1259 925 1295 usque
950 1247 998 1283 ad
1020 1258 1082 1283 an.
1109 1246 1186 1283 963

226 1302 353 1339 tenuit
372 1302 577 1338 Romanus
599 1302 649 1347 II,
671 1302 757 1337 eius
777 1300 882 1337 filius
902 1329 911 1345 ,
933 1299 1112 1348 princeps
1132 1299 1186 1335 iu-

227 1354 420 1392 venilibus
458 1355 739 1403 cupiditatibus
779 1353 947 1390 deditus.
980 1352 1075 1389 Post
1103 1351 1186 1388 eius

227 1411 408 1454 mortem,
426 1407 726 1456 Theoplianonis
743 1410 936 1454 augustae
958 1405 1103 1442 viduae
1121 1416 1189 1440 nu-

226 1461 326 1510 ptias
357 1463 396 1497 et
424 1460 631 1508 imperium
653 1462 886 1497 consecutus
907 1460 965 1495 est
985 1457 1186 1506 Nicepho-

226 1525 293 1552 rus
314 1514 479 1550 Phocas.
500 1514 536 1550 Is
553 1513 773 1550 Saracenos
793 1513 891 1549 vicit
912 1522 1054 1559 eosque
1076 1511 1183 1547 insu-

226 1567 274 1604 lis
297 1567 415 1604 Creta
444 1568 484 1603 et
514 1566 642 1615 Cypro
675 1578 720 1603 ac
749 1568 832 1602 tota
861 1564 979 1613 Syria
1001 1576 1122 1612 usque
1141 1564 1189 1601 ad

228 1620 475 1668 Euphratem
507 1619 642 1665 eiecit3
665 1619 731 1656 sed
760 1618 946 1667 populum
968 1617 1075 1654 duris
1095 1628 1189 1653 exa—

227 1673 421 1710 ctionibus
435 1672 789 1721 gravavit,annuos
804 1670 994 1716 redditus,
1005 1682 1027 1708 a
1038 1670 1112 1719 piis
1124 1670 1192 1706 im-

228 1726 478 1776 peratoribus
500 1725 675 1763 ecclesiis
697 1727 736 1762 ct
757 1724 1007 1761 monasteriis
1026 1724 1190 1772 legatos,

228 1779 411 1825 sustulit,
432 1780 534 1817 bona
553 1778 770 1816 immobilia
791 1777 967 1815 ecclesiis
987 1778 1110 1825 legari
1132 1788 1194 1813 ve-

226 1833 329 1879 tuit,
350 1844 506 1869 omnem
534 1833 813 1870 auctoritatem
844 1830 1073 1879 designandi
1105 1829 1189 1878 epi-

231 1897 366 1933 scopos
401 1886 474 1922 sibi
497 1885 734 1931 vindicavit,
755 1896 819 1921 eos
841 1895 934 1920 vero
956 1884 1022 1932 qui
1053 1883 1110 1920 his
1132 1883 1193 1920 de-

232 1938 351 1975 cretis
379 1938 624 1976 subscribere
656 1938 864 1982 nolebant,
885 1937 1102 1974 insectatus
1122 1940 1190 1973 est.

234 1993 308 2028 An.
331 1991 409 2028 969
429 1991 636 2029 interfecto
650 1991 872 2039 Nicephoro
895 1990 1039 2035 Phoca,
1058 1992 1099 2026 ut
1119 1988 1193 2026 fer-

235 2047 300 2081 tur
314 2074 322 2089 ,
344 2044 494 2081 insidiis
514 2044 692 2093 coniugis
714 2056 807 2081 suae
829 2042 1135 2091 Theophanonis
1156 2044 1194 2079 et

232 2096 438 2143 Tziniscis,
469 2098 674 2146 imperium
707 2097 859 2145 accepit
882 2096 1080 2133 Tzinisces
1098 2126 1106 2141 ,
1129 2095 1193 2143 qui

231 2162 318 2187 cum
343 2150 391 2186 ad
415 2150 738 2195 ecelesiam,utin
761 2162 808 2186 ea
826 2153 1095 2193 coronaretur,
1112 2160 1196 2197 pro-

230 2205 417 2252 peraret,
446 2202 552 2240 illius
583 2203 763 2251 ingressu
785 2215 808 2239 a
829 2214 857 2239 s
882 2203 1100 2251 Polyeucto
1131 2214 1195 2249 pa-

227 2256 405 2293 triarcha
421 2256 487 2304 Cp.
507 2256 740 2293 interdictus
761 2258 833 2299 est,
855 2256 976 2292 donec
997 2255 1195 2302 Nicepho-

234 2309 263 2346 ri
286 2310 446 2346 caedem
479 2309 719 2357 poenitentia
749 2309 957 2357 expiasset.
988 2308 1196 2345 'l'zimisces

230 2362 488 2400 constitutam
506 2362 578 2399 sibi
597 2361 877 2410 poenitentiam
890 2361 1049 2398 dimisso
1065 2361 1196 2398 animo

235 2415 431 2463 suscepit,
461 2415 601 2452 deinde
637 2415 849 2451 coronatus
872 2417 947 2458 est3
986 2415 1196 2462 Theopha-

234 2481 374 2506 nonem
391 2472 431 2505 et
444 2468 531 2506 illos
547 2467 682 2517 qui,ea
699 2467 1196 2515 instigante,lIicephorum

238 2523 522 2559 interemerant
551 2520 670 2558 exilio
687 2520 908 2566 damnavitq
930 2521 1099 2557 edictum
1131 2520 1200 2558 Ni-

237 2575 406 2624 cephori,
427 2587 504 2623 quo
538 2575 570 2612 is
600 2576 802 2619 vetuerat,
833 2573 967 2621 nequis
997 2574 1199 2622 episcopus

236 2629 319 2665 sine
340 2640 408 2665 suo
430 2631 527 2665 nutu
557 2627 784 2676 eligeretur,
800 2626 929 2675 palam
950 2626 1200 2673 dilaceravit3

237 2681 444 2719 interiores
465 2680 696 2718 rebelliones
717 2679 964 2728 compescuit.
987 2680 1201 2717 Saracenos

238 2736 286 2771 ab
302 2733 509 2771 Antiochia
525 2733 680 2782 repulit,
698 2732 892 2779 Bulgaros
909 2736 949 2769 et
965 2733 1112 2769 Russos
1132 2745 1199 2770 su-

238 2787 412 2836 peravit,
434 2799 523 2823 cuni
541 2788 682 2824 Ottone
704 2786 1027 2834 M„1mpe1=at0r0
1048 2786 1200 2823 Roma-

239 2852 286 2877 no
303 2870 312 2885 ,
336 2839 469 2876 foedus
491 2840 679 2884 sancivit,
712 2839 873 2887 eiusque
902 2838 981 2875 filio
1003 2839 1133 2875 Ottoni
1166 2840 1199 2876 ΙΙ
1252 2864 1255 2865 ⁷

238 2893 584 2941 Theophanonem,
609 2893 773 2931 [tomani
795 2893 828 2929 11
847 2892 981 2937 filiam,
998 2892 1200 2940 coniugem

238 2946 360 2991 dedit;
380 2946 630 2984 Paulicianos
659 2958 727 2983 seu
760 2957 879 2982 novos
901 2945 1152 2982 Manichaeos
1174 2945 1200 2991 ²,

238 3000 315 3045 qui,
329 2999 508 3046 quamvis
526 3000 801 3048 imperatorum
821 2999 973 3047 legibus
991 2998 1119 3045 eiecti,
1132 3000 1197 3036 ad-

283 3142 288 3161 ¹
310 3144 432 3177 wiron,
451 3142 567 3173 Annal.
586 3142 677 3180 θεας
698 3143 782 3181 Pagi,
804 3141 940 3173 Crilica.

283 3183 293 3201 ²
313 3184 374 3213 viel.
394 3193 421 3223 p.
442 3184 505 3214 17⁸.

903 126 1065 153 EPOCHA
1092 126 1148 152 VI.
1184 127 1211 152 A
1242 126 1404 153 CAROLO

1434 127 1477 154 M.

1222 189 1297 226 huc
1327 189 1366 225 in
1396 188 1562 238 imperio
1587 190 1797 239 degebant,
1818 190 2120 239 Philippopolim
2146 190 2186 227 in

1223 241 1394 278 Thracia
1414 242 1584 279 transire
1602 243 1728 289 iussit,
1743 244 1844 281 unde
1864 255 1987 292 prava
2006 245 2112 280 secta
2127 255 2192 291 po-

1222 296 1321 339 stea,
1335 306 1409 331 non
1423 297 1580 332 tantum
1595 295 1634 331 in
1653 296 1872 342 Graeciam,
1883 297 1950 334 sed
1970 296 2091 333 etiam
2109 307 2190 333 sae-

1223 347 1310 384 culo
1332 350 1520 395 sequente
1541 348 1578 384 in
1602 348 1757 386 Italiam
1779 348 1950 397 aliasque
1966 349 2189 386 Occidentis

1221 399 1400 449 regiones
1435 401 1673 448 penetravit,
1705 412 1872 449 suasque
1906 402 2103 438 doctrinas
2136 401 2190 438 di·

1224 453 1444 490 versimode
1475 457 1649 491 mutatas
1672 453 1953 492 disseminavit.
1973 453 2191 502 Imperavit

1225 505 1420 542 Tzinisces
1439 518 1561 553 usque
1583 507 1632 543 ad
1655 518 1798 543 annum
1823 506 1913 543 976.

1281 558 1362 594 Sub
1391 558 1472 596 eius
1502 559 1657 607 imperii
1685 559 1801 596 initia
1824 558 1936 608 (970)
1956 569 1985 596 s.
2011 559 2189 608 polyeu-

1224 612 1335 656 ctus,
1367 608 1596 658 patriarcha
1625 613 1706 659 Cp.,
1739 612 1990 648 Theodorum
2026 623 2192 660 magnae

1225 664 1387 700 virtutis
1423 665 1658 701 monachum
1692 664 1892 702 ordinavit
1919 663 2192 712 patriarcham

1226 716 1528 754 Antiochenum.
1549 718 1766 766 Polyeucto
1783 717 1917 754 eodem
1937 728 2040 753 anno
2057 717 2191 754 defun-

1228 771 1303 814 cto,
1323 769 1362 805 in
1387 770 1478 806 sede
1495 770 1562 818 Cp.
1586 770 1776 807 suffectus
1797 769 1871 807 fuit
1892 769 2082 816 Basilius,
2102 769 2192 806 exi-

1229 822 1329 858 miae
1354 834 1508 871 quoque
1530 822 1688 860 virtutis
1708 823 1923 860 monachus
1941 823 1966 860 ¹.

1280 875 1409 912 Extra
1429 875 1638 924 imperium
1661 876 1858 912 Graecum
1880 877 1919 912 in
1936 875 2056 912 terris
2075 874 2193 912 Sara-

1228 939 1417 964 cenorum
1449 941 1517 965 seu
1539 930 1718 965 Arabum
1742 929 1957 966 universim
1990 928 2090 964 dura
2109 928 2196 964 erat

1227 981 1556 1027 Christianorum,
1591 981 1898 1026 catholicorum,
1945 980 2194 1018 nestoriano-

1228 1046 1314 1070 rum
1345 1037 1384 1070 et
1404 1035 1772 1084 monophysitarum
1794 1034 1978 1071 conditio.
2004 1032 2195 1070 Catholici

1230 1087 1474 1135 patriarchas
1495 1099 1586 1125 suos
1604 1088 1802 1124 habebant
1819 1086 2099 1132 Alexandriae,
2111 1086 2195 1122 An-

1229 1140 1397 1177 tiochiae
1416 1169 1425 1185 ,
1460 1143 1499 1176 et
1529 1140 1828 1189 Hierosolymis.
1859 1139 2085 1189 Nestoriani
2115 1138 2196 1176 fre-

1230 1198 1395 1240 quentes
1423 1195 1556 1231 coetus
1585 1195 1783 1231 habebant
1812 1193 1849 1230 in
1870 1193 1990 1230 terris
2011 1191 2197 1230 Asiaticis

1230 1246 1606 1294 septentrionalibus
1625 1249 1664 1284 et
1684 1246 1957 1292 orientalibus,
1976 1246 2015 1282 in
2034 1245 2197 1294 Aegyp-

1228 1301 1268 1336 to
1295 1300 1412 1336 etiam
1441 1300 1519 1336 iam
1548 1313 1571 1337 a
1602 1300 1759 1337 saeculo
1780 1299 1875 1337 VIII
1896 1298 2084 1336 ecclesias
2107 1298 2193 1336 for-

1231 1356 1597 1399 1naverant3eorum
1611 1353 1834 1401 patriarcha
1852 1353 2084 1390 morabatur
2096 1351 2198 1399 Bag-

1230 1405 1330 1442 dadi.
1357 1405 1724 1454 Monophysitarum
1747 1406 1957 1454 praecipua
1979 1405 2091 1442 sedes
2106 1407 2196 1441 erat

1230 1459 1456 1506 Aegyptus,
1488 1462 1526 1495 et
1562 1459 1829 1507 patriarcham
1858 1459 2058 1495 habebant
2095 1456 2198 1494 Ale-

1230 1512 1432 1548 xandriae.
1456 1512 1498 1548 In
1519 1512 1638 1561 Syria
1659 1512 1779 1549 etiam
1797 1541 1806 1558 ,
1838 1511 2088 1555 Palaestina,
2117 1511 2198 1547 Ar-

1232 1565 1373 1609 menia,
1403 1564 1687 1612 Mesopotamia
1717 1567 1756 1601 et
1784 1565 2018 1612 quibusdam
2039 1562 2199 1612 provin-

1231 1618 1298 1654 ciis
1327 1617 1443 1654 Asiae
1474 1618 1635 1655 minoris
1664 1618 1892 1665 frequentes
1922 1619 2036 1655 erant
2056 1616 2198 1653 Mono-

1233 1670 1479 1719 physitarum
1494 1671 1690 1708 ecclesiae.
1704 1670 1759 1708 Ut
1778 1671 1855 1707 iam
1876 1670 2057 1716 diximus,
2069 1669 2133 1717 qui
2149 1680 2198 1706 ex

1234 1723 1520 1772 Menophysitis
1541 1724 1578 1760 in
1597 1724 1776 1773 Aegypto
1797 1725 2053 1761 morabantur
2073 1721 2200 1770 Copti,

1234 1776 1376 1814 caeteri
1390 1777 1586 1814 Iacobitae
1609 1777 1796 1825 appellati
1813 1775 2198 1814 sunt—Maronita-

1235 1842 1322 1867 rum
1351 1832 1484 1867 autem
1515 1831 1640 1876 natio,
1667 1842 1766 1877 quae
1796 1832 1968 1867 montem
2003 1829 2200 1866 Libanum

1234 1883 1443 1928 incolebat,
1462 1882 1502 1919 in
1533 1883 1728 1920 catholica
1758 1883 1834 1920 fide
1860 1884 2088 1920 constanter
2113 1891 2198 1930 per-

1236 1937 1448 1973 severabat
1463 1934 1489 1973 2.

1287 1990 1349 2027 95.
1373 1989 1598 2027 Dz‘ssz'dz'um
1621 1991 1730 2026 inter
1751 1991 1974 2037 imperium
1996 1993 2035 2025 et
2054 1997 2196 2024 sacer-

1233 2042 1457 2079 ‹lotizam—
1480 2042 1696 2080 Concordia
1727 2054 1845 2090 supra
1874 2042 1978 2079 inter
2010 2041 2198 2078 Ioannem

1235 2096 1304 2143 Pp.
1327 2095 1403 2132 XII
1426 2098 1466 2132 et
1486 2096 1671 2133 Ottonem
1690 2095 1740 2132 M.
1763 2096 2048 2143 imperatorum
2067 2091 2199 2138 inita3,

1238 2149 1352 2196 paulo
1375 2151 1460 2196 post
1480 2149 1635 2186 tristem
1657 2149 1696 2185 in
1719 2149 1876 2185 modum
1898 2149 2017 2195 rupta
2037 2145 2200 2183 fuitm-

1235 2202 1411 2239 scordiae
1447 2202 1640 2250 originem
1674 2205 1794 2249 atque
1840 2200 2020 2249 sequelas
2067 2201 2203 2236 narrat

1238 2255 1518 2303 Luitprandus,
1535 2255 1599 2292 vel
1621 2266 1842 2303 anonymus
1876 2254 1960 2291 eius
1990 2251 2200 2290 continua-

1237 2311 1298 2344 tor
1319 2306 1345 2353 4,
1368 2320 1415 2344 ea
1436 2308 1606 2353 rationo,
1636 2319 1736 2355 quae
1758 2308 1796 2344 in
1827 2307 2006 2345 omnibus
2028 2306 2201 2353 impera-

1239 2361 1312 2397 tori
1330 2361 1491 2409 eiusque
1507 2361 1649 2409 agendi
1672 2360 1814 2398 rationi
1838 2361 1986 2404 faveat,
1998 2357 2202 2396 Pontificis

1240 2426 1332 2451 vcro
1370 2425 1514 2450 causae
1552 2415 1797 2451 adversetur.
1836 2413 2060 2450 Secundum
2098 2411 2203 2448 hunc

1239 2467 1484 2515 scriptorem,
1506 2466 1667 2503 Ioannes
1698 2467 1798 2513 ΧΠ,
1820 2478 1909 2504 cum
1929 2466 2021 2503 Otto
2041 2465 2203 2512 impera-

1240 2523 1300 2556 tor
1322 2521 1449 2556 Roma
1469 2522 1572 2556 essct
1593 2520 1797 2567 digressus,
1819 2522 1956 2557 contra
1976 2519 2148 2555 iuratam
2167 2515 2203 2552 ei

1242 2573 1361 2609 fidem
1382 2572 1566 2609 Adelbert
1575 2585 1652 2618 um,
1669 2573 1899 2622 Bcrengarii
1917 2572 1953 2608 II
1969 2571 2112 2616 filium,
2129 2570 2206 2606 Ro-

1221 2658 1223 2669 ,
1244 2638 1345 2662 mum
1369 2626 1524 2662 vocavit
1544 2626 1755 2674 foedusque
1776 2638 1866 2663 eum
1888 2637 1932 2662 eo
1953 2625 2050 2661 iniit.
2073 2623 2202 2670 Impe-

1244 2683 1351 2715 rator
1374 2679 1445 2715 hac
1463 2691 1502 2715 re
1521 2679 1667 2724 audita,
1679 2680 1928 2728 acceptisque
1944 2676 2112 2726 querelis
2128 2676 2203 2713 Ro-

1244 2744 1447 2769 manorum
1466 2732 1512 2767 ‹lc
1530 2733 1660 2780 pravis
1678 2732 1880 2770 Pontificis
1898 2731 2081 2774 moribus,
2095 2729 2203 2766 Ioan-

1245 2797 1330 2821 nem
1353 2785 1504 2821 monuit
1518 2814 1526 2830 ,
1549 2788 1591 2821 ut
1611 2798 1655 2822 ea
1677 2797 1774 2834 quac
1795 2785 2021 2829 admiserat,
2039 2781 2203 2830 corrige-

1287 2893 1293 2912 ¹
1315 2893 1398 2930 Pagi,
1420 2892 1541 2922 tiriliru
1559 2889 1596 2919 :id
1615 2899 1684 2920 nnn.
1703 2890 1771 2920 970.
2197 2903 2199 2905 >

1284 2935 1297 2954 ²*
1317 2934 1483 2969 Assvinnni,
1505 2931 1655 2964 ln'hlmth.
1669 2931 1820 2962 oriental.
1838 2933 1847 2960 l
1868 2931 1891 2961 ΙΙ
1919 2932 1948 2960 et
1962 2929 2012 2966 ΙΙΙ;
2031 2927 2206 2963 Renaudot,

1244 2974 1547 3005 llis-101:'’atram-la.
1566 2972 1794 3011 [meramnum.
1812 2972 1914 3007 Nairo,
1934 2970 2064 3001 Dis-sere.
2082 2968 2120 3000 de
2136 2969 2198 2999 ori-

1244 3017 1318 3056 (μην
1336 3026 1372 3046 uc
1389 3013 1746 3054 reliquiaelllaronilw.

1283 3059 1295 3076 ἱ*
1315 3059 1378 3088 vid.
1397 3067 1424 3096 p.
1444 3058 1516 3087 ⁹257.

1283 3101 1293 3119 ⁴⁸
1315 3100 1418 3129 Plures
1433 3098 1607 3129 existimant
1624 3107 1676 3129 sex
1689 3097 1863 3137 posteriora
1879 3095 1981 3135 capita
1998 3092 2070 3127 libri
2087 3093 2122 3123 Vl
2139 3090 2199 3124 Ha·-

1241 3140 1364 3170 slnrimz
1382 3139 1572 3178 Luitprandi,
1587 3139 1700 3177 quibus
1718 3140 1794 3169 haec
1812 3137 1971 3169 discordia
1989 3136 2132 3172 refertur,
2149 3142 2194 3164 cs·

1243 3192 1275 3211 se
1299 3182 1434 3213 :uictoris
1448 3181 1604 3220 anonymi.
