2241 3473
273 160 354 198 228

226 235 383 273 Domini
413 233 520 270 nulla
540 231 667 279 figura
695 240 764 267 seu
794 227 991 276 velamine
1031 226 1177 273 obtegi.

225 288 325 325 Illud
342 287 510 334 Haymo,
520 284 723 332 episcopus
735 279 1103 324 Halberstadiensis,
1117 279 1178 315 do-

225 352 312 377 cere
333 337 564 386 quibusdam
586 335 814 380 videbatur,
837 335 878 370 at
897 332 930 370 is
949 332 990 368 in
1009 332 1177 368 Tracta-

224 395 266 430 tu
288 403 357 429 suo
379 390 425 426 de
440 399 601 436 corpore
617 390 658 424 et
673 386 863 435 sanguine
880 384 1036 423 Domini
1053 383 1178 421 solum

225 442 411 492 negavit,
442 452 583 489 corpus
613 439 758 477 Christi
788 441 828 475 et
857 437 1087 486 sanguinem
1115 436 1178 473 di-

225 496 345 532 cenda
380 505 463 530 esse
493 493 553 531 sui
592 493 712 541 ipsius
741 491 855 539 signa
883 503 949 528 seu
986 489 1178 538 figuram,

225 559 342 596 quum
365 546 472 583 nulla
492 557 555 582 res
576 545 635 582 sui
656 545 778 593 ipsius
799 544 954 580 dicatur
974 543 1141 589 signum.

277 599 389 640 Quod
409 600 560 646 spectat
579 598 627 633 ad
648 608 820 634 errorem
842 594 1000 641 eorum,
1017 594 1082 642 qui
1099 605 1179 630 cor-

225 663 297 701 pus
319 650 462 688 Christi
484 649 786 687 eucharisticum
799 679 808 695 ,
825 649 993 685 aliorum
1009 647 1177 684 alimen-

224 708 354 742 torum
373 714 501 748 more,
523 702 763 751 corruptioni
793 704 833 739 et
862 700 1034 738 secessui
1063 699 1178 736 obno-

224 757 334 795 xium
351 755 533 793 dicebant
545 784 554 801 ,
570 755 733 804 ideoque
750 753 1009 802 ignominioso
1021 752 1178 789 Sterco-

224 810 464 848 ranistarum
485 808 642 845 nomine
664 806 789 845 notati
810 809 923 852 sunt3
943 805 1046 842 illius
1067 816 1178 841 erro-

223 863 277 900 ris
297 862 380 911 ipse
391 860 750 899 RabanusMaurus
770 858 1039 897 etAmalarius
1059 856 1178 894 etiam

224 915 413 952 diaconus
434 913 623 952 Metensis
651 912 869 950 insimulati
903 912 1081 956 fuerunt3
1110 911 1178 947 sed

223 971 435 1015 utrumque
459 968 508 1004 ab
528 967 601 1003 hoc
621 977 753 1003 errore
774 964 976 1001 vindicant
993 962 1150 1000 eruditi.

279 1020 490 1058 Caeterum
511 1030 645 1056 omnes
666 1017 832 1067 praefati
854 1017 1010 1064 aliique,
1026 1015 1092 1063 qui
1106 1015 1180 1052 hac

225 1075 356 1110 aetate
396 1073 443 1110 de
474 1072 539 1109 SS.
572 1070 825 1109 Eucharistia
853 1069 1115 1117 scripserunt,
1140 1067 1179 1105 in

224 1127 413 1174 perpetua
442 1128 482 1162 et
502 1124 696 1162 catholica
717 1123 916 1160 Ecclesiae
937 1121 1114 1158 doctrina
1134 1121 1180 1158 de

224 1178 482 1216 conversione
502 1176 745 1215 substantiae
767 1175 877 1224 panis
894 1177 933 1211 et
950 1175 1027 1211 vini
1046 1174 1085 1211 in
1101 1174 1191 1211 cor-'

224 1243 294 1280 pus
314 1234 354 1268 et
373 1230 605 1279 sanguinem
626 1229 784 1267 Domini
799 1230 839 1265 et
859 1229 905 1264 de
920 1227 1018 1264 reali
1035 1226 1180 1264 Christi

224 1284 450 1333 praesentia
465 1282 774 1328 consentiebant,
788 1283 832 1319 ut
848 1292 897 1317 ex
913 1280 1073 1317 illorum
1091 1279 1182 1316 scri-

224 1337 302 1385 ptis
321 1336 541 1373 luculenter
565 1336 761 1383 probatur.
784 1334 825 1371 Si
846 1335 981 1370 autem
1001 1333 1180 1380 quando-

223 1401 299 1437 que
328 1389 544 1437 loquantur
563 1389 610 1424 de
630 1399 729 1436 pane
749 1389 789 1424 et
809 1386 900 1423 vino
920 1390 1110 1434 tanquam
1130 1385 1181 1421 fi-

224 1453 325 1491 gura
338 1470 346 1486 ,
367 1444 408 1478 et
426 1442 474 1478 de
495 1452 656 1488 corpore
673 1440 818 1477 Christi
835 1438 1030 1487 spirituali
1052 1438 1091 1474 in
1108 1437 1183 1474 Eu-

225 1494 431 1539 charistia,
451 1505 502 1531 ex
530 1493 618 1530 aliis
649 1492 936 1529 dissertissimis
964 1501 1100 1528 eorum
1121 1490 1182 1526 lo-

225 1547 280 1584 cis
302 1546 552 1585 manifestum
574 1547 634 1582 est
647 1574 656 1590 ‚
676 1556 741 1582 eos
761 1545 834 1581 sub
855 1544 939 1581 istis
955 1543 1114 1580 vocibus
1131 1543 1185 1579 ni-

224 1600 281 1637 hil
302 1599 406 1636 aliud
427 1598 687 1643 intellexisse,
712 1608 831 1646 quam
857 1596 959 1645 quod
980 1608 1048 1633 nos
1062 1624 1071 1642 ,
1091 1595 1183 1632 fixis
1227 1628 1233 1634 .

225 1652 302 1689 iam
332 1651 535 1698 terminis,
563 1650 711 1699 species
742 1650 852 1698 panis
882 1652 923 1686 et
952 1648 1034 1685 vini
1065 1650 1183 1696 atque

226 1705 487 1743 substantiam
526 1703 698 1752 corporis
735 1704 775 1739 et
802 1701 1005 1751 sanguinis
1041 1701 1184 1738 Christi

227 1757 645 1795 nominamus—Hinc
660 1757 770 1805 patet
785 1755 1186 1803 ignorantia-‚autma-

226 1811 266 1848 la
284 1811 382 1848 fides
410 1812 649 1848 novatorum
678 1820 784 1846 saec.
802 1808 917 1854 XVI,
938 1808 1050 1853 dum,
1077 1818 1184 1843 com-

226 1864 335 1901 muni
356 1866 395 1900 et
416 1866 608 1912 perpetua
629 1861 830 1899 Ecclesiae
849 1860 1062 1898 traditione
1084 1862 1184 1908 post-

228 1916 383 1960 habita,
405 1916 592 1954 dixerunt
606 1945 615 1961 ,
638 1915 805 1964 primurn
827 1916 1063 1951 assertorem
1084 1913 1182 1960 dog-

228 1969 346 2006 matis
367 1969 414 2005 de
436 1969 529 2006 reali
552 1969 724 2017 corporis
744 1966 887 2004 Christi
908 1965 1131 2015 praesentia
1145 1965 1184 2002 in

229 2019 482 2059 Eucharistia
521 2033 605 2058 esse
634 2019 892 2057 Paschasium
922 2019 1184 2064 Ratbertum,

229 2074 389 2122 eiusque
409 2075 627 2111 doctrinam
642 2086 665 2110 a
681 2073 848 2110 Rabano
864 2071 1005 2109 Mauro
1021 2070 1184 2119 aliisque

228 2126 347 2164 fuisse
368 2127 507 2164 merito
525 2125 906 2164 confutatam.Solus
924 2125 1087 2162 Ioannes
1103 2124 1184 2161 Eri-

228 2191 328 2228 gena
348 2191 416 2216 seu
447 2180 607 2224 Scotus,
628 2178 690 2217 vir
718 2177 880 2215 levioris
909 2177 1055 2226 ingenii
1085 2176 1184 2213 etin

228 2232 346 2270 rebus
357 2232 585 2279 theologicis
596 2243 737 2279 parum
751 2229 1010 2278 versatus,qui
1020 2241 1043 2266 a
1055 2229 1186 2267 multis

228 2284 481 2333 scriptoribus
506 2284 816 2332 reprehenditur,
837 2282 1032 2319 referente
1059 2282 1184 2319 Hinc-

228 2349 336 2374 maro
361 2337 571 2374 Rhemensi
587 2335 619 2381 ¹,
647 2337 720 2373 hac
744 2338 876 2374 aetate
897 2335 1029 2372 docuit
1049 2346 1184 2372 sacra-

227 2393 405 2427 mentum
436 2389 710 2427 Eucharistiae
740 2400 824 2425 esse
854 2390 1010 2424 tantum
1031 2399 1183 2424 memo-

229 2442 323 2480 riale
344 2443 517 2491 corporis
533 2448 572 2479 et
592 2441 795 2489 sanguinis
810 2439 967 2477 Christi.
986 2441 1038 2476 At
1053 2440 1085 2477 is
1101 2439 1184 2477 nul-

229 2495 296 2533 libi
317 2495 435 2532 fidem
456 2494 628 2540 invenit,
650 2494 776 2531 nullos
797 2495 1012 2530 sectatores
1034 2492 1185 2538 habuit,

230 2549 391 2596 eiusque
411 2548 522 2594 liber,
535 2559 655 2596 quum
676 2547 830 2584 saeculo
848 2546 904 2582 XI
921 2545 1186 2593 Berengarius

231 2613 321 2638 eum
352 2600 564 2649 plurimum
586 2600 788 2645 laudaret,
810 2599 848 2635 in
870 2598 1043 2646 pluribus
1064 2610 1185 2647 syno-

230 2654 287 2691 dis
308 2654 519 2691 damnatus
540 2655 599 2691 est
619 2651 646 2691 2.

282 2707 345 2743 38.
373 2706 664 2744 Controversia
685 2706 731 2742 de
746 2704 1185 2742 Praedeste'natione—

229 2759 355 2796 Alteri
394 2759 685 2797 controversiae
719 2768 879 2795 causam
909 2755 1017 2793 dedit
1045 2755 1186 2792 Gothe-

229 2811 394 2857 scalcus,
416 2812 630 2849 monachus
657 2810 887 2849 Orbacensis
907 2811 947 2845 et
967 2808 1184 2857 presbyter.

229 2864 325 2901 Cum
358 2864 390 2901 is
412 2865 449 2901 in
475 2865 590 2902 ltalia
618 2875 761 2913 agens,
782 2874 882 2900 anno
903 2862 980 2898 848
1001 2861 1039 2897 in
1071 2862 1185 2897 domo

229 2916 414 2954 Eberardi
430 2918 581 2955 comitis
596 2915 872 2955 Foroiuliensis
887 2925 1017 2952 coram
1033 2912 1067 2951 N
1074 2913 1186 2950 ottin-

270 3029 278 3050 ¹
298 3029 342 3061 De
356 3030 662 3070 praedestinatione,
680 3041 706 3062 c.
724 3029 773 3061 31.

268 3070 282 3089 “²
299 3073 352 3110 Ap.
371 3072 484 3111 Mignc,
502 3072 624 3103 I'alrol.
642 3072 744 3104 Latin.
763 3074 781 3102 t.
800 3071 911 3107 cxxll;
925 3070 1021 3101 Nalal.
1039 3070 1184 3100 Alexand.

226 3110 304 3156 lli-vl.
323 3113 397 3144 eccl.
417 3113 490 3143 diss.
518 3112 610 3143 11-13
627 3113 657 3144 in
675 3113 855 3148 sacc.lx-x;
874 3112 1028 3148 Mabillon,
1047 3111 1184 3150 Praestat.

228 3161 262 3181 ιιι
273 3153 402 3185 saecJV
410 3153 571 3185 Benedici.
587 3154 694 3194 part.2;
713 3152 1038 3193 TournelyJ'raelecl.
1053 3152 1187 3184 mentae

228 3192 411 3225 Eucharixl.
430 3194 536 3234 ‹1.2‚a.
553 3195 580 3225 7.

922 162 1081 189 EPOCHA
1109 162 1165 189 vl.
1193 163 1221 189 A
1249 162 1405 189 CAROLO
1433 163 1476 190 M.

1223 237 1272 274 go
1294 226 1472 275 episcopo
1492 227 1711 265 Veronensi
1739 227 1987 266 collationem
2017 228 2178 268 habuis-

1223 279 1283 316 set
1302 279 1349 316 de
1370 279 1512 327 duplici
1533 279 1907 328 praedestinatione,
1927 281 2010 318 sive
2028 281 2177 319 electo-

1223 343 1311 368 rum
1333 332 1381 368 ad
1401 331 1524 369 vitam
1540 361 1549 378 ‚
1569 331 1652 369 sive
1673 333 1930 380 reproborum
1946 333 1995 371 ad
2012 335 2179 372 mortem

1223 384 1525 432 sempiternam3
1555 385 1748 422 Rabanus
1768 385 1952 433 Maurus,
1980 386 2179 436 archiepi-

1222 447 1361 484 scopus
1378 436 1648 486 Moguntinus,
1666 436 1850 485 epistolas
1871 438 1980 484 duas,
1997 441 2113 475 unam
2131 440 2180 477 ad

1222 489 1468 526 Eberardum
1484 489 1681 535 comitem,
1693 490 1860 526 alteram
1878 491 1927 527 ad
1941 491 2178 540 Nottingum

1222 541 1468 590 episcopum,
1497 542 1676 590 scripsit,
1706 541 1745 578 in
1776 542 1916 590 quibus
1946 543 2179 581 Gothescal-

1222 605 1310 631 cum
1333 595 1608 643 reprehendit,
1628 595 1729 642 quod
1751 594 1929 640 doceret,
1950 595 2073 632 Deum
2095 596 2178 633 ele-

1223 648 1304 683 ctos
1326 646 1383 684 ita
1402 647 1710 695 praedestinasse
1731 647 1781 683 ad
1796 646 1987 692 vitam,ut
2006 659 2080 684 non
2099 660 2183 697 pos-

1222 700 1309 736 sent
1330 711 1404 736 non
1424 699 1601 745 salvari,
1622 702 1662 736 et
1681 700 1868 748 reprobos
1887 699 1946 736 ita
1973 701 2182 748 praedesti-

1225 763 1337 789 nasse
1366 752 1415 789 ad
1445 755 1610 789 mortem
1640 755 1862 797 aeternam,
1885 753 1929 789 ut
1957 753 2178 791 necessario

1222 804 1416 853 perirent,
1447 805 1557 852 quasi
1588 805 1692 842 Deus
1721 804 2079 853 praedestinatione
2107 817 2180 844 sua

1223 868 1288 894 eos
1309 860 1470 905 cogeret
1500 857 1672 894 interire.
1704 857 1985 895 Gothescalcus
2015 859 2179 896 vocatus

1224 911 1270 946 ad
1292 910 1485 958 synodum
1507 909 1806 958 Moguntinam,
1837 910 2033 958 duplicem
2063 922 2180 960 prae-

1223 961 1527 999 destinationem
1540 991 1548 1006 ,
1569 963 1786 1000 electorum
1815 962 1965 1000 scilicet
1985 963 2033 1000 ad
2056 963 2179 1001 vitam

1223 1026 1293 1063 per
1321 1014 1533 1063 gratuitam
1562 1016 1630 1052 Dei
1652 1015 1840 1064 gratiam,
1864 1017 1904 1052 et
1923 1017 2180 1064 reproborum

1224 1067 1273 1105 ad
1293 1068 1460 1105 mortem
1481 1069 1641 1115 propter
1658 1067 1761 1105 mala
1778 1079 1914 1105 eorum
1931 1068 2085 1114 merita,
2097 1080 2183 1116 pro-

1225 1120 1460 1165 fessus-est,
1487 1122 1526 1158 et
1554 1121 1763 1158 Rabanum
1792 1121 1977 1157 Maurum
2006 1121 2181 1169 aliosque

1224 1173 1296 1210 sibi
1309 1174 1565 1210 adversantes
1578 1173 2180 1222 accusavitSemipelagianismi.

1225 1226 1406 1274 Synodus
1436 1226 1739 1263 Gothescalcum
1769 1226 1929 1274 eiusque
1958 1226 2178 1264 doctrinam

1225 1278 1451 1324 damnavit,
1475 1280 1513 1315 et
1541 1278 1652 1315 illum
1681 1276 1833 1316 remisit
1853 1280 1902 1316 ad
1923 1279 2181 1317 Hincmarum

1226 1331 1488 1368 Rhemensem
1510 1331 1815 1380 metropolitam.

1279 1385 1392 1421 Anno
1422 1378 1499 1420 849
1526 1384 1803 1421 Gothescalcus
1822 1383 1870 1431 ‚in
1890 1384 2039 1434 synodo
2068 1383 2182 1422 Cari-

1225 1436 1330 1474 siaca
1350 1437 1653 1483 condemnatus,
1675 1436 1911 1474 sacerdotali
1931 1437 2077 1474 honore
2093 1437 2179 1485 pri-

1228 1492 1343 1526 vatus
1356 1519 1365 1534 ,
1386 1489 1510 1536 virgis
1531 1501 1666 1526 caesus
1679 1518 1687 1534 ,
1709 1492 1747 1526 et
1766 1490 1966 1526 custodiae
1986 1490 2025 1526 in
2041 1501 2182 1528 mona-

1227 1542 1347 1579 sterio
1367 1541 1668 1579 Altivillariensi
1691 1542 1938 1590 mancipatus
1959 1541 2048 1579 fuit.

1280 1594 1377 1630 Cum
1407 1596 1540 1631 autem
1570 1595 1853 1632 Gothescalcus
1871 1596 2186 1641 contestaretur,

1228 1658 1287 1692 se,
1305 1647 1349 1683 de
1366 1646 1720 1694 praedestinatione
1739 1650 1779 1685 et
1794 1648 2000 1685 voluntate
2015 1648 2087 1684 Dei
2104 1647 2185 1684 cir-

1229 1711 1274 1736 ca
1289 1699 1460 1737 salutem
1477 1700 1691 1746 hominum,
1707 1701 1817 1749 sequi
1830 1701 2047 1738 doctrinam
2067 1711 2096 1738 s.
2107 1700 2188 1737 Au-

1228 1752 1397 1800 gustini,
1419 1753 1504 1790 eius
1523 1754 1726 1791 sententiis
1747 1755 1945 1799 uteretur,
1966 1756 2006 1790 et
2025 1753 2064 1790 in
2086 1754 2185 1790 dua-

1229 1806 1298 1842 bus
1319 1804 1629 1843 confessionibus
1643 1835 1652 1852 ,
1671 1818 1769 1855 quas
1789 1807 1829 1843 in
1851 1805 2030 1843 custodia
2049 1805 2184 1852 edidit,

1229 1868 1382 1896 errores
1410 1858 1807 1907 praedestinatianos,
1838 1870 2003 1907 quorum
2033 1859 2081 1896 ab
2110 1859 2184 1896 ad-

1229 1911 1414 1949 versariis
1434 1912 1514 1948 suis
1535 1913 1808 1957 accusabatur,
1831 1923 1909 1948 non
1930 1911 2183 1960 exprimeret3

1229 1975 1396 2012 cumque
1417 1965 1666 2002 adversarios
1685 1976 1773 2002 suos
1788 1965 1827 2001 in
1846 1975 1999 2001 errores
2015 1964 2185 2012 Semipe-

1228 2016 1474 2064 lagianorum
1495 2017 1714 2066 impingere
1738 2018 2003 2063 contenderet,
2019 2028 2094 2053 non
2113 2017 2184 2054 de-

1228 2069 1393 2107 fuerunt
1413 2082 1460 2107 ea
1479 2072 1608 2108 aetate
1629 2070 1704 2107 viri
1723 2071 1824 2107 docti
1842 2099 1851 2115 ,
1872 2069 1936 2118 qui
1961 2069 2188 2107 Gothescal-

1230 2135 1321 2161 cum
1341 2124 1388 2160 ab
1418 2123 1617 2160 erroribus
1646 2122 2015 2171 praedestinatianis
2036 2122 2182 2159 immu-

1230 2179 1380 2221 nem,et
1395 2177 1443 2213 ab
1459 2176 1697 2213 adversariis
1713 2176 1795 2213 eius
1811 2175 2028 2212 doctrinam
2050 2185 2079 2212 s.
2098 2176 2182 2212 Au-

1230 2229 1373 2278 gustini
1402 2228 1536 2277 impeti
1556 2228 1704 2276 opinati
1725 2231 1828 2265 sunt.
1851 2227 2001 2264 Horum
2021 2229 2182 2264 senten-

1230 2283 1325 2320 tiam
1346 2281 1458 2319 auxit
1478 2281 1640 2318 Ioannes
1661 2280 1832 2329 Erigena
1853 2291 1922 2317 seu
1943 2280 2095 2326 Scotus,
2118 2280 2186 2328 qui

1229 2336 1266 2372 in
1287 2335 1386 2372 libro
1400 2363 1409 2380 ,
1430 2345 1546 2371 suasu
1568 2333 1770 2371 Hincmari
1792 2332 2026 2371 Rhemensis
2048 2336 2186 2370 contra

1229 2387 1529 2425 Gothescalcum
1541 2386 1813 2431 edito,errores
1834 2385 2064 2435 pelagianos
2075 2384 2187 2423 alios-

1229 2452 1303 2489 que
1325 2439 1467 2477 multos
1487 2439 1682 2476 tradebat.

1283 2493 1342 2530 Ab
1363 2493 1435 2529 hoc
1456 2494 1631 2540 tempore
1652 2491 1693 2528 in
1714 2491 1890 2529 Ecclesia
1910 2489 2182 2539 Francogalli-

1230 2557 1277 2583 ca
1296 2545 1385 2582 lites
1405 2545 1450 2581 de
1471 2544 1830 2593 praedestinatione
1851 2546 1890 2582 et
1910 2544 1957 2581 de
1978 2544 2185 2592 pertinen-

1230 2599 1335 2635 tibus
1373 2598 1420 2633 ad
1452 2608 1540 2634 eam
1578 2597 1875 2645 quaestionibus
1911 2600 2053 2634 auctae
2081 2597 2184 2633 sunt.

1230 2650 1485 2692 Quaestiones
1515 2649 1754 2698 disceptatae
1791 2650 1864 2687 hae
1893 2650 2027 2686 erant:
2061 2647 2112 2694 1⁰,
2135 2659 2184 2685 an

1232 2704 1335 2740 Deus
1356 2703 1458 2740 sicut
1479 2702 1623 2740 electos
1640 2714 1707 2751 per
1723 2702 1895 2751 gratiam
1915 2702 1965 2739 ad
1981 2701 2117 2745 vitam,
2129 2700 2185 2738 ita

1231 2757 1412 2804 reprobos
1433 2757 1590 2804 propter
1611 2756 1806 2803 praescita
1826 2765 1962 2792 eorum
1984 2753 2088 2790 mala
2107 2765 2184 2790 me-

1230 2810 1307 2846 rita
1335 2808 1670 2857 praedestinasset
1698 2808 1746 2845 ad
1770 2809 1934 2845 mortem
1967 2808 2183 2852 aeternam3

1229 2862 1286 2908 2⁰,
1302 2873 1350 2899 an
1366 2862 1468 2898 Deus
1490 2860 1610 2899 vellet
1629 2872 1761 2898 omnes
1777 2860 1955 2897 homiues
1970 2859 2104 2896 salvos
2119 2858 2187 2895 fie-

1231 2915 1275 2961 ri3
1305 2917 1360 2959 3⁰,
1377 2926 1425 2950 an
1447 2913 1624 2951 Christus
1654 2925 1723 2962 pro
1752 2912 1933 2950 omnibus
1962 2911 2185 2948 hominibus

1232 2970 1407 3004 mortuus
1428 2968 1542 3013 esset3
1560 2966 1616 3013 4⁰,
1629 2979 1677 3004 an
1696 2977 1763 3015 per
1775 2966 1883 3003 Adae
1901 2968 2104 3013 peccatum
2121 2963 2185 3001 ho-

1232 3020 1352 3057 minos
1375 3020 1539 3057 liberum
1561 3019 1767 3057 arbitrium
1789 3018 2021 3056 amisissent.

1286 3073 1491 3121 l'raecipui
1514 3073 1578 3121 qui
1601 3075 1647 3110 de
1667 3071 1727 3109 his
1747 3070 2037 3120 quaestionibus
2058 3069 2182 3106 disce-

1233 3128 1414 3174 ptarunt,
1436 3126 1544 3163 fuere
1567 3137 1615 3162 ox
1637 3136 1713 3162 una
1733 3126 1844 3173 parte
1866 3124 2054 3161 Rabanus
2070 3121 2187 3160 Mau-

1233 3190 1321 3225 rus,
1343 3180 1580 3216 Hincmarus
1602 3177 1845 3224 Rliemensis,
1868 3176 2006 3214 Amolo
2027 3174 2184 3224 Lugdu-
