2241 3473
178 141 257 181 256

119 227 329 269 vocabant,
349 224 658 272 quaestionibus,
674 225 909 261 verberibus
923 228 964 261 et
983 236 1070 262 cru—

119 280 284 317 ciatibus
304 278 529 315 afficiebant
542 307 550 322 ‚
569 282 613 314 ut
630 279 851 325 Religionis
869 278 1070 316 ministros

117 334 345 382 proderent.
375 332 486 367 Haec
515 333 741 378 persecutio
771 334 952 380 quamvis
972 334 1071 368 mul-

118 392 179 423 tos
205 388 243 422 in
272 385 367 420 Fide
394 385 619 428 roboraret,
649 386 783 422 multis
814 387 936 422 etiam
956 387 1005 422 ab
1021 398 1068 423 ea

117 439 321 477 deficiendi
347 439 501 474 occasio
528 439 680 483 extitit;
708 452 782 476 nec
806 440 888 476 ulla
913 441 1068 488 quidem

117 498 206 531 erat
231 505 279 529 ex
305 492 460 538 imperii
480 493 707 539 provinciis,
727 505 827 541 quae
847 506 924 529 non
945 495 1070 531 refer-

116 552 179 584 ret
212 547 440 582 tristissima
466 547 620 584 accisae
649 549 707 585 rei
735 548 975 585 christianae
1001 561 1070 585 ve-

118 602 248 648 stigia.

164 656 272 691 Talis
291 655 364 691 fuit
381 655 602 702 Religionis
621 660 748 693 status
767 658 806 693 in
822 658 927 694 Sinis
943 669 1066 705 usque

115 709 164 746 ad
191 720 337 745 annum
365 709 477 753 1742,
505 721 579 756 quo
606 710 845 748 Benedictus
872 712 943 760 Pp.
972 712 1065 747 XIV

115 763 222 800 edita
247 763 373 806 Bulla,
394 762 459 797 Ex
477 775 548 810 quo
568 764 769 811 singulari
788 766 843 809 (11
864 766 956 810 iulii)
978 771 1066 814 post

114 817 335 864 expositam
353 817 474 852 totius
494 820 793 855 controversiae
812 820 1010 867 originem
1026 826 1067 856 et

110 871 457 918 progressionem,
485 870 586 907 ritus
614 872 804 909 Sinenses
831 878 871 910 et
900 874 1068 921 permis-

111 926 242 962 siones
278 937 302 962 a
333 927 600 963 Mezzabarba
630 939 866 973 concessas,
895 930 1064 965 solemni

110 980 323 1016 verborum
349 981 479 1017 forma
506 981 759 1030 proscripsit,
787 991 827 1019 et
859 984 907 1019 ad
934 984 1065 1020 exclu-

109 1034 256 1070 dendas
274 1036 633 1083 tergiversationes
648 1048 694 1073 ac
710 1038 968 1086 subterfugia,
985 1050 1065 1074 om-

110 1088 235 1131 nibus,
264 1090 329 1136 qui
353 1090 479 1126 saeris
507 1091 757 1128 missionibus
785 1093 824 1128 in
852 1092 956 1129 Sinis
976 1104 1064 1140 ope-

109 1153 196 1178 ram
211 1143 355 1180 darent
368 1149 408 1181 et
418 1145 604 1193 deinceps
616 1146 746 1182 daturi
758 1152 908 1191 essent,
920 1159 1063 1183 novam

110 1197 363 1234 iurisiurandi
391 1200 598 1235 formulam
627 1200 673 1237 de
693 1201 767 1237 hac
784 1213 856 1237 sua
874 1203 1064 1238 constitu-

111 1250 216 1288 tione
254 1253 410 1300 integre
441 1259 480 1290 et
508 1255 786 1292 inviolabiliter
813 1256 1062 1293 observanda

109 1305 180 1340 sub
196 1308 440 1352 gravissimis
457 1310 594 1355 poenis
611 1310 880 1358 praescripsit.
900 1311 965 1346 Sic
980 1316 1063 1346 tan-

109 1358 197 1395 dem
228 1361 273 1396 lis
292 1363 545 1409 Apostolicae
567 1364 680 1400 Sedis
698 1364 840 1400 iudicio
860 1364 979 1401 finem
1000 1376 1062 1401 ac·

108 1415 223 1460 cepit.
242 1415 318 1450 Sed
335 1417 560 1462 persecutio
577 1418 614 1452 in
626 1419 814 1454 Sinenses
824 1418 1063 1454 christianos

108 1467 185 1502 iam
203 1470 390 1515 excitata,
406 1471 678 1508 vehementius
693 1473 906 1516 exarsit,ut
926 1478 1063 1520 postea

106 1521 338 1560 videbimus-

155 1576 322 1615 Praeter
351 1582 667 1618 controversiam
695 1582 740 1618 de
769 1582 906 1618 ritibus
926 1583 1063 1619 Sinen-

103 1630 222 1674 sibus,
252 1633 380 1670 altera
398 1635 462 1671 diu
481 1636 634 1681 agitata
660 1636 732 1672 fuit
750 1637 797 1673 de
817 1637 957 1672 ritibus
977 1638 1063 1673 Ma-

106 1685 302 1723 labaricis.
322 1687 417 1725 Eius
436 1689 628 1736 originem
650 1691 724 1726 iam
755 1691 1016 1727 indicavimus
1033 1694 1057 1726 1.

103 1738 230 1780 Quum
258 1743 424 1779 Carolus
444 1743 617 1780 Thomas
635 1745 681 1781 de
704 1745 905 1789 Tournon,
934 1756 957 1780 a
976 1745 1061 1782 Cle-

105 1801 237 1833 mente
265 1798 319 1834 XI
346 1799 385 1834 in
413 1800 527 1836 Sinas
554 1806 592 1836 et
618 1800 746 1835 Indias
765 1799 982 1835 orientales
1010 1800 1061 1836 le-

105 1853 268 1895 gatus‘2,
296 1852 597 1890 Pondicherium
628 1854 822 1896 venisset,
851 1859 891 1889 et
918 1865 1061 1899 cogno-

105 1902 227 1940 visset
258 1911 390 1943 certos
421 1908 518 1944 ritus
551 1920 620 1944 seu
649 1908 926 1944 caeremonias
957 1907 1061 1944 inter

104 1956 348 1996 Christianos
375 1961 423 1997 ab
448 1962 533 1997 aliis
561 1961 816 1998 missionariis
836 1962 1002 1997 tolerari
1021 1971 1061 1998 et

104 2010 330 2056 observari,
359 2015 406 2050 ab
434 2016 519 2051 aliis
546 2028 642 2052 vero
671 2016 885 2062 improbari
914 2020 954 2052 et
972 2028 1061 2063 pro-

104 2063 243 2110 hiberi,
273 2069 362 2103 vni⁰
390 2069 473 2105 idus
499 2069 580 2105 iulii
608 2070 698 2106 1704
716 2069 917 2105 decretum
940 2070 1058 2116 publi-

105 2121 230 2164 cavit,
258 2133 332 2169 quo
361 2123 495 2170 plures
522 2136 571 2159 ex
599 2123 680 2159 istis
707 2123 846 2158 ritibus
872 2124 942 2158 sub
970 2135 1060 2170 gra-

104 2173 215 2210 vibus
241 2177 378 2222 poenis
406 2178 659 2224 censui-isque
688 2177 907 2224 prohibuit,
932 2177 1057 2214 donec

104 2227 221 2263 aliter
247 2240 270 2264 a
297 2229 397 2265 Sede
418 2231 649 2277 Apostolica
675 2231 738 2267 vel
765 2242 788 2266 a
813 2242 854 2266 sc
883 2231 966 2267 eius
991 2243 1057 2267 au-

104 2281 287 2319 ctoritate
323 2283 462 2320 fuisset
492 2285 705 2330 provisum.
739 2285 823 2319 Hoc
849 2283 1054 2320 decretum

105 2334 142 2369 in
162 2336 482 2384 Congregatione
502 2340 539 2373 S.
563 2338 691 2373 Ostieii
708 2338 783 2373 rite
802 2350 1054 2383 perpensum,

103 2389 287 2426 Clemens
314 2391 368 2427 XI
401 2392 474 2427 vn⁰
502 2392 588 2427 idus
614 2392 781 2427 ianuarii
802 2392 892 2429 1706
917 2403 1057 2440 appro-

105 2442 211 2479 bavit
245 2449 284 2480 et
315 2445 603 2482 observandum
639 2445 862 2489 mandavit,
894 2446 966 2482 liae
999 2452 1053 2482 ta-

106 2509 193 2533 nicn
213 2498 346 2535 addita
363 2500 563 2536 clausula:
585 2514 603 2533 «
623 2501 754 2535 Donec
774 2499 890 2535 aliter
910 2511 933 2535 a
953 2500 1054 2536 Sede

103 2552 331 2598 Apostolica
358 2554 557 2601 provisum
587 2555 726 2596 fuerit,
756 2558 961 2600 postquam
990 2566 1056 2590 eos

103 2606 284 2651 audierit,
313 2608 344 2643 si
372 2608 434 2655 qui
461 2613 591 2651 erunt,
617 2607 681 2656 qui
700 2607 842 2654 aliquid
865 2608 1057 2643 adversus

105 2667 290 2700 contenta
317 2663 354 2697 in
381 2662 600 2697 huiusmodi
629 2661 790 2698 decreto
810 2662 1054 2697 asserendum

107 2714 365 2751 habuerint».

154 2768 301 2804 Verum
322 2771 442 2806 salsus
462 2781 597 2806 rumor
616 2782 684 2815 per
700 2768 828 2804 Indias
846 2768 1055 2811 increbuit,

107 2821 337 2859 l‘ontiliecm
374 2824 576 2860 decretum
607 2824 727 2870 legati
754 2823 812 2858 sui
843 2834 1055 2859 revocasse

103 2882 142 2912 ct
162 2878 371 2913 nonnullas
391 2892 410 2914 e
428 2878 690 2914 caeremoniis
707 2878 745 2913 in
761 2889 806 2913 eo
825 2877 1057 2924 proscriptis⁴

104 2932 355 2977 approbasse.
389 2933 645 2979 Quapropter
673 2931 856 2967 Pontifex
882 2942 945 2966 an.
968 2931 1058 2966 1712

104 2986 372 3021 authenticum
401 2987 627 3033 exemplum
647 2985 796 3021 decreti
816 2984 872 3019 sui
893 2995 980 3022 cum
999 2984 1058 3019 lit-

107 3039 201 3073 teris
229 3039 263 3074 in
296 3042 425 3076 soi-nia
454 3040 593 3075 lli-evis
623 3040 727 3074 misit
755 3039 802 3074 ad
829 3041 1056 3086 episcopum

105 3091 459 3139 Meliapurenscni,
489 3099 529 3130 ut
556 3094 591 3129 ci
613 3093 777 3140 aliisquo
804 3092 1000 3140 episcopis
1021 3097 1059 3128 et

152 3216 157 3236 1
183 3216 248 3246 vni.
270 3228 300 3258 μ.
329 3218 407 3250 ειη»,

150 3261 299 3305 ·2V1d.p.
327 3264 393 3296 ⁹253
420 3274 455 3305 sq

679 138 845 183 iflPOCHA
866 155 942 183 XII.
967 156 992 181 A
1015 155 1184 185 LITIBVS
1205 157 1517 185 IANSENISTICIS

1119 226 1383 264 missionariis
1401 233 1622 275 constaret,
1639 242 1740 279 quae
1759 243 1805 269 eo
1822 244 1945 281 usque
1967 237 2074 271 esset

1121 281 1375 327 Apostolicae
1409 282 1523 319 Sedis
1553 295 1666 321 mens
1691 285 1739 322 de
1766 286 1984 323 Tournonii
2009 287 2073 324 de-

1121 338 1244 370 creto.
1283 335 1413 376 Quum
1441 341 1574 373 tamen
1603 338 1736 385 plures
1761 339 1915 376 litteras
1939 352 1990 378 ex
2015 342 2075 377 In-

1119 387 1191 423 diis
1220 393 1359 425 contra
1384 390 1534 426 decreti
1561 391 1782 428 Tournonii
1809 394 1985 441 rigorem
2011 406 2075 432 ac-

1120 441 1304 489 cepisset,
1324 444 1459 480 varios
1479 444 1600 480 etiam
1616 445 1888 484 missionarios
1903 449 2071 485 audivis-

1119 499 1195 538 set,
1223 498 1539 534 controversiam
1567 499 1615 534 ab
1640 499 1793 546 origine
1813 502 2072 547 repetendam

1119 553 1159 585 et
1175 549 1464 587 discutiendam
1484 552 1685 593 iudicavit,
1701 553 1852 601 hocque
1868 556 2073 602 negotium

1120 605 1412 641 commendavit
1427 605 1654 642 doctissimo
1669 607 1930 653 Lambertini,
1949 621 1980 645 s.
1998 610 2073 647 Ge-

1120 658 1267 694 neralis
1301 659 1569 706 Inquisitionis
1596 661 1828 696 consultori.
1854 662 1957 698 Rem
1986 675 2074 710 pro-

1117 716 1277 748 secutus
1292 719 1354 748 est
1371 714 1455 749 eius
1472 725 1693 758 successor,
1705 715 1956 752 Innocentius
1965 717 2072 762 XIII,

1117 766 1185 802 sed
1212 772 1251 802 et
1277 767 1379 814 ipse,
1409 767 1638 815 priusquam
1664 779 1716 804 ea
1741 773 1850 806 esset
1875 770 2068 818 perfecta.

1118 820 1227 856 obiit.
1247 821 1488 858 Benedictus
1503 822 1609 866 Xlll,
1625 822 1729 858 illius
1745 833 1965 869 successor,
1981 835 2073 861 con-

1119 876 1341 913 troversiae
1373 877 1493 913 finem
1523 876 1727 913 constituit
1752 889 1825 925 per
1850 878 2006 915 litteras
2032 879 2072 915 in

1118 929 1245 965 forma
1271 930 1427 974 Brevis,
1454 931 1526 967 sub
1552 932 1673 967 finem
1701 941 1765 967 an.
1796 933 1886 969 1727
1914 933 1963 969 ad
1987 933 2075 969 uni-

1117 994 1254 1019 versos
1279 983 1486 1032 episcopos
1505 991 1544 1022 et
1563 987 1835 1023 missionarios
1852 998 2071 1034 regnorum

1117 1037 1386 1083 Madurensis,
1419 1039 1716 1088 Mayssurensis
1747 1044 1787 1077 et
1811 1041 2071 1078 Carnatensis

1119 1091 1233 1128 datas
1250 1121 1258 1135 ,
1288 1093 1424 1140 quibus
1451 1094 1658 1131 decretum
1685 1095 1904 1131 Tournonii
1928 1095 2071 1131 confir-

1120 1147 1245 1182 mavit
1271 1153 1312 1183 et
1337 1148 1626 1184 observandum
1654 1149 1871 1197 praecepit.

1167 1200 1319 1237 Verum
1354 1202 1418 1249 qui
1449 1202 1498 1238 ab
1525 1203 1636 1238 initio
1664 1203 1880 1239 Tournonii
1907 1203 2069 1240 decreto

1116 1254 1318 1291 adversati
1334 1255 1508 1301 fuerant,
1527 1257 1721 1294 Clementi
1734 1258 1966 1305 XII,quian.
1978 1257 2072 1296 1730

1116 1308 1334 1345 Benedicto
1353 1311 1443 1346 Xlll
1459 1316 1723 1355 successerat,
1735 1311 2070 1354 declararuntmi·

1117 1362 1169 1398 liil
1196 1364 1269 1399 sibi
1297 1369 1366 1400 aut
1391 1365 1586 1414 episcopis
1605 1371 1646 1402 et
1664 1366 1926 1402 missionariis
1947 1366 2072 1402 India·

1116 1429 1202 1452 rum
1229 1418 1277 1454 de
1304 1419 1608 1456 confirmatione
1636 1424 1675 1456 et
1701 1420 1844 1456 litteris
1863 1419 2070 1456 Benedicti

1117 1470 1188 1518 Pp.
1216 1472 1306 1507 XIII
1335 1473 1456 1509 fuisse
1483 1474 1660 1520 legitime
1683 1474 1978 1518 denunciatum,
1998 1474 2067 1509 im-

1115 1531 1415 1573 petrarumque,
1433 1531 1476 1563 ut
1495 1538 1617 1563 causa
1632 1539 1769 1564 rursus
1782 1540 1813 1564 s.
1830 1528 1959 1564 Officii
1975 1532 2067 1564 exa-

1115 1579 1212 1614 mini
1231 1584 1270 1615 et
1290 1581 1507 1627 cognitioni
1527 1582 1801 1618 subiiceretur.
1822 1582 1917 1619 Post
1934 1583 2068 1629 plures

1114 1633 1459 1681 Congregationes
1481 1665 1488 1679 ,
1517 1636 1556 1671 in
1583 1637 1721 1683 quibus
1747 1637 1950 1684 utriusque
1981 1647 2070 1672 sen-

1115 1688 1261 1725 tentiae
1286 1690 1442 1736 patroni
1458 1690 1578 1726 auditi
1593 1696 1696 1734 sunt,
1711 1691 1936 1727 s.Officium
1946 1690 2068 1726 Tour-

1114 1743 1220 1778 nonii
1236 1743 1441 1780 decretum
1458 1745 1597 1780 maiori
1613 1750 1727 1791 parte
1738 1744 2068 1788 confirmandum,

1114 1798 1307 1834 nunnulla
1325 1798 1582 1842 moderanda,
1597 1799 1839 1846 explicanda
1853 1803 1922 1835 aut
1937 1799 2069 1846 aliqua

1112 1863 1161 1887 ex
1189 1856 1302 1898 parte
1333 1853 1574 1890 remittenda
1607 1854 1770 1890 censuit.
1795 1854 1884 1900 ,Has
1909 1858 2068 1889 senten-

1114 1905 1186 1942 tias
1205 1907 1391 1944 Clemens
1406 1908 1478 1944 XII
1493 1908 1553 1944 1x⁰
1570 1908 1724 1945 calend.
1740 1907 1955 1955 septembr.
1974 1907 2067 1944 1734

1113 1962 1379 2006 confirmavit,
1409 1963 1652 2010 inseruitque
1681 1962 1824 1998 litteris
1838 1961 2066 2009 apostolicis

1112 2013 1149 2048 in
1162 2014 1290 2050 forma
1300 2015 2066 2064 Brevis,quibusMadurensibus,Mays-

1111 2069 1343 2105 surensibus
1377 2074 1416 2105 et
1450 2070 1762 2107 Carnatensibus
1792 2069 1990 2116 episcopis
2017 2079 2065 2105 ae

1111 2121 1371 2158 missionariis
1399 2122 1615 2165 mandavit,
1635 2128 1678 2158 ut
1697 2123 1778 2158 lata
1796 2133 1820 2158 a
1837 2134 1880 2158 se
1900 2121 2064 2159 decreta

1110 2180 1191 2210 tum
1211 2176 1284 2223 ipsi
1304 2177 1492 2223 religiose
1513 2177 1792 2219 observarent,
1812 2180 1895 2212 tum
1910 2176 1960 2212 ab
1974 2175 2064 2212 aliis

1111 2229 1290 2265 omnibus
1305 2229 1514 2276 diligenter
1530 2230 1738 2266 observari
1758 2233 1962 2265 curarent.

1158 2282 1360 2319 Pontificis
1387 2284 1546 2320 litterae
1566 2283 1605 2318 in
1625 2283 1823 2319 indiarum
1844 2284 1978 2331 regnis
2001 2293 2067 2330 pu-

1110 2335 1276 2372 blicatae
1303 2342 1344 2373 et
1369 2348 1393 2373 a
1417 2337 1674 2374 missionariis
1691 2338 1940 2384 subscriptae
1958 2340 2066 2374 sunt.

1108 2390 1204 2427 Cum
1234 2396 1366 2427 tamen
1394 2391 1611 2427 audivisset
1636 2392 1824 2429 Clemens
1850 2391 1937 2435 XII,
1963 2389 2066 2438 quod

1108 2443 1262 2490 quidam
1299 2449 1440 2480 contra
1473 2446 1609 2481 facere
1643 2445 1856 2488 auderent,
1890 2444 1952 2480 111⁰
1979 2443 2066 2480 idus

1108 2498 1198 2532 maii
1228 2498 1320 2534 1739
1355 2498 1440 2534 aliis
1467 2499 1609 2535 litteris
1639 2499 1775 2535 iisdem
1802 2498 1999 2546 episcopis
2025 2502 2066 2534 et

1110 2552 1367 2589 missionariis
1386 2553 1423 2587 in
1444 2553 1578 2600 regnis
1596 2553 1794 2589 Indiarum
1809 2552 2065 2589 orientalium

1107 2606 1209 2642 datis
1235 2608 1306 2642 sub
1334 2607 1585 2652 gravioribus
1613 2607 1750 2655 poenis
1774 2606 1999 2654 praecepit,
2019 2610 2064 2642 ut

1108 2660 1272 2696 decreta
1291 2672 1363 2696 sua
1381 2661 1429 2696 ab
1448 2661 1627 2697 omnibus
1645 2659 2063 2704 observarentur,nul-

1110 2715 1243 2761 lusque
1262 2715 1480 2762 apostolico
1497 2727 1661 2752 munere
1679 2714 2062 2762 fungeretur,quiiu-

1112 2769 1335 2813 reim-ando,
1357 2769 1468 2805 cuius
1484 2770 1676 2805 formulas
1692 2768 2002 2817 praescribebat,
2019 2779 2063 2805 se

1108 2823 1164 2858 eis
1179 2823 1550 2871 obtemperaturum
1572 2835 1648 2859 non
1664 2822 2062 2871 promiseritOmnes

1109 2877 1285 2924 episcopi
1313 2881 1351 2914 ct
1381 2877 1619 2928 missionarii
1648 2877 1852 2925 imperatis
1878 2887 1903 2913 a
1929 2875 2062 2913 Ponti-

1110 2933 1180 2967 lice
1211 2932 1551 2978 obtemperarunt.
1580 2931 1692 2972 Quod
1711 2943 1800 2967 cum
1819 2943 1839 2967 e
1859 2929 1979 2967 certis
1997 2929 2063 2966 do-

1109 2986 1306 3022 cumentis
1326 2986 1577 3033 cognovisset
1598 2985 1836 3022 Benedictus
1854 2984 1962 3028 XIV,
1977 2983 2062 3021 Cle-

1111 3040 1255 3074 mentis
1283 3040 1352 3075 Xll
1381 3051 1604 3082 successor,
1632 3039 1759 3086 pridie
1789 3038 1875 3074 idus
1893 3042 2063 3085 septem-

1111 3092 1188 3127 bris
1225 3094 1314 3129 1744
1348 3094 1676 3130 Constitutionem
1704 3092 1851 3136 edidit,
1881 3089 2062 3127 Omnium

1108 3146 1476 3190 solli}*itztdc'nunuin
1493 3159 1568 3195 qua
1583 3146 1878 3183 controversiae
1890 3143 2063 3191 origine,

1112 3212 1337 3247 progressu,
1367 3201 1583 3237 Tournonii
1610 3212 1851 3247 suorumque
1883 3198 2063 3235 decesso-

1110 3266 1195 3290 ruin
1223 3255 1396 3292 decretis
1421 3257 1624 3302 expositis,
1654 3255 1703 3292 ad
1731 3255 1902 3301 reliquas
1933 3252 2062 3289 adhuc
