2241 3473
231 111 310 150 342

177 194 390 232 editionem
417 195 632 230 Bibliorum
652 193 980 242 polyglottorum,
1006 193 1127 239 scrip-

175 250 303 296 sitque
330 248 616 284 commentaria
634 248 673 283 in
692 248 824 294 plures
841 259 874 282 s.
894 246 1126 294 Scripturae

176 303 310 344 libros,
325 306 364 338 et
378 301 454 337 alia
470 301 706 348 theologica,
722 300 929 348 polemica,
945 299 1126 343 moralia,

176 356 388 392 maximam
404 359 560 401 partem
580 354 730 391 inedita
747 358 988 390 conservata
1007 353 1046 388 in
1065 354 1127 389 Bi-

175 409 371 445 bliotheca
398 408 605 444 Vaticana.
641 409 787 444 Franc.
809 408 977 445 Carolus
994 407 1124 451 Alter,

173 462 352 507 Silesiae,
371 463 410 498 S.
426 462 470 506 I.,
488 462 591 498 inter
606 462 684 498 alia
699 462 870 509 plurima
896 473 918 498 e
945 462 1044 497 Mss.
1063 460 1126 496 Bi-

173 516 390 552 bliothecae
417 516 633 552 Viennens.
663 517 895 563 procuravit
913 515 1126 552 editionem

173 581 362 617 graecam
381 570 430 605 N.
451 570 710 607 Testamenti.
729 571 926 608 Antonius
943 569 1124 612 Martini,

172 623 390 666 Pratensis,
407 624 584 671 archiep.
602 624 840 668 Florentin.‚
858 624 964 661 dedit
977 623 1127 660 versio-

172 688 263 713 nem
290 678 464 714 italicam
492 678 539 712 V.
570 681 610 715 et
627 678 678 713 N.
699 678 961 721 Testamenti,
984 689 1007 713 a
1025 676 1126 713 Sede

170 732 306 778 Apost.
331 732 553 778 probatam,
570 733 755 768 Instruct.
781 733 954 769 morales
980 731 1028 768 de
1055 731 1124 767 Sa-

170 785 406 830 cramentis,
436 790 474 821 et
501 785 1126 832 dogmatico-historico-morales

172 839 219 875 de
229 839 1126 888 SymboloPetr-FranciscusViguier‚Congr.

172 893 390 938 Missionis,
419 893 634 941 publicavit
655 894 776 930 latine
796 897 836 930 et
854 894 998 940 gallice
1018 892 1127 929 Psal-

170 958 270 990 mos,
288 959 406 984 sensu
425 948 654 995 prophetico
675 948 891 996 expositos.
911 948 1020 984 Ioan.
1047 946 1127 982 Na-

172 1001 238 1037 tal.
257 1000 420 1048 Paquot,
433 1003 537 1049 prof.
553 1002 733 1046 Lovanii,
751 1001 872 1038 edidit
886 1004 1127 1038 commenta-

170 1055 273 1091 rium
294 1055 426 1091 Muisii
445 1056 484 1091 in
505 1056 686 1093 Psalmos
700 1067 786 1092 cum
803 1055 1127 1100 notisBossuetii,

170 1110 278 1146 auxit
311 1109 540 1146 Historiam.
570 1122 623 1147 ss.
656 1110 883 1158 Imaginem
911 1110 1060 1146 Melani
1088 1113 1127 1146 et

169 1163 386 1199 Notionem
413 1165 630 1213 temporum
654 1165 765 1201 Petri
786 1165 931 1209 Danes,
951 1164 1126 1212 scripsit-

171 1229 244 1265 que
271 1217 414 1265 gallice
441 1219 741 1256 Commentaria
767 1219 806 1255 in
833 1219 1041 1255 historiam
1068 1219 1129 1254 lit-

171 1273 361 1309 terariam
377 1273 503 1320 Belgii
518 1276 559 1309 et
572 1273 739 1321 princip.
752 1273 962 1310 Leodiens.
978 1275 1125 1308 Anton.

170 1327 258 1362 Van
277 1326 1127 1375 Gils‚Tileburgensis,deditAnalysimEpi-

169 1381 306 1416 stolar.
325 1392 355 1416 s.
376 1380 486 1416 Pauli
501 1385 542 1417 et
556 1381 906 1418 Catholicarum.1.
919 1381 1125 1423 B.Glaire,

170 1435 507 1471 Introductionem
530 1435 919 1472 historico-criticam
940 1435 989 1471 ad
1007 1435 1129 1470 libros

170 1488 220 1521 V.
248 1494 289 1525 et
315 1488 364 1524 N.
393 1489 667 1534 Testamenti,
698 1490 840 1537 gallice
869 1488 1128 1536 conscripsit,

169 1542 339 1590 itemque
376 1543 568 1580 adversus
602 1544 875 1581 rationalistas
908 1555 1006 1592 opus
1029 1572 1037 1587 ,
1065 1543 1128 1578 cui

169 1599 319 1634 titulus:
340 1598 447 1634 Libri
466 1598 593 1634 sancti
611 1599 816 1635 vindicati.
836 1599 972 1647 Aloys.
990 1598 1126 1645 Unga-

168 1652 256 1688 relli
270 1656 311 1688 et
324 1652 489 1689 Carolus
506 1653 762 1697 Vercessone,
785 1653 1044 1696 Barnabitae,
1063 1651 1126 1700 qui

169 1706 249 1742 suis
276 1707 447 1754 scriptis,
475 1707 522 1743 de
550 1719 601 1744 ss.
632 1708 828 1755 Scriptur.
855 1707 1044 1750 editione,
1074 1708 1124 1743 le-

171 1760 300 1797 ctione
312 1761 699 1809 acinterpretatione
713 1762 860 1811 optime
876 1762 1128 1799 meritisunt.

171 1815 352 1852 Andreas
380 1816 587 1863 Ferrigni,
621 1817 823 1864 Neapolit.
853 1817 1008 1853 Eccles.
1039 1827 1129 1852 can.

172 1870 290 1907 theol.
321 1875 360 1907 et
386 1871 423 1906 in
452 1871 501 1907 R.
529 1871 802 1908 Universitate
835 1871 1004 1918 profess.
1024 1871 1129 1908 evul-

168 1935 266 1972 gare
293 1930 483 1973 coeperat
509 1924 786 1962 instituciones
816 1925 998 1962 biblicae.

217 1979 275 2016 De
303 1991 346 2015 re
374 1979 597 2027 theologica
625 1981 722 2016 bene
749 1980 831 2027 egit
858 1980 1040 2017 laudatus
1068 1980 1124 2016 M.

169 2033 217 2068 A.
247 2033 382 2069 Luchi.
404 2033 510 2069 Ioan.
534 2035 647 2081 Bapt.
666 2034 984 2077 Lambruschini,
1003 2034 1124 2082 episc.

168 2086 466 2131 Urbevetanus,
498 2088 657 2135 scripsit
672 2088 912 2136 theologiam
939 2088 1129 2136 dogmati-

169 2151 272 2177 cam.
301 2141 522 2177 Ludovicus
549 2141 691 2190 Bailly,
719 2142 985 2186 Divionensis,
1013 2153 1127 2190 prae-

170 2200 232 2232 ter
259 2195 473 2232 Tractatus
500 2195 546 2232 de
574 2207 673 2232 vera
700 2196 911 2243 Religione
932 2196 1036 2232 etde
1056 2197 1128 2234 Ec-

171 2250 294 2286 clesia
323 2250 484 2294 Christi,
514 2251 725 2297 publicavit
749 2250 1010 2297 Theologiam
1038 2251 1127 2298 dog-

171 2305 543 2341 matico-moralem.
577 2305 775 2341 Arthurus
806 2305 850 2341 O'
872 2306 1003 2352 Leary
1022 2335 1030 2349 ,
1057 2307 1128 2343 Ca-

168 2359 336 2405 pucinus
362 2359 544 2403 Hibern.‚
573 2359 730 2406 reliquit
757 2359 872 2406 plura
897 2359 1046 2407 scripta
1064 2371 1128 2407 po-

172 2413 326 2449 lemica.
358 2413 466 2450 Petr.
497 2416 643 2449 Anton.
673 2413 872 2457 Sanchez,
900 2424 985 2449 can.
1014 2415 1126 2451 Com-

170 2468 442 2515 postellanus‚
483 2468 590 2505 dedit
624 2468 830 2504 Summam
872 2467 1095 2515 theologiae
1119 2497 1128 2513 ‚

172 2524 347 2559 Annales
373 2534 522 2565 sacros,
550 2522 770 2559 Historiam
799 2522 995 2558 ecclesiae
1024 2524 1129 2558 Afri-

172 2577 606 2622 canae,etTractatum
623 2577 669 2614 de
685 2576 898 2613 tolerantia
914 2576 950 2611 in
967 2578 1128 2624 negotio

172 2631 403 2679 Religionis.
425 2633 568 2668 Franc.
592 2631 770 2667 Florent.
789 2631 957 2671 Brunet,
979 2632 1123 2678 Congr.

175 2685 356 2722 Mis-sion.
377 2716 385 2730 ‚
417 2692 578 2734 praeter
604 2686 814 2722 Elementa
842 2684 1063 2731 theologiae
1091 2689 1130 2721 et

175 2740 405 2777 Methodum
433 2741 469 2777 ei
496 2739 703 2783 studendi,
732 2738 892 2786 scripsit
917 2738 1055 2774 Tract.
1083 2739 1129 2774 de

173 2794 478 2841 obligationibus
519 2794 756 2842 poenitentis
791 2797 830 2829 et
864 2792 1127 2837 confessarii3

173 2848 418 2885 elucubravit
433 2850 573 2897 gallice
588 2850 702 2885 varia
718 2848 908 2895 opuscula
922 2847 1127 2895 polemica.

174 2902 368 2949 Georgius
388 2904 489 2952 Hay,
509 2903 683 2939 vicarius
703 2901 954 2949 Apostolicus
974 2900 1012 2937 in
1039 2901 1132 2937 Sco-

176 2956 242 2998 tia,
263 2956 369 2992 dedit
387 2958 654 2994 Christianum
676 2961 784 2992 recte
804 2955 1036 2991 instructum
1056 2954 1131 2991 side

177 3009 214 3044 in
244 3010 368 3046 lesum
403 3012 602 3048 Chr-istum
630 3015 671 3047 et
701 3010 779 3045 alia
812 3009 1000 3045 nonnulla
1027 3010 1131 3057 pole-

177 3063 291 3100 mica.
314 3065 407 3101 Lud.
432 3065 572 3113 Aegid.
591 3064 638 3101 de
657 3065 695 3100 la
712 3064 869 3111 Hogue,
888 3063 1024 3099 doctor
1043 3064 1133 3100 Sor-

179 3116 352 3163 bonicus,
381 3121 537 3167 reliquit
564 3124 758 3155 tractatus
777 3117 823 3154 dc
845 3129 897 3154 ss.
917 3117 1131 3161 Trinitate,

179 3170 226 3207 de
253 3173 540 3219 incarnatione,
569 3174 617 3210 de
646 3173 930 3217 sacramentis,
952 3172 1000 3209 de
1027 3173 1132 3210 Reli-

181 3226 313 3272 gione,
340 3228 386 3264 de
408 3229 600 3273 Ecclesia,
614 3232 654 3265 et
673 3226 1008 3264 introductionem
1026 3227 1075 3264 ad
1097 3239 1126 3261 s.

520 124 687 152 EPOCHA
707 124 794 150 XIII.
819 124 847 148 A
869 122 1049 150 PVBLICA
1071 123 1220 149 RERVM
1242 123 1284 150 [Ν
1305 123 1474 151 GALLns
1493 125 1784 154 SVBVERSIONE

1181 193 1431 239 Scripturam
1445 197 1485 230 et
1502 193 1552 230 ad
1567 195 1791 232 Historiam
1805 195 2134 233 ecclesiasticam.

1181 246 1296 282 Vinc.
1324 247 1528 284 Benedict·
1555 248 1748 293 Buzzetti,
1781 261 1871 286 can.
1900 250 2138 295 Placentin·,

1180 301 1340 348 scripsit
1365 305 1526 338 tractat.
1555 302 1603 338 de
1631 303 1860 350 Religione,
1891 304 1940 341 de
1966 304 2108 341 Gratia
2124 333 2134 348 ‚

1179 354 1226 391 de
1252 355 1531 392 infallibilitate
1558 357 1605 392 R.
1636 357 1751 393 Pont.
1772 386 1781 401 ,
1809 362 1998 406 notasque
2025 358 2065 394 in
2091 357 2132 393 li-

1181 409 1271 446 bros
1288 422 1320 446 s.
1341 410 1555 458 Augustini
1572 411 1620 446 de
1637 410 1808 448 Cim'tate
1824 412 1901 448 Dei
1920 416 1962 449 et
1978 412 2015 448 in
2034 412 2135 449 Con-

1178 463 1388 500 cordatum
1403 464 1497 500 anni
1513 464 1788 512 1801-Gaspa1-
1805 466 2140 514 Moser,prof.Lo-

1178 517 1352 561 vanien.‚
1373 518 1555 554 exaravit
1581 522 1796 554 tractatum
1815 518 1864 555 de
1882 520 2139 568 impedimen-

1180 572 1229 609 tis
1256 573 1500 609 matrimonii
1526 576 1567 609 et
1591 572 1640 609 de
1667 573 1938 610 iurisdictione
1963 573 2134 611 haereti-

1178 638 1316 663 corum
1335 627 1375 662 in
1395 627 1562 663 articulo
1580 627 1732 664 mortis.
1752 627 1861 663 Ioan.
1881 627 2033 673 Ioseph.
2057 629 2136 664 Ha-

1179 681 1369 728 velange,
1396 681 1615 717 Lovanien.
1651 681 1874 728 professor,
1905 685 2046 719 auctor
2071 687 2135 720 est

1180 739 1375 772 tractatus
1401 735 1448 772 de
1476 736 1756 773 infallibilitate
1782 736 1988 773 Ecclesiae
2014 736 2054 772 in
2079 737 2138 772 fa—

1181 789 1256 825 ctis
1282 788 1530 836 dogmaticis.
1559 789 1683 837 Hyac.
1713 790 1956 836 Sigismund·
1983 789 2133 834 Gerdil,

1180 842 1400 887 Sabaudus,
1420 843 1651 887 Bai-nahita,
1673 843 1719 878 R.
1740 843 1785 879 E.
1803 843 2008 887 Card-,vir
2026 844 2133 880 omni

1178 896 1479 944 disciplinarum
1507 909 1655 945 genere
1682 897 1863 934 excultus
1880 926 1889 943 ,
1914 897 2134 945 theologus,

1180 952 1400 995 moralista,
1428 952 1696 1000 philosophus,
1722 952 2030 1001 metaphysicus,
2057 962 2139 989 ma-

1180 1005 1432 1049 thematicus,
1444 1005 1981 1056 philologus,polemicus,qui
1995 1005 2139 1043 adver-

1179 1072 1245 1096 sus
1271 1060 1469 1108 sophistas
1504 1062 1687 1108 antiquos
1712 1065 1753 1098 et
1779 1072 1902 1098 novos
1919 1089 1933 1105 ,
1962 1061 2109 1097 deistas
2125 1089 2135 1104 ‚

1180 1114 1479 1158 materialistas,
1492 1115 1836 1162 pseudopoliticos,
1846 1115 2133 1160 Febronianos,

1180 1168 1306 1217 Eybel
1333 1169 1507 1216 aliosque
1533 1169 1756 1217 Religionis
1782 1173 1823 1206 et
1838 1169 2045 1206 Ecclesiae
2071 1168 2135 1204 ho-

1179 1228 1260 1259 stes
1279 1223 1428 1270 scripto
1447 1223 1632 1266 certavit,
1652 1224 1900 1271 plurimaque
1914 1222 2059 1260 diversi
2077 1232 2142 1258 ar-

1179 1277 1355 1324 gumenti
1370 1288 1493 1325 opera
1503 1277 1763 1321 elucubravit,
1776 1289 1943 1326 quorum
1957 1277 2133 1314 omnium

1179 1331 1435 1368 collectorem
1460 1335 1601 1368 nactus
1627 1336 1688 1368 est
1721 1332 1956 1380 discipulum
1991 1342 2106 1367 suum
2123 1358 2133 1374 ,

1180 1385 1326 1421 Franc.
1356 1385 1451 1421 Lud.
1481 1386 1688 1430 Fontana,
1715 1390 1756 1422 et
1789 1386 1918 1433 ipsum
1944 1383 2138 1421 Barnabi-

1180 1443 1260 1475 tam
1287 1450 1334 1475 ac
1361 1439 1613 1476 Cardinalem
1633 1440 1780 1487 optime
1799 1440 1986 1476 meritum
2004 1439 2052 1476 de
2072 1439 2133 1474 lit-

1179 1493 1278 1530 teris
1292 1497 1333 1530 et
1350 1493 1544 1530 Ecclesia.
1561 1495 1729 1530 Amatus
1739 1493 1935 1530 Henricus
1948 1493 2134 1536 Paulian,

1179 1548 1486 1593 Nemausensis,
1522 1549 1686 1592 Iesuita,
1714 1547 1822 1585 dedit
1846 1547 2136 1584 Dictionarium

1180 1602 1749 1650 philosophico-theologicum.
1770 1602 1934 1639 Iacobus
1951 1601 2136 1638 Andreas

1181 1657 1328 1704 Emery
1356 1656 1435 1692 iam
1462 1656 1658 1701 laudatus,
1685 1655 1792 1693 dedit
1819 1656 1926 1692 inter
1951 1655 2032 1692 alia
2052 1654 2140 1703 Spi-

1181 1710 1300 1746 ritum
1328 1711 1368 1747 S.
1396 1710 1614 1747 Theresiae
1632 1739 1642 1754 ,
1667 1710 1948 1747 Defensionem
1983 1709 2138 1746 revela-

1183 1764 1299 1801 tionis
1318 1769 1457 1802 contra
1475 1764 1911 1812 incredulos‚Cogitata
1929 1763 2137 1801 Leibnitzii

1181 1819 1228 1856 de
1256 1820 1448 1866 religione
1475 1824 1515 1856 et
1540 1819 1722 1856 doctrina
1746 1819 1903 1863 morali,
1924 1829 2030 1855 nova
2045 1829 2140 1865 opu·

1181 1874 1292 1910 scula
1318 1873 1481 1910 Fleurii.
1504 1873 1706 1920 Philippus
1724 1873 1948 1909 Ludovicus
1965 1871 2136 1916 Gerard‚

1180 1927 1435 1971 Parisiensis‚
1453 1927 1666 1976 publicavit
1681 1926 1871 1963 Comitem
1884 1926 1934 1963 de
1950 1926 2140 1962 Valmont

1180 1982 1265 2018 sive
1284 1983 1571 2019 Aberrationes
1589 1981 1756 2018 rationis
1771 2010 1780 2026 ,
1800 1981 2009 2018 Lectiones
2022 1980 2142 2016 histo-

1181 2036 1569 2081 ricas‚Theoreticen
1585 2036 1800 2079 felicitatis,
1810 2039 1850 2072 et
1863 2034 2137 2072 Miscellanea.

1181 2090 1404 2138 Alphonsus
1431 2090 1676 2134 Muzzarelli,
1696 2090 1738 2126 S.
1758 2089 1982 2126 Poenitent.
2003 2087 2140 2132 theol„

1181 2145 1343 2193 scripsit
1367 2144 1415 2181 de
1435 2144 1532 2180 bono
1550 2155 1621 2180 usa
1639 2143 1794 2191 logicae
1813 2143 1854 2179 in
1873 2141 2044 2179 materia
2061 2140 2139 2178 Re-

1184 2198 1359 2245 ligionis,
1387 2198 1435 2234 de
1455 2198 1611 2245 origine
1632 2197 1914 2234 iurisdictionis
1933 2196 2136 2245 episcopo-

1182 2263 1270 2288 rum
1298 2252 1335 2287 in
1362 2252 1443 2288 suis
1460 2251 1718 2294 dioecesibus,
1739 2251 1787 2288 de
1806 2251 1892 2288 iure
1912 2250 2048 2298 Papae
2074 2249 2141 2286 de-

1181 2305 1368 2342 stituendi
1394 2306 1616 2354 episcopos,
1643 2305 1690 2341 de
1719 2305 1805 2341 aliis
1822 2304 2050 2351 multiplicis
2075 2313 2140 2340 ar-

1182 2360 1393 2407 gumentis.
1416 2360 1522 2396 Ioan.
1542 2360 1656 2406 Bapt.
1678 2359 1882 2403 Duvoisin,
1897 2358 2017 2406 episc.
2030 2357 2141 2394 Nan-

1182 2415 1379 2457 netensis,
1408 2414 1566 2461 reliquit
1603 2413 1994 2450 Demonstrationem
2020 2422 2138 2449 evan-

1182 2468 1369 2515 gelicam,
1406 2467 1739 2504 Dissertationem
1773 2467 1821 2504 de
1853 2467 2004 2504 visione
2036 2466 2138 2504 Con-

1181 2523 1345 2559 stantini
1364 2523 1419 2558 M.
1431 2522 1599 2569 ;scripsit
1616 2526 1827 2569 praeterea
1840 2521 1888 2558 de
1900 2520 2136 2558 auctoritate

1183 2576 1442 2614 Pentateuchi
1469 2580 1510 2613 et
1536 2576 1725 2612 librorum
1743 2576 1795 2612 N.
1815 2576 1880 2621 T.,
1897 2575 1945 2613 de
1965 2574 2139 2612 naturali

1183 2636 1221 2667 et
1247 2631 1294 2667 de
1323 2641 1420 2667 vera
1446 2631 1668 2677 Religione,
1689 2630 1737 2667 de
1756 2630 1960 2678 principiis
1985 2629 2140 2666 revolu-

1182 2686 1300 2722 tionis
1326 2686 1516 2722 Gallicae.
1554 2685 1725 2721 Micliael
1759 2685 1797 2720 di
1833 2684 1984 2728 Pietro,
2009 2684 2057 2720 R.
2088 2683 2135 2719 E.

1184 2740 1397 2776 cardinalis
1418 2769 1426 2783 ,
1461 2739 1621 2787 scripsit
1654 2743 1794 2776 contra
1834 2737 2136 2776 conciliabulum

1185 2794 1441 2831 Pistoriense-
1461 2793 1697 2830 Laurentius
1717 2793 1835 2838 Litta,
1855 2797 1897 2830 et
1915 2793 1997 2841 ipse
2019 2791 2068 2828 R.
2087 2791 2134 2828 E.

1185 2848 1416 2892 cardinalis,
1444 2847 1600 2895 reliquit
1627 2848 1915 2896 praecellentes
1948 2845 2136 2895 epistolas

1184 2914 1302 2949 super
1329 2906 1497 2951 quatuor
1515 2902 1694 2939 articulis
1710 2901 1992 2939 declarationis
2017 2899 2136 2938 Galli·

1185 2968 1306 2993 canae
1334 2968 1398 2993 an.
1428 2956 1532 2994 1682-

1233 3011 1376 3047 Franc.
1396 3011 1498 3047 Xav.
1516 3010 1562 3047 de
1582 3009 2019 3054 Feller,Bruxellensis,
2032 3007 2074 3044 S.
2091 3007 2137 3052 1.,

1187 3065 1222 3100 in
1258 3065 1393 3100 Dian-io
1430 3064 1834 3101 historico-litterario
1873 3072 2137 3111 quoscumque

1187 3119 1390 3155 Ecclesiae
1418 3118 1550 3155 hostes
1568 3122 1608 3155 et
1635 3119 1758 3156 salsae
1786 3117 1977 3155 scientiae
2004 3115 2137 3153 vendi-

1186 3177 1291 3210 tores
1318 3173 1552 3220 cxagitavit3
1573 3173 1682 3210 dedit
1708 3178 1922 3220 praeterea.
1939 3171 2137 3208 Dictiona·

1186 3227 1284 3264 rium
1312 3227 1559 3271 historicum,
1589 3227 1881 3264 catechismum
1906 3224 2138 3274 philosophi-

2215 0 2218 38 Ι
