2241 3473
704 157 841 187 vSQvss
863 157 918 185 AD
939 157 1226 186 PRAESENTEM
1250 159 1459 186 ΑΕΤΑΤΕΜ

107 227 145 263 ἰη
176 227 307 264 locum
344 227 403 263 Pii
435 228 642 276 elegerunt
668 229 929 266 Hannibalem
955 229 1055 265 della

106 280 260 328 Genga,
286 280 525 317 cardinalem
554 283 673 319 Urbis
698 283 908 327 vicarium,
925 283 1052 319 virum

104 333 268 381 insignis
296 333 468 380 pietatis,
487 336 608 372 animi
635 337 781 373 excelsi
804 341 845 373 et
864 337 1053 384 probatae

107 386 354 433 prudentiae,
382 388 418 423 in
446 389 700 437 expediendis
718 390 888 437 negotiis
905 389 1052 425 difficil-

104 439 208 476 limis
234 450 259 476 a
283 440 433 479 duobus
460 443 838 480 praedecessoribus
863 444 943 478 suis
969 454 1055 480 sae—

104 493 188 539 pius
214 493 445 539 adhibitum,
463 497 525 544 qui
555 507 698 533 nomen
727 496 868 533 Leonis
894 497 967 532 XII
994 507 1054 532 as·

103 547 280 594 sumpsit.
311 549 345 584 Is
371 549 591 586 decessoris
616 551 675 586 sui
701 554 963 597 prosequutus
989 561 1053 586 ve-

103 599 222 647 stigia
261 601 299 636 in
325 602 361 638 id
402 607 504 640 totus
542 603 740 646 incubuit,
778 607 822 639 ut
857 613 937 638 una
963 614 1050 638 curn

103 653 293 698 scientiis,
312 655 571 704 ingenuisque
597 657 762 699 artibus,
790 655 945 702 Religio
971 655 1053 691 ubi-

102 717 175 754 que
201 708 378 745 floreret.
396 710 452 743 V⁰
481 721 604 746 nonas
631 710 723 746 maii
743 709 834 746 1824
854 720 924 756 pro
942 719 1051 745 more

102 760 151 796 ad
176 772 313 798 omnes
331 764 593 809 patriarchas,
630 763 834 810 primates,
862 762 1051 810 archiepi—

101 824 240 861 scopos
258 820 299 851 et
314 816 519 864 episcopos
537 817 642 853 dedit
658 816 864 863 epistolam
884 816 1053 863 encycli-

101 877 203 910 cam,
223 867 275 904 Ut
287 869 472 916 primum,
495 881 572 917 qua
591 880 658 906 eos
676 869 724 905 ad
743 869 950 905 sollicitam
970 880 1052 904 mu-

102 932 238 957 nerum
249 922 704 969 expletionem,maxime
715 923 763 958 ad
780 923 1049 966 residentiam,

100 974 148 1010 ad
173 975 419 1022 vigilantiam
447 983 584 1013 contra
610 988 866 1024 progressum
890 976 1051 1024 indiffe-

101 1028 281 1064 rentismi
294 1029 536 1076 religiosi,ad
548 1031 651 1078 piam
663 1036 703 1067 et
715 1030 879 1066 solidam
890 1030 1054 1066 clerico-

102 1092 191 1117 rum
210 1082 495 1120 institutionem
516 1085 694 1120 hortatus
714 1089 786 1120 est.
808 1084 885 1120 Per
902 1083 1050 1127 Breve,

100 1133 198 1171 Cum
223 1136 348 1172 multa
375 1137 415 1173 in
446 1137 564 1182 Urbe,
591 1138 726 1173 datum
752 1138 838 1174 xvl⁰
865 1136 1050 1173 calendas

99 1188 252 1233 iunias,
279 1190 467 1227 Societati
502 1192 589 1228 Iesu
623 1192 795 1227 restituit
829 1190 1048 1236 Collegium

98 1242 334 1287 Romanum,
355 1245 466 1280 cuius
491 1245 671 1292 regimen
697 1245 850 1281 Iesuitis
875 1255 900 1280 a
918 1243 1049 1280 Socie-

99 1296 193 1332 tatis
223 1297 334 1333 initio
366 1309 486 1345 usque
513 1299 562 1334 ad
589 1299 690 1335 illius
729 1298 1046 1346 suppressionem

98 1354 289 1386 cesserat.
309 1351 381 1387 VI⁰
407 1352 594 1388 calendas
620 1352 796 1388 eiusdem
816 1351 962 1387 mensis
982 1362 1050 1397 pu-

97 1402 261 1440 blicavit
286 1404 440 1441 Bullam
466 1405 513 1442 de
540 1406 730 1450 1ubilaeo,
749 1416 852 1442 anno
869 1405 1047 1452 sequenti

97 1455 134 1492 in
160 1457 268 1494 Urbe
295 1457 546 1502 celebrando,
565 1460 837 1507 iniunctasque
854 1458 1048 1505 supplica-

98 1510 239 1553 tiones,
260 1511 352 1548 licet
377 1512 535 1548 infirma
560 1525 716 1560 semper
740 1524 834 1549 usus
859 1512 1049 1548 valetudi-

99 1575 166 1608 ne,
193 1564 308 1602 nudis
334 1566 497 1613 pedibus
523 1567 656 1602 obivit.
686 1567 798 1607 Quod
825 1577 929 1602 anno
958 1565 1048 1602 1826

97 1617 148 1653 ad
181 1618 409 1656 universum
444 1620 592 1657 Orbem
631 1624 866 1663 extensum,
902 1619 1045 1655 mirum

98 1675 185 1716 est,
223 1676 370 1720 quanta
404 1674 637 1721 populorum
663 1674 873 1710 devotione
891 1701 900 1716 ,
927 1684 1045 1720 quan-

96 1729 213 1773 toque
239 1728 460 1762 animorum
487 1727 628 1775 ubique
664 1728 774 1763 lucro
801 1727 1043 1764 celebratum

95 1778 228 1816 fuerit.
257 1781 318 1816 Ad
345 1781 598 1827 Religionem
624 1781 877 1829 erigendam.
896 1792 1045 1817 mores-

95 1843 168 1880 que
194 1834 461 1871 emendandos
478 1835 526 1871 ab
544 1835 652 1871 Urbe
672 1835 848 1879 adortus,
870 1834 1041 1870 omnium

94 1887 366 1924 Ecclesiarum
404 1890 658 1937 locorumque
699 1890 854 1936 piorum
898 1888 1042 1924 Visita-

95 1940 241 1978 tionem
267 1943 549 1990 Apostolicam,
577 1954 676 1990 quae
703 1943 823 1989 longa
848 1953 1042 1977 annorum

95 1995 393 2044 intercapedine
421 2009 520 2045 pene
547 1997 799 2040 desueverat,
820 1996 1044 2032 renovavit.

94 2050 292 2086 Armenes
329 2051 554 2088 Catholicos
586 2052 690 2087 inter
728 2050 913 2086 immanis
950 2049 1042 2085 belli

92 2113 308 2141 aerumnas
334 2116 404 2152 pro
422 2105 570 2143 Christi
593 2105 669 2141 fide
689 2105 927 2141 acerrimam
956 2115 1042 2151 per-

93 2158 338 2196 secutionem
370 2170 507 2207 passos
541 2158 821 2195 humanissime
855 2158 1013 2205 excepit
1034 2186 1043 2203 ,

93 2215 209 2259 atque
235 2214 342 2249 omni
367 2213 601 2250 auxiliorum
628 2224 775 2260 genere
795 2212 956 2249 adiuvit.
978 2212 1040 2247 Di-

93 2264 278 2303 latandae
304 2266 393 2304 fidei
420 2267 547 2304 studio
572 2268 687 2303 unice
715 2267 918 2310 incensus,
954 2266 1044 2301 mis·

95 2318 228 2357 siones
254 2321 293 2356 in
318 2321 534 2358 infidelium
561 2322 739 2369 partibus
764 2326 925 2357 strenue
954 2331 1045 2368 pro-

92 2374 229 2410 movit.
264 2374 496 2411 Monialium
534 2375 726 2411 Ordinem
765 2374 1043 2410 Eucharistiae

92 2427 395 2464 Sacramentum
423 2432 612 2476 perpetuo
632 2429 882 2465 adorantium
897 2457 905 2471 ,
925 2439 1040 2475 quem

91 2491 249 2529 semper
263 2485 414 2518 tutatus
427 2483 570 2526 fuerat,
584 2483 704 2519 etiam
715 2482 884 2529 Neapoli
903 2492 1042 2529 propa-

91 2535 179 2582 gari
196 2535 370 2572 indulsit.
383 2536 603 2573 Societates
620 2537 796 2573 occultas
813 2535 1042 2571 Liberorum

93 2589 462 2626 Caementariorum
492 2591 662 2638 itemque
681 2588 1037 2628 Carbonariorum,

93 2642 173 2679 iam
190 2643 406 2680 Clementis
424 2643 718 2688 XII,Benedicti
738 2643 829 2679 XIV
843 2646 882 2679 et
898 2641 957 2678 Pii
972 2643 1041 2678 VII

94 2695 442 2733 Constitutionibus
468 2697 698 2744 prohibitas,
718 2707 854 2732 rursus
880 2695 1042 2732 damna—

91 2749 174 2793 vit,
208 2750 333 2786 veluti
365 2751 658 2787 ecclesiasticae
692 2755 733 2787 et
771 2749 898 2786 civilis
931 2751 1040 2797 pacis

90 2802 271 2840 inimicas
297 2803 539 2852 principibus
564 2804 835 2847 denuntiavit,
865 2806 904 2839 et
929 2815 1040 2850 prae—

90 2857 261 2893 fatorum
286 2857 521 2893 Pontificum
555 2858 853 2894 constitutiones
879 2867 1040 2903 poenas—

90 2921 165 2958 que
188 2939 196 2954 ,
230 2911 269 2946 in
304 2911 351 2947 iis
382 2916 521 2947 contra
545 2911 759 2948 societates
785 2911 881 2947 istas
908 2910 1008 2947 latas
1029 2939 1037 2955 ,

89 2964 341 3001 confirmavit
373 2964 513 3001 litteris
540 2964 766 3012 apostolicis
785 2993 794 3007 ‚
831 2963 915 3004 Quo
947 2975 1038 3011 yra-

89 3017 221 3058 viora,
252 3019 315 3054 111⁰
340 3018 424 3054 idus
449 3018 581 3054 martii
610 3018 700 3054 1826
726 3017 842 3054 datis.
871 3018 1038 3055 Electio-

90 3082 161 3108 nes
174 3072 277 3108 Guil.
297 3072 375 3108 Vet
392 3073 431 3107 in
451 3073 675 3119 episcopum
694 3071 1037 3116 Daventriensem,

90 3128 131 3161 et
156 3126 261 3162 Ioan.
280 3126 369 3162 Van
387 3127 537 3162 Santen
556 3126 594 3161 in
614 3125 953 3173 archiepiscopum
972 3126 1038 3162 Ul-

91 3179 360 3224 traiectinum,
378 3180 518 3224 nullas,
537 3187 577 3215 et
600 3178 803 3225 utriusque
832 3189 1038 3216 consecra.—

93 3231 238 3270 tionem
274 3232 510 3281 sacrilegam
541 3232 771 3269 declaravit.
803 3231 940 3277 Bulla,
976 3233 1038 3270 Ad

1920 145 1994 184 341

1103 229 1304 266 Dominici
1318 228 1449 277 yreqis
1467 227 1706 272 custodiam,
1720 227 1827 271 data,
1843 226 1899 263 uti
1918 238 2050 274 supra,

1106 285 1167 320 111⁰
1186 283 1270 320 idus
1289 284 1425 331 aprilis
1441 283 1544 326 1827,
1565 293 1625 326 ea,
1644 281 1692 318 de
1711 281 1849 328 quibus
1867 281 1970 316 inter
1988 280 2053 316 de-

1103 348 1303 373 cessorem
1330 347 1442 372 suum
1461 341 1501 372 et
1522 336 1717 383 principes
1735 332 2054 382 confoederatio-

1104 390 1163 426 nis
1189 391 1454 427 Germanicae
1482 394 1746 431 convenerat,
1775 387 1961 435 perfecit,
1988 386 2051 423 de-

1105 444 1411 490 terminavitque
1439 443 1632 479 rationem
1660 441 1831 489 eligendi
1850 445 1891 478 et
1909 440 2053 477 consti-

1106 498 1236 534 tuendi
1264 498 1471 545 episcopos
1497 502 1538 534 et
1559 496 1768 532 canonicos
1788 495 2051 544 Capitulares,

1104 551 1317 598 recipiendi
1344 551 1525 587 alumnos
1542 551 1580 586 in
1598 549 1832 592 seminaria,
1852 550 1974 586 libere
1994 561 2051 588 re-

1104 605 1219 652 gendi
1239 604 1428 641 ecclesias
1447 608 1487 640 et
1507 604 1820 640 communicandi
1840 615 1930 639 cum
1949 604 2052 650 Apo-

1102 659 1242 694 stolica
1267 657 1368 695 Sede
1397 660 1421 692 ¹.
1451 657 1599 694 Eodem
1635 668 1738 693 anno
1769 657 2050 693 concordatum

1104 712 1274 748 confecit
1307 723 1395 747 cum
1427 712 1635 748 Guilielmo
1669 713 1682 747 I
1717 723 1814 758 rege
1848 711 1977 759 Belgii
2010 715 2052 748 et

1103 766 1357 810 Hollandiae;
1377 770 1418 802 at
1446 767 1509 802 vix
1534 766 1632 802 ullos
1660 766 1744 802 eius
1770 765 1934 802 effectus
1959 769 2051 801 ante

1103 823 1271 855 mortem
1304 830 1415 856 suam
1443 819 1552 855 vidit.
1587 820 1644 856 De
1675 819 1936 856 conventione
1963 829 2052 855 cum

1101 873 1274 921 Georgio
1302 874 1380 917 IV,
1414 874 1681 911 Hannoverae
1714 885 1810 920 rege
1844 873 2050 917 confecta,

1102 928 1231 973 paullo
1259 933 1350 964 ante
1374 956 1382 972 ,
1409 927 1576 964 diximus
1600 929 1628 960 2.
1661 927 2052 975 Consanguineitatis

1102 982 1256 1028 penitus
1282 982 1439 1022 oblitus,
1466 983 1544 1018 Leo
1572 982 1642 1017 XII
1663 982 1797 1018 munia
1814 981 2054 1018 etecclesia-

1100 1035 1200 1071 stica
1226 1036 1418 1072 beneficia
1444 1035 1597 1071 nonnisi
1623 1035 1718 1071 viris
1744 1035 1909 1071 scientia
1935 1039 1975 1071 et
1993 1046 2053 1072 re-

1101 1089 1244 1135 ligione
1271 1089 1576 1137 spectatissimis
1595 1088 1739 1125 collata
1755 1089 1890 1125 voluit.
1911 1089 2053 1126 Biblio-

1103 1142 1259 1179 thecam
1278 1144 1514 1180 Vaticanam
1534 1147 1574 1179 et
1593 1143 1775 1179 Museum
1788 1153 1863 1190 qua
1873 1142 2054 1180 vetustis-

1101 1196 1209 1232 simis
1220 1196 1416 1233 codicibus
1432 1197 1689 1243 Graecis‚qua
1706 1196 2005 1232 numismatibus
2013 1201 2054 1233 et

1101 1251 1264 1288 cimeliis
1292 1251 1559 1299 locupletavit;
1587 1261 1710 1286 novas
1727 1250 1904 1286 fundavit
1922 1250 2053 1288 cathe-

1099 1305 1190 1342 dras
1209 1318 1217 1350 ;
1237 1307 1449 1353 collegium
1476 1305 1795 1352 philosophicum
1823 1309 1863 1341 et
1888 1304 2052 1341 Theolo-

1099 1360 1230 1406 gicum
1243 1361 1425 1403 instituit,
1437 1364 1554 1407 atque
1572 1360 1726 1395 maiora
1739 1358 1917 1396 decrevit
1930 1359 2052 1395 scien-

1099 1413 1241 1450 tiarum
1257 1443 1265 1457 ,
1284 1414 1583 1461 liberaliumque
1602 1413 1747 1449 artium
1766 1413 2052 1459 professoribus

1097 1468 1286 1504 solvenda
1311 1467 1519 1515 stipendia.
1545 1467 1774 1514 Ephebeum
1801 1466 1994 1502 nobilibus
2011 1477 2049 1502 a·

1097 1521 1390 1558 dolescentibus
1415 1521 1637 1558 erudiendis
1669 1520 1718 1556 ab
1750 1521 1933 1557 inchoato
1966 1531 2051 1556 ere-

1098 1575 1168 1619 xit;
1197 1576 1358 1623 eiusque
1377 1575 1624 1623 potissimum
1643 1585 1768 1622 opera
1785 1573 2050 1610 Seminarium

1097 1629 1319 1666 Romanum
1348 1631 1385 1665 in
1419 1630 1652 1677 magnificas
1685 1629 1773 1665 Divi
1808 1627 2051 1676 Apollinaris

1096 1683 1216 1720 aedes
1254 1684 1494 1720 translatum
1535 1683 1665 1731 coepit
1700 1683 1767 1719 illo
1806 1682 1966 1730 auspice
2004 1692 2051 1718 ac

1096 1737 1194 1774 duce
1221 1749 1336 1786 quam
1356 1738 1526 1775 maxime
1553 1748 1803 1785 prosperare.
1824 1737 1877 1772 Et
1892 1748 1941 1772 ne
1959 1736 2050 1784 quid

1096 1791 1296 1828 studiosae
1312 1792 1505 1828 iuventuti
1520 1791 1754 1828 institutioni
1771 1790 2049 1835 deesset,Con-
2065 1822 2067 1824 .

1099 1847 1357 1893 gregatIOnes
1382 1846 1699 1894 Purpuratorum
1734 1845 1902 1881 Patrum
1940 1855 2048 1881 crea-

1102 1900 1173 1944 vit,
1200 1900 1337 1948 quibus
1364 1900 1590 1936 auctoribus
1616 1899 1749 1935 omnia
1774 1909 1874 1947 quae
1907 1898 2052 1934 studio·-

1097 1965 1182 1990 rum
1211 1954 1477 2002 disciplinam,
1506 1958 1545 1990 et
1570 1954 1777 1990 literarum
1804 1954 2050 1989 incrementa

1096 2008 1358 2055 respicerent,
1375 2011 1719 2055 componerentur.
1736 2006 2049 2044 Celeberrimam

1097 2062 1184 2096 Divi
1226 2061 1338 2097 Pauli
1371 2061 1585 2097 Basilicam
1617 2060 1788 2096 flammis
1820 2071 1900 2097 una
1932 2063 2049 2096 nocte

1096 2115 1318 2151 miserrime
1343 2126 1407 2151 an.
1435 2115 1528 2152 1823
1554 2115 1806 2162 absumptam
1824 2114 2050 2161 ingentibus

1097 2168 1284 2217 impensis
1311 2173 1393 2205 tum
1420 2170 1594 2216 proprio,
1615 2173 1695 2204 tum
1723 2180 1747 2204 a
1771 2168 1962 2212 fidelibus,
1981 2178 2046 2214 ap-

1096 2223 1222 2269 posita
1249 2223 1464 2271 Encyclica
1490 2234 1555 2259 an.
1578 2222 1669 2259 1825
1695 2223 1744 2258 ad
1770 2226 1922 2258 tantum
1949 2233 2046 2269 opus

1098 2278 1280 2313 excitatis
1297 2305 1305 2321 ,
1335 2277 1479 2313 collato
1505 2287 1598 2313 aere
1617 2305 1626 2321 ,
1652 2287 1676 2312 a
1700 2275 1965 2312 fundamentis
1989 2275 2048 2310 in-

1096 2335 1277 2368 staurare
1303 2342 1520 2379 aggressus
1547 2334 1621 2367 est.
1654 2330 1854 2377 Tiburque
1884 2329 2048 2365 Anienis

1097 2385 1426 2421 exundationibus
1463 2384 1744 2420 labefactatum
1789 2382 2045 2419 reficiendum

1097 2440 1262 2476 curavit.
1305 2441 1420 2475 Anno
1452 2442 1584 2475 autem
1623 2438 1713 2474 1829
1733 2466 1741 2481 ,
1769 2437 1952 2474 infirmae
1979 2448 2042 2473 va-

1097 2493 1279 2537 letudini,
1307 2504 1382 2540 qua
1409 2494 1487 2529 iam
1515 2496 1607 2528 ante
1637 2491 1907 2538 pontificatum
1939 2491 2048 2527 labo-

1097 2547 1222 2591 rabat,
1242 2548 1301 2583 1v⁰
1328 2547 1412 2583 idus
1438 2545 1626 2582 februarii
1653 2544 1860 2581 succubuit
1883 2546 1909 2579 3.
1935 2545 2046 2581 Sedit

1096 2612 1187 2636 ann.
1215 2602 1256 2644 5,
1285 2611 1403 2636 mens.
1432 2600 1475 2642 6,
1494 2599 1578 2635 dies
1605 2599 1659 2634 11.
1687 2597 1798 2634 Vixit
1822 2609 1946 2635 annos
1971 2599 2016 2636 69
2033 2627 2041 2643 ,

1095 2666 1251 2691 menses
1277 2655 1312 2698 6,
1339 2654 1422 2690 dies
1447 2654 1481 2689 6.

1140 2709 1197 2745 41.
1211 2709 1436 2756 Scriptoms
1455 2705 1854 2743 ecclesiastici—Inde
1872 2707 1921 2743 ab
1936 2707 2044 2744 exitu

1094 2763 1243 2799 saeculi
1254 2761 1531 2810 praecedentis
1540 2771 1662 2807 usque
1677 2760 1726 2796 ad
1735 2760 1834 2797 haec
1849 2764 2043 2809 tempora,

1095 2818 1195 2853 inter
1225 2816 1438 2863 scriptores
1465 2814 1754 2850 ecclesiasticos
1772 2814 1991 2851 floruerunt
2005 2815 2042 2850 hi

1093 2871 1157 2918 qui
1174 2873 1400 2917 sequuntur:
1421 2867 1593 2903 Michael
1611 2868 1787 2915 Angelus
1805 2868 1942 2913 Luchi,
1958 2869 2042 2904 Bri-

1092 2924 1252 2965 xiensis,
1279 2921 1570 2964 Benedictinus‚
1601 2921 1648 2956 R.
1670 2923 1715 2957 E.
1737 2922 1872 2967 Card.,
1892 2922 2043 2969 lingua·

1093 2989 1178 3014 rum
1205 2975 1452 3012 orientalium
1488 2974 1636 3021 peritus
1653 3003 1662 3020 ,
1697 2976 1870 3024 suscepit
1897 2986 2040 3012 novam

1137 3097 1147 3118 1
1168 3095 1325 3132 Schenkl,
1345 3093 1402 3135 Op.
1425 3094 1480 3127 cit.
1499 3104 1530 3137 p.
1549 3095 1630 3128 358.

1136 3142 1151 3164 2
1169 3142 1236 3173 vid.
1256 3151 1287 3183 p.
1310 3140 1386 3173 339.

1136 3188 1150 3209 3
1168 3187 1290 3220 Artaud
1308 3182 1493 3225 ,Ἠίεἰοίνε
1518 3185 1563 3219 du
1582 3187 1643 3229 Pp.
1661 3184 1747 3219 Le'on
1770 3185 1834 3220 XII
1852 3212 1860 3228 ,
1889 3184 2039 3219 Bruxell.

1094 3235 1193 3275 1843,
1212 3233 1232 3264 2
1252 3233 1332 3266 voll.
1350 3229 1454 3264 in-80.
