2241 3473
794 141 922 191 vsovs
942 159 995 186 AD
1015 158 1208 187 AETATEM
1235 161 1382 188 ermom
1410 161 1452 190 M.

133 226 173 262 et
193 222 531 268 Bibliothecarius‚
547 223 768 268 sanctitate,
790 222 980 268 doctrina,
1000 234 1086 259 con-

132 276 280 314 stantia
291 279 331 313 et
343 277 614 324 propagandae
625 276 733 313 Fidei
748 275 875 312 studio
887 276 1087 323 spectatis—

131 328 265 373 simus,
280 328 344 376 qui
355 328 454 365 sedit.
473 340 591 377 usque
603 329 650 365 ad
661 327 1086 366 an.731.l'ontiticatus

132 381 243 419 initio
263 380 465 418 consilium
483 382 586 429 cepit
606 381 652 418 de
665 380 866 418 moenibus
894 379 1011 417 Urbis
1031 392 1086 416 rc-

132 434 353 472 staurandis
372 447 381 476 ;
416 434 481 471 sed
522 434 796 482 impedimento
832 432 939 480 operi
978 432 1085 469 fuere

134 486 393 534 Longobardi,
427 486 492 534 qui
526 487 742 523 Cumanum
763 486 945 533 oppidum
966 496 1085 521 occu-⁴

134 542 286 588 parunt.
309 539 449 575 Totam
478 538 581 575 enim
616 549 750 574 curam
769 537 806 574 in
827 537 909 574 eius
931 548 1086 584 recupe-

133 591 325 629 rationem
354 591 532 635 intendit,
552 590 726 638 illudque
749 589 868 626 Ducis
889 601 933 626 ac
955 589 1084 637 populi

134 644 384 691 Neapolitani
415 643 562 680 auxilio
584 642 742 690 recepit.
765 642 910 679 Contra
927 642 1084 690 Longo-

134 697 274 734 bardos
303 697 375 734 sibi
404 696 563 733 infestos
579 706 690 743 opem
711 693 936 741 imploravit
958 693 1085 731 Caroli

134 749 307 787 Martelli
322 745 516 786 Praefecti
534 748 669 784 <lomus
686 747 817 795 regiae
830 747 1083 784 Francorum.

137 802 296 839 Interim
335 801 598 849 Luitprandus
629 800 978 848 Longobardorum
998 810 1084 844 rex,

132 855 209 892 icto
239 854 395 892 foedere
411 865 498 890 cum
522 852 714 900 Eutychio
735 852 918 897 exarcho,
939 852 1084 889 iunctis

131 907 249 956 copiis
265 906 439 944 decrevit
452 909 492 943 et
503 907 670 942 Romam
686 916 823 953 capere
844 908 883 941 et
899 904 1023 953 ipsum
1040 905 1086 941 de

132 959 258 997 medio
287 959 434 996 tollere.
453 958 620 1007 Utrique
641 969 728 995 curn
748 958 924 994 exercitu
944 958 994 994 ad
1014 958 1085 994 Ur-

136 1014 223 1050 bem
253 1011 478 1060 properanti
504 1011 662 1048 obviam
688 1010 828 1056 factus,
847 1010 902 1046 ita
923 1011 1082 1058 Longo-

132 1066 297 1103 bardum
324 1076 396 1102 sua
424 1063 657 1101 auctoritate
684 1063 818 1108 flexit,
855 1064 898 1099 ut
935 1063 984 1099 ad
1023 1074 1084 1111 pe-

132 1119 199 1155 des
233 1118 317 1155 eius
350 1116 591 1166 provolutus,
624 1127 735 1153 arma
756 1120 795 1153 et
815 1127 997 1153 coronam
1020 1127 1084 1152 au-

134 1183 255 1217 ream,
279 1181 510 1217 crucemque
538 1171 768 1217 argenteam
790 1168 835 1205 D.
858 1169 976 1206 Petro
997 1180 1083 1205 con-

130 1226 314 1262 secraret.
331 1223 424 1260 Inde
445 1222 592 1259 sactum
614 1227 684 1267 est,
707 1224 751 1258 ut
770 1221 1005 1269 Luitprandi
1026 1232 1085 1258 ro-

133 1279 227 1326 gatu
253 1275 466 1324 Gregorius
501 1275 620 1312 etiam
641 1286 728 1311 cum
749 1275 920 1311 exarcho
941 1286 1078 1322 pacem

133 1330 307 1366 haberet.
339 1329 400 1365 Ad
430 1339 492 1365 res
524 1339 657 1365 sacras
677 1328 780 1375 quod
796 1327 950 1373 attinet,
972 1338 1082 1375 prae—

132 1382 245 1431 cepit,
272 1384 314 1418 ut
338 1384 514 1429 tempore
542 1379 875 1428 Quadragesimae
910 1380 1084 1428 qualibet

133 1434 232 1472 feria
251 1434 388 1483 quinta
415 1433 618 1479 ieiunium,
640 1433 712 1470 hoc
733 1435 791 1471 est
812 1432 940 1470 Statio
960 1435 1000 1470 et
1019 1433 1086 1470 Sa-

133 1487 324 1525 crificium
345 1487 457 1524 fieret
479 1485 505 1524 ¹.

184 1541 246 1577 51.
282 1540 518 1588 Relzjqz‘om's
552 1538 812 1576 christianae
838 1549 1085 1586 prom-ersus

131 1594 175 1630 in
199 1593 486 1630 Germania—
500 1591 573 1629 Hic
593 1591 778 1628 Pontifex
799 1591 837 1628 in
859 1591 991 1639 primis
1008 1592 1085 1628 sol-

129 1646 262 1684 licitus
290 1646 338 1683 de
360 1645 626 1694 componendo
645 1644 900 1682 ecclesiarum
923 1646 1029 1681 statu
1046 1643 1084 1680 in

129 1698 313 1738 Bavaria.
335 1698 399 1734 ubi
426 1697 634 1746 Evangelii
656 1696 891 1745 praedicatio
907 1697 1086 1745 ingentes

130 1751 283 1789 fructus
303 1751 462 1797 tulerat,
479 1763 540 1788 an.
558 1750 739 1787 716i11uc
752 1749 962 1787 destinavit
974 1749 1085 1786 Mar-

129 1805 280 1841 tianum
292 1803 748 1852 episcopum,Georgium
759 1803 1036 1851 presbyterum
1048 1807 1088 1839 et

131 1857 371 1894 Dorotheum
381 1855 732 1894 subdiaconum.Iis
749 1855 964 1903 capitulare
982 1855 1089 1892 dedit

130 1910 167 1947 in
177 1921 254 1959 quo
263 1911 395 1947 certae
403 1909 562 1958 regulae
574 1908 943 1957 praescribebantur
952 1909 997 1945 de
1006 1919 1089 1956 pro-

130 1963 265 2000 bandis
289 1974 335 2000 ac
354 1961 579 1999 ordinandis
598 1961 855 1998 ecclesiarum
887 1961 1087 2007 ministris,

130 2016 177 2053 de
197 2016 394 2064 erigendis
415 2014 713 2063 episcopatibus,
739 2015 784 2051 de
804 2014 1087 2051 administran-

131 2069 189 2106 dis
209 2072 248 2105 et
267 2068 484 2105 dividendis
512 2068 552 2104 in
573 2070 741 2116 quatuor
763 2069 893 2116 partes
912 2066 1086 2104 fidelium

135 2121 395 2158 oblationibus
419 2123 459 2158 et
488 2120 742 2157 ecclesiarum
771 2120 1001 2166 redditibus,
1023 2121 1089 2157 de-

131 2185 206 2222 que
228 2174 314 2212 aliis
333 2173 358 2211 ².

183 2227 223 2264 S.
250 2226 640 2264 Cor-bimanus—S.
665 2227 864 2275 Rupertus
885 2226 1087 2274 episcopus

130 2279 518 2328 Salisburgensis,qui
531 2279 818 2327 preclarissime
830 2279 875 2316 de
887 2278 994 2316 Fidei
1006 2291 1028 2327 p
1035 2291 1089 2315 ro-

131 2332 335 2381 pagatione
355 2333 395 2370 in
411 2332 582 2369 Bavaria
602 2331 746 2369 meruit
765 2330 793 2377 3,
809 2332 903 2369 obiit
923 2343 984 2368 an.
998 2332 1086 2368 718.

131 2384 321 2422 Posteum
331 2385 380 2422 ad
393 2384 642 2433 extirpandas
654 2385 732 2422 illic
743 2384 988 2422 idololatriae
1000 2384 1088 2421 reli-

130 2437 239 2485 quias
256 2440 296 2474 et
313 2437 546 2475 firmandam
563 2437 679 2474 fidem
696 2438 735 2474 in
747 2437 945 2475 Christum
963 2437 1088 2474 Domi-

175 2540 185 2561 ¹
204 2542 235 2572 lu
253 2541 498 2581 Quadragcsima
514 2542 613 2572 caruit
636 2541 737 2573 officio
753 2543 864 2572 Missae
889 2542 964 2572 feria
983 2541 1087 2580 quinta

134 2591 230 2621 usque
248 2581 287 2612 ad
304 2581 487 2622 Gregorium
510 2583 545 2620 11,
562 2583 598 2612 de
624 2592 684 2622 quo
709 2583 751 2613 ait
774 2582 864 2614 Liber
881 2582 1087 2621 pontificalis:

138 2635 150 2651 «ι
168 2620 222 2653 Hic
241 2623 508 2660 Quadragesimali
527 2629 672 2662 tempore,
691 2627 722 2654 ut
738 2624 767 2653 in
786 2624 896 2663 quinta
914 2624 991 2654 feria
1008 2624 1088 2653 ieiu—

132 2665 225 2702 nium,
237 2669 328 2703 atque
342 2665 504 2694 missarum
518 2664 683 2695 celebritas
697 2665 783 2695 tieret
795 2666 825 2694 in
839 2664 1085 2704 Ecclesiis,quo‹l

135 2744 210 2777 Ord.
233 2745 324 2777 Rom.
348 2755 372 2775 c.
398 2745 434 2782 5,
452 2746 534 2775 illam
558 2747 714 2776 Anastasii
739 2755 845 2777 vocem
870 2746 980 2776 ieiunii
995 2747 1087 2777 sumit

132 2795 189 2826 pro
208 2787 360 2823 statione,
376 2787 416 2816 ita
435 2790 465 2816 ut
483 2787 649 2824 Gregorius
665 2787 691 2817 Il
708 2786 857 2818 stationes
875 2788 1087 2827 assignaverit

131 2828 222 2858 etiam
238 2828 322 2858 feriis
340 2828 456 2867 quintis
473 2827 747 2867 Quadi-agesimae.
764 2828 960 2866 morologus,
977 2827 1014 2858 de
1030 2827 1086 2858 Ec-

131 2868 316 2899 clesiasticis
335 2867 625 2906 Observacmnibus,
644 2878 668 2898 c.
688 2868 736 2905 50,
753 2869 830 2898 haec
849 2869 959 2899 habet:
983 2880 994 2896 «
1012 2870 1086 2899 Gre-

131 2909 238 2948 gorius
258 2910 359 2940 iunior
375 2909 481 2939 statuit
499 2909 634 2948 quintam
651 2909 759 2939 feriam
777 2909 858 2939 infra
875 2909 1089 2949 Quadragesi—

130 2958 211 2980 mam
234 2959 303 2980 esse
327 2950 499 2980 solemnem
525 2950 634 2979 officiis
660 2949 866 2989 undequaque
890 2951 1041 2989 collectis,
1059 2955 1088 2981 et

130 2991 260 3021 maxime
276 2999 311 3021 ex
331 2991 536 3021 aestivalibus
554 2991 728 3027 Dominicis,
747 2990 827 3020 unde
844 2994 873 3020 et
888 2992 1082 3031 Antiphonac

130 3039 167 3061 ex
190 3031 433 3062 Dominicalibus
448 3031 627 3070 Evangeliis
655 3031 769 3070 quintis
787 3031 882 3061 Feriis
907 3031 1008 3062 adhuc
1026 3033 1085 3063 ad-

130 3071 267 3110 scriptae
284 3072 493 3111 reperiuntur,
510 3076 539 3101 ut
558 3081 594 3102 ex
611 3072 778 3111 Evangelio
791 3096 798 3107 ,
825 3072 932 3102 Homo
955 3073 1086 3112 quidam

130 3116 200 3142 erat
215 3111 309 3150 dives,
325 3116 354 3143 et
370 3112 443 3143 Ibat
457 3112 548 3143 Iesus
565 3124 592 3143 ».

170 3151 186 3172 ἢ
200 3153 313 3190 Labbe,
331 3152 449 3184 Concil.
467 3158 485 3184 t.
505 3154 551 3191 vl,
570 3163 597 3192 p.
621 3151 706 3183 1152.

171 3191 186 3214 3
200 3193 266 3225 vid.
281 3202 310 3233 p.
330 3193 398 3225 187.

1950 152 2022 190 191

1128 236 1221 261 num
1240 225 1451 273 plurimum
1469 225 1646 272 contulit,
1673 224 1730 263 uti
1751 225 1930 271 diximus,
1942 238 1970 263 s.
1986 226 2078 263 Cor-

1127 276 1638 328 binianus,Francus,primo
1652 278 2019 324 monachus,deinde
2028 279 2078 316 ab

1127 329 1208 377 ipso
1229 331 1418 378 Gregorio
1441 331 1510 380 Pp.
1542 332 1577 368 II
1605 332 1805 380 episcopus
1833 330 2079 380 regionarius

1127 382 1354 428 ordinatus,
1384 383 1579 432 pallioque
1609 388 1649 421 et
1685 386 1877 433 potestate
1920 383 2078 433 praedi-

1127 435 1237 471 candi
1278 447 1345 483 per
1383 436 1610 474 universum
1641 437 1828 474 mundum
1857 437 2077 474 decoratus.

1127 486 1204 526 Qui
1225 487 1351 524 Roma
1373 491 1572 526 revertens
1591 501 1661 538 per
1684 489 1918 534 Bavariam,
1940 491 2078 538 postu-

1127 538 1232 575 lante
1254 539 1480 577 Grimoaldo
1511 542 1732 588 provinciae
1760 542 1876 580 huius
1897 543 1995 579 duce
2009 571 2018 587 ‚
2037 541 2079 579 in

1127 603 1174 627 ea
1190 593 1416 639 permansit,
1432 594 1634 631 credentes
1650 595 1688 631 in
1706 595 1800 632 Fide
1817 594 2078 640 confirmavit,

1127 643 1269 681 multos
1301 647 1524 691 convertit,
1560 647 1741 684 ecclesias
1771 651 1810 684 et
1837 647 2078 685 monasteria

1128 696 1487 746 crexit,sedemque
1507 699 1761 748 episcopalem
1781 700 1980 738 constituit
1997 700 2080 737 Fri·

1126 749 1280 795 singae,
1302 750 1364 786 ubi
1386 762 1447 787 an.
1470 751 1547 787 730
1567 754 1701 789 sancto
1721 752 1797 789 fine
1819 753 1969 801 quievit
1986 751 2011 790 ¹.

1180 804 1220 838 S.
1252 802 1560 851 Bom'sacz'us—
1573 804 1674 840 Prae
1705 807 1873 843 caeteris
1911 806 2079 842 Germa-

1128 854 1216 890 niae
1242 856 1442 902 apostolus
1462 856 1595 893 vocari
1621 858 1766 894 meruit
1784 870 1812 894 s.
1836 858 2079 904 Bonifaoius,

1126 910 1244 943 antea
1272 907 1490 955 appellatus
1512 909 1747 955 VVinfridus,
1765 921 1826 947 an.
1843 911 1921 949 680
1936 912 1974 948 in
1991 911 2077 948 An-

1126 959 1206 1007 glia
1235 960 1356 997 nobili
1383 972 1528 1008 genere
1549 964 1676 1007 natus,
1696 963 1910 1001 monachus
1930 965 1969 1000 et
1989 975 2080 1012 pre-

1126 1013 1272 1060 sbyter.
1286 1013 1322 1049 Is
1340 1015 1545 1063 postquam
1564 1015 1668 1052 vit-ae
1685 1015 1894 1052 sanctitate
1910 1018 1949 1053 et
1963 1016 2082 1053 scien-

1125 1064 1192 1102 tiis
1207 1065 1435 1113 theologicis
1453 1068 1667 1104 maximam
1689 1068 1853 1105 nominis
1874 1068 2018 1106 famam
2042 1069 2079 1105 in

1126 1117 1253 1166 patria
1287 1118 1359 1155 sibi
1392 1123 1674 1168 comparasset,
1714 1121 1761 1157 ad
1801 1121 2080 1159 convertendos

1126 1171 1341 1208 Germanos
1366 1172 1542 1209 animum
1564 1173 1718 1211 adiecit.
1742 1174 1819 1210 Pro
1849 1185 1956 1211 more
1977 1174 2078 1212 alio-

1128 1235 1212 1260 rum
1241 1236 1262 1261 e
1283 1227 1399 1272 gente
1425 1237 1497 1263 sua
1517 1226 1624 1263 Fidei
1646 1238 1892 1275 praeconum⁷
1921 1239 1981 1264 an.
2003 1227 2080 1263 718

1127 1277 1292 1313 Romam
1323 1277 1521 1326 profectus
1543 1282 1614 1325 est,
1631 1279 1774 1316 summi
1796 1279 2000 1317 Pontificis
2020 1280 2085 1316 be-

1128 1329 1389 1367 nedictionem
1437 1334 1478 1368 et
1519 1332 1835 1381 approbationem
1873 1333 2081 1381 petiturus.

1127 1383 1340 1431 Gregorius
1361 1384 1396 1420 II
1418 1396 1509 1421 eum
1530 1385 1694 1434 benigne
1715 1385 1869 1433 excepit
1907 1387 2026 1433 atque
2046 1397 2081 1422 e-

1129 1436 1374 1484 vangelicam
1402 1437 1624 1474 missionem
1646 1439 1694 1476 ad
1715 1438 1949 1476 Germaniae
1965 1449 2082 1487 popu-

1127 1488 1182 1525 los
1198 1489 1231 1525 ei
1249 1489 1426 1528 credidit.
1438 1490 1663 1528 &vinfridus
1679 1504 1747 1528 seu
1769 1490 1995 1528 Bonifacius
2008 1491 2083 1528 Ro-

1128 1553 1192 1578 ma
1219 1542 1415 1590 digressus
1429 1572 1438 1588 ,
1458 1543 1582 1591 primo
1602 1544 1814 1581 Bavariam
1842 1555 1888 1580 ac
1908 1544 2080 1580 Thurin-

1128 1594 1231 1643 giam
1249 1595 1508 1642 praedicando
1528 1597 1873 1645 perag-1²avit3dein
1885 1596 2080 1645 profectus

1129 1648 1166 1683 in
1188 1647 1369 1694 Frisiam,
1391 1660 1468 1685 una
1488 1661 1576 1685 cum
1597 1661 1627 1687 s.
1645 1650 1916 1694 willibrordo,
1936 1649 2082 1687 archie-

1130 1699 1283 1748 piscopo
1303 1700 1603 1748 Ultraiectensi,
1624 1702 1848 1740 erudiendis
1877 1702 1926 1739 ad
1945 1702 2080 1739 Fidem

1128 1753 1263 1790 Frisiis
1278 1754 1490 1791 triennium
1502 1756 2084 1804 consumpsit.Posthaectrans-

1127 1805 1172 1842 iit
1190 1806 1230 1842 in
1250 1806 1456 1852 Hassiam,
1479 1807 1540 1843 ubi
1570 1808 1768 1856 ingentem
1794 1819 2000 1845 numerum
2032 1809 2081 1845 ad

1132 1859 1213 1896 veri
1230 1858 1300 1895 Dei
1316 1859 1466 1896 cultum
1481 1861 1686 1907 convertit,
1708 1861 1804 1898 alios
1825 1861 1891 1909 qui
1910 1860 1989 1897 iam
2004 1872 2083 1897 cre-

1131 1912 1323 1957 diderant,
1340 1924 1363 1949 a
1383 1912 1662 1961 superstitiosis
1681 1913 1820 1951 ritibus
1841 1914 1888 1950 ad
1909 1925 2004 1961 quos
2032 1913 2085 1950 di-

1130 1964 1228 2013 lapsi
1248 1965 1428 2010 fuerant,
1450 1966 1621 2003 reduxit.
1641 1967 1714 2003 An.
1737 1967 1814 2004 723
1833 1966 1976 2003 iterum
1997 1967 2082 2003 Ro-

1131 2029 1236 2055 mam
1256 2017 1434 2055 tetendit.
1457 2019 1670 2067 Gregorius
1690 2019 1745 2065 II,
1761 2019 1826 2067 qui
1848 2018 1921 2055 viri
1945 2019 2083 2056 merita

1131 2072 1316 2116 noverat,
1338 2082 1441 2116 eum,
1461 2071 1583 2108 indito
1604 2072 1792 2109 Bonifacii
1814 2071 1980 2117 nomine,
2001 2071 2083 2120 epi-

1131 2135 1289 2172 scopum
1319 2125 1566 2162 consecravit
1585 2128 1625 2162 et
1653 2125 1823 2162 solemne
1854 2136 2082 2162 sacramen-

1132 2180 1214 2213 tum
1235 2177 1283 2213 ab
1301 2189 1346 2213 eo
1367 2177 1498 2225 exegit
1518 2178 1564 2214 de
1585 2178 1856 2214 conservanda
1876 2180 1915 2214 et
1934 2177 2085 2225 praedi-

1131 2230 1255 2266 canda
1277 2230 1386 2267 Fidei
1404 2230 1642 2277 integritate,
1660 2231 1858 2267 Ecclesiae
1877 2230 2027 2267 unitate
2045 2233 2084 2267 et

1130 2286 1318 2331 perpetua
1334 2283 1581 2331 Apostolicae
1601 2284 1692 2320 Sedi
1711 2283 1944 2321 obedientia.
1965 2282 2080 2319 Boni-

1130 2336 1253 2373 facius
1282 2338 1441 2384 accepto
1462 2348 1485 2373 a
1505 2336 1695 2373 Pontifice
1721 2337 1950 2374 selectorum
1971 2347 2082 2372 cano-

1131 2400 1222 2425 num
1266 2388 1396 2426 codice
1414 2418 1423 2435 ,
1461 2389 1712 2437 munitusque
1757 2388 2083 2426 commendatitiis

1129 2441 1272 2479 litteris
1293 2442 1340 2478 ad
1362 2441 1544 2479 Carolum
1565 2442 1795 2479 Martellum
1809 2471 1817 2487 ,
1838 2441 2079 2478 Francorum

1130 2494 1288 2540 ducem,
1319 2495 1366 2531 ad
1392 2495 1603 2544 episcopos,
1625 2495 1783 2532 clericos
1813 2496 1852 2530 et
1872 2493 2011 2538 laicos,
2040 2493 2081 2530 in

1130 2547 1380 2584 Germaniam
1420 2559 1620 2596 regressus
1659 2550 1729 2585 est.
1770 2547 1902 2583 Primo
1947 2546 2083 2583 invisit

1129 2600 1323 2645 Hassiam,
1345 2600 1483 2637 deinde
1503 2600 1773 2649 Thuringiam,
1795 2611 1838 2636 ac
1857 2598 1895 2635 in
1916 2602 2083 2646 utraque

1106 2681 1107 2686 ,
1129 2653 1288 2701 regione
1300 2652 1543 2690 idololatriae
1555 2653 1741 2700 reliquias
1756 2651 1964 2696 destruxit,
1976 2651 2081 2688 chri-

132 2713 193 2735 non
223 2705 394 2742 agebatur,
417 2704 591 2735 instituit».
615 2706 829 2742 Mabillonius‚
856 2705 1031 2736 Commeat.
1056 2705 1086 2735 in
1106 2724 1107 2727 =

1129 2705 1279 2743 stianae
1318 2705 1409 2742 fidei
1439 2705 1715 2754 professionem
1752 2716 1797 2741 ac
1836 2703 2080 2751 splendorem

1130 2758 1336 2806 promovit,
1352 2769 1491 2795 -veram
1512 2759 1700 2806 pietatem
1723 2756 1917 2802 restituit,
1938 2757 2082 2794 abusus

1129 2811 1320 2856 correxit,
1348 2811 1531 2848 ecclesias
1553 2810 1753 2855 excitavit,
1767 2821 1811 2846 ac
1824 2809 2081 2855 monasteria,

1129 2875 1229 2911 quae
1245 2865 1376 2900 essent
1399 2863 1587 2900 virtutum
1604 2862 1715 2910 asyla
1735 2865 1776 2899 et
1795 2873 1997 2899 sacrorum
2014 2862 2083 2899 mi-

1129 2916 1340 2953 nistrorum
1370 2916 1599 2961 seminaria,
1627 2915 1795 2952 instituit
1815 2914 1841 2952 ².
1871 2914 1959 2952 Alia
1997 2915 2082 2952 eius

1128 2971 1238 3017 gesta
1258 2980 1329 3005 suo
1349 2968 1433 3004 loco
1455 2968 1682 3005 referemus.

1168 3072 1178 3092 1
1197 3072 1357 3108 illabillon,
1382 3073 1461 3101 Acta
1485 3071 1643 3104 Benedici.
1670 3076 1691 3103 t.
1714 3072 1767 3110 ΙΙΙ,
1790 3082 1818 3112 p.
1835 3072 1915 3110 500;
1941 3072 2080 3103 Bolland.

1127 3112 1207 3142 Acta
1225 3111 1276 3143 SS.
1295 3117 1313 3142 t.
1331 3114 1366 3143 lll
1383 3116 1457 3151 sept.
1476 3122 1505 3151 p.
1521 3113 1590 3144 ⁹281.

1129 3152 1356 3232 5j2uglollaud„
1381 3153 1450 3184 Act.
1476 3154 1534 3186 SS.
1563 3156 1582 3186 5
1604 3155 1685 3194 iun.;
1710 3155 1832 3194 Butler,
1854 3153 1925 3187 l'ies
1947 3154 2000 3186 des
2027 3154 2079 3187 SS.
