2241 3473
729 114 854 145 stVE
883 115 936 142 AD
964 114 1238 142 INNOCENTIVM
1268 115 1324 142 111.

120 181 282 220 Ioannes
302 179 707 226 Cremensis,Honorii
731 179 767 216 11
799 178 838 216 in
863 178 1004 228 Anglia

68 233 254 283 Legatus,
282 245 342 270 an.
363 233 461 271 1128
490 245 576 270 cum
596 233 647 270 22
674 232 859 281 episcopis
887 236 927 269 et
953 231 1004 269 40

67 287 271 325 abbatibus
303 287 491 335 synodum
532 286 668 323 habuit
704 285 863 322 Londini
902 285 1002 333 apud

69 339 480 378 Westmonasteriuin.
503 339 667 377 Condita
697 338 734 374 in
764 350 810 375 ea
836 343 926 375 sunt
959 338 1003 374 17

68 391 236 437 decreta,
255 393 395 440 quibus
415 393 652 429 anteriorum
673 391 908 439 synodorum
930 395 1003 427 sta-

67 447 155 482 tuta
174 447 309 483 contra
330 445 560 482 simoniacas
580 444 856 485 ordinationes,
869 447 1005 480 contra

66 497 295 535 clericorum
307 510 393 535 eum
407 498 629 535 mulieribus
641 496 906 538 contubernia,
919 507 1002 532 con-
1024 518 1027 546 ,

67 553 131 589 tra
149 550 294 589 incesta
313 552 493 599 coniugia
514 550 682 597 aliosque
699 549 842 586 abusus
863 552 902 585 et
923 559 1005 596 pra-

69 615 138 642 vas
157 604 450 642 consuetudines
470 604 654 640 innovata
675 601 831 639 fuerunt
850 600 873 637 ¹.
897 600 1003 638 Mat-

68 657 207 695 thaeus
226 658 471 701 Albanensis,
500 655 732 704 apostolicus
757 654 794 691 in
812 653 937 691 Gallia
957 654 1007 690 le-
1024 662 1027 674 ¹

69 714 206 759 gatus,
235 722 295 748 an.
320 710 418 747 1128
437 710 624 758 synodum
645 707 770 756 coegit
798 707 944 751 Trecis,
967 706 1005 742 in

69 775 145 812 qua
159 763 311 801 Ordinis
327 762 648 810 Templariorum,
664 761 709 797 de
729 772 803 808 quo
823 760 925 796 infra
945 759 1006 796 di-

69 828 214 861 cemus,
234 816 426 853 institutio
455 814 680 851 confirmata
701 818 759 851 est
779 813 1006 862 regulaque,

69 869 107 907 in
128 869 178 907 72
193 869 318 917 capita
339 868 556 913 distributa,
575 867 621 904 iis
641 866 784 903 tradita
801 864 829 902 ².

121 923 183 961 25.
205 922 536 959 Pomeranorum
556 918 898 957 conversio-Sub
918 930 1007 967 pon-

69 975 218 1013 tificatu
231 974 390 1012 Honorii
408 973 443 1010 11
459 974 507 1011 ad
523 973 775 1010 christianam
791 971 906 1009 fidem
923 984 1009 1009 con-

69 1029 170 1066 versi
191 1031 281 1066 sunt
296 1027 512 1072 Pomerani,
533 1026 595 1074 qui
618 1026 664 1063 ad
685 1037 791 1063 mare
813 1024 1003 1062 Balticum

69 1092 189 1129 usque
210 1081 257 1118 ad
271 1080 466 1118 Vistulam
484 1082 522 1117 et
536 1079 746 1116 VVartham
767 1078 1003 1116 habitabant.

68 1133 195 1175 Quum
214 1133 416 1171 Boleslaus
437 1133 504 1178 III,
517 1133 595 1169 dux
617 1131 888 1177 Poloniae,an.
904 1131 1002 1169 1121

69 1187 306 1224 Pomeranos
335 1186 563 1234 subegisset,
600 1185 654 1222 eis
684 1185 729 1222 ad
760 1184 1005 1232 Religionem

69 1240 320 1278 christianam
332 1239 605 1276 convertendis
625 1239 836 1275 maximam
849 1249 1003 1286 operam

68 1292 241 1330 navavit.
263 1292 358 1330 Eius
380 1292 561 1340 precibus
581 1294 620 1328 et
639 1291 687 1329 R.
711 1290 909 1327 Pontificis
930 1302 1004 1327 au-

69 1346 248 1383 ctoritate
261 1357 291 1383 s.
307 1345 410 1389 Otto,
421 1346 620 1394 episcopus
636 1344 945 1393 Bambergensis,
957 1344 1003 1381 ad

68 1399 305 1436 Pomeranos
324 1399 538 1447 profectus,
559 1410 622 1435 an.
645 1397 744 1435 1124
765 1400 805 1434 et
823 1401 1004 1445 sequente

68 1451 147 1490 illic
166 1455 277 1490 tanto
302 1464 389 1489 cum
412 1451 540 1489 fructu
561 1450 816 1499 Evangelium
846 1450 1004 1498 praedi-

69 1505 186 1552 cavit,
206 1508 250 1543 ut,
268 1505 486 1542 Uratislaus
507 1504 780 1552 dux,plerique
801 1504 1005 1552 optimates

70 1562 109 1596 et
137 1558 309 1596 maxima
328 1557 457 1607 populi
476 1569 567 1606 pars
586 1557 722 1594 Fidem
750 1557 1001 1605 susceperint.

70 1610 176 1652 Quae
194 1614 235 1648 ut
253 1611 377 1659 magis
397 1611 664 1648 stabilirentur
683 1613 722 1647 et
741 1621 1003 1658 propagaren-

70 1666 148 1709 tur,
167 1664 258 1702 Otto
278 1664 530 1702 Adelbertum
543 1693 553 1709 ,
577 1675 696 1700 unum
717 1674 737 1699 e
757 1663 906 1700 clericis
925 1662 1006 1700 suis

69 1717 287 1764 comitibus,
297 1717 603 1754 Pomeranorum
623 1717 842 1765 episcopum
859 1717 1008 1752 ordina-

70 1771 140 1808 vit.
161 1773 271 1808 Anno
295 1770 394 1808 1129
423 1770 513 1807 Otto
540 1769 835 1817 Bambergensis
863 1769 1006 1806 iterum

69 1823 108 1861 in
129 1823 402 1861 Pomeraniam
423 1822 597 1868 transiit,
618 1825 657 1860 et
676 1822 889 1859 incolarum
912 1834 1006 1859 con-

70 1877 290 1914 versionem
307 1876 478 1925 perfecit.
496 1875 622 1913 Multa
637 1879 767 1913 tamen
788 1875 914 1923 gentis
934 1875 1005 1912 hu-

68 1929 128 1967 ius
139 1930 384 1967 conversioni
403 1930 556 1967 obstare
573 1928 1004 1975 videbantur,nimirum

68 1982 206 2020 indolis
227 1983 310 2020 eius
329 1982 539 2028 barbaries,
550 1982 663 2031 patrii
684 1982 930 2027 ritus,mores
949 1982 1005 2018 in-

69 2036 175 2083 culti,
192 2035 362 2074 nefanda
381 2035 618 2085 polygamia,
639 2035 834 2072 horrenda
853 2034 1005 2073 infanti-

68 2089 180 2128 cidia.
201 2089 277 2126 Sed
293 2101 390 2138 quae
412 2090 451 2126 in
471 2089 636 2126 aliarum
653 2089 830 2137 gentium
850 2099 1007 2125 conver-

68 2143 176 2180 sione
192 2148 352 2191 operata
371 2142 498 2180 fuerat
517 2142 670 2190 Religio
691 2141 914 2187 christiana,
937 2153 1005 2178 ea-

70 2195 156 2232 dem
172 2195 274 2233 inter
296 2195 532 2233 pomeranos
547 2195 673 2232 efiecit
692 2198 731 2231 et
747 2194 1007 2243 praeclarissi-

70 2260 153 2286 mos
173 2248 323 2286 fructus
345 2250 509 2286 morales
528 2249 689 2298 protulit
708 2246 734 2285 3.

121 2301 185 2340 26.
208 2301 579 2340 Tanclzelz'nus-—In
591 2301 727 2349 Belgio
749 2313 841 2339 vero
861 2301 1005 2338 multo-

70 2365 169 2400 rum,
185 2355 353 2393 maxime
368 2355 615 2404 plebeiorum,
632 2354 851 2403 religionem
869 2366 1005 2392 corru-

69 2408 126 2457 pit
141 2408 422 2457 perditissimus
437 2407 716 2453 Tanchelinus,
737 2409 797 2445 vir
816 2408 1005 2446 fanaticus

69 2462 446 2509 etperversissimus,
455 2461 677 2498 litterarum
690 2473 839 2509 expers,
851 2461 917 2498 sed
930 2472 1008 2498 ma-

68 2525 146 2562 gna
173 2514 322 2552 dicendi
343 2514 527 2552 facultate
551 2513 766 2563 praeditus,
786 2514 849 2562 qui
868 2514 1007 2560 laicus,

70 2571 178 2605 veste
193 2568 406 2605 monastica
425 2568 591 2612 indutus,
607 2567 703 2615 prim
711 2579 774 2604 um
789 2567 1006 2614 Ultraiecti,

68 2619 206 2658 deinde
226 2620 477 2669 Antwerpiae
506 2622 545 2657 et
572 2619 612 2656 in
641 2619 734 2658 locis
754 2620 890 2658 vicinis
911 2632 1005 2657 con-

68 2675 130 2711 tra
145 2674 356 2712 Ecclesiam
374 2673 533 2722 eiusque
549 2673 790 2719 Pontificem,
807 2676 943 2710 contra
962 2685 1006 2710 e-

68 2726 241 2776 piscopos
253 2732 292 2764 et
303 2726 475 2771 clericos,
486 2728 620 2763 contra
629 2726 892 2772 Sacramenta,
904 2738 1006 2775 prae-

68 2779 201 2817 sertim
213 2792 262 2818 ss.
274 2779 568 2824 Eucharistiam,
585 2778 816 2816 declamavit
828 2792 837 2825 3
852 2779 1004 2825 multos,

68 2833 236 2871 maxime
253 2845 273 2870 e
289 2832 462 2882 plebeiis,
473 2832 521 2870 ad
536 2843 574 2869 se
589 2832 781 2880 pertraxit.
797 2835 836 2870 et
847 2833 894 2870 ad
906 2844 1006 2881 sper-

66 2935 124 2966 pro
139 2924 283 2965 emenda,
299 2925 346 2956 vel
360 2933 415 2965 pro
426 2932 505 2965 pace
522 2922 676 2961 habenda,
690 2922 740 2953 vel
756 2932 812 2963 pro
829 2921 930 2954 debito
947 2922 1008 2953 sol-

68 2968 179 3005 vendo,·
196 2977 264 2998 cum
280 2967 350 3007 quis
366 2967 501 2997 criminis
518 2964 648 2995 alicuius
667 2973 748 3000 reus,
766 2973 834 2995 cum
851 2973 899 3001 eo,
916 2973 1004 3003 quem

66 3009 210 3048 offendit,
227 3009 273 3040 vel
290 3009 370 3039 illius
387 3007 572 3043 heredibus,
589 3007 631 3036 ita
649 3006 834 3044 paciscitur,
853 3008 883 3035 ut
903 3004 1003 3044 quoad

68 3051 184 3088 vixerit,
206 3050 360 3081 vassallus
382 3049 499 3079 illorum
517 3047 566 3086 sit,
583 3056 682 3086 eoque
698 3048 821 3078 nomine
838 3046 1003 3078 hominium

68 3092 105 3122 iis
122 3095 266 3130 praestet.
281 3091 345 3121 Vid.
362 3089 538 3127 Ducangius
555 3090 585 3119 in
604 3087 776 3120 Glossario.

114 3134 122 3153 ¹
139 3133 250 3171 Labbe,
266 3133 324 3163 loc.
339 3133 388 3162 cil.
404 3141 430 3169 p¹
449 3130 518 3161 912.

109 3174 122 3195 2
138 3175 210 3205 lbid.
228 3184 255 3213 p.
272 3172 342 3204 922.
356 3191 392 3196 —
404 3174 418 3193 ³
433 3172 571 3203 Bolland.
589 3171 668 3202 Acta
683 3169 738 3201 SS.
754 3169 772 3200 ‘2
788 3170 860 3201 iulii.

1882 101 1936 140 25

1049 179 1172 217 nenda
1195 183 1334 217 cuncta
1354 178 1570 229 Religionis
1587 180 1702 227 atque
1719 177 1914 216 Ecclesiae
1934 178 1986 215 in·

1048 233 1187 269 stituta
1215 233 1416 278 excitavit3
1436 233 1683 277 auctoritate,
1702 243 1780 280 qua
1798 231 1901 268 inter
1920 243 1985 268 as-

1048 286 1167 322 seclas
1188 297 1277 323 suos
1293 286 1501 335 gaudebat,
1522 286 1569 322 ad
1590 285 1726 322 luxum
1745 288 1784 321 et
1803 283 1985 332 volupta-

1048 343 1105 375 tes
1125 339 1299 375 carnales
1320 338 1569 376 exsatiandas
1590 349 1693 383 usus,
1714 349 1774 374 an.
1798 336 1898 374 1115
1923 337 1986 373 in-

1048 390 1234 428 terfectus
1246 395 1315 429 est.
1329 391 1433 432 Quos
1448 395 1577 428 autern
1595 390 1658 427 ille
1671 391 1706 427 in
1724 389 1865 427 erroris
1884 389 1987 426 viam

1050 444 1310 490 perduxerat,
1344 445 1392 480 ab
1431 456 1476 481 ea
1521 443 1678 481 reduxit
1710 455 1740 481 s,
1771 442 1987 481 Norbertus

1048 498 1312 544 Antwerpiam
1336 501 1507 541 vocatus,
1537 501 1579 534 ut
1598 496 1700 533 infra
1728 495 1940 533 videbimus
1962 493 1985 533 ¹.

1091 549 1208 585 Eudo
1220 549 1265 585 de
1276 548 1601 586 Stella—Eodem
1614 553 1786 598 tempore
1804 549 1904 586 alter
1919 548 1986 585 im·

1049 605 1195 649 postor,
1223 613 1357 649 nempe
1387 601 1496 638 Eudo
1526 602 1571 638 de
1599 601 1743 647 Stella,
1771 602 1806 638 in
1838 600 1987 647 Gallia,

1050 654 1277 701 praesertim
1299 655 1335 691 in
1357 654 1562 691 Britannia
1583 655 1720 691 minori
1742 654 1803 691 ubi
1823 658 1909 691 erat
1923 666 1986 692 na·

1048 711 1123 753 tus,
1139 719 1179 744 se
1196 707 1317 743 filium
1339 708 1406 744 Dei
1423 710 1461 744 et.
1485 708 1661 744 vivorum
1678 710 1795 755 atque
1816 709 1984 745 mortuo-

1050 771 1134 796 rum
1174 760 1340 797 iudicem
1371 760 1601 797 venditavit.
1636 761 1672 797 Is
1701 760 1911 798 otiosorum
1948 762 1988 797 et

1051 824 1257 861 pravorum
1272 813 1469 850 hominum
1484 816 1589 850 secta
1603 813 1779 858 collecta,
1791 811 1988 859 ecclesias,

1050 867 1283 903 monasteria
1311 871 1513 914 terrasque
1541 867 1796 914 depraedatus
1817 870 1886 904 est.
1907 865 1987 902 De-

1049 931 1154 955 mum
1185 920 1233 956 ab
1262 918 1546 967 archiepiscopo
1575 919 1786 956 Rhemensi
1817 919 1986 956 interce-

1048 977 1136 1020 ptus
1157 975 1196 1009 et
1211 973 1249 1009 in
1266 971 1412 1009 deliriis
1427 972 1505 1009 suis
1523 972 1715 1020 pertinax,
1729 972 1778 1008 ad
1792 983 1986 1009 carcerem

1049 1025 1327 1063 condemnatus
1355 1025 1438 1063 fuit.
1460 1025 1589 1070 Multi,
1619 1024 1682 1072 qui
1711 1036 1801 1061 eum
1830 1023 1988 1062 fuerant

1048 1079 1200 1124 sectati,
1219 1079 1267 1116 ad
1287 1079 1480 1116 saniorem
1501 1081 1673 1115 mentem
1694 1077 1988 1123 1·edierunt;0b-

1048 1131 1181 1168 stinati
1203 1143 1294 1168 vero
1316 1132 1446 1169 curiae
1467 1130 1633 1169 seculari
1662 1130 1796 1168 traditi
1827 1134 1865 1167 et
1893 1142 1988 1179 sup-

1048 1184 1168 1233 pliciis
1185 1184 1312 1222 affecti
1331 1188 1422 1222 sunt
1435 1183 1462 1221 ².

1101 1238 1250 1275 Petrus
1264 1238 1311 1276 de
1330 1238 1554 1275 Bruz's——In
1578 1236 1706 1274 Gallia
1726 1235 1988 1281 meridionali,

1048 1291 1286 1339 potissimum
1315 1291 1353 1328 in
1375 1291 1577 1328 occitania
1606 1292 1646 1327 et
1673 1288 1894 1334 Provincia,
1917 1289 1986 1325 do-

1048 1345 1193 1381 ctrinas
1217 1356 1239 1381 a
1258 1344 1353 1381 Fide
1381 1344 1526 1382 alienas
1551 1343 1824 1392 praedicarunt
1849 1341 1988 1379 Petrus

1049 1397 1094 1434 de
1114 1397 1229 1434 Bruis
1249 1398 1428 1435 sacerdos
1457 1397 1652 1446 depositus
1682 1396 1841 1443 eiusque
1871 1395 1988 1432 disci-

1050 1450 1160 1499 pulus
1180 1451 1372 1488 Henricus
1406 1450 1618 1488 monachus
1647 1452 1836 1498 apostata.
1866 1448 1988 1485 Doce-

1048 1505 1144 1541 bant
1170 1504 1255 1549 isti,
1276 1504 1459 1553 parvulos
1489 1507 1646 1552 propter
1675 1502 1761 1539 fidei
1791 1500 1985 1539 defectum

1051 1569 1126 1594 non
1137 1569 1217 1594 esse
1232 1555 1763 1606 baptizandos3Eucharistiae
1774 1566 1987 1592 sacramen-

1050 1613 1131 1647 tum
1151 1614 1191 1647 et
1210 1610 1350 1648 Missae
1370 1610 1600 1649 sacrificium
1621 1621 1704 1646 esse
1724 1608 1824 1646 ritus
1842 1607 1988 1653 inanes;

1049 1675 1200 1712 preces,
1229 1664 1494 1714 eleemosynas
1513 1666 1552 1700 et
1572 1663 1633 1711 pia
1652 1673 1769 1711 opera
1795 1660 1986 1698 defunctis

1051 1728 1126 1753 non
1146 1717 1343 1765 prodesse3
1363 1717 1564 1761 ecclesiaS,
1583 1715 1685 1764 quod
1713 1715 1817 1752 Deus
1847 1714 1987 1762 ubique

1051 1770 1204 1807 adorari
1219 1770 1346 1818 possit,
1357 1776 1396 1808 et
1411 1782 1558 1814 cruces,
1574 1770 1705 1817 utpote
1724 1766 1884 1805 infamia
1896 1779 1986 1815 pas-

1050 1823 1167 1860 sionis
1183 1823 1325 1861 Christi
1337 1823 1613 1868 instrumenta,
1626 1832 1708 1859 esse
1723 1820 1987 1864 destruendas;

1050 1876 1208 1914 clericos
1224 1879 1263 1913 et
1278 1877 1486 1914 monachos
1503 1887 1584 1913 esse
1597 1874 1871 1923 despiciendos.
1882 1873 1987 1911 Eius·

1049 1929 1152 1967 modi
1172 1930 1515 1967 declamationibus
1535 1928 1591 1966 illi
1611 1927 1752 1965 multos
1786 1926 1825 1964 in
1858 1930 1987 1974 partes

1049 1995 1140 2021 suas
1172 1986 1463 2032 pertraxerunt,
1492 1985 1531 2020 et
1558 1981 1809 2018 ecclesiarum
1843 1981 1987 2017 statum

1049 2037 1104 2073 ita
1122 2037 1412 2085 perturbarunt,
1435 2039 1498 2081 ut,
1518 2038 1616 2072 teste
1637 2046 1665 2071 s.
1688 2032 1901 2078 Bernardo,
1923 2044 1987 2070 ec-

1049 2090 1189 2127 clesiae
1209 2095 1336 2128 essent
1350 2090 1432 2128 sine
1452 2089 1574 2138 plebe,
1589 2087 1695 2136 plebs
1710 2086 1792 2124 sine
1810 2086 1987 2123 sacerdo-

1048 2143 1151 2180 tibus
1164 2173 1173 2190 ,
1193 2144 1414 2181 sacerdotes
1433 2143 1516 2181 sine
1535 2140 1777 2186 reverentia,
1798 2138 1986 2177 Christia-

1050 2197 1087 2233 ni
1116 2197 1197 2234 sine
1226 2197 1379 2234 Christo
1395 2194 1421 2233 3.
1451 2195 1597 2232 Verum
1626 2195 1769 2231 Petrus
1797 2193 1844 2230 de
1871 2192 1987 2229 Bruis

1049 2261 1109 2287 an.
1122 2250 1223 2287 1124
1243 2262 1266 2287 a
1286 2250 1395 2298 plebe
1412 2248 1708 2297 comprehensus
1724 2275 1733 2292 ,
1763 2257 1986 2283 concrema-

1047 2306 1113 2340 tus
1133 2303 1219 2340 fuit.
1240 2303 1431 2340 Henricus
1450 2302 1532 2339 eius
1548 2300 1769 2349 discipulus,
1790 2311 1850 2336 an.
1873 2298 1986 2342 1134,

1049 2356 1087 2393 in
1108 2357 1253 2405 synodo
1273 2357 1418 2393 Pisana
1432 2359 1633 2403 tamquam
1649 2352 1869 2390 haereticus
1889 2362 1984 2387 con-

1050 2411 1252 2447 demnatus
1279 2412 1319 2447 et
1346 2408 1580 2446 monasterio
1608 2407 1780 2444 inclusus
1801 2407 1877 2450 est3
1897 2415 1985 2440 cum

1050 2466 1183 2512 postea
1201 2475 1250 2501 ex
1279 2475 1323 2500 eo
1343 2462 1535 2507 dimissus,
1556 2459 1772 2498 haereticas
1792 2456 1984 2494 orationes

1049 2517 1097 2554 ad
1109 2516 1289 2566 populum
1299 2517 1440 2553 habere
1452 2515 1715 2564 pergeret,an.
1728 2510 1827 2548 1148
1844 2510 1985 2546 iterum

1049 2570 1087 2606 in
1126 2570 1272 2618 synodo
1301 2568 1512 2607 Rhemensi
1546 2568 1749 2604 damnatus
1774 2566 1813 2600 et
1837 2561 1985 2599 carceri

1049 2623 1304 2671 mancipatus,
1324 2634 1398 2659 non
1428 2621 1547 2658 multo
1568 2621 1652 2668 post
1671 2616 1846 2655 decessit.
1864 2616 1907 2653 In
1929 2627 1984 2652 re-

1050 2676 1235 2714 ducendis
1249 2688 1382 2713 eorum
1400 2673 1574 2712 sectariis
1590 2672 1637 2709 ad
1652 2671 1778 2708 sinum
1789 2667 1986 2706 Ecclesiae

1049 2729 1288 2778 praeclaram
1309 2740 1465 2777 operam
1487 2727 1681 2763 navarunt
1701 2735 1729 2760 s.
1750 2722 1982 2765 Bernardus,

1049 2783 1166 2820 abbas
1181 2781 1491 2824 Clarava'llensiS,
1506 2782 1545 2816 et
1560 2776 1760 2815 Albericus
1779 2773 1985 2812 cardinalis

1047 2837 1245 2884 episcopus
1275 2834 1472 2877 Ostiensis,
1493 2832 1539 2869 ab
1570 2829 1792 2878 Apostolica
1813 2827 1913 2865 Sede
1941 2827 1980 2864 in

1049 2889 1288 2927 Occitaniam
1307 2886 1424 2936 legati
1444 2885 1470 2923 ⁴.

1090 3004 1100 3025 ¹
1117 3002 1254 3035 Bolland.
1273 3002 1352 3031 Acta
1368 2998 1425 3031 SS.
1442 2999 1460 3030 6
1476 2998 1536 3028 iun.

1088 3045 1102 3066 Ξ
1118 3045 1193 3075 Guil.
1209 3043 1349 3081 Neubrig.
1366 3040 1484 3072 Hister.
1500 3037 1594 3078 Anql.
1611 3037 1630 3069 l.
1648 3037 1668 3068 Ι-

1088 3087 1102 3109 3
1118 3085 1217 3125 Episc.
1233 3083 1292 3114 252
1306 3083 1345 3113 ad
1358 3081 1538 3121 Ildephons.

1087 3130 1100 3149 4
1114 3129 1219 3157 Petrus
1232 3120 1603 3162 cluniacensis-‚Epistola
1622 3121 1685 3150 sive
1698 3120 1860 3151 Tractatus
1872 3118 1986 3148 contra

1049 3166 1325 3203 petrobrusianos,
1343 3164 1466 3196 Goss'rid.
1491 3162 1555 3196 Vita
1570 3172 1594 3193 s,
1611 3159 1785 3198 Bernardi,
1801 3159 1819 3190 l.
1836 3158 1863 3190 3.
