2241 3473
730 151 855 181 VSQVE
885 151 938 178 AD
967 150 1135 178 SCHISMA
1164 151 1390 179 OCCIDENTIS

86 218 231 257 Ioanne
239 216 446 256 Diocliensi
460 218 499 254 ct
507 216 756 254 Antibarensi
770 215 1032 265 archiepisco-

85 283 134 320 po
153 274 194 310 et
210 271 236 309 6
255 268 341 309 eius
365 270 620 319 suffraganeis
632 269 820 319 episcopis
840 269 1033 318 synodum

84 324 306 363 habuerunt
323 323 347 361 ¹.
370 323 562 373 Bulgaros
579 324 626 360 ad
646 323 693 360 R.
716 322 916 360 Ecclesiae
936 322 1031 360 obe-

84 377 270 415 dientiam
288 378 636 422 revocavit,eorum
650 387 780 425 regem
796 375 1031 412 Ioannitium

82 441 152 468 seu
173 429 489 475 Caloiohannem,
510 430 577 478 qui
599 440 762 478 regnum
784 439 899 465 suum
923 430 1030 477 Apo-

82 481 242 520 stolicae
258 483 349 520 Sedi
367 483 522 526 obtulit,
539 494 607 531 per
622 482 796 530 legatum
813 492 924 517 suum
940 481 1031 518 Leo-

83 547 169 573 nem
199 536 439 573 cardinalem
468 535 696 579 coronavit,
725 533 1027 571 Trinovitannm

82 588 414 638 archiepiscopum
437 589 556 626 totius
586 587 797 635 Bulgariae
818 586 1025 634 primatem

82 642 293 687 constituit,
312 643 336 680 2
357 654 478 679 novos
499 641 807 690 archiepiscopos
823 639 899 676 illic
920 651 1026 677 crea-

83 694 141 731 vit
155 706 364 744 sacrasque
388 694 648 732 ordinationes
670 693 883 729 secundum
907 693 1024 729 ritum

81 758 283 786 romanum
307 748 486 785 instituit.
509 747 648 784 Leonis
669 745 771 794 regis
793 748 831 782 et
848 746 1024 790 Gregorii

83 801 328 850 patriarchae
354 802 614 838 Armenorum
643 805 818 836 oratores
847 802 887 835 et
915 799 1024 836 litte-

81 865 158 900 ras,
177 854 319 903 quibus
339 854 395 890 illi
416 854 665 890 devotionem
689 864 799 889 suam
823 864 918 901 erga
939 853 1021 889 Ro-

81 918 236 944 manam
256 907 460 945 ecclesiam
484 910 682 943 «matrem
704 905 876 942 omnium
899 906 1022 943 ecele-

79 959 225 996 siarum
253 963 293 997 et
311 960 612 997 fundamentum
641 959 739 1005 legis
768 960 892 995 totius
920 959 1023 996 chri-

78 1012 292 1050 stianitatis
307 1023 329 1049 »
346 1016 385 1050 et
399 1013 660 1050 obedientiam
678 1023 773 1059 erga
792 1011 1021 1062 Pontificem

78 1065 376 1114 profitebantur,
397 1066 574 1115 excepit,
604 1066 829 1114 legatosque
859 1066 906 1102 ad
935 1066 1022 1103 illos

79 1118 196 1164 misit,
215 1119 282 1168 qui
303 1119 385 1168 regi
405 1131 589 1156 coronam
611 1123 650 1155 et
669 1118 856 1155 vexillum
886 1120 926 1156 B.
950 1119 1020 1155 Pe·

77 1171 141 1216 tri,
159 1172 416 1220 patriarchae
444 1172 606 1222 pallium
636 1171 870 1209 conferrent.
893 1174 1021 1209 Acce-

79 1227 144 1272 pta
171 1225 220 1262 ab
240 1225 380 1263 Alexio
399 1227 562 1274 Angelo,
590 1226 826 1274 imperatore
848 1225 1020 1262 Graeco-

78 1289 176 1324 rum,
196 1277 405 1327 legatione,
425 1280 472 1316 ad
493 1279 670 1316 eumdem
691 1278 843 1327 legatos
859 1290 947 1315 eum
962 1279 1022 1316 lit-

76 1331 172 1368 teris
191 1331 309 1377 misit,
330 1336 371 1369 ut
391 1333 561 1370 Graecos
581 1333 629 1369 ad
651 1332 833 1368 unionem
863 1343 949 1368 eum
972 1333 1018 1369 R.

78 1384 252 1422 Ecclesia
273 1386 498 1432 reduceret3
519 1387 565 1423 de
587 1386 719 1422 eadem
743 1397 783 1422 re
801 1385 955 1434 scripsit
972 1387 1019 1422 ad

77 1437 260 1475 Ioannem
281 1440 546 1485 Camaterum,
568 1439 834 1487 patriarcham
855 1440 1018 1487 Cpnum.

76 1491 300 1540 Europaeos
338 1492 480 1530 litteris
495 1522 504 1539 ,
536 1492 791 1540 indulgentiis
819 1495 859 1528 et
892 1493 1019 1530 crucis

76 1545 368 1593 praedicatione
387 1547 563 1583 excitare
584 1550 748 1583 conatus
769 1548 828 1582 est
857 1546 904 1582 ad
934 1546 1018 1582 bel-

74 1596 158 1634 lum
177 1609 330 1635 sacrum
356 1604 491 1636 eontra
520 1600 672 1636 Turcas
701 1599 1018 1646 comparandum.

76 1650 274 1699 Alphonso
299 1652 382 1701 regi
412 1652 623 1698 Castellae,
645 1652 832 1689 adversus
853 1652 1017 1688 Mauro-

75 1714 162 1740 rum
183 1704 352 1753 impetus
373 1705 561 1751 certanti,
582 1706 755 1742 animum
785 1705 950 1750 addidit,
984 1707 1017 1742 ei

76 1756 269 1794 celebrem
290 1758 494 1796 victoriam
511 1771 571 1796 an.
592 1758 691 1796 1212
707 1758 754 1794 de
771 1758 943 1795 hostibus
959 1770 1018 1795 re—

75 1809 196 1847 latam
215 1812 440 1860 gratulatus
462 1815 533 1855 est,
549 1811 792 1859 eaeterisque
809 1811 1018 1859 Hispaniae

75 1863 233 1912 regibus
248 1876 382 1913 pacem
398 1877 486 1902 cum
503 1865 775 1913 illo,quamdiu
794 1864 894 1901 bello
911 1865 1027 1902 Mau-⁷

74 1915 153 1953 rico
174 1922 441 1967 occuparetur,
462 1920 531 1955 sub
553 1929 805 1955 censurarum
826 1917 1016 1955 ecclesia-

73 1969 259 2007 sticarum
282 1971 451 2019 periculo
468 1971 686 2020 imperavit.
704 1971 941 2019 Alphonsum
959 1983 1016 2008 re-

74 2033 162 2071 gem
182 2023 364 2073 Legionis
387 2028 543 2073 propter
564 2025 732 2062 incestas
762 2024 918 2073 nuptias
943 2037 1015 2061 ex-

74 2077 415 2115 communicationi
438 2079 598 2126 eiusque
620 2089 782 2126 regnum
810 2078 1016 2115 interdicto

73 2129 256 2176 subdidit,
276 2125 397 2168 donec
418 2131 450 2168 is
470 2125 639 2168 incestas
660 2131 816 2179 nuptias
837 2131 1015 2168 dissolve·

73 2181 126 2218 rit
144 2185 185 2218 et
202 2184 454 2222 absolutionis
474 2184 703 2221 beneficium
719 2184 918 2221 meruerit..
942 2185 1014 2221 Pe-

72 2238 175 2272 trum
196 2237 417 2286 Aragoniae
440 2249 584 2286 regem,
604 2238 667 2286 qui
705 2249 869 2285 regnum
899 2249 1013 2274 suum

73 2289 320 2336 Apostolicae
339 2291 429 2328 Sedi
450 2291 653 2340 obligavit,
676 2291 824 2327 Romae
846 2302 1011 2328 corona—

73 2340 142 2378 vit.
172 2342 357 2380 Sancium
386 2355 518 2392 regem
547 2344 787 2389 Lusitaniae,
816 2346 1011 2392 tyranno-

73 2404 161 2430 rum
181 2407 289 2433 more
309 2397 611 2435 eeclesiasticam
641 2397 867 2434 libertatem
889 2401 927 2434 et
948 2398 1011 2434 iu-

74 2447 332 2486 risdictionem
351 2450 574 2495 violantem,
591 2462 728 2487 severe
741 2451 933 2498 coarguit3
950 2463 1010 2499 po-

71 2504 157 2536 stea
176 2502 210 2538 ei
231 2502 508 2550 poenitentiam
531 2504 752 2552 gratulatus
773 2506 849 2548 est,
873 2508 907 2540 et
937 2504 1008 2540 al)-

71 2553 305 2592 solutionem
325 2556 448 2592 eidem
469 2568 493 2593 a
511 2557 739 2593 Bracarensi
753 2556 1007 2605 archiepisco-

72 2618 120 2655 po
140 2606 390 2656 impertitam,
409 2612 531 2646 ratam
553 2610 700 2646 habuit.
723 2610 937 2657 Antiquam
958 2610 1007 2646 li-

70 2666 151 2696 tem
171 2660 275 2698 inter
294 2662 562 2699 Turonensem
583 2665 622 2699 et
643 2662 849 2700 Dolensem
879 2663 1007 2700 eccle-

70 2713 147 2750 sias
165 2714 407 2759 terminavit,
429 2720 468 2751 et
488 2716 738 2763 posteriorem
762 2719 803 2753 ut
821 2716 1010 2764 suffraga-

72 2777 187 2804 neam
202 2767 321 2816 priori
341 2768 553 2805 subiectani
577 2768 710 2805 voluit.
731 2769 819 2805 Alia
839 2770 922 2806 eius
942 2781 1009 2817 ge-

70 2822 132 2858 sta
150 2822 188 2858 in
209 2821 338 2859 causis
360 2821 527 2869 Philippi
549 2821 650 2868 regis
671 2821 835 2867 Galliae,
857 2822 1010 2859 Ioannis

71 2874 175 2923 regis
205 2875 384 2923 Angliae,
413 2874 569 2911 Ottonis
603 2873 657 2911 IV
693 2874 940 2922 imperatoris
970 2879 1009 2912 et

70 2926 355 2965 haereticorum
365 2927 630 2974 Albigensium
645 2926 745 2963 infra
757 2927 971 2965 videbimus
981 2926 1007 2965 ².

120 2979 157 3018 2.
185 2981 378 3018 Cruciatcz
398 2981 422 3017 I
432 2980 523 3016 V—
540 2981 583 3017 In
606 2979 698 3016 Asia
715 2991 817 3017 mors
836 2980 1008 3018 Saladini

110 3083 118 3103 ¹
135 3086 247 3123 nabbe,
265 3085 386 3118 [ΙοηείἰΔ
405 3089 423 3115 l.
443 3085 490 3122 Xl,
508 3095 535 3123 p.
553 3085 579 3114 7.

109 3126 125 3147 ²
140 3126 294 3158 Innocent.
312 3128 351 3158 Ill
376 3126 593 3167 Epis-colurum
618 3124 704 3161 libri,
727 3124 874 3164 staynald.
893 3125 1011 3157 Annal.

70 3168 143 3198 eccl.
166 3168 204 3198 ad
229 3178 276 3199 an.
304 3168 498 3204 1198-1‘2216;
516 3168 644 3203 llurtcr,
660 3166 802 3197 Histoire
817 3166 1009 3199 d’lnnocent

70 3207 118 3239 ΙΙΙ
130 3210 160 3240 el
172 3207 211 3240 de
225 3218 283 3242 son
298 3209 402 3249 sie'cle,
418 3210 495 3240 tra-l.
515 3218 572 3249 par
587 3208 606 3239 l'
619 3208 666 3239 ab.
687 3209 783 3247 lagen

1917 147 1966 185 51

1078 213 1115 265 (1
1127 213 1218 264 193)
1226 219 1264 253 et
1276 216 1491 256 discordiae
1503 218 1724 270 principum
1737 221 2021 263 mahometano-

1077 279 1163 310 rum
1197 269 1427 308 Christianis
1463 275 1720 320 opportunam
1751 275 2021 323 praebuissent

1077 322 1318 360 occasionem
1337 325 1593 373 recuperandi
1624 326 1788 365 Terram
1818 334 1994 367 sanctam
2011 360 2021 377 ,

1077 374 1107 411 si
1138 375 1273 412 horum
1306 376 1498 426 principes
1538 378 1640 416 inter
1669 381 1817 429 seipsos
1856 380 2022 421 fuissent

1078 428 1202 476 magis
1233 430 1444 468 concordes
1474 431 1515 467 et
1535 431 1590 469 rei
1613 433 1790 482 publicae
1820 435 1922 472 bono
1950 447 2022 486 po-

1074 480 1154 517 tius
1183 492 1299 529 quam
1331 483 1495 530 privatis
1525 487 1735 524 commodis
1765 488 2045 528 studuissent.-

1077 533 1236 570 Iuterim
1257 535 1499 574 Caelestinus
1533 537 1602 587 Pp.
1636 539 1690 576 III
1720 540 1943 590 Europaeos
1971 544 2020 580 ad

1073 586 1218 623 bellum
1241 599 1394 624 sacrum
1411 590 1670 637 excitaverat,
1700 597 1742 629 ut
1770 594 1951 641 diximus,
1979 597 2020 634 et

1073 639 1264 676 Henrieus
1303 640 1357 678 VI
1396 641 1611 691 imperator
1645 645 1841 694 copiosum
1885 648 2017 685 cruci-

1072 703 1254 739 gerorum
1278 694 1494 732 exercitum
1525 699 1563 735 in
1597 698 1858 737 Palaestinam
1890 701 2013 739 desti-

1072 745 1200 791 navit3
1221 746 1285 793 qui
1309 758 1385 784 una
1413 759 1501 786 cum
1532 751 1761 789 Christianis
1789 753 2016 801 palaestinis

1069 798 1258 835 celebrem
1297 800 1502 840 victoriam
1534 805 1580 842 de
1619 804 1864 843 Maleo-Adel
1893 807 2016 845 fratre

1068 851 1239 888 Saladini
1269 853 1512 902 retulerunt,
1543 861 1582 895 et
1611 857 1778 906 sydone,
1799 859 2013 907 Laodicea,

1068 904 1233 953 aliisque
1255 906 1415 944 urbibus
1436 910 1483 946 ad
1506 910 1599 948 litus
1628 910 1767 959 Syriae
1796 923 2011 962 recupera-

1067 957 1129 1002 tis,
1159 959 1354 1006 ingentem
1386 963 1632 1010 captivorum
1672 976 1874 1002 numerum
1911 966 2013 1003 libe-

1066 1014 1216 1048 rarunt.
1248 1012 1396 1050 Verum
1427 1027 1488 1054 an.
1523 1017 1623 1055 1198
1653 1018 1845 1066 crucigeri
1875 1020 2010 1057 audita

1069 1068 1191 1101 morte
1213 1065 1373 1102 Henrici
1394 1066 1654 1117 imperatoris,
1675 1070 1714 1106 in
1734 1071 1930 1119 Europam
1949 1084 2013 1109 re-

1066 1118 1188 1163 gressi
1218 1121 1321 1164 sunt,
1350 1121 1562 1172 eodemque
1583 1136 1684 1161 anno
1705 1123 1926 1162 Almarieus
1942 1137 2013 1163 rex

1067 1170 1424 1220 Hierosolymorum
1443 1175 1619 1215 inducias
1640 1177 1727 1214 iniit
1747 1189 1835 1214 cum
1856 1178 2011 1217 TureiS.

1119 1224 1370 1263 Innocentius
1391 1227 1448 1265 III
1469 1230 1516 1266 ab
1537 1231 1647 1268 initio
1670 1230 1931 1268 pontificatus
1951 1231 2012 1269 sui

1066 1278 1296 1315 excitandae
1326 1291 1451 1318 novae
1480 1284 1715 1331 expeditioni
1747 1283 2011 1332 adlaboravit,

1065 1331 1255 1379 multique
1275 1331 1315 1368 in
1337 1332 1464 1381 Italia,
1486 1336 1617 1374 Gallia
1637 1339 1677 1375 et
1695 1337 1833 1385 Belgio
1855 1349 2011 1375 crucem

1064 1390 1327 1432 susceperunt.
1349 1386 1397 1422 Hi
1420 1387 1538 1426 iuneti
1569 1403 1655 1427 eum
1679 1390 1864 1435 Venetis,
1886 1392 2011 1439 primo

1064 1443 1339 1487 oppugnarunt
1358 1439 1494 1478 Zaram
1516 1444 1553 1479 in
1584 1455 1654 1481 ora
1682 1443 1881 1481 maritima
1910 1444 2009 1481 Dal-

1063 1492 1230 1528 matiae:
1259 1492 1398 1529 deinde
1419 1496 1575 1533 consilio
1598 1497 1728 1534 Alexii
1752 1497 1912 1534 iunioris
1940 1509 2011 1534 ca-

1063 1547 1143 1582 stra
1154 1552 1361 1582 moverunt
1374 1559 1508 1585 versus
1520 1549 1905 1598 Constantinopolim.
1924 1551 2011 1588 Ete-

1063 1598 1140 1634 nim
1161 1598 1322 1636 Alexius
1336 1599 1557 1644 Comnenus,
1574 1603 1736 1641 fratrem
1751 1615 1868 1640 suum
1884 1604 2010 1641 Isaac-

1063 1651 1257 1699 Angelum
1278 1657 1317 1688 et
1337 1653 1497 1701 imperio
1518 1667 1659 1704 graeco
1682 1659 1721 1694 et
1741 1657 1861 1693 oculis
1881 1657 2008 1705 priva-

1064 1708 1186 1751 verat,
1208 1708 1342 1742 contra
1364 1718 1479 1755 quem
1500 1709 1608 1746 Isaac
1628 1710 1788 1758 eiusque
1817 1709 1922 1747 filius
1949 1710 2007 1747 A-

1064 1758 1188 1796 lexius
1230 1759 1519 1807 crucigerorum
1568 1775 1678 1811 opem
1722 1763 2007 1811 implorarunt,

1062 1812 1305 1860 spondentes,
1324 1823 1365 1849 se
1386 1814 1586 1853 restitutos
1611 1816 1658 1854 iis
1679 1816 2005 1864 auxiliumprae-

1062 1865 1211 1902 bituros
1228 1865 1413 1904 adversus
1432 1867 1594 1915 Turcas,
1615 1872 1654 1907 et
1674 1869 1854 1907 unionem
1876 1870 2006 1907 Grae-

1062 1930 1195 1955 corum
1226 1930 1312 1955 cum
1345 1919 1520 1958 Ecclesia
1555 1923 1679 1960 latina
1705 1922 2006 1961 ’conciliaturos

1061 1971 1259 2020 Crucigeri
1282 1983 1344 2009 an.
1375 1973 1475 2010 1203
1494 1975 1867 2025 Constantinopolim
1886 1977 2006 2013 adve-

1061 2031 1214 2069 nerunt,
1245 2027 1284 2062 et
1313 2025 1460 2075 fugato·
1478 2028 1616 2066 Alexio
1644 2030 1862 2075 Comneno,
1893 2030 2005 2067 Isaac

1062 2078 1220 2127 eiusque
1240 2078 1365 2116 filium
1388 2082 1660 2121 restituerunt.

1112 2133 1147 2169 3.
1158 2132 1385 2180 Imperium
1405 2134 1609 2173 Latmum
1636 2136 1702 2185 Cp.
1723 2134 1813 2186 (cm.
1832 2134 2004 2185 1204)-

1060 2186 1207 2222 Verum
1229 2185 1336 2222 brevi
1358 2189 1443 2234 post
1463 2188 1623 2226 dissidia
1647 2190 1816 2226 Graecos
1842 2189 1945 2226 inter
1964 2191 2004 2226 et

1060 2239 1229 2285 Latinos,
1251 2250 1367 2287 quum
1397 2241 1444 2277 de
1475 2242 1615 2279 unione
1644 2245 1846 2291 ageretur,
1876 2254 2005 2279 recru-

1058 2293 1236 2329 duerunt.
1268 2292 1431 2331 Alexius
1451 2294 1589 2342 Ducas,
1619 2296 1847 2345 cognomine
1868 2295 2002 2332 Murt-

1058 2345 1233 2394 zuphlus,
1255 2345 1485 2384 seditionem
1508 2349 1547 2384 in
1577 2349 1672 2386 urbe
1703 2348 1903 2395 excitavit,
1932 2348 2001 2385 de-

1057 2399 1157 2436 iecto
1178 2399 1300 2444 Isaac,
1322 2400 1386 2448 qui
1406 2412 1497 2438 mox
1517 2404 1696 2439 mortuus
1715 2405 1773 2440 est
1786 2432 1795 2447 ,
1815 2404 1855 2439 et
1874 2401 2000 2438 inter-

1056 2452 1157 2489 fiecto
1178 2451 1256 2488 filio
1277 2452 1361 2493 eius
1375 2453 1528 2499 Alexio,
1549 2455 1754 2504 imperium
1784 2454 1998 2502 usurpavit,

1055 2508 1093 2542 et
1114 2517 1224 2541 arma
1245 2508 1381 2543 contra
1409 2508 1631 2556 crucigeros
1661 2508 1793 2545 vertit.
1824 2507 1872 2544 Hi
1902 2519 1996 2544 vero

1055 2559 1259 2607 profligato
1280 2563 1521 2608 usurpatore,
1535 2573 1595 2599 an.
1612 2562 1711 2599 1204
1729 2560 1999 2598 Constantino—

1055 2612 1169 2660 polim
1199 2615 1396 2660 ceperunt,
1418 2613 1548 2662 ibique
1578 2614 1782 2662 imperium
1813 2613 1996 2650 Latinum

1054 2666 1316 2710 instituentes,
1338 2666 1503 2713 primum
1523 2667 1794 2715 imperatorem
1814 2668 1998 2703 crearunt

1054 2717 1302 2764 Baldu'inum,
1312 2719 1490 2756 comitem
1503 2720 1623 2757 Fland
1631 2720 1722 2766 riae,
1732 2719 1996 2768 patriarcham

1056 2783 1146 2808 vero
1176 2772 1465 2809 constituerunt
1494 2773 1683 2809 'l‘liomam
1713 2772 1992 2819 Mm'esinium,

1054 2825 1443 2870 nobilemVenetum,
1483 2826 1530 2862 R.
1562 2825 1758 2862 Ecclesiae
1795 2825 1995 2863 subdiaco-

1053 2890 1157 2915 num.
1182 2878 1294 2915 Tune
1323 2878 1509 2925 crucigeri
1539 2878 1777 2926 expeditioni
1808 2879 1994 2916 Hieroso-

1053 2932 1268 2980 lymitanae
1299 2931 1437 2967 nuncio
1468 2931 1650 2975 remisse,
1680 2932 1798 2968 armis
1827 2931 1906 2969 suis
1936 2932 1994 2969 usi

1053 2994 1143 3022 sunt
1162 2987 1207 3023 ad
1230 2984 1478 3032 p1·0fcren‹.los
1495 2984 1645 3032 imperii
1674 2984 1733 3022 sui
1762 2984 1854 3021 fines
1875 2987 1916 3021 et
1944 2986 1993 3021 ad

1052 3037 1294 3088 repellendos
1314 3036 1548 3073 Graecorum
1569 3037 1750 3086 impetus.
1773 3038 1910 3074 Graeci
1924 3050 1992 3074 au-

1053 3097 1129 3129 tem
1151 3092 1359 3128 dissectam
1378 3089 1530 3137 imperii
1551 3092 1682 3126 sedem
1703 3090 1992 3128 transtulerunt

1054 3145 1194 3193 partim
1216 3142 1401 3181 Nicaeam
1422 3142 1632 3191 Bithyniae
1646 3173 1655 3189 ,
1677 3143 1741 3180 ubi
1762 3143 1990 3181 Theodorus

1054 3197 1251 3242 Lascaris,
1280 3195 1422 3242 partim
1451 3195 1670 3244 Trapezum
1699 3196 1991 3245 Cappadociae,
