2241 3473
211 145 293 186 370

160 225 460 264 subversionem
488 224 792 272 portendebant.
826 224 1024 261 Seditiosa
1049 224 1116 259 illa

162 280 406 322 tentamina,
434 278 605 314 maxime
634 278 672 313 in
704 277 983 324 Longobardia
1002 307 1010 322 ,
1037 279 1116 314 Au-

163 334 321 370 striacis
348 331 471 368 armis
489 331 551 366 diu
568 331 727 367 fuerant
748 342 957 378 repressa;
976 343 1114 367 verum

161 398 264 425 anno
293 386 383 422 1859
409 384 576 420 Francis
602 395 719 430 opem
746 384 965 421 ferentibus
992 384 1114 427 italis,

162 439 359 477 Austriaci
387 438 472 474 acie
501 438 592 474 victi
618 442 722 474 sunt.
749 439 809 474 Ex
836 450 909 485 quo
936 442 1116 484 tempore

162 504 308 541 magna
335 503 469 527 rerum
497 492 664 527 mutatio
696 492 735 527 in
762 492 875 527 ltalia
906 493 1014 528 facta
1042 495 1114 528 est-

162 545 493 593 Longobardiarn,
513 556 631 592 quam
658 545 826 582 Carolus
845 546 1032 582 Albertus
1053 546 1117 581 ob·

161 602 288 637 tinere
316 600 565 646 nequiverat,
583 599 802 635 Francisco
823 599 988 647 Iosepho
1007 600 1019 635 1
1040 601 1119 635 Au-

161 655 282 691 striae
310 653 548 700 Imperatori
575 663 599 688 a
627 653 794 689 Francis
821 658 1019 701 ereptam,
1037 654 1117 689 Na-

162 708 304 756 poleon
332 707 380 743 III
401 706 521 743 cessit
539 708 625 753 regi
644 707 873 751 Sardiniae,
892 708 970 754 qui,
991 707 1118 755 quoad

161 774 217 805 se,
242 761 410 797 Francis
437 759 595 796 tradidit
626 760 868 796 Sabaudiam
904 765 1020 808 atque
1051 762 1118 797 Ni-

162 826 288 851 ceam.
326 815 408 850 Iam
437 818 517 850 tum
548 814 761 861 demagogi
792 814 831 849 in
862 815 976 851 Italia
1007 827 1121 861 prae-

164 870 391 905 valuerunt.
429 869 592 905 Interim
628 868 884 905 clandestinis
909 870 1119 917 pravisque

164 923 340 960 coetibus
366 923 403 958 in
431 922 606 970 pluribus
625 923 760 959 italiae
781 923 1013 969 regionibus
1033 935 1122 960 coa-

162 977 334 1021 dunatis,
363 980 445 1012 tum
472 976 712 1024 turpissimis
735 976 910 1012 consiliis
928 987 1018 1012 cum
1037 977 1120 1012 fini-

163 1031 539 1067 timorumlocorum
551 1030 772 1066 hominibus
787 1030 904 1074 initis,
919 1034 999 1067 tum
1016 1031 1121 1067 frau—

161 1085 332 1122 dulentis
358 1085 691 1132 calumniosisque
718 1084 833 1121 editis
860 1085 1016 1130 libellis,
1040 1089 1119 1121 tum

162 1139 311 1176 exteris
338 1139 459 1176 armis
486 1139 728 1186 comparatis
755 1142 795 1175 et
820 1138 1011 1182 invectis,
1040 1144 1120 1176 turn

162 1194 362 1242 perversis
388 1194 602 1241 quibusque
630 1193 718 1229 aliis
738 1193 940 1229 fraudibus
958 1193 1114 1230 seditio-

163 1248 222 1284 nis
249 1248 447 1284 turbinem
475 1247 615 1284 eodem
641 1258 704 1283 an.
736 1247 826 1285 1859
851 1247 889 1282 in
921 1247 1119 1295 superiori

162 1303 275 1338 Italia
301 1303 539 1345 excitarunt,
558 1301 624 1338 ubi
642 1301 838 1338 coniurati
856 1301 1036 1338 homines
1055 1313 1122 1338 au-

163 1356 277 1393 dacia
295 1357 486 1403 insignes,
501 1355 682 1391 omnibus
701 1355 844 1391 divinis
863 1355 1119 1404 humanisque

164 1410 401 1457 proculcatis
428 1410 596 1453 iuribus,
620 1409 839 1457 laxatisque
860 1410 1121 1457 improbitatis

163 1465 339 1507 habenis,
361 1464 519 1511 impune
544 1464 718 1511 grassati
743 1468 848 1500 sunt.
876 1465 1120 1500 Gubernium

163 1524 296 1556 autem
317 1518 676 1562 Pedemontanum‚
695 1517 1010 1565 demagogorum
1034 1530 1122 1554 con-

162 1572 249 1608 silia
276 1572 482 1620 redigendi
508 1583 647 1608 omnes
668 1572 945 1609 totiusltaliae
966 1573 1124 1619 provin-

163 1627 246 1664 cias
273 1627 322 1663 ad
341 1638 461 1663 unam
480 1626 689 1673 regiminis
706 1627 876 1662 formam
889 1655 897 1671 ,
916 1627 1028 1663 cuius
1045 1639 1124 1664 me-

164 1682 327 1728 tropolis
361 1685 470 1717 esset
503 1681 657 1723 Roma,
684 1681 722 1715 in
758 1680 939 1717 omnibus
976 1682 1125 1727 ample-

163 1740 288 1780 ctens,
316 1736 563 1779 Hetruriam,
594 1735 808 1779 Mutinam,
836 1736 1040 1781 Parmam,
1069 1736 1125 1772 fu-

163 1791 266 1837 gatis
285 1790 374 1828 inde
393 1790 579 1833 Ducibus,
599 1794 716 1837 atque
733 1790 1038 1826 Romandiolam
1054 1803 1122 1827 seu

163 1846 400 1891 Aemiliam,
436 1858 536 1894 quae
571 1845 620 1881 ad
654 1846 877 1880 Romanam
905 1845 1126 1882 Ecclesiam

166 1901 400 1947 pertinebat,
430 1901 641 1948 occupavit
667 1900 817 1947 sibique
845 1901 1049 1936 annexuit.

209 1957 267 1992 67.
298 1955 500 1992 Romanus
534 1955 728 2001 Pontifex
763 1953 911 1989 nzcciori
941 1965 1037 1990 suae
1063 1955 1121 1990 (Zi-

163 2009 282 2044 tionis
305 2013 423 2056 partic
445 2009 632 2057 priuatas·
661 2013 738 2051 (an.
775 2008 879 2049 1860)
903 2030 938 2034 —
962 2009 1124 2044 Interim

165 2063 353 2111 flagitiosi
385 2064 564 2099 homines
600 2063 803 2098 Bononiae
836 2062 873 2097 in
915 2062 1126 2098 Pontificia

165 2117 312 2154 ditione
340 2118 564 2153 tumultuati
591 2120 696 2160 sunt,
715 2127 788 2152 nec
815 2115 1043 2152 dubitarunt
1060 2128 1126 2152 ur-

167 2171 311 2207 banam
340 2170 544 2207 cohortem
572 2170 746 2217 aliosque
766 2180 942 2213 armare,
961 2180 1123 2216 cogere,

167 2225 357 2268 educere,
379 2228 496 2272 atque
524 2224 747 2262 Cardinalis
775 2223 894 2259 aedes
913 2222 1038 2267 adire,
1059 2224 1123 2259 ibi-

165 2290 238 2326 que
271 2278 414 2315 ablatis
450 2277 670 2313 Pontiliciis
702 2277 951 2323 insignibuS‚
987 2289 1123 2313 eorum

167 2333 253 2370 loco
280 2333 507 2369 rebellionis
534 2331 741 2375 vexillum,
761 2332 876 2367 sicuti
903 2331 995 2367 alibi
1024 2332 1126 2368 fece-

167 2392 281 2430 rant,
309 2387 517 2429 attollere,
546 2390 586 2422 et
613 2386 825 2423 collocare.
853 2396 942 2420 cum
970 2397 1124 2423 summa

166 2441 435 2478 honestiorum
464 2441 608 2476 civium
630 2439 900 2486 indignatione
920 2450 966 2476 ac
992 2440 1125 2477 fremi—

168 2500 220 2532 tu.
248 2496 350 2532 Hinc
370 2495 419 2531 ab
439 2495 532 2543 ipsis
556 2493 819 2541 perduellibus
846 2493 972 2529 eidem
992 2495 1126 2531 Cardi-

167 2550 246 2585 nali
280 2551 430 2596 Legato
467 2549 658 2597 profectio
694 2547 766 2582 fuit
811 2546 1041 2584 denuntiata
1076 2562 1123 2586 ex

168 2604 346 2640 omnibus
386 2603 648 2639 Bononiensis
684 2601 915 2648 Legationis
956 2602 1123 2647 sinibus,

167 2669 262 2706 quos
297 2658 400 2693 illico
435 2657 681 2704 subalpinum
719 2655 993 2700 (jubernium‚
1023 2658 1121 2704 quod

169 2715 286 2748 totius
313 2712 616 2759 conspirationis
646 2715 785 2747 auctor
817 2711 972 2754 fuerat,
1010 2722 1123 2747 occu—

168 2767 289 2814 pavit,
310 2766 458 2802 ludicro
487 2766 666 2813 populari
693 2765 882 2811 suffragio
909 2765 981 2799 sibi
1001 2765 1122 2800 vindi—

168 2823 288 2865 cavit,
307 2832 353 2857 ac
372 2821 533 2856 militari
554 2832 671 2856 manu
692 2820 728 2855 in
749 2832 821 2855 sua
840 2823 1034 2866 potestate
1063 2832 1120 2855 re-

168 2876 296 2912 tinuit.
317 2876 426 2916 Quae
448 2876 666 2918 Bononiae,
689 2880 767 2910 tani
786 2874 937 2910 nefarie
958 2879 1121 2920 peracta

167 2936 271 2974 sunt,
291 2930 480 2966 similibus
499 2930 723 2965 criminosis
744 2928 868 2964 modis
888 2929 1119 2970 Ravennae,

169 2985 371 3028 Perusiae,
401 2989 440 3021 et
467 2985 557 3020 alibi
578 2997 696 3031 agere
714 2984 873 3020 minime
893 2983 1122 3018 dubitarunt

168 3039 280 3075 iidem
316 3039 512 3086 profligati
550 3039 754 3082 homines,
795 3037 896 3073 liaud
938 3038 1121 3073 timentes

169 3104 283 3138 posse
309 3105 401 3129 suos
429 3094 598 3139 impetus
626 3105 649 3129 a
678 3092 894 3128 Pontiiiciis
914 3092 1035 3139 copiis
1062 3104 1118 3128 re-

170 3147 283 3192 primi
312 3159 357 3183 ac
384 3148 564 3194 refringi,
594 3159 681 3182 cnm
711 3147 808 3182 istae
836 3158 1000 3182 numero
1029 3157 1122 3193 pau-

170 3212 255 3243 cae,
274 3213 409 3237 eorum
431 3202 551 3237 sni-ori
581 3206 620 3238 et
639 3201 825 3237 audaciae
846 3205 1032 3237 resrstcre
1053 3201 1120 3236 mi-

170 3254 273 3291 nime
292 3260 461 3302 possent.
480 3257 600 3291 lmmo
616 3256 863 3302 subalpinurn
878 3255 1117 3292 Gubernium

504 154 669 182 EPOCHA
690 132 778 183 'XHL
803 157 829 183 A
851 155 1035 183 PVBLICA
1057 154 1208 181 RERVM
1232 154 1273 181 IN
1297 155 1469 182 GALLIIS
1495 152 1786 181 SVBVERSIONE

1168 223 1483 271 copiosissimum
1502 223 1722 260 exercitum
1742 221 1781 256 in
1801 221 1982 258 Marcam
2001 221 2132 258 Anco-

1169 278 1348 313 nitanam
1374 277 1553 321 immisit,
1573 277 1637 324 qui
1661 274 1862 311 Pontificis
1881 275 2027 323 copias,
2047 276 2128 312 for-

1170 331 1262 367 titer
1290 330 1538 378 viriliterque
1568 328 1827 377 praeliantes,
1854 329 2027 376 pondere
2053 341 2125 366 suo

1171 384 1400 432 prostravit,
1424 388 1464 420 et
1491 385 1706 419 Lauretum
1727 385 1766 418 et
1783 382 1990 419 Anconam
2010 394 2125 419 occu-

1171 438 1289 485 pavit.
1321 439 1386 474 Sic
1414 437 1658 485 Legationes
1683 440 1722 473 et
1750 436 1942 473 Umbriae
1976 437 2133 485 provin-

1171 493 1257 528 ciae
1285 491 1466 528 Pontifici
1493 494 1658 538 ereptae
1684 493 1787 526 sunt.

1218 545 1294 581 Tot
1321 550 1454 582 autem
1482 545 1672 592 perfidiae
1690 554 1737 579 ac
1754 542 1984 579 hostilitatis
2008 555 2125 592 argu-

1171 603 1307 636 menta
1331 603 1519 645 expertus
1545 603 1604 634 est
1631 597 1724 633 Pius
1742 596 1797 632 lx
1816 600 1904 644 post
1932 597 2126 645 repetitas

1170 653 1427 700 Imperatoris
1437 652 1640 688 Gallorum
1658 650 1965 699 pollicitationes
1977 662 2023 687 ac
2040 663 2128 699 pro·
2144 693 2146 696 .

1171 708 1427 750 testationes,
1446 718 1488 742 se
1515 716 1727 752 numquam
1754 704 2008 751 Apostolicac
2036 697 2147 742 Sedi'

1171 760 1415 803 defuturum,
1435 760 1707 806 exercituque,
1733 769 1851 806 quum
1878 759 1927 794 ab
1953 770 2014 795 an.
2039 759 2132 797 1848

1172 814 1300 849 Roma
1317 824 1530 861 numquam
1546 817 1767 856 amoverat,
1783 823 2050 861 quascumque
2065 813 2133 849 ho·-

1172 867 1291 903 stium
1320 867 1482 903 insidias
1509 867 1745 903 eiecturum.
1777 868 1893 902 Anno
1923 867 2132 914 sequenti,

1174 921 1278 963 1860,
1301 921 1539 957 Franciscus
1565 920 1597 956 Ii
1623 919 1827 968 utriusque
1855 920 2016 957 Siciliae
2043 932 2128 965 rex,

1174 975 1288 1022 regia
1306 986 1380 1011 sua
1395 975 1491 1012 urbe
1511 974 1756 1018 exturbatus,
1777 985 1865 1010 cum
1885 975 1973 1011 iura
1998 975 2134 1011 omnia

1173 1033 1211 1065 et
1229 1029 1402 1065 iustitiae
1418 1028 1593 1065 rationes
1607 1028 2043 1076 violarentur‚primum
2059 1030 2132 1067 Ca-

1174 1094 1305 1130 puam,
1326 1082 1466 1119 deinde
1481 1083 1662 1119 Caietam
1677 1082 1826 1118 bellicis
1842 1082 2135 1120 cond-itionibus

1173 1137 1333 1174 tradere
1362 1140 1524 1173 coactus
1550 1141 1624 1181 est,
1652 1147 1699 1172 ac
1727 1140 1809 1173 toto
1837 1148 1975 1184 regno,
1996 1137 2132 1174 Sicilia

1173 1191 1275 1227 haud
1301 1196 1497 1238 excepta,
1526 1191 1774 1239 expoliatus,
1808 1192 1975 1228 Romam
2005 1192 2131 1239 petiit,

1173 1245 1237 1281 ubi
1270 1257 1360 1282 eum
1388 1245 1481 1281 Pius
1509 1245 1581 1292 Pp.
1603 1246 1658 1281 IX
1685 1245 1865 1282 omnibus
1883 1245 2050 1289 amoris,
2070 1246 2136 1283 be-

1174 1299 1429 1336 nevolentiae
1456 1310 1503 1335 ac
1530 1299 1813 1346 hospitalitatis
1836 1299 1974 1336 officiis
2001 1311 2134 1348 prose-

1173 1357 1330 1400 quutus,
1358 1354 1397 1388 in
1424 1364 1494 1388 suo
1523 1353 1718 1393 Quirinali
1745 1354 1891 1401 palatio
1918 1353 2078 1400 excepit
2104 1356 2130 1388 1.

1169 1401 1228 1436 ita
1254 1401 1462 1437 Sardiniae
1494 1400 1580 1447 regi
1607 1401 1814 1448 paullatim
1848 1403 1974 1437 omnis
2019 1401 2134 1438 Italia

1173 1455 1352 1492 subiecta
1377 1460 1452 1491 est-

1222 1510 1262 1545 In
1290 1509 1409 1546 tantis
1426 1537 1434 1552 ‚
1463 1520 1560 1556 quas
1591 1508 1863 1553 indicavimus,
1890 1510 2128 1547 calamitati-

1174 1563 1260 1608 bus,
1288 1564 1432 1601 miram
1463 1563 1583 1600 animi
1604 1563 1871 1601 fortitudinem
1892 1576 1986 1611 prae
2006 1576 2048 1601 se
2073 1569 2130 1601 tu-

1178 1617 1222 1654 lit
1248 1619 1453 1656 Romanus
1482 1618 1680 1655 Pontifex.
1716 1620 1831 1654 Anno
1867 1619 1957 1656 1859
1989 1619 2051 1656 die
2084 1620 2130 1656 27

1177 1672 1313 1719 aprilis
1329 1673 1539 1721 epistolam
1554 1672 1798 1720 encyclicam
1809 1672 1915 1709 dedit
1931 1672 1979 1709 ad
1994 1684 2133 1710 omnes

1178 1727 1442 1773 patriarchas,
1473 1728 1676 1774 primates,
1696 1727 2034 1775 archiepiscopos,
2054 1727 2148 1775 epi-.

1175 1791 1317 1828 scopos
1345 1782 1519 1829 aliosque
1549 1783 1726 1818 locorum
1755 1781 1987 1818 Ordinarios
2009 1810 2017 1826 ,
2046 1793 2135 1829 pre-

1178 1846 1244 1870 ces
1272 1836 1448 1883 publicas
1476 1836 1692 1884 postulans,
1713 1840 1756 1872 ut
1775 1836 1879 1872 Deus
1906 1836 2077 1884 optimus
2095 1841 2136 1874 et

1178 1889 1407 1925 misericors
1435 1891 1538 1926 bella
1564 1890 1725 1926 auferre
1742 1890 1995 1938 omniumque
2014 1890 2136 1927 corda

1178 1942 1422 1980 christianae
1444 1944 1552 1991 pacis
1571 1955 1707 1980 amore
1726 1944 1978 1981 inflammare
1999 1945 2133 1992 digna-

1180 2001 1304 2033 retur.
1336 1999 1407 2035 Die
1437 1999 1480 2035 18
1506 1998 1589 2034 iulii
1616 1998 1787 2035 alteram
1822 1998 1927 2034 dedit
1960 1999 2010 2035 ad
2042 1999 2133 2036 illos

1176 2050 1282 2098 ipsos
1313 2052 1523 2100 epistolam
1546 2052 1805 2100 encyclicam,
1824 2052 1863 2087 in
1879 2064 1955 2100 qua
1972 2057 2134 2101 questus

1177 2109 1250 2147 est,
1281 2106 1382 2154 quod
1409 2106 1613 2143 seditionis
1640 2111 1790 2150 motus,
1819 2107 1883 2154 qui
1910 2114 2050 2144 contra
2082 2107 2134 2144 10-

1177 2159 1339 2205 gitimos
1365 2160 1564 2208 principes
1583 2172 1654 2208 per
1675 2160 1825 2197 Italiam
1843 2173 1968 2209 nuper
1994 2173 2134 2210 erupe-

1176 2218 1253 2259 rat,
1281 2215 1492 2251 nonnullas
1511 2227 1532 2251 e
1552 2215 1767 2262 provinciis
1794 2216 2048 2263 Apostolicac
2066 2217 2134 2254 Se·

1176 2269 1234 2306 dis
1262 2269 1502 2316 pervaserit,
1531 2279 1632 2316 quae
1660 2269 1813 2305 funesto
1840 2270 1905 2306 illo
1926 2275 2133 2317 permotae

1176 2323 1358 2370 exemplo
1385 2327 1425 2359 et
1452 2323 1627 2359 externis
1654 2327 1769 2360 actae
1795 2324 2078 2370 incitamentis,
2107 2337 2132 2362 a

1178 2381 1343 2424 paterno
1371 2377 1454 2413 eius
1482 2376 1673 2424 regimine
1692 2389 1735 2414 50
1754 2378 2037 2416 subduxerant.
2057 2379 2129 2418 Die

1176 2431 1220 2468 28
1240 2431 1416 2467 ciusdem
1432 2442 1555 2467 mens.
1569 2434 1608 2467 et
1623 2432 1715 2467 anni
1734 2432 1771 2468 in
1790 2432 2028 2470 allocutione
2047 2445 2128 2471 ma-

1221 2522 1229 2542 1
1251 2520 1320 2552 Non
1339 2519 1438 2552 semel
1460 2519 1593 2551 Romani
1614 2520 1786 2553 Pontifices
1802 2546 1809 2560 ,
1832 2521 2019 2562 vigentibus
2038 2531 2131 2565 prae-

1174 2567 1283 2600 sertim
1303 2566 1500 2598 seditionum
1526 2566 1665 2599 motibus
1682 2592 1690 2606 ,
1709 2576 1725 2598 e
1744 2569 1849 2609 patria
1876 2568 1989 2601 exules
2016 2569 2103 2602 cives
2117 2593 2126 2610 ‚

1176 2615 1327 2656 ipsosque
1346 2612 1509 2654 principes
1527 2610 1644 2644 Romae
1663 2614 1815 2655 hospitati
1849 2617 1946 2657 atque
1972 2615 2126 2648 auxiliati

1174 2663 1266 2693 511111.
1296 2659 1418 2691 Revera
1437 2682 1444 2696 ,
1470 2659 1629 2699 superiori
1657 2659 1787 2692 saeculo
1809 2664 1965 2700 exeunte,
1994 2661 2068 2694 Pius
2088 2660 2126 2694 v1

1174 2707 1296 2747 asylum
1315 2712 1472 2746 opemque
1493 2704 1648 2737 11111111οη
1668 2706 1759 2738 1110110
1787 2707 1983 2748 presbyteris
1997 2732 2005 2746 ,
2024 2711 2125 2750 atque

1175 2751 1335 2794 opiscopis
1354 2750 1392 2782 ob
1411 2753 1525 2782 motam
1541 2751 1731 2783 seditionem
1746 2762 1761 2784 a
1777 2752 1880 2785 Gallia
1892 2755 2055 2792 extorres,
2072 2761 2131 2786 ve-

1174 2808 1241 2829 rum
1259 2798 1352 2829 ctiam
1368 2796 1576 2838 optimatibus
1591 2797 1732 2840 aliisque
1748 2798 1884 2838 civibus,
1900 2799 1955 2841 qui
1972 2799 2046 2832 inde
2063 2797 2126 2832 Ro-

1175 2854 1252 2876 mam
1272 2844 1507 2882 confugerunt.
1526 2843 1558 2874 111
1578 2848 1688 2884 aperte
1710 2848 1872 2877 testantur
1893 2846 2129 2888 11111151οωρο-

1175 2891 1217 2921 ris
1237 2893 1446 2921 monumenta
1464 2889 1512 2926 (cs
1529 2889 1689 2928 'l'lieiner,
1710 2890 1917 2924 Documents
1936 2890 2060 2923 inediis
2077 2901 2128 2924 re-

1173 2937 1269 2977 lali'fs
1286 2945 1356 2967 aua:
1373 2935 1508 2976 (tll'airex
1527 2935 1722 2975 reliyieuses
1742 2937 1781 2969 de
1797 2938 1830 2969 la
1851 2938 1980 2970 France
2003 2936 2092 2970 1790
2107 2935 2127 2969 ιὶ

1180 2981 1268 3013 1⁸00
1284 3010 1289 3020 ,
1312 2981 1456 3013 crlrmls
1483 2981 1540 3012 cles
1558 2983 1711 3015 archircs
1730 2984 1871 3016 secr-eles
1890 2983 1936 3016 du
1958 2984 2101 3017 Vaticani
2120 3009 2126 3020 ,

1174 3029 1292 3059 211111.
1316 3028 1404 3059 Puris
1424 3031 1474 3060 cic
1495 3027 1520 3071 ).
1538 3028 1612 3060 Pius
1632 3029 1683 3061 Vll
1707 3041 1798 3069 veie,
1821 3031 1878 3063 lioc
1907 3031 2040 3062 ineunte
2057 3039 2127 3063 sae-

1173 3076 1247 3106 culo
1264 3101 1270 3109 ,
1290 3074 1420 3115 excepit
1439 3073 1555 3106 1111111110
1575 3083 1680 3113 rogem
1701 3077 1868 3109 Sardiniae
1883 3101 1890 3115 ‚
1909 3086 2002 3119 quem
2021 3077 2125 3118 Napo-

1176 3122 1245 3153 leon
1267 3122 1275 3153 l
1299 3121 1410 3151 [ln-ono
1428 3120 1611 3162 orbaverat·,
1627 3129 1658 3155 01
1674 3132 1793 3165 pancos
1810 3128 1881 3165 post
1897 3132 2012 3159 annos,
2027 3123 2123 3155 sicuti

1174 3168 1232 3198 iam
1259 3167 1422 3204 uiximus,
1458 3166 1560 3207 ipsius
1586 3170 1785 3211 Napoleonis
1811 3174 1941 3201 mairem
1971 3168 2123 3210 aliosque

1172 3213 1243 3245 ciii<
1263 3212 1534 3251 consanguineos,
1554 3216 1608 3255 qui
1628 3216 1664 3248 ab
1682 3216 1827 3248 omnibus
1855 3216 2001 3257 Europae
2032 3215 2125 3256 prin-

1173 3259 1297 3300 cipibus
1314 3257 1566 3299 respuebantur.
