2241 3473
262 136 287 174 8

210 213 397 252 chardum
418 209 667 256 cardinalem,
685 211 770 246 tum
798 210 841 246 ut
868 208 1054 256 abrogato
1082 207 1160 245 ritu

208 266 372 305 Gothico
392 264 518 301 officia
536 274 648 300 sacra
667 260 923 299 constitueret
947 261 1160 298 secundum

207 321 454 363 Romanum,
475 320 559 353 tum
583 317 626 352 ut
653 315 896 364 Alphonsum
924 325 1056 363 regem
1086 313 1160 351 Ca-

208 373 344 411 stellae
372 372 602 420 perduceret
629 369 678 405 ad
698 367 988 405 dissolvendum
1019 367 1159 404 coniu-

207 426 314 474 gium
328 455 337 470 ,
352 424 454 472 quod
475 433 563 460 cum
582 420 789 459 defunctae
810 421 985 470 coniugis
1004 432 1161 457 consan-

208 479 347 527 guinea
400 477 666 513 contraxerat.
696 475 918 524 Alphonsus
948 474 1160 511 secundum

208 530 408 569 Pontificis
438 529 667 566 mandatum
714 528 903 565 incestum
932 527 1158 575 coniugium

207 584 392 633 disrupit,
413 582 501 620 etin
519 581 711 631 Burgensi
723 581 869 630 synodo
881 592 943 618 an.
963 580 1065 618 1080
1086 581 1158 618 Ro-

205 638 310 675 mani
348 637 447 673 ritus
475 635 706 684 praescripti
736 635 888 683 aliaque
918 635 965 672 ad
996 633 1160 682 discipli-

206 702 294 728 nam
313 689 627 733 ecclesiasticam,
644 688 845 737 speciatim
865 688 914 724 ad
930 687 1158 724 clericorum

204 744 480 781 continentiam
498 741 725 791 spectantia,
740 741 951 779 constituta
963 740 1121 778 fuerunt
1133 738 1156 778 ¹.

258 796 302 834 In
322 796 437 834 Italia
461 795 650 844 superiori
678 807 745 832 seu
774 794 1046 844 Longobardia
1066 805 1159 843 gra-

204 862 274 888 ves
294 851 430 887 turbas
451 849 671 894 excitabat,
694 852 737 886 ut
762 848 950 894 vidimus,
970 847 1159 884 simonia-

204 915 340 942 corum
360 906 399 940 et
414 902 743 940 incontinentium
759 902 1007 940 sacerdotum
1027 900 1160 938 factio.
1178 917 1181 930 ι

204 957 246 994 In
268 956 445 994 inferiori
464 956 580 994 Italia
609 955 826 994 Normanni
844 955 1001 1004 negotia
1021 954 1161 1003 gravia
1178 962 1181 1002 j

204 1010 387 1048 Pontifici
408 1010 664 1055 facesserunt,
695 1009 909 1046 marchiam
940 1009 1157 1046 Anconita-

206 1076 310 1110 nam,
325 1064 537 1113 Spoletum,
551 1063 835 1108 Beneventum,
846 1063 1019 1110 aliasque
1033 1062 1082 1099 R.
1093 1062 1161 1098 Ec·
1178 1056 1180 1078 ²

205 1117 344 1155 clesiae
359 1118 581 1166 provincias
617 1117 885 1154 devastarunt.
913 1116 1161 1164 Quapropter

205 1171 416 1220 Gregorius
429 1170 504 1207 VII
521 1170 738 1208 Robertum
761 1169 1036 1214 Guiscardum,
1057 1171 1161 1218 Apu-

204 1224 280 1262 liae
311 1230 350 1262 et
378 1224 582 1262 Calabriae
604 1223 764 1270 ducem,
784 1223 1159 1268 excommunicavit3

205 1290 320 1326 quem
365 1281 497 1315 tamen
540 1280 674 1326 postea
702 1277 742 1313 in
773 1276 1083 1314 communionem
1121 1279 1160 1313 et

204 1332 373 1381 gratiam
407 1331 517 1369 Sedis
549 1330 795 1380 Apostolicae
833 1330 992 1379 recepit,
1027 1330 1159 1378 eique,

205 1397 295 1422 cum
315 1384 431 1422 fidem
452 1396 561 1422 suam
578 1388 618 1422 et
637 1384 757 1422 annui
777 1384 914 1422 tributi
938 1383 1158 1432 pensionem

204 1438 389 1476 Pontifici
410 1438 642 1488 obligasset,
669 1438 835 1486 Apuliae
853 1467 861 1482 ,
891 1437 1092 1474 Calabriae
1121 1440 1180 1474 etr

204 1491 361 1529 Siciliae
388 1491 663 1529 investituram
694 1491 907 1537 concessit,
934 1502 1051 1539 quam
1080 1489 1159 1527 iam

205 1549 474 1583 concesserant
493 1545 681 1583 Nicolaus
711 1545 748 1582 ΙΙ
778 1548 817 1581 et
846 1544 1073 1582 Alexander
1108 1544 1157 1581 ΙΙ.

204 1599 262 1636 De
282 1598 442 1636 Salerno
463 1598 761 1647 vero,Amalphi
777 1602 817 1635 et
831 1601 942 1647 parte
961 1596 1158 1634 marchiae

204 1652 432 1699 Firmanae,
462 1664 484 1690 a
513 1653 686 1690 Roberto
721 1652 946 1701 occupatis,
983 1650 1180 1700 quaestio¹

205 1718 391 1755 suspensa
412 1710 471 1744 est
488 1704 514 1744 ².

257 1759 566 1797 Sollicitudinem
586 1770 697 1797 suam
719 1758 907 1796 etiamad
929 1757 1157 1795 Africanam

205 1813 409 1851 ecclesiam
436 1814 615 1851 extendit
640 1815 800 1851 sanctus
826 1812 1022 1849 Pontifex.
1045 1811 1157 1849 Reli-

205 1867 360 1916 gionem
390 1867 645 1905 christianam
674 1866 816 1904 ibidem
846 1867 917 1903 sub
937 1865 1157 1903 Saraceno-

204 1933 292 1958 rum
314 1921 524 1970 tyrannide
550 1920 759 1969 collapsam
781 1919 954 1956 vidimus
974 1917 1000 1956 3.
1031 1919 1158 1961 Quum
1178 1948 1180 1958 ,

205 1975 277 2011 hoc
302 1977 477 2024 tempore
507 1975 710 2023 Cyriacus,
732 1973 1044 2022 archiepiscopus
1065 1973 1158 2010 Car-

205 2027 446 2077 thaginensis
467 2031 505 2065 et
525 2029 669 2077 primas
689 2026 867 2072 Africae,
888 2027 1079 2074 quosdam
1100 2027 1158 2063 in-

205 2081 341 2131 dignos
357 2082 403 2119 ad
416 2093 545 2119 sacros
554 2081 719 2118 Ordines
735 2081 945 2118 admittere
961 2080 1158 2126 noluisset,

205 2136 253 2172 ad
275 2146 406 2184 regem
427 2135 624 2172 infidelem
646 2134 810 2179 delatus,
830 2133 1057 2170 verberibus
1077 2145 1160 2170 cae-

204 2200 270 2226 sus
285 2188 371 2227 fuit.
389 2188 499 2230 Quod
516 2200 602 2226 cum
622 2188 835 2225 audivisset
850 2187 1062 2235 Gregorius
1073 2187 1158 2236 Pp.,

204 2241 358 2280 litteras
374 2242 531 2291 scripsit
543 2253 604 2279 an.
637 2242 739 2279 1073
751 2242 797 2279 ad
816 2241 1159 2288 Carthaginenses,

204 2308 300 2345 quos
318 2300 478 2345 propter
497 2296 648 2332 illatam
671 2294 957 2343 archiepiscopo
974 2293 1158 2330 iniuriam

205 2350 458 2399 reprehendit
486 2352 524 2386 et
553 2349 601 2386 ad
631 2347 911 2398 poenitentiam
949 2347 1157 2393 excitavit3

205 2404 415 2452 Cyriacum
436 2414 529 2440 vero
550 2407 707 2451 propter
727 2401 984 2439 constantiam
1016 2400 1159 2438 lauda-

205 2457 265 2494 vit
287 2462 325 2495 et
345 2457 390 2494 ad
413 2456 749 2506 perseverantiam
778 2456 958 2492 hortatus
986 2458 1044 2491 est
1065 2454 1092 2491 ⁴.
1116 2454 1156 2490 In

204 2510 444 2548 Mauritania
465 2509 645 2548 orientali
666 2521 731 2546 seu
753 2507 926 2545 sitifensi
956 2507 1068 2544 multi
1097 2508 1158 2544 ad-

207 2566 280 2602 huc
301 2567 415 2601 erant
434 2563 663 2609 Christiani,
693 2563 834 2611 quibus
862 2561 1032 2599 Annasir
1065 2572 1160 2605 rex,

207 2618 384 2666 quamvis
419 2617 657 2661 Saracenus,
691 2616 873 2661 favebat;
907 2627 992 2651 cum
1028 2614 1054 2651 ii
1088 2615 1159 2651 hoc

207 2676 383 2721 ternpore
400 2670 735 2719 archiepiscopum
757 2669 827 2707 sibi
843 2669 1054 2717 elegissent
1067 2668 1159 2705 Scr-

206 2727 378 2762 vandum
395 2725 681 2773 presbyterum,
697 2726 735 2761 et
751 2723 787 2760 in
808 2726 891 2759 tota
906 2721 1041 2758 Africa
1057 2721 1160 2758 solus

207 2779 396 2816 existeret
415 2778 602 2827 Cyriacus
624 2775 944 2826 Carthaginensis
971 2775 1159 2820 antistes,

207 2832 433 2869 Servandus
454 2844 514 2869 an.
540 2831 640 2869 1076
661 2832 827 2869 Romam
848 2828 978 2873 venit,
1001 2832 1044 2865 ut
1075 2840 1158 2865 con-

207 2888 440 2923 secraretur.
458 2885 670 2934 Gregorius
699 2885 780 2934 ipse
809 2894 898 2921 eum
916 2881 1160 2919 consecravit

207 2938 537 2988 archiepiscopum
554 2968 562 2984 ,
584 2938 811 2987 litterasque
831 2935 983 2984 scripsit
1003 2935 1050 2971 ad
1071 2938 1158 2972 An-

695 143 850 171 EPOCHA
878 143 945 170 VII.
975 144 1003 170 Α
1029 141 1295 170 PONTIFICATV
1324 143 1354 170 S.
1376 143 1574 170 GREGORII
1601 143 1672 170 VII.

1203 209 1262 247 nis
1290 209 1522 257 praestitum
1552 208 1752 256 laudavit3
1772 209 1929 259 scripsit
1957 209 2076 248 etiam
2104 211 2155 250 ad

1203 261 1441 300 Christianos
1469 261 1752 308 Mauritaniae,
1775 275 1870 312 quos
1898 263 1947 300 ad
1975 263 2156 301 obedien-

1201 315 1300 353 tiam
1329 327 1424 364 erga
1443 327 1557 352 suum
1579 315 1915 365 archiepiscopum
1937 318 1977 354 et
1995 317 2044 354 ad
2065 329 2155 355 mu-
2211 365 2213 367 ι

1202 370 1310 406 tuam
1342 369 1547 406 caritatem
1577 368 1758 406 hortatus
1789 373 1868 416 est3
1903 372 1942 407 et
1972 382 2062 407 cum
2089 382 2156 408 se·-

1203 422 1371 459 cundum
1405 434 1571 459 canones
1606 422 1654 458 ad
1684 423 1988 460 consecrandum
2013 423 2156 472 episco-

1202 487 1294 524 pum
1316 476 1608 524 requirerentur
1628 478 1708 512 tres
1729 474 1921 524 Episcopi,
1941 477 2155 525 Gregorius

1203 529 1360 577 utrique
1378 528 1667 577 archiepiscopo
1689 529 1890 567 mandavit
1906 559 1915 575 ,
1933 533 1975 567 ut
1993 531 2154 568 tertium

1203 582 1395 630 eligerent
1422 585 1460 619 et
1482 582 1653 619 Romam
1682 583 1987 620 consecrandum
2015 585 2154 622 mitte-

1202 638 1314 681 rent,
1334 637 1452 684 atque
1472 636 1528 673 ita
1548 635 1727 683 deinceps
1747 635 1819 684 ipsi
1841 635 1937 674 alios
1956 635 1996 673 in
2019 636 2154 676 Africa

1202 700 1430 726 consecrare
1450 691 1606 738 possent
1629 687 1652 725 ¹.

1255 742 1467 791 Gregorius
1487 742 1564 779 VII
1580 742 1734 779 litteras
1751 754 1906 791 quoque
1921 754 1988 792 per
2001 743 2156 792 legatos

1203 795 1352 844 accepit
1370 807 1393 832 a
1408 795 1599 833 Michaele
1619 795 1749 841 Duca,
1769 796 2006 845 imperatore
2025 797 2154 835 Grae-

1202 860 1348 886 corum.
1390 848 1573 887 Pontifex
1613 850 1661 886 ad
1695 849 1972 898 imperatorem
1999 850 2156 888 litteras

1201 902 1384 947 reddidit,
1405 903 1442 939 in
1464 902 1604 951 quibus
1626 903 1872 940 devotionem
1887 903 1970 940 eius
1990 915 2085 952 erga
2103 904 2153 942 R.

1202 955 1415 993 Ecclesiam
1442 956 1579 993 laudat
1598 985 1607 1001 ,
1627 968 1739 993 suum
1766 956 1888 1005 ipsius
1917 957 2157 994 desiderium

1201 1009 1396 1047 ineundae
1426 1021 1516 1046 cum
1545 1009 1720 1047 Ecclesia
1748 1009 1813 1058 Cp,
1844 1010 2072 1048 concordiae
2098 1010 2154 1048 si-

1202 1062 1378 1111 gnificat,
1399 1063 1445 1099 de
1467 1063 1632 1100 caeteris
1648 1075 1740 1100 vero
1761 1063 1938 1111 negotiis,
1953 1063 2000 1101 de
2015 1063 2155 1113 quibus

1201 1116 1323 1153 locuti
1344 1116 1500 1154 fuerant
1519 1116 1651 1165 legati,
1672 1119 1851 1154 acturum
1881 1128 1970 1154 cum
1995 1129 2040 1154 eo
2061 1117 2154 1155 dicit

1202 1169 1446 1207 Dominicum
1475 1170 1739 1219 patriarcham
1769 1170 2038 1217 Venetiarum,
2068 1171 2154 1220 epi-

1201 1223 1325 1261 stolae
1365 1235 1460 1261 suae
1486 1224 1650 1261 latorem
1669 1222 1695 1261 ².
1726 1224 1806 1261 Ista
1836 1227 1967 1262 autem
1998 1224 2154 1273 negotia
2206 1229 2208 1231 ’

1202 1277 1471 1314 verisimiliter
1487 1278 1718 1326 spectabant
1733 1277 1881 1315 bellum
1897 1289 2053 1315 sacrum
2068 1289 2154 1315 con-

1202 1332 1264 1368 tra
1284 1330 1612 1369 Mahumethanos
1632 1343 1700 1368 seu
1723 1331 1883 1378 Turcas,
1905 1331 1972 1379 qui
1990 1343 2060 1380 per
2079 1342 2156 1368 om-

1202 1396 1288 1421 nem
1305 1384 1387 1421 fere
1404 1385 1537 1422 Asiam
1554 1385 1742 1422 minorem
1759 1384 1938 1422 victricia
1953 1396 2024 1423 sua
2043 1396 2154 1422 arma

1201 1437 1462 1486 proferebant,
1479 1438 1684 1487 imperium
1702 1438 1896 1476 Graecum
1916 1439 1964 1476 ad
1984 1449 2156 1476 summas

1202 1492 1405 1540 angustias
1434 1492 1684 1539 redigebant,
1709 1491 1950 1529 Christianos
1978 1491 2155 1540 graviter

1201 1546 1484 1593 opprimebant.
1507 1546 1742 1594 Gregorium
1771 1545 1847 1582 VII
1875 1545 2003 1594 reipsa
2022 1544 2155 1582 consi-

1201 1597 1296 1635 lium
1327 1599 1459 1636 iniisse
1488 1599 1737 1647 comparandi
1766 1599 2052 1647 expeditionem
2071 1610 2158 1636 con-

1200 1655 1263 1689 tra
1280 1652 1610 1690 Mahumethanos
1629 1656 1670 1690 et
1685 1651 1955 1701 proficiscendi
1967 1652 2155 1690 Constan-

1201 1705 1403 1754 tinopolim
1416 1707 1463 1743 ad
1477 1706 1784 1755 componendam
1800 1705 2053 1743 ecclesiarum
2070 1717 2158 1743 con-

1201 1759 1387 1806 cordiam,
1408 1763 1516 1809 patet
1544 1772 1593 1797 ex
1623 1759 1809 1809 epistolis,
1839 1771 1937 1807 quas
1965 1771 2011 1797 ea
2039 1760 2086 1797 de
2112 1770 2155 1797 re

1202 1813 1355 1862 scripsit
1376 1814 1424 1851 ad
1446 1814 1660 1852 Henricum
1681 1824 1815 1863 regem
1835 1812 2085 1859 Germaniae,
2105 1813 2155 1851 ad

1202 1867 1456 1906 Guilielrnum
1484 1868 1667 1905 comitem
1696 1866 1951 1913 Provinciae,
1981 1869 2022 1904 et
2040 1867 2089 1904 ad
2108 1878 2156 1904 o-

1202 1932 1310 1958 mnes
1324 1922 1565 1959 Christianos
1582 1920 1609 1968 33
1625 1921 1690 1959 sed
1711 1920 1870 1958 consilio
1885 1920 1978 1958 huic
1994 1921 2156 1958 obstete·

1201 1978 1293 2012 runt
1314 1975 1559 2022 simultates,
1588 1986 1684 2023 quas
1712 1974 1747 2011 ei
1775 1974 1977 2012 facessivit
2005 1973 2153 2012 Henri-
2193 1995 2196 1997 Δ

1203 2040 1270 2066 cus
1290 2029 1357 2067 IV.

1255 2084 1369 2120 Anno
1393 2082 1493 2119 1080
1513 2082 1612 2119 idem
1630 2080 1813 2118 Pontifex
1828 2080 1981 2118 litteras
2000 2079 2155 2130 scripsit

1202 2136 1251 2173 ad
1284 2137 1579 2185 Synnadensem
1609 2138 1870 2181 Armenorum
1908 2135 1947 2172 in
1978 2133 2155 2183 Phrygia

1202 2190 1549 2239 archiepiscopum.
1567 2189 1788 2226 Audiverat
1815 2188 1919 2225 enim
1932 2217 1942 2234 ,
1961 2188 2154 2226 Armenes

1203 2243 1239 2280 in
1262 2243 1456 2280 nonnullis
1486 2254 1641 2289 errare3
1671 2242 1757 2279 ideo
1787 2242 1835 2279 ab
1865 2241 2154 2290 archiepiscopo

1202 2297 1346 2334 certior
1365 2296 1451 2333 fieri
1476 2296 1611 2341 voluit,
1633 2308 1733 2343 quae
1763 2298 1867 2333 esset
1895 2306 2031 2333 eorum
2061 2295 2153 2332 doc-

1201 2350 1305 2387 trina
1324 2350 1618 2398 de‘quibusdam
1635 2349 1746 2386 Fidei
1763 2349 1958 2396 articulis3
1974 2348 2154 2386 eumdem

1202 2403 1319 2441 simul
1341 2403 1506 2448 monuit,
1529 2406 1570 2440 ut
1591 2415 1701 2440 usum
1722 2403 1832 2452 panis
1851 2402 1979 2452 azymi
2000 2401 2038 2439 in
2056 2413 2152 2439 con-

1202 2457 1421 2495 secratione
1442 2457 1714 2494 Eucharistiae
1735 2457 1935 2501 retineret,
1952 2467 2020 2494 nec
2039 2454 2155 2493 fidem

1203 2511 1436 2559 adiungeret
1457 2511 1631 2558 Graecis,
1654 2510 1812 2548 Latinos
1832 2510 1905 2548 hac
1924 2509 1963 2547 in
1985 2521 2027 2547 re
2050 2521 2156 2547 accu-

1202 2564 1377 2602 santibus
1398 2564 1423 2601 ⁴.

1256 2618 1382 2659 Quum
1404 2630 1463 2655 an.
1489 2618 1589 2656 1076
1605 2630 1627 2655 a
1644 2617 1842 2655 Demetrio
1858 2617 1954 2655 duce
1974 2616 2152 2654 croatiae

1203 2675 1241 2709 et
1262 2671 1480 2708 Dalmatiae
1502 2672 1636 2710 fuisset
1656 2676 1830 2720 rogatus,
1847 2673 1889 2708 ut
1907 2670 1943 2707 ei
1964 2670 2065 2718 regis
2083 2681 2154 2707 no-

1204 2736 1291 2762 men
1313 2729 1349 2761 et
1372 2726 1557 2762 honorem
1579 2726 1819 2772 concederet,
1839 2725 1887 2762 ad
1908 2725 2088 2761 eumdem
2103 2723 2153 2761 le-

1203 2778 1313 2828 gavit
1333 2779 1584 2816 Gcbizoniuin
1616 2779 1810 2824 abbatem,
1840 2780 1974 2827 postea
2001 2777 2154 2826 episco-

1204 2844 1294 2880 pum
1312 2833 1608 2875 mesenensem,
1625 2836 1664 2870 et
1680 2832 1913 2870 Folc'uinum
1930 2830 2154 2879 episcopum

1204 2885 1551 2934 l⁴¹ori-Se1npronii;
1572 2886 1637 2935 qui
1659 2886 1902 2923 Demetrium
1918 2913 1926 2929 ‚
1947 2885 2154 2933 postquam

1204 2939 1455 2976 iureiurando
1476 2940 1592 2977 tidem
1614 2951 1726 2977 suam
1747 2942 1787 2976 et
1801 2949 1972 2976 annuum
1994 2948 2154 2975 censum

209 2993 312 3030 nasir
328 3004 599 3041 regem,quem
612 2996 771 3042 propter
787 2991 963 3029 favorem
975 2988 1159 3026 Christia-
1203 2993 1250 3030 R,
1273 2993 1471 3031 Ecclesiae
1492 2993 1716 3043 obligasset,
1743 2991 1852 3042 regia
1880 2990 2072 3040 dignitate
2093 2990 2152 3028 jn-

250 3107 257 3127 ¹
279 3107 389 3142 liahhe.
407 3111 425 3137 t.
442 3107 476 3144 X,
490 3117 517 3145 p.
541 3106 627 3136 1⁸¹5.

248 3147 496 3182 2Ι46υο51ἰ6ηεη
530 3147 645 3179 (llu'on.
675 3147 780 3180 ausin.
811 3148 828 3177 l.
849 3147 899 3185 m,
916 3158 940 3177 c.
960 3146 1017 3183 >413
1050 3146 1160 3180 halibe,

207 3190 264 3220 luc.
282 3190 331 3219 vil.
350 3200 376 3229 p,
396 3190 463 3220 250.

256 3232 341 3261 ‘Vnt
359 3236 375 3261 Ι.
397 3232 414 3263 Ι.
434 3242 450 3270 p
463 3257 466 3260 ,
480 3231 546 3261 ’.2811
568 3249 604 3253 -—-
622 3232 633 3252 ⁴
655 3231 751 3270 Epist.
766 3230 875 3265 ’ΞΕ-23,
893 3232 909 3260 Ι.
932 3230 953 3260 Ι.

1246 3103 1253 3122 ¹
1276 3102 1436 3143 Epis-1331,
1461 3102 1499 3130 ’.Ἣ
1516 3105 1541 3129 0³1
1568 3100 1611 3133 lt),
1630 3100 1650 3128 Ι.
1665 3098 1714 3128 ΙΙΙ.
1740 3115 1777 3119 --
1800 3098 1813 3119 2
1831 3095 1928 3137 Epist.
1948 3096 1993 3134 18,
2012 3097 2028 3127 l.
2049 3096 2070 3127 l.

1245 3146 1259 3165 ³
1275 3144 1375 3181 liliis-t.
1394 3144 1440 3179 ΖΙΙ,
1460 3143 1476 3173 Ι.
1497 3142 1517 3171 ΙΙ
1533 3152 1541 3178 ;
1558 3141 1596 3171 226
1613 3147 1640 3171 el
1657 3139 1706 3176 49,
1725 3140 1743 3170 Ι.
1762 3141 1780 3170 Ι,
2084 3176 2088 3179 ¹

1245 3187 1256 3207 Ἰ
1276 3186 1378 3225 Epis-l,
1402 3185 1425 3221 Ι,
1443 3186 1461 3216 Ι.
1475 3183 1594 3213 νΙΙΙ.-
1614 3184 1654 3213 lie
1672 3182 1810 3213 Armeniis
1835 3180 1936 3211 adhuc
1959 3180 2079 3221 loquuti
2102 3189 2157 3211 su-

1207 3238 1271 3257 iuus
1291 3239 1339 3267 pp
1359 3227 1398 3256 210
1416 3231 1443 3257 021
1464 3225 1515 3256 157
1539 3228 1557 3254 1.
1574 3226 1592 3254 Ι,
