2241 3473
562 188 685 218 VSQVE
714 188 766 215 AD
795 186 990 214 ExclnIVM
1018 186 1173 214 IMPERII
1203 185 1478 213 OCCIDENTALIS

1850 173 1924 211 1⁴25

111 252 204 290 Post
223 251 305 289 eius
325 250 468 288 obitum
489 262 511 288 a
531 251 667 288 maiori
684 250 775 288 cleri
798 252 904 298 parte
919 249 988 286 cle·
1033 262 1119 288 nem
1141 250 1385 299 explicatam,
1405 260 1524 298 supra
1551 247 1717 286 diximus
1739 246 1761 284 ¹.
1782 246 1825 284 In
1845 246 1977 285 Africa

58 307 140 344 ctus
159 307 218 341 est
236 303 476 345 Bonifacius,
505 305 723 348 Romanus,
753 302 811 340 vir
839 313 990 339 morum

58 357 280 407 integritate
303 361 343 394 et
360 357 534 396 doctrina
549 358 787 405 conspicuus.
806 355 990 403 Pei-pauci

58 422 150 449 vero
167 439 176 454 ,
205 410 425 459 Symmachi
449 410 551 447 urbis
572 409 753 458 praefecti
776 407 988 456 patrocinio

60 463 151 506 nixi,
164 463 366 510 elegerunt
382 463 573 500 Eulalium
591 460 991 500 archidiaconumflo-

59 516 189 554 norius
210 516 437 564 imperator,
458 515 630 552 mendaci
646 513 869 563 Symmachi
891 512 992 549 rela-

58 570 162 608 tione
173 568 681 616 circumventus,utrumque
695 568 921 604 Ravennam
936 576 994 601 ac-

60 621 193 660 cersiri
212 621 336 665 iussit,
349 622 464 658 donec
477 632 593 658 causa
605 621 641 656 in
654 620 919 668 episcoporum
935 629 995 666 sy-

59 675 157 713 nodo
179 679 486 723 cognosceretur.
507 673 582 710 Sed
604 674 692 710 dun]
709 672 994 709 convocabatur

60 728 243 777 synodus,
262 727 446 771 Eulalius,
466 728 594 774 spreto
616 725 858 774 imperatoris
879 735 992 761 man-

61 782 169 827 dato,
191 781 334 818 Urbem
353 779 547 827 ingressus
563 781 637 824 est3
659 780 891 827 quapropter
912 777 993 814 Ho-

60 834 201 879 norius,
217 832 324 881 pulso
345 831 511 878 EulaliO,
539 831 779 869 Bonifacium
807 830 897 868 Sedi
922 830 997 867 Ro-

59 898 197 925 manae
218 885 367 923 restitui
388 885 498 922 iussit
519 883 543 923 ¹.

112 937 336 977 Bonifacius
357 937 551 975 Ecclesiae
572 937 743 986 regimen
764 937 938 986 adeptus,
958 935 995 973 in

62 1004 106 1030 eo
120 991 309 1035 incubuit,
328 994 369 1027 ut
385 990 555 1028 extincto
571 991 790 1036 schismate,
803 988 997 1027 Ecclesiae

62 1044 146 1095 paci
162 1056 236 1081 non
252 1047 405 1082 tantum
425 1044 463 1081 in
479 1055 672 1092 praesens,
688 1044 753 1081 sed
769 1044 806 1080 in
822 1042 998 1080 futurum

64 1098 183 1136 etiam
201 1097 448 1146 prospiceret.
478 1097 563 1134 Hac
583 1097 629 1134 de
649 1108 691 1134 re
711 1108 800 1133 cum
829 1094 1000 1133 Honorio

62 1151 293 1200 imperatore
304 1150 565 1198 agens,edicto
577 1150 824 1188 sanciendum
835 1148 1000 1192 curavit,

65 1204 156 1242 utin
165 1203 269 1241 Urbe
278 1203 404 1240 Roma
418 1203 545 1240 nullus
557 1214 723 1252 unquam
736 1214 803 1251 per
814 1201 1001 1239 ambitum

64 1256 240 1307 pontifex
259 1256 522 1302 ordinaretur3
542 1257 573 1294 si
595 1267 684 1293 vero
700 1257 774 1293 duo
790 1257 925 1292 contra
943 1253 1001 1291 fas

64 1316 211 1348 temere
224 1312 429 1354 certantes,
437 1308 600 1346 fuissent
610 1309 788 1354 ordinati,
801 1311 939 1345 neuter
949 1318 1004 1344 es-

65 1366 124 1401 set
142 1361 326 1412 pontifex3
343 1363 407 1399 sed
423 1362 487 1400 ille
503 1362 605 1400 solus
615 1362 653 1399 in
668 1361 890 1411 Apostolica
905 1360 1002 1397 Sede

65 1417 319 1466 permaneret,
330 1427 443 1464 quem
459 1428 478 1453 e
495 1427 654 1453 numero
663 1415 891 1452 clericorum
903 1425 1004 1450 nova

65 1468 304 1507 ordinatione
321 1468 494 1505 divinum
515 1469 697 1505 iudicium
720 1470 759 1505 et
778 1466 1005 1505 universita-

66 1522 116 1560 tis
135 1533 340 1559 consensus
356 1521 536 1570 elegisset
547 1520 869 1559 ².IdemPontifex
881 1520 1005 1557 deces-

67 1574 163 1614 soris
183 1575 242 1612 sui
269 1574 504 1613 Tractoriae
523 1578 657 1613 contra
677 1574 910 1624 Pelagianos
940 1572 1003 1609 in-

66 1628 203 1674 haesit,
215 1630 395 1665 etcontra
410 1628 583 1665 inimicos
601 1628 749 1677 gratiae
764 1639 838 1664 non
853 1627 1006 1664 tantum

71 1680 300 1730 apostolicis,
315 1680 381 1718 sed
397 1681 515 1718 etiam
535 1682 652 1731 regiis
673 1681 808 1718 edictis
828 1691 917 1717 usus
937 1681 1007 1724 est,

70 1734 196 1783 inquit
214 1733 258 1771 D.
280 1733 446 1782 Prosper
461 1732 486 1772 ³.
507 1734 651 1783 Magna
667 1745 816 1783 quoque
834 1734 1009 1770 constan-

69 1787 126 1824 tia
145 1786 315 1824 defendit
334 1787 577 1836 Apostolicae
594 1788 703 1825 Sedis
722 1787 806 1825 iura
824 1786 863 1823 in
884 1784 1006 1822 eccle-

71 1840 148 1878 sias
168 1839 337 1888 Illyrici,
364 1851 463 1888 quae
497 1841 544 1877 ab
578 1841 744 1889 antiquis
772 1839 1009 1887 temporibus

71 1894 246 1930 Romano
265 1893 543 1941 patriarchatui
563 1894 811 1940 obediebant;
831 1896 870 1930 et
889 1891 1010 1928 Theo-

72 1946 221 1984 dosium
242 1946 291 1992 Il,
312 1945 477 1983 Orientis
497 1947 768 1996 imperatorem
782 1976 790 1992 ,
821 1945 884 1993 qui
911 1956 1009 1992 quo-

73 1999 252 2036 rumdam
272 1998 537 2047 episcoporum
557 1999 704 2049 lllyrici
738 2001 777 2036 et
805 1997 924 2036 Attici
944 1997 1008 2045 Cp.

73 2051 230 2089 consilio
259 2051 557 2099 circumventus,
587 2053 697 2099 iura,
717 2064 814 2101 quae
844 2050 1009 2100 episcopi

76 2104 458 2152 Thessalonicenses,
482 2108 612 2154 utpote
633 2105 741 2143 Sedis
767 2104 1010 2154 Apostolicae

73 2157 223 2204 vicarii,
239 2158 277 2195 in
294 2157 477 2196 ecclesias
497 2157 645 2207 Illyrici
661 2159 870 2203 habebant,
885 2159 1011 2194 trans—

76 2210 222 2248 tulerat
241 2211 288 2248 ad
309 2211 524 2260 episcopum
545 2212 628 2261 Cp.,
648 2213 696 2250 ad
716 2211 1011 2249 rescindendum

73 2264 241 2302 edictum
261 2275 374 2301 suum
394 2265 578 2313 compulit
592 2264 618 2303 ¹¹.

124 2317 186 2354 75.
198 2317 267 2354 Lz's
287 2317 335 2354 de
352 2318 696 2366 appellationibus
708 2339 756 2346 -
769 2316 940 2355 Celebris
955 2318 1013 2353 est

76 2370 359 2416 controversia,
378 2383 475 2419 quae
503 2372 575 2408 hoc
593 2374 766 2420 tempore
786 2369 887 2408 inter
905 2369 1012 2407 Zosi-

77 2434 195 2469 mum,
228 2422 469 2461 Bonifacium
503 2426 542 2462 et
574 2424 850 2470 Caelestinum,
866 2423 960 2467 PR,
976 2424 1014 2459 et

77 2476 271 2524 episcopos
289 2475 491 2514 Africanos
510 2477 659 2526 agitata
679 2478 755 2515 fuit
773 2477 820 2514 de
839 2476 1014 2524 appella-

77 2528 254 2582 tionibus.
275 2528 338 2566 Ius
358 2530 656 2578 appellationum
676 2542 757 2568 esse
778 2530 864 2567 RR.
888 2529 1016 2567 Ponti-

76 2580 192 2618 ficum
220 2581 415 2630 proprium
444 2595 493 2621 ex
523 2584 652 2621 divino
681 2595 813 2622 eorum
833 2582 1015 2631 primatu,

76 2634 247 2682 illudque
274 2634 312 2670 in
340 2635 501 2673 concilio
531 2637 749 2675 Sardicensi
792 2648 866 2673 non
901 2635 1016 2673 fuisse

77 2687 312 2734 institutum,
331 2688 397 2725 sed
418 2689 697 2737 confirmatum,
718 2690 873 2739 eiusque
892 2688 1016 2727 ratio-

78 2794 158 2824 cerei
173 2793 415 2824 benedictionem
433 2793 578 2833 Gregorio
591 2796 627 2826 M.
641 2795 788 2834 tribuunt,
802 2804 819 2825 a
834 2803 893 2835 quo
905 2800 936 2825 et
947 2804 1018 2825 mu-

77 2834 162 2865 sicis
186 2834 278 2866 tonis
294 2839 458 2865 ornatam
474 2836 606 2874 ferunt.
623 2837 678 2875 Qui
694 2837 782 2876 plura
799 2837 892 2875 cupit,
910 2837 1018 2867 Hiero—

78 2884 198 2915 nymum
210 2876 288 2915 Gigli
305 2876 448 2906 consulat
461 2875 490 2906 in
504 2875 600 2916 Epist.
615 2886 638 2908 s.
655 2877 848 2909 Catharirme
862 2876 1017 2915 Senensis,

80 2921 156 2956 part,
182 2917 214 2954 11,
237 2917 330 2957 Epist.
354 2916 402 2954 87,
427 2919 455 2947 ct
479 2917 673 2948 Benediclum
693 2920 755 2949 xlv
772 2919 819 2950 De
834 2918 934 2950 Feslis
950 2919 1018 2950 lesu

83 2957 201 2990 Christi
215 2961 271 2988 etc.
289 2962 365 2997 part.
383 2956 431 2998 L}
449 2957 516 2995 394,
533 2963 561 2988 et
578 2959 710 2990 Institul.
728 2959 774 2991 39.

120 2998 132 3019 ¹
149 3000 260 3029 Baron.
279 3004 307 3029 et
323 3000 408 3039 Pagi,
426 2999 454 3029 ΙΙ.
472 3008 514 3029 cc.
536 2999 685 3030 Observat
706 3001 753 3031 hic
776 3001 866 3040 Pagi,
883 3002 940 3033 hoc
956 3003 1018 3033 Bo-

80 3040 222 3070 nifacium
244 3041 322 3071 inter
338 3044 367 3071 et
382 3040 528 3071 Eulalium
542 3040 670 3071 dissidio
687 3042 798 3072 factum
821 3052 897 3081 esse,
915 3048 946 3074 ut
958 3043 1019 3082 pri-

80 3089 161 3111 mum
183 3081 345 3119 Honorius,
369 3081 476 3112 deinde
494 3082 597 3112 ltaliae
614 3090 712 3121 reges,
727 3083 777 3113 alii
793 3082 861 3114 aliis
878 3085 1019 3124 tempori-

80 3121 316 3194 bu{,1sebsk?nsim
329 3124 388 3194 ΒΕΖ.
405 3122 580 3194 ΡοιΙηίῆευη)
597 3123 736 3183 electioni
753 3125 980 3157 immiscuerint.

120 3203 135 3225 a
150 3172 265 3236 1511
280 3163 485 3250 (ἐῧῗῗέςὸὶεηέῑ
505 3174 533 3203 ¹¹·
551 3163 638 3195 ¹⁵⁸*

122 3244 135 3267 ⁴
151 3245 188 3276 Cf
199 3246 284 3286 Pagi,
304 3245 419 3279 Critzca
435 3246 474 3278 ad
490 3255 537 3278 an.
554 3245 704 3278 401-4022.

1036 315 1126 340 vero
1148 315 1227 340 nios
1244 305 1420 351 receptus
1436 304 1531 347 erat,
1545 305 1588 339 ut
1603 300 1815 351 presbyteri
1833 299 1976 348 aliique

1034 356 1160 392 clerici
1181 355 1381 393 inferiores
1409 355 1455 392 ad
1475 355 1733 404 Apostolicam
1749 353 1887 391 Sedem
1904 364 1996 402 non-

1035 408 1286 456 appcllarenh
1310 421 1382 445 non
1407 408 1504 456 quod
1527 409 1573 445 R.
1596 407 1779 445 Pontifex
1808 417 1882 443 non
1902 405 1975 442 ha-

1035 462 1145 498 beret
1178 461 1236 498 ius
1269 472 1400 497 eorum
1435 461 1712 509 appellationes
1742 457 1977 507 suscipiendi

1035 516 1074 550 et
1100 513 1307 559 iudicandi,
1327 514 1392 550 sod
1414 514 1514 560 quod
1536 513 1722 551 eiusmodi
1742 511 1976 561 appellatio-

1038 578 1103 603 nes
1133 568 1290 614 propter
1318 565 1391 603 loci
1411 566 1634 603 distantiam
1655 566 1823 614 aliasque
1844 575 1979 602 causas

1036 620 1236 656 subessent
1254 619 1422 667 periculo
1442 618 1601 664 fraudis,
1622 623 1661 656 et
1681 619 1781 666 quod
1804 617 1980 666 discipli-

1038 683 1109 708 nae
1138 671 1424 709 conservandae
1453 683 1666 720 congruum
1694 672 1914 716 duceretur,
1936 671 1980 708 ut

1038 724 1266 762 clericorum
1300 735 1440 761 causae
1474 724 1576 762 intra
1604 725 1803 771 regionem
1838 722 1977 761 defini-

1037 780 1186 815 rentur.
1208 777 1266 814 Ad
1287 776 1387 814 hanc
1407 788 1488 813 rem
1509 788 1570 814 an.
1592 777 1667 815 416
1687 778 1856 826 synodus
1876 776 1984 814 Mile-

1038 830 1172 868 vitana
1191 842 1274 868 can.
1294 830 1345 867 22
1365 830 1578 867 sancierat:
1601 842 1623 868 «
1646 830 1815 875 Placuit,
1835 832 1880 867 ut
1899 840 1980 878 pre-

1039 883 1195 932 sbyteri,
1217 882 1366 920 diaconi
1386 883 1447 919 vel
1469 882 1615 919 caeteri
1631 883 1756 920 clerici
1772 882 1978 919 inferiores

1039 937 1075 973 in
1097 936 1233 982 causis,
1254 947 1350 984 quas
1370 935 1595 981 habuerint,
1616 935 1646 972 si
1667 936 1713 972 de
1737 935 1888 972 iudiciis
1909 934 1984 984 epi-

1041 1000 1243 1038 scoporum
1263 999 1423 1026 suorum
1444 988 1569 1036 questi
1590 987 1748 1033 fuerint,
1768 987 1883 1025 vicini
1904 999 1984 1036 epi-

1041 1042 1142 1091 scopi
1162 1054 1227 1079 eos
1248 1042 1417 1087 audiant,
1438 1044 1478 1078 et
1497 1042 1600 1078 inter
1628 1052 1692 1078 eos
1719 1041 1903 1089 quidquid
1926 1041 1985 1078 est

1041 1095 1180 1133 finiant
1207 1094 1369 1132 adhibiti
1396 1094 1443 1132 ab
1471 1094 1525 1131 eis
1552 1105 1600 1132 ex
1619 1105 1804 1131 consensu
1835 1093 1985 1141 episco-

1042 1160 1176 1197 porum
1196 1159 1364 1185 suorum.
1386 1147 1497 1188 Quod
1517 1146 1548 1184 si
1564 1147 1612 1184 ab
1627 1147 1681 1184 eis
1698 1146 1984 1195 provocandum

1044 1202 1279 1251 putaverint,
1299 1212 1375 1237 non
1404 1201 1615 1248 provocent
1634 1200 1707 1237 nisi
1728 1200 1776 1237 ad
1797 1198 1984 1236 Africana

1044 1254 1204 1292 concilia
1224 1253 1287 1291 vel
1307 1255 1353 1291 ad
1374 1254 1559 1302 primates
1579 1252 1870 1302 provinciarum
1891 1263 1984 1289 sua-

1044 1319 1142 1345 rum.
1173 1307 1231 1345 Ad
1258 1307 1533 1344 Transmarina
1553 1308 1684 1343 autem
1705 1305 1770 1354 qui
1789 1304 1989 1354 putaverit

1046 1360 1327 1410 appellandum,
1348 1372 1370 1397 a
1389 1359 1497 1396 nullo
1517 1359 1621 1396 intra
1641 1358 1815 1397 Africam
1835 1357 1873 1394 in
1893 1369 1990 1395 com-

1046 1413 1266 1451 munionem
1284 1412 1515 1461 suscipiatur
1530 1423 1567 1450 ».
1583 1412 1863 1450 Verumtamen
1879 1411 1990 1460 Apia-

1046 1467 1139 1512 rius,
1167 1467 1370 1516 presbyter
1397 1465 1579 1503 ecclesiae
1609 1464 1812 1510 Siccensis,
1841 1464 1888 1501 ab
1918 1464 1990 1501 Ur-

1046 1521 1145 1558 bano
1175 1519 1351 1568 episcopo
1380 1531 1450 1556 suo
1479 1519 1837 1556 excommunicatus
1866 1518 1905 1554 et
1924 1517 1990 1554 de-

1048 1574 1206 1622 positus,
1225 1572 1418 1610 Zosimum
1440 1572 1508 1620 Pp.
1530 1571 1754 1620 appellavit,
1770 1574 1810 1608 et
1825 1571 1993 1608 Romam

1049 1626 1241 1675 profectus
1258 1628 1326 1663 est.
1339 1625 1512 1663 Zosimus
1533 1624 1830 1674 appellationem
1845 1622 1994 1672 Apiarii

1049 1679 1227 1728 suscepit,
1256 1678 1481 1728 legatosque
1510 1678 1549 1715 in
1577 1678 1751 1715 Africam
1781 1676 1898 1723 misit,
1928 1676 1993 1725 qui

1050 1745 1138 1770 cum
1164 1732 1350 1781 episcopis
1370 1731 1542 1768 finitimis
1563 1742 1720 1768 causam
1743 1730 1825 1768 eius
1846 1741 1991 1779 cogno-

1050 1787 1210 1824 scerent.
1232 1782 1408 1824 Africani
1428 1784 1594 1833 episcopi
1614 1784 1651 1822 id
1673 1795 1790 1832 aegre
1805 1782 1993 1829 tuleru'nt,

1051 1851 1125 1876 non
1155 1839 1254 1887 quod
1283 1838 1427 1886 aliquid
1456 1838 1502 1875 R.
1534 1836 1733 1875 Pontificis
1754 1837 1902 1874 iuribus
1923 1836 1993 1873 de-

1050 1894 1219 1930 tractum
1240 1891 1396 1937 vellent,
1417 1891 1483 1928 sed
1504 1890 1604 1939 quod
1624 1889 1772 1939 Apiarii
1787 1889 1995 1938 appellatio

1052 1945 1220 1983 moribus
1256 1946 1295 1982 et
1324 1943 1546 1992 disciplinae
1575 1942 1782 1980 Africanae
1811 1942 1997 1980 ecclesiae

1052 1999 1341 2036 adversaretur.
1363 1996 1572 2045 Apostolici
1591 1996 1711 2046 legati
1731 1996 1770 2033 in
1791 1995 1997 2044 Carthagi-

1051 2051 1181 2089 nensis
1196 2051 1273 2089 217
1294 2050 1558 2099 episcoporum
1581 2049 1739 2087 concilio
1760 2061 1820 2087 an.
1838 2049 1915 2088 419
1936 2049 1998 2085 in-

1051 2104 1240 2153 terrogati
1256 2132 1265 2150 ,
1299 2115 1399 2152 quae
1434 2102 1584 2141 ferrent
1615 2102 1854 2151 Apostolicae
1888 2101 1997 2140 Sedis

1053 2159 1255 2204 mandata,
1283 2156 1530 2206 protulerunt
1557 2155 1897 2195 Commonitorium
1926 2155 1999 2193 Zo-

1053 2211 1139 2249 simi
1151 2211 1233 2260 Pp„
1251 2210 1359 2248 cuius
1381 2210 1435 2247 1ΠΙ
1456 2213 1571 2258 caput
1590 2210 1676 2246 erat
1696 2210 1741 2246 de
1762 2208 1992 2258 appellatio-

1054 2265 1163 2302 nibus
1183 2264 1448 2313 episcoporum
1470 2264 1517 2300 ad
1533 2263 1580 2300 R.
1598 2261 1849 2308 Pontificem3
1869 2263 1924 2300 21¹¹
1943 2261 1990 2298 de

1054 2318 1286 2366 importunis
1312 2316 1577 2366 episcoporum
1599 2316 1647 2352 ad
1668 2316 1907 2353 comitatum
1926 2326 1993 2351 seu

1056 2371 1183 2409 aulam
1210 2370 1447 2418 accessibus3
1467 2370 1522 2408 3m
1545 2369 1592 2406 de
1611 2368 1823 2406 tractandis
1844 2368 2003 2417 presby-

1054 2427 1227 2462 terorum
1258 2425 1297 2461 et
1325 2424 1575 2461 diaconorum
1603 2421 1728 2459 causis
1757 2422 1856 2470 apud
1886 2420 2002 2458 finiti-

1057 2488 1137 2515 mos
1157 2477 1363 2526 episcopos,
1391 2476 1423 2514 si
1452 2488 1475 2513 a
1503 2475 1580 2513 suis
1610 2475 1772 2513 fuissent
1798 2485 2000 2523 perperam

1057 2530 1395 2577 excommunicati3
1414 2531 1466 2566 4ΠΙ
1486 2529 1532 2567 de
1553 2527 1917 2566 excommunicando
1937 2526 2000 2564 vel

1056 2584 1172 2621 etiam
1201 2585 1365 2621 Romam
1395 2583 1591 2620 evocando
1621 2581 1777 2619 Urbano
1807 2579 1998 2628 episcopo,

1058 2637 1130 2675 nisi
1160 2649 1205 2674 ea
1234 2648 1332 2685 quae
1360 2636 1399 2674 in
1429 2647 1544 2674 causa
1572 2634 1720 2683 Apiarii
1750 2635 1863 2670 erant
1882 2631 2001 2670 'corri-

1057 2690 1194 2739 genda,
1223 2690 1444 2739 corrigeret.
1479 2687 1755 2726 Difficultatem
1788 2687 1995 2724 moverunt

1059 2743 1261 2789 Africani,
1290 2743 1390 2790 quod
1417 2742 1587 2779 Zosimus
1623 2740 1661 2776 in
1700 2740 1913 2777 memorato
1953 2740 1999 2776 de

1059 2796 1382 2846 appellationibus
1411 2792 1700 2833 commonitorio
1730 2792 1998 2830 custodiendos

1059 2851 1262 2888 mandaret
1290 2860 1455 2886 canones
1484 2847 1694 2892 Nicaenos3
1723 2845 1794 2894 ipsi
1815 2857 1907 2883 vero
1936 2856 2001 2883 eos

1059 2903 1097 2940 in
1131 2903 1209 2941 suis
1237 2901 1398 2940 Nicaeni
1425 2899 1572 2938 concilii
1611 2898 1894 2947 exemplaribus
1926 2910 2001 2936 non

1060 2954 1433 3006 reperirent.Reipsa
1448 2963 1612 2990 canones
1632 2951 1697 2989 isti
1717 2963 1792 2988 non
1813 2951 1851 2989 in
1867 2951 2002 2989 Nicae-

1060 3021 1121 3054 no,
1141 3009 1205 3046 sed
1233 3008 1274 3045 in
1294 3006 1512 3044 Sardicensi
1533 3004 1700 3043 Concilio
1721 3004 1813 3042 editi
1834 3004 2000 3042 fuerant.

1059 3061 1231 3099 Zosimus
1260 3072 1323 3097 eos
1355 3059 1568 3108 appellarat
1595 3057 1801 3104 Nicaenos,
1823 3058 1924 3106 quod
1944 3057 2000 3095 ita

1061 3115 1098 3152 in
1120 3114 1310 3151 codicibus
1331 3114 1529 3150 Romanae
1552 3111 1735 3150 ecclesiae
1755 3110 1932 3160 inscripti
1951 3111 2002 3148 le-

1062 3168 1266 3215 gebantur,
1296 3168 1335 3203 et
1363 3165 1564 3203 concilium
1586 3163 1812 3203 Sardicense
1831 3164 1998 3202 habeba-

1094 3247 1102 3269 ι
1120 3248 1185 3279 vm.
1201 3257 1227 3288 p.
1246 3247 1293 3278 96.
