2241 3473
213 120 264 157 78
338 99 340 101 '
673 127 828 154 EPOCHA
856 127 898 152 11.
934 127 961 152 A
990 124 1127 152 MORTE
1155 124 1186 150 S.
1215 124 1380 152 IOANNIS
1407 0 1601 154 AFiOSTOLI

161 197 338 232 caeteras
358 194 541 232 ecclesias
557 193 786 230 transmissa
803 194 921 236 est,et
941 191 1109 228 labenti·
1153 190 1395 241 aliarumque
1415 193 1606 231 virtutum
1627 196 1824 235 exercitiis
1843 197 1990 247 exegit,
2010 208 2098 246 spe-

160 248 234 285 bus
249 248 488 296 temporibus
504 257 638 284 eorum
656 246 748 282 ordo
769 244 809 280 in
831 243 1108 282 ecclesiaLati-

159 312 208 338 na
227 301 349 338 sacris
370 301 644 337 adnumeratus
661 299 731 335 est.

210 353 352 390 Graeci
385 364 477 389 vero
507 351 576 388 sub
602 350 753 387 exitum
774 361 874 387 saec.
900 350 976 387 VII
995 353 1107 389 vete-

156 417 240 443 rem
271 405 508 454 disciplinam
535 405 607 440 hac
633 403 670 439 in
703 414 745 439 re
765 403 947 441 relaxare
967 416 1106 453 coepe-

156 460 258 495 runt.
273 460 385 496 Anno
402 457 478 494 692
495 457 532 493 in
552 455 715 493 concilio
733 456 921 494 Trullano
937 469 1005 494 seu
1019 458 1107 499 Qui-

157 511 332 556 nisexto,
363 509 540 557 quamvis
571 520 655 546 can.
676 509 700 547 6
720 512 848 546 ratam
874 510 1107 559 firmamque

154 563 363 600 habuerint
383 563 524 609 legem,
547 573 624 609 qua
645 562 780 600 clerici
798 564 965 601 maiores
981 564 1108 613 prohi-

154 617 342 653 bebantur
358 615 512 663 nuptias
527 614 639 660 inire,
655 617 942 655 tamencan.l3
954 617 1108 655 subdia-

153 668 442 714 conis,diaconis
454 672 493 705 et
503 669 755 718 presbyteris,
767 682 839 707 non
853 671 948 707 item
964 670 1108 719 episco-

152 721 484 770 pis,permiserunt
501 733 614 758 usum
633 735 808 767 uxorum,
824 735 919 772 quas
935 726 1024 762 ante
1040 724 1108 762 Or-

152 775 258 811 dines
278 778 478 823 susceptos
501 775 703 822 duxerint,
723 777 904 825 modoad
922 789 1108 826 peragen-

152 827 200 864 da
219 839 269 865 ss.
290 828 482 876 Mysteria
504 830 696 866 accessuri
717 830 969 869 abstinerent.
991 832 1106 868 Hunc

151 892 337 918 canonem
365 882 451 919 RR.
488 882 714 928 Pontifices,
752 895 827 920 non
862 884 1105 922 obstantibus

151 933 431 982 imperatorum
448 934 688 973 Graecorum
703 936 1053 985 pollicitationibus
1066 940 1105 975 et

149 987 289 1033 minis,
319 999 515 1036 nunquam
548 989 783 1038 probarunt3
814 993 947 1038 postea
971 993 1103 1028 tamen

149 1039 393 1079 tolerandum
414 1045 662 1088 censuerunt,
685 1045 727 1079 ut
746 1055 903 1081 causam
921 1044 1104 1082 schisma-

148 1093 210 1140 tis,
232 1095 279 1131 ad
300 1094 403 1143 quod
423 1095 665 1133 Graecorum
695 1096 815 1134 animi
837 1098 1103 1146 propensiores

149 1149 276 1192 erant,
296 1148 567 1197 praeciderent
588 1147 611 1186 ¹.

201 1200 382 1250 Quisquis
410 1204 540 1239 autem
567 1203 815 1251 perpenderit
835 1205 960 1243 status
981 1204 1101 1243 cleri-

147 1253 240 1291 calis
270 1257 451 1292 naturam
471 1285 479 1301 ,
500 1256 748 1293 sanctitatem
762 1286 771 1301 ,
802 1257 927 1295 officia
942 1288 952 1304 ,
982 1260 1100 1307 atque

146 1307 401 1355 gravissimas
414 1309 664 1347 difficultates
681 1311 719 1346 et
729 1309 986 1356 incommoda,
999 1324 1100 1361 quae

145 1360 184 1396 in
205 1363 311 1398 statu
342 1362 534 1409 coniugali
563 1362 638 1399 rite
659 1363 843 1401 obeundis
864 1365 1008 1402 muniis
1029 1378 1096 1403 sa-

146 1414 406 1452 cerdotalibus
427 1416 671 1462 obsisterent,
691 1416 807 1455 facile
828 1417 1099 1467 deprehendit,

144 1465 271 1515 legem
293 1469 509 1506 caelibatus
529 1469 897 1509 convenientissime
913 1475 953 1509 et
967 1472 1097 1510 iustis-

143 1520 240 1558 sime
270 1522 318 1559 ab
340 1522 514 1560 Ecclesia
534 1523 747 1561 Ordinibus
779 1525 900 1563 sacris
920 1537 1002 1564 esse
1023 1538 1096 1564 an-

144 1585 287 1612 nexam
307 1575 334 1613 2.
1076 1573 1080 1578 ’

195 1628 258 1666 97.
287 1629 637 1668 Anachoretae—
658 1630 775 1668 Vitae
818 1631 1096 1670 continentiam

141 1692 231 1718 cum
268 1683 500 1721 austeritate
537 1686 576 1721 et
619 1684 808 1734 singulari
847 1685 1097 1734 perfectionis

142 1734 376 1774 christianae
404 1737 531 1774 studio
561 1739 851 1787 coniungebant
883 1742 1036 1778 ascetae
1058 1744 1098 1778 et

141 1789 410 1827 anachoretae.
433 1790 489 1827 De
510 1791 651 1829 ascetis
672 1792 880 1840 utriusque
900 1805 1018 1831 sexus
1039 1807 1098 1832 su-

141 1852 212 1889 pra
230 1843 399 1880 diximus
419 1841 445 1880 3.
468 1844 737 1883 Anachoretae
758 1845 849 1883 dicti
869 1849 974 1894 sunt,
990 1848 1055 1896 qui
1075 1860 1096 1886 e

140 1894 257 1932 simili
277 1896 445 1934 ascetico
466 1897 594 1934 studio
617 1898 736 1935 vitam
757 1898 972 1945 solitariam
988 1900 1026 1937 in
1045 1901 1096 1939 lo-

141 1947 194 1985 cis
214 1949 377 1987 desertis
396 1961 462 1987 seu
488 1951 628 1989 eremis
655 1952 834 1998 agebant.
858 1953 969 1990 Hanc
990 1954 1094 1992 vitae

139 2001 340 2040 solitariae
360 2003 550 2041 rationem
571 2004 636 2041 alii
654 2005 872 2055 elegerunt,
890 2009 944 2053 ut,
961 2008 1008 2044 ab
1026 2009 1091 2045 ho-

141 2056 289 2093 minum
314 2056 499 2095 societate
519 2061 671 2104 remoti,
692 2065 731 2097 et
752 2072 774 2096 a
795 2071 926 2097 rerum
946 2063 1096 2109 tempo-

138 2109 278 2147 ralium
300 2110 403 2148 curis
423 2110 547 2157 liberi,
568 2111 724 2160 pietatis
744 2113 990 2161 aliarumque
1011 2114 1093 2152 vir-

137 2166 269 2201 tutum
291 2164 488 2201 exercitiis
516 2164 658 2203 melius
678 2169 875 2204 vacarent.
897 2167 995 2204 Aliis
1016 2168 1090 2205 eli-

137 2217 289 2266 gendae
309 2217 495 2255 eiusmodi
518 2218 625 2256 vitae
641 2219 882 2257 occasionem
901 2220 1091 2260 dederunt

136 2270 437 2319 persecutiones,
457 2271 512 2309 ita
534 2274 577 2309 ut
595 2273 642 2309 ad
660 2273 728 2310 has
745 2273 992 2311 declinandas
1007 2275 1090 2313 loca

135 2324 290 2362 deserta
316 2327 512 2373 peterent,
531 2328 570 2362 et
589 2326 627 2363 in
650 2326 709 2363 his
739 2326 861 2364 vitam
882 2327 1088 2365 asceticam

136 2377 200 2414 vel
228 2377 500 2425 instituerent,
521 2378 585 2416 vel
610 2379 642 2417 si
662 2380 740 2416 iam
762 2383 881 2418 antea
901 2380 1088 2430 egissent,

135 2431 421 2469 continuarent.

188 2484 294 2522 Inter
323 2484 465 2534 primos
494 2485 750 2524 anachoretas
780 2486 966 2525 notissimi
997 2490 1088 2526 sunt

134 2537 178 2575 D.
201 2538 350 2575 Paulus
370 2541 409 2576 et
429 2539 473 2577 D.
495 2539 709 2586 Antonius,
732 2552 896 2588 quorum
918 2542 1085 2590 priorem

133 2603 162 2628 s.
184 2591 450 2641 Hieronymus
480 2592 777 2631 anachoreticae
813 2594 916 2632 vitae
945 2598 1085 2632 aucto-

132 2656 227 2690 rem,
248 2645 501 2694 posteriorem
520 2657 610 2683 vcro
627 2646 909 2685 illustratorem
925 2651 1041 2686 vocat
1057 2648 1083 2686 ⁴.

131 2697 176 2734 I).
200 2698 346 2736 Paulus
376 2699 414 2736 in
444 2699 618 2737 inferiori
645 2700 843 2738 Thebaide
864 2704 999 2748 natus,
1021 2714 1086 2740 an.

130 2750 208 2789 250
221 2752 293 2789 sub
310 2752 577 2800 persecutione
594 2753 763 2791 Deciana
779 2753 816 2791 in
833 2766 1005 2792 eremum
1023 2768 1085 2793 se-

132 2805 249 2842 cessit
279 2807 318 2842 ct
347 2806 537 2854 reliquum
568 2807 670 2844 vitac
700 2811 854 2856 tempus
885 2820 1007 2858 usque
1036 2810 1084 2847 ad

131 2869 193 2895 an.
215 2859 293 2896 342
327 2858 366 2896 in
402 2860 593 2898 continuis
626 2861 802 2910 pictatis,
828 2862 1083 2909 austeritatis,

172 2987 181 3008 ¹
200 2989 353 3019 Benedici.
373 2989 436 3019 xlv
458 2988 600 3021 conscie.
619 2990 668 3028 56,
686 3000 713 3021 n.
730 2990 786 3028 26,
805 2991 940 3022 Bnllar.
961 2994 982 3022 t.
998 2991 1021 3022 1.

171 3029 186 3050 ‘2
203 3031 240 3060 «js
260 3031 287 3061 F.
313 3032 344 3061 Α.
368 3032 524 3064 Zaccaria.
550 3032 670 3062 Storia
688 3033 860 3072 polemica
876 3034 929 3064 dcl
944 3033 1085 3065 celibaen

131 3082 240 3106 sacro,
265 3073 314 3103 cit.
337 3073 445 3110 Napoli
474 3072 566 3111 18:323
590 3072 711 3106 Nuova.
730 3075 1016 3116 qiuseificazione
1031 3077 1086 3107 del

130 3113 400 3185 cefiilfftgzsacro,
418 3114 545 3153 Foligno
568 3114 653 3147 1785.

171 3196 183 3218 ⁴
200 3178 311 3237 Epist.
328 3196 367 3227 2⁵.)
385 3197 431 3228 ad
447 3197 608 3230 Eustoclz.

1151 244 1265 282 lunca
1293 257 1363 295 pro
1385 246 1627 294 habitaculo,
1649 248 1800 297 palmae
1819 250 2008 288 fructibus
2027 262 2097 300 pro

1151 299 1256 346 cibo,
1277 299 1360 337 eius
1389 299 1490 338 foliis
1518 312 1588 349 pro
1617 301 1762 339 vestitu
1793 307 1832 340 et
1859 303 1975 341 fontis
1996 315 2098 353 aqua

1149 363 1218 400 pro
1238 355 1332 401 potu
1353 355 1467 391 utens
1488 352 1511 391 ¹.
1534 354 1579 391 D.
1600 354 1789 393 Antonius
1809 368 1870 394 an.
1891 357 1967 394 251
1983 357 2022 394 in
2038 369 2100 394 su-

1150 405 1293 454 periori
1325 407 1506 455 AEgypto
1539 406 1684 445 illustri
1717 408 1835 458 stirpe
1868 412 1985 448 natus
1998 440 2008 457 ,
2037 410 2098 448 his

1151 458 1295 497 Christi
1323 460 1470 498 verbis:
1495 459 1622 497 Siris
1635 462 1844 510 perfectus
1862 474 1962 509 esse,
1983 463 2097 508 vade,

1151 513 1276 549 vende
1299 525 1404 562 quae
1426 513 1565 558 habes,
1587 519 1629 551 et
1643 514 1698 551 da
1710 516 1985 563 pauperibus,
2005 527 2096 566 per-

1150 569 1298 612 motus,
1319 578 1420 604 anno
1441 567 1580 604 aetatis
1599 579 1694 605 suae
1722 566 1877 605 circiter
1898 569 2098 618 vigesimo,

1150 619 1322 668 amplum
1338 620 1612 668 patrimonium
1628 620 1866 670 pauperibus
1887 621 2098 669 distribuit,

1149 675 1190 709 et
1208 685 1281 709 non
1303 673 1435 722 procul
1455 686 1478 711 a
1496 674 1608 711 domo
1637 685 1721 725 sua·
1737 673 1858 711 vitam
1888 675 2097 713 asceticam

1150 725 1329 764 instituit.
1350 727 1499 764 Deinde
1515 727 1674 765 secessit
1693 727 1733 764 in
1754 727 1977 776 sepulcrum
1995 740 2020 766 a
2039 728 2095 765 vi-

1148 790 1191 815 co
1212 791 1280 817 suo
1300 780 1501 826 remotius,
1522 780 1687 829 hincque
1707 781 1813 818 circa
1833 792 1894 818 an.
1910 780 1988 819 285
2006 793 2098 830 pro-

1147 843 1303 880 gressus
1323 833 1362 870 in
1382 836 1568 879 montem,
1595 834 1741 872 ibidem
1769 833 1809 871 in
1838 834 1997 872 castello
2026 834 2098 872 de-

1148 888 1253 923 serto
1269 887 1379 925 annis
1396 899 1515 936 prope
1532 888 1673 936 vigniti
1694 887 1858 926 ascesim
1874 887 1965 937 egit.
1981 888 2096 927 Anno

1147 939 1225 976 356
1244 951 1468 989 supremum
1489 941 1592 978 diem
1612 941 1708 978 obiit
1727 940 1752 979 ².
2086 951 2099 964 ·

1200 993 1375 1042 Ipsorum
1388 993 1578 1042 exemplis
1590 997 1630 1031 et
1640 993 1811 1032 consiliis
1825 993 2020 1032 innumeri
2030 994 2096 1032 alii

1146 1047 1440 1085 anachoreticae
1466 1047 1571 1085 vitae
1593 1048 1833 1096 disciplinam
1851 1047 1892 1084 in
1911 1047 2006 1086 locis
2026 1048 2096 1086 de-

1145 1100 1259 1138 sertis
1279 1112 1349 1138 seu
1370 1112 1501 1139 eremo
1520 1100 1681 1150 professi
1702 1103 1804 1146 sunt3
1825 1100 1905 1148 qui,
1926 1102 1970 1138 ut
1990 1112 2096 1150 prae·

1145 1155 1261 1202 cepta·
1276 1154 1506 1203 evangelica
1525 1155 1650 1203 magis
1670 1154 1948 1200 observarent,
1967 1154 2095 1196 homi-

1144 1219 1235 1244 num
1257 1207 1490 1245 commercia
1510 1207 1699 1253 vitabant,
1720 1218 1853 1245 rerum
1868 1206 2094 1248 divinarum

1145 1260 1386 1298 meditationi
1415 1260 1655 1310 frequentius
1689 1261 1901 1307 vacabant,
1929 1272 1953 1298 a
1979 1261 2095 1300 rebus

1143 1315 1275 1352 sensui
1308 1314 1485 1352 ineundis
1520 1314 1781 1360 abstinebant,
1808 1313 2028 1353 difficilibus
2055 1326 2097 1353 se

1142 1367 1411 1414 subiiciebant,
1431 1368 1479 1406 ad
1502 1368 1686 1405 maiorem
1707 1366 1984 1416 perfectionem
2005 1368 2092 1406 eni-

1142 1422 1351 1468 tebantur,
1378 1421 1540 1459 consilia
1563 1421 1792 1469 evangelica
1816 1421 2094 1460 observabant.

1194 1477 1256 1514 98.
1278 1476 1339 1514 Ss.
1365 1476 1609 1520 Marcellus,
1632 1480 1671 1512 et
1687 1474 1889 1512 Eusebius
1909 1475 2091 1525 Pontifi-

1141 1542 1204 1568 ces
1220 1551 1269 1558 —
1284 1530 1380 1567 Post
1407 1541 1436 1567 s.
1466 1528 1684 1566 Marcellini
1712 1528 1967 1577 martyrium,
1990 1529 2092 1577 quod

1141 1583 1305 1632 contigit
1324 1582 1398 1620 V10
1418 1582 1601 1620 calendas
1630 1581 1751 1619 maias
1781 1593 1884 1619 anno
1913 1581 2013 1627 304,
2042 1583 2091 1620 ad

1141 1647 1335 1675 summum
1360 1635 1631 1685 pontificatum
1661 1637 1823 1672 evectus
1849 1636 1957 1672 ests.
1979 1636 2092 1673 Mar-

1140 1690 1275 1736 cellus,
1295 1690 1512 1727 Romanus.
1534 1689 1649 1726 Hunc
1670 1687 1848 1725 nonnulli
1868 1699 1958 1725 cum
1977 1688 2094 1727 Euse-

1141 1744 1200 1781 bio
1227 1746 1384 1793 propter
1410 1742 1576 1780 nominis
1606 1741 1901 1779 similitudinem
1921 1741 2089 1780 confun-

1139 1798 1235 1835 dunt
1263 1809 1351 1834 cum
1380 1796 1619 1834 Marcellino.
1646 1796 1700 1832 At
1728 1797 1942 1844 utrumque
1970 1794 2091 1834 fuisse

1138 1850 1357 1900 pontificem
1379 1853 1419 1888 et
1437 1849 1606 1887 alterum
1632 1849 1680 1886 ab
1701 1848 1827 1886 altero
1848 1848 2089 1901 distinctum,

1137 1909 1221 1942 tum
1241 1916 1261 1942 e
1281 1904 1326 1942 D.
1348 1903 1566 1953 Augustino
1587 1901 1601 1923 3
1622 1906 1661 1940 et
1676 1903 1721 1940 D.
1739 1901 1881 1951 Optato
1898 1901 2092 1941 Milevita-

1137 1970 1184 1995 no
1213 1957 1227 1979 ⁴¹
1242 1988 1251 2004 ,
1270 1960 1353 1995 tum
1383 1970 1403 1995 e
1432 1956 1577 1994 tabulis
1596 1955 1866 1994 ecclesiasticis
1887 1959 2041 1994 constat
2060 1955 2090 1995 ⁵.

1136 2011 1246 2049 Sedit
1275 2023 1304 2049 s.
1326 2010 1539 2049 Marcellus
1569 2021 1689 2058 usque
1718 2009 1766 2047 ad
1796 2021 1857 2047 an.
1887 2009 1985 2056 309,
2013 2022 2089 2059 quo

1135 2065 1230 2102 obiit
1249 2064 1378 2102 inedia
1397 2067 1437 2102 et
1456 2063 1527 2102 loci
1549 2063 1728 2112 squalore
1748 2062 1950 2101 confectus
1968 2063 2009 2100 in
2026 2064 2089 2101 do·

1135 2130 1197 2155 mo
1217 2118 1391 2155 Lucinae
1405 2147 1414 2163 ,
1434 2129 1552 2166 quam
1581 2117 1662 2165 ipse
1690 2116 1729 2153 in
1750 2116 1975 2164 ecclesiam,
1996 2117 2086 2155 Ma-

1134 2171 1289 2209 xentius
1309 2171 1522 2220 imperator
1533 2171 1572 2207 in
1585 2169 1784 2207 stabulum
1799 2173 2050 2214 converterat
2059 2168 2086 2209 ⁶.

1134 2246 1184 2252 --
1200 2224 1372 2262 Marcelli
1393 2223 1653 2262 constantiam
1672 2223 1711 2259 in
1732 2223 1927 2261 servanda
1946 2223 2087 2272 poeni-

1133 2278 1279 2315 tentiae
1296 2277 1498 2325 disciplina
1518 2276 1691 2314 celebrat
1699 2276 1905 2320 Damasus,
1921 2276 1968 2314 ob
1985 2288 2087 2315 eam—

1131 2344 1206 2380 que
1223 2332 1330 2369 addit
1345 2343 1367 2368 a
1382 2329 1581 2368 Maxentio
1598 2329 1750 2379 pulsum
1773 2329 1813 2367 in
1834 2329 2007 2368 exilium.
2027 2331 2085 2368 De

1131 2385 1268 2423 eodem
1279 2384 1443 2431 legimus
1455 2383 1616 2421 inLibro
1626 2384 1878 2432 Pontificalz',
1890 2383 1942 2421 25
1952 2383 2086 2422 titulos

1130 2450 1197 2476 seu
1211 2438 1583 2476 ParoeciasRomae
1604 2436 1817 2474 instituisse
1836 2437 1885 2475 ad
1894 2437 2084 2486 Baptismi

1130 2495 1168 2530 et
1190 2491 1457 2529 Poenitentiae
1478 2490 2005 2540 administrationem,'atque
2035 2492 2084 2530 ad

1129 2545 1350 2594 sepulturas
1370 2544 1595 2593 Martyrum
1628 2555 1839 2593 eorumque
1879 2545 2053 2583 omnium
2074 2574 2084 2592 ,

1129 2599 1193 2647 qui
1217 2611 1265 2636 ex
1286 2598 1448 2636 ethnicis
1468 2609 1606 2635 nomen
1628 2597 1783 2636 Christo
1802 2598 2000 2637 dedissent
2014 2595 2039 2637 ⁷.

1182 2653 1290 2689 Tunc
1318 2663 1513 2689 summum
1545 2651 1807 2689 sacerdotium
1833 2651 2083 2693 delatum'est

1171 2782 1178 2802 ¹
1199 2782 1295 2811 Vitam
1313 2782 1346 2811 D.
1362 2781 1443 2811 l‘anli
1461 2781 1586 2820 scripsit
1602 2790 1624 2811 s.
1645 2782 1852 2821 Hieronymus.

1170 2824 1183 2843 '-'
1200 2824 1296 2853 vitam
1314 2824 1344 2853 Ι).
1365 2823 1485 2853 Antonii
1504 2823 1626 2863 scripsit
1645 2834 1668 2854 s.
1687 2823 1884 2855 Athanasius.

1169 2865 1182 2885 3
1199 2864 1308 2904 Epist.
1327 2863 1375 2903 53,
1393 2865 1469 2895 alias
1491 2864 1555 2896 165.

1169 2907 1181 2929 ⁴
1200 2908 1227 2937 1..
1246 2906 1285 2945 11,
1300 2905 1314 2947 ἕ
1332 2906 1358 2935 3.

1169 2949 1182 2969 ⁵
1199 2949 1307 2978 aaron.
1326 2947 1365 2978 ad
1383 2956 1431 2978 an.
1448 2946 1516 2979 206.

1168 2992 1181 3011 ὓ
1198 2990 1307 3020 nan-on.
1325 2994 1353 3020 et
1373 2990 1456 3028 rugi,
1474 2990 1512 3019 ad
1531 2999 1579 3021 an.
1600 2990 1668 3022 309.

1168 3032 1182 3053 ⁷
1199 3032 1407 3065 Mabmmnus,
1426 3031 1612 3063 Comment.
1636 3033 1665 3062 in
1684 3030 1852 3063 Ordinem
1868 3032 2079 3074 Romanum,

1128 3083 1192 3112 cap.
1213 3073 1241 3110 3,
1259 3074 1371 3114 inquit:
1390 3072 1465 3104 Non
1482 3084 1601 3104 omnes
1615 3075 1709 3112 forte
1727 3072 1823 3104 tituli
1837 3079 2079 3114 erantparoe·

1128 3115 1233 3145 ciales
1251 3114 1437 3153 Ecclesiam
1455 3116 1513 3146 sed
1528 3115 1673 3155 quidam
1690 3115 1851 3146 instituti
1863 3118 2025 3155 fuerunt,
2036 3124 2079 3148 ut

1128 3157 1325 3196 sepulturis
1350 3157 1555 3198 Martyrum
1579 3157 1690 3187 honor
1705 3156 1902 3189 haberetur.
1925 3157 2021 3190 Unde
2037 3159 2077 3190 in

1130 3199 1283 3229 Concilio
1302 3198 1572 3232 &calcedonensi
1586 3198 1777 3240 martyria,
1792 3198 1831 3230 id
1845 3205 1898 3231 est
1911 3199 2078 3233 basilicae
