2241 3473
239 120 319 161 340

518 131 689 160 EPOCHA'
704 132 794 158 XIII.
822 133 847 157 A
869 131 1052 158 PVBLICA
1073 131 1224 158 RERVM
1249 130 1292 157 IN
1314 130 1486 158 GALLIIS
1505 130 1798 160 SVBVERSIONE

183 200 376 237 reiectam
401 199 582 235 obtrusit.
612 197 824 234 Praesules
859 197 956 233 cleri
981 197 1136 244 Belgici
1188 198 1228 233 in
1267 198 1476 234 Ecclesiae
1516 199 1787 245 gubernacula
1813 199 1982 237 tenendo
2003 227 2012 244 ,
2039 199 2148 236 nulla

184 253 360 290 funestos
373 254 535 289 effectus
550 262 676 287 novae
692 251 997 294 constitutionis,
1014 261 1135 298 quan—

182 312 264 343 tum
284 307 332 343 ad
350 306 567 352 Religionis
585 309 732 340 sortem
751 304 1001 351 spectabant,
1018 315 1133 350 prae-

181 362 383 406 sagientes
403 388 411 402 ,
439 360 517 394 iam
545 359 588 393 v⁰
624 358 813 394 calendas
846 359 1004 405 augusti
1044 358 1136 395 1815

182 414 517 462 expostulationes
543 413 628 459 regi
648 413 872 448 obtulerant
889 415 916 447 1.
939 412 1135 450 Postridie

182 467 366 505 calendas
398 467 554 514 augusti
589 467 799 514 episcopus
833 466 1134 511 Gandavensis,

181 522 390 558 Mauritius
406 521 650 567 de-Broglie,
671 521 709 555 in
728 521 992 557 lnstructione
1008 524 1136 568 pasto-

180 576 254 611 rali
286 577 420 611 varios
451 585 579 611 novae
620 574 911 611 constitutionis
946 575 1136 612 articulos

180 633 380 676 tamquam
409 628 593 676 religioni
620 628 840 665 catholicae
859 628 1136 674 adversantes,

178 687 400 719 notaverat.
430 683 470 719 Id
497 683 625 730 ipsum
653 681 771 718 iidem
800 684 1006 730 praesules
1034 683 1136 721 fece-

178 740 270 773 runt
283 737 321 772 in
337 748 438 773 novo
454 736 692 772 documento
707 737 910 784 inscripto:
926 736 1135 784 ιῙῑιφενηρηύ

177 790 394 835 doctrinal,
413 802 487 838 quo
505 791 775 835 declararunt,
796 794 1046 840 praescripta
1065 805 1135 840 per

177 845 358 882 eamdem
400 845 725 882 constitutionem
762 847 988 884 iuramenta
1026 847 1134 884 licite

175 899 375 946 praestari
401 911 480 936 non
506 911 635 948 posse.
656 900 751 937 Pius
778 901 850 949 Pp.
881 903 951 938 VII
979 902 1027 937 ab
1055 901 1134 948 epi-

176 965 296 1002 scopo
329 954 583 991 Gandavensi
618 967 752 992 rerum
787 961 935 992 statum
971 956 1134 993 edoctus

176 1019 281 1045 anno
312 1009 403 1046 1816
430 1009 479 1046 ad
505 1010 741 1057 gubernium
769 1011 1008 1047 Batavicum
1027 1010 1133 1046 misit

176 1064 506 1101 commentarium
525 1093 533 1105 ,
562 1064 600 1100 in
627 1076 702 1112 quo
730 1065 944 1112 praecipue
971 1068 1133 1112 questus

174 1122 235 1154 est
261 1118 308 1155 de
335 1119 479 1155 iniuria
505 1119 616 1154 illata
642 1119 887 1155 internuntio
915 1131 984 1155 suo
1003 1119 1135 1157 Ciam—

175 1172 327 1208 berlani
349 1201 357 1216 ‚
386 1173 450 1220 qui
477 1172 526 1209 ad
553 1173 797 1220 expedienda
817 1173 979 1221 negotia
1005 1174 1130 1210 eccle-

173 1226 334 1263 siastica
359 1227 399 1263 in
425 1227 610 1274 Belgium
642 1227 798 1273 missus,
827 1229 918 1264 xi11⁰
946 1228 1130 1264 calendas

173 1280 366 1317 februarii
396 1282 487 1318 1815
506 1282 688 1329 gubernii
713 1282 817 1319 iussu
838 1282 1033 1319 violenter
1053 1283 1132 1318 sue-

174 1340 237 1371 rat
263 1335 480 1380 abductus;
508 1335 556 1372 de
590 1337 787 1372 nonnullis
815 1336 1105 1373 constitutionis
1124 1365 1132 1380 ,

172 1389 306 1437 Belgis
333 1390 517 1426 obtrusae
540 1419 548 1434 ,
577 1391 753 1427 articulis
788 1391 972 1438 religioni
1000 1391 1133 1426 catho-

172 1443 271 1480 licae
291 1444 495 1491 oppositis;
511 1444 559 1480 de
579 1445 827 1493 praescripto
844 1445 930 1481 illos
945 1444 1130 1481 servandi

172 1498 411 1543 iuramento;
438 1498 486 1535 de
512 1500 724 1536 vexatione
754 1500 1048 1547 episcoporum,
1068 1499 1132 1547 qui

172 1557 313 1589 contra
339 1553 561 1600 praefatam
589 1554 911 1590 constitutionem
939 1555 1132 1590 reclama-

172 1611 276 1652 rant;
296 1607 343 1645 de
362 1607 655 1656 interceptione
675 1609 984 1645 instructionum
1003 1612 1130 1656 pasto-

172 1662 315 1698 ralium
335 1663 566 1699 eorumdem
585 1668 626 1700 et
644 1663 832 1711 impedita
852 1675 993 1700 eorum
1009 1663 1133 1700 libera

173 1728 263 1753 cum
291 1716 393 1753 Sede
421 1718 651 1765 Apostolica
678 1717 1053 1754 communicatione.
1082 1719 1134 1753 At

172 1771 357 1818 princeps
382 1772 595 1808 calvinista
626 1783 675 1809 ea
701 1773 836 1808 omnia
863 1773 1041 1820 sprevit,
1067 1772 1132 1808 du-

172 1825 330 1873 riusque
357 1825 492 1862 habuit
518 1838 657 1863 omnes
683 1838 765 1871 eos,
794 1828 856 1874 qui
883 1827 932 1863 de
960 1827 1052 1862 novi
1074 1839 1132 1863 re-

173 1879 332 1925 giminis
366 1880 466 1917 actis
499 1882 754 1928 expostulare
791 1881 996 1918 auderent.
1027 1881 1130 1922 Quin

172 1933 249 1969 imo
269 1934 480 1983 episcopus
498 1935 773 1972 Gandavensis
800 1936 859 1971 1v⁰
885 1946 1012 1971 nonas
1031 1947 1132 1972 mar-

174 1987 216 2023 tii
244 1989 335 2025 1817
369 1989 406 2025 in
439 1990 498 2026 ius
524 1994 689 2027 vocatus
709 2019 717 2034 ,
747 1991 822 2026 V11⁰
849 1990 933 2026 idus
959 1990 1134 2027 octobris

171 2044 368 2079 sententia
396 2044 530 2081 curiae
558 2045 832 2082 Bruxellensis
858 2045 1133 2092 deportatione

172 2096 244 2133 suit
270 2097 570 2140 condemnatus:
590 2099 657 2135 sed
686 2100 765 2135 iam
793 2100 834 2135 in
853 2098 1024 2135 Galliam
1044 2111 1134 2135 con-

173 2150 358 2197 fugerat;
388 2156 428 2188 et
459 2152 559 2200 quod
593 2154 722 2200 magis
757 2153 916 2200 quosvis
948 2153 1133 2190 honestos

172 2205 349 2249 offendit,
366 2206 465 2242 haec
483 2207 568 2254 ipsa
584 2208 782 2243 sententia
796 2207 977 2244 Gandavi
1000 2208 1130 2254 palam

172 2259 210 2294 in
232 2259 359 2296 medio
377 2261 544 2297 duorum
568 2262 830 2298 scelestorum
851 2262 988 2297 infami
1009 2263 1131 2309 stipiti

172 2314 291 2350 affixa
315 2314 402 2350 fuit.
431 2315 722 2352 illustrissimus
755 2316 912 2363 praesul
943 2327 1007 2352 an.
1039 2317 1129 2353 1821

173 2367 336 2404 Parisiis
362 2369 470 2404 obiit.

219 2422 290 2459 His
317 2422 482 2470 aliisque
504 2423 679 2471 pluribus
699 2423 885 2470 deinceps
905 2423 1131 2461 arbitrariis

173 2476 273 2512 actis
300 2488 371 2513 rex
398 2477 682 2514 catholicorum
703 2477 970 2515 conditionem
987 2478 1024 2513 in
1044 2478 1130 2515 dies

171 2530 372 2567 duriorem
390 2531 568 2568 reddidit.
584 2531 676 2568 Pius
690 2533 762 2568 Vll
779 2532 872 2567 nihil
891 2532 1127 2569 intentatum

171 2584 348 2632 reliquit,
373 2590 417 2622 ut
445 2597 532 2622 cum
560 2586 752 2634 gubernio
781 2597 865 2622 rem
893 2586 1129 2623 ecclesiasti—

171 2649 259 2674 cam
287 2644 559 2687 componcrct;
579 2641 647 2677 sed
674 2640 775 2676 irriti
805 2640 970 2676 suerunt
997 2640 1133 2677 Ponti-

169 2694 254 2729 ficis
281 2699 444 2731 conatus
460 2696 487 2728 ².

218 2748 274 2783 39.
303 2748 372 2784 Pit·
403 2749 485 2784 VII
507 2749 631 2785 obitus
650 2753 727 2792 (an.
751 2748 1017 2792 1823)—Pius
1044 2749 1127 2793 VII,

169 2801 279 2837 cuius
306 2802 486 2849 antiquas
514 2803 680 2839 virtutes
708 2803 745 2838 in
779 2803 944 2839 summis
970 2802 1128 2838 lionori-

170 2855 254 2899 bus,
270 2857 535 2893 constantiam
566 2857 604 2893 in
627 2857 822 2901 adversis,
837 2861 877 2893 ct
896 2856 1125 2893 firmitatem

218 3008 224 3029 ¹
248 3007 446 3041 Reclumatio
474 3010 603 3052 signata
622 3014 690 3043 crat
715 3019 731 3041 a
759 3008 909 3041 Mauritiu
937 3007 974 3040 de
997 3008 1125 3049 Broglic

171 3053 322 3095 episeopo
340 3055 554 3095 Gaudavcnsi,
583 3066 641 3089 uec
668 3066 730 3088 nou
750 3056 788 3087 ab
808 3054 969 3096 episcopis
991 3053 1128 3086 Namur—

171 3100 312 3138 censi,et
330 3102 544 3140 'Fornaceush
564 3107 596 3134 ct
614 3112 630 3134 a
650 3102 785 3134 vicariis
799 3100 1043 3143 capitularibus
1063 3100 1128 3132 Me-

172 3145 345 3178 clilinicnsi
367 3152 398 3179 ct
418 3148 601 3185 Leodicusi,
620 3148 820 3181 vacantibus.

1191 263 1362 299 unquam
1389 252 1537 288 delebit
1562 253 1721 297 oblivio,
1742 253 2009 291 antecessoris
2026 253 2087 289 sui
2103 252 2148 289 il-

1191 305 1305 341 lustri
1344 306 1458 354 operi
1484 309 1710 343 extremum
1745 318 1906 344 manum
1931 306 2117 354 imposuit
2138 334 2147 352 ‚

1191 359 1437 396 Societatem
1466 361 1554 397 Iesu
1581 360 1807 397 instaurans
1832 361 1879 398 de
1905 356 2119 407 Religione
2137 388 2146 405 ‚

1191 413 1369 450 scientiis
1390 443 1398 457 ,
1440 414 1659 462 litterisque
1703 414 2105 451 benemeritissimam
2117 416 2146 446 1-

1190 467 1359 504 Romam
1385 480 1586 512 reversus,
1613 480 1731 505 omne
1753 469 1923 505 studium
1941 469 1983 505 in
2003 468 2062 505 sui
2082 478 2149 515 po—

1194 522 1272 568 puli
1289 522 1540 559 calamitates
1559 522 1801 559 sublevando
1830 528 1870 559 et
1886 523 1925 558 in
1944 522 2042 559 Fide
2059 532 2148 570 pro-

1192 576 1376 622 paganda
1395 576 1618 621 collocavit3
1631 588 1786 612 morum
1804 576 1988 612 licentiae
2005 576 2148 612 fraena

1192 629 1329 666 iniecit
1353 641 1399 666 ac
1417 631 1593 667 iustitiae
1620 630 1832 677 imperium
1851 629 2146 666 auctoritatem-

1191 695 1265 731 que
1291 685 1477 721 restituit.
1505 686 1562 721 Eo
1582 688 1794 731 regnante,
1821 684 1960 721 Ostiae
1986 687 2026 720 et
2051 684 2146 721 Fori

1189 738 1353 774 Traiani
1379 739 1805 787 effossionescoeptae
1831 743 1936 783 sunt3
1962 738 2148 785 Septimii

1189 792 1358 838 Severi,
1384 793 1653 837 Constantini,
1691 798 1731 829 et
1762 793 1843 829 Titi
1877 804 1995 829 arcus
2014 821 2023 838 ‚
2050 804 2147 840 pons

1190 847 1366 891 Milvius,
1379 848 1506 885 sancti
1525 847 1688 895 Georgii
1706 847 1744 883 in
1763 847 1940 884 Velabro
1959 846 2144 891 ecclesia,

1190 900 1317 936 Flavii
1337 902 1689 949 amphitheatrum,
1708 901 1864 949 aliaque
1883 901 2008 937 multa
2023 911 2147 948 opera

1188 955 1351 992 totidem
1383 962 1473 993 sunt
1508 956 1800 992 munificentiae
1842 955 1958 992 huius
1998 955 2144 992 summi

1192 1008 1398 1046 Pontificis
1424 1011 1921 1047 monumenta.Faustinae
1940 1009 2146 1057 templum,

1190 1075 1237 1099 ac
1264 1075 1401 1101 musea
1426 1065 1666 1101 Vaticanum
1697 1068 1737 1101 et
1753 1064 2036 1112 Capitolinum,
2055 1074 2147 1100 eum

1189 1118 1467 1155 demonstrant
1494 1120 1684 1162 Leonum,
1716 1119 1930 1155 Paulorum
1957 1128 2005 1154 ac
2031 1116 2147 1154 Iulio-

1189 1184 1277 1208 rum
1306 1173 1429 1209 animi
1457 1173 1743 1221 magnitudinis
1769 1173 2071 1209 aemulatorem.

1235 1227 1305 1263 ΙΙΙ0
1342 1238 1467 1264 nonas
1500 1228 1580 1264 iulii
1618 1227 1736 1272 1823,
1772 1226 2050 1264 anniversaria
2082 1225 2145 1263 die

1188 1285 1323 1328 raptus
1351 1282 1436 1318 eius
1462 1282 1511 1317 ab
1537 1282 1662 1325 Urbe,
1680 1281 1842 1318 fortuito
1869 1281 1978 1318 humi
2005 1291 2144 1329 procu·

1186 1335 1268 1371 buit
1295 1335 1390 1371 Pius
1417 1336 1453 1371 in
1484 1347 1554 1372 suo
1581 1336 1778 1381 eubiculo,
1805 1348 1854 1373 ex
1881 1347 1956 1383 quo
1982 1345 2077 1371 casu
2102 1334 2141 1371 ei

1188 1400 1296 1425 mors
1322 1389 1463 1436 obtigit
1490 1391 1550 1426 1x⁰
1577 1390 1764 1426 calendas
1782 1389 2017 1438 septembris
2045 1388 2145 1425 eius-

1184 1442 1272 1479 dem
1302 1444 1408 1488 anni,
1438 1444 1480 1480 81
1511 1444 1653 1481 aetatis
1680 1455 1789 1487 suae,
1824 1455 1915 1480 cum
1943 1443 2076 1480 sedem
2095 1443 2146 1478 A·

1185 1498 1414 1543 postolicam
1447 1499 1683 1535 obtinuisset
1709 1509 1833 1534 annos
1852 1498 1913 1541 23,
1933 1508 2081 1533 menses
2107 1498 2145 1542 5,

1183 1551 1268 1587 dies
1294 1552 1329 1588 6.
1359 1552 1475 1589 Tanti
1504 1553 1708 1590 Pontificis
1733 1552 1928 1589 desiderio
1955 1555 2061 1588 totus
2087 1552 2144 1588 in—

1184 1606 1338 1653 gemuit
1364 1607 1470 1643 orbis
1486 1636 1495 1650 ,
1524 1608 1684 1655 eiusque
1713 1608 1949 1654 praeclarae
1975 1606 2143 1643 virtutes

1183 1660 1232 1695 ab
1258 1660 1439 1697 omnibus
1467 1662 1650 1698 certatim
1677 1661 1869 1698 Ecclesiis
1893 1659 2144 1697 concelebra—

1187 1718 1249 1750 tae
1277 1719 1380 1750 sunt.
1397 1715 1459 1751 Ad
1478 1727 1562 1752 rem
1581 1716 1751 1753 Ioannes
1770 1716 1916 1762 Alzog:
1935 1728 1956 1749 «
1975 1714 2145 1762 Sceptra

1184 1768 1424 1815 franguntur
1443 1798 1451 1814 ,
1480 1770 1577 1806 ferri
1604 1770 1712 1806 acies
1739 1770 1950 1806 hebetatur
1968 1797 1977 1813 ,
2004 1767 2140 1816 impio-

1187 1834 1274 1858 rum
1301 1824 1492 1860 iactantia
1519 1824 1765 1868 conticescit;
1794 1827 1857 1860 ast
1882 1822 1984 1871 quod
2004 1823 2044 1858 in
2061 1822 2138 1870 spi-

1184 1877 1263 1913 ritu
1290 1877 1499 1922 fundatur,
1528 1884 1738 1916 aeternum
1771 1879 1900 1915 durat.
1936 1878 2141 1925 Captum,

1184 1932 1361 1976 exilium,
1387 1933 1541 1978 minae,
1569 1937 1610 1969 et
1641 1934 1875 1970 innumerae
1907 1931 2140 1968 vexationes

1184 1997 1321 2022 senem
1349 1987 1590 2035 impavidum
1617 1987 1844 2035 deprimere
1875 1986 1980 2023 haud
2007 1989 2142 2034 potue-

1184 2044 1293 2085 runt3
1314 2041 1434 2078 immo
1461 2054 1583 2090 usque
1611 2042 1661 2078 ad
1687 2045 1908 2079 extremam
1935 2041 2040 2077 diem
2067 2040 2140 2076 Ec·

1184 2095 1328 2132 clesiae
1357 2096 1445 2132 iura
1471 2097 1556 2144 ipse
1583 2097 1755 2133 mirabili
1771 2097 1916 2132 virtute
1938 2100 1978 2132 et
1997 2094 2140 2131 robore

1183 2150 1371 2187 defendit.
1407 2151 1508 2187 Dum
1543 2162 1680 2188 omnes
1713 2151 1899 2198 Europae
1934 2149 2142 2196 Principes

1184 2216 1320 2240 coram
1347 2205 1580 2252 Napoleone
1601 2206 1614 2241 I
1633 2217 1675 2241 se
1696 2208 1954 2252 prosternere
1977 2215 2057 2239 non
2074 2203 2141 2240 du-

1185 2259 1374 2305 bitabant,
1404 2261 1510 2297 solus
1538 2260 1648 2296 Petri
1675 2260 1892 2296 Successor
1917 2258 2078 2302 restitit,
2097 2261 2139 2295 et

1181 2324 1255 2349 sua
1269 2314 1357 2350 iura
1371 2314 1691 2351 vindicavit.Nec
1704 2313 1805 2349 alius
1821 2317 1961 2362 postea
1975 2316 2139 2360 praeter

1182 2368 1292 2404 illum
1319 2379 1431 2404 suam
1459 2368 1560 2415 apud
1592 2368 1801 2415 Anglicum
1830 2367 2066 2414 gubernium
2084 2366 2140 2402 in-

1184 2422 1377 2468 terposuit
1402 2421 1695 2466 auctoritatem,
1717 2426 1761 2457 ut
1775 2421 2138 2458 sanctae-Helenae

1181 2475 1327 2521 captivi
1361 2480 1487 2512 status
1515 2477 1644 2512 minus
1662 2475 1838 2522 ,acerbus
1865 2474 2056 2512 evaderet
2079 2475 2132 2509 2».

1229 2530 1287 2567 40.
1321 2529 1394 2565 Leo
1420 2529 1528 2568 XII,
1560 2529 1756 2576 ls’ontaessfeae
1781 2534 1861 2573 (an.
1890 2528 2138 2571 1823)-Car-

1182 2582 1333 2619 diuales
1361 2583 1549 2630 postridie
1583 2583 1768 2620 calendas
1800 2582 2035 2631 septembris
2069 2591 2134 2618 an.

1184 2636 1273 2672 1823
1300 2637 1488 2673 conclave
1508 2637 1692 2684 ingressi,
1712 2637 1771 2672 1v⁰
1791 2635 1945 2673 calend.
1964 2634 2138 2672 octobris

1230 2777 1236 2797 1
1259 2775 1326 2808 Vici.
1347 2785 1379 2817 p.
1401 2775 1562 2808 333-334.
1593 2776 1659 2808 Sub
1683 2777 1729 2809 Pii
1749 2776 1804 2808 v11
1831 2775 2036 2819 pontificatu,
2055 2782 2136 2816 quo-

1183 2820 1408 2863 qur,B0maua
1428 2821 1614 2854 catholicae
1632 2822 1818 2864 Rettqionts
1836 2821 2021 2855 Academia
2042 2819 2137 2852 insti-

1186 2872 1252 2898 tuln
1271 2873 1333 2900 cst.
1352 2867 1451 2899 cha
1473 2867 1614 2901 Scieuza
1641 2877 1657 2900 e
1684 2870 1717 2902 la
1745 2868 1844 2908 Ferte,
1871 2869 1937 2901 vol.
1963 2875 2030 2906 ΧΠ,
2055 2875 2088 2909 p.
2115 2863 2134 2897 8

1184 2913 1214 2944 iu
1243 2919 1310 2945 uut.
1333 2913 1447 2955 Napoli
1478 2914 1577 2946 1840.

1227 2960 1240 2981 ‘2
1264 2959 1409 2992 Histoire
1427 2961 1483 2992 cit.
1503 2961 1602 3003 Epuq.
1623 2960 1712 3001 2mc,
1729 2960 1768 2994 20
1786 2964 1886 3003 part„
1908 2960 1965 2992 ΡΙΕ
1982 2958 2050 2992 Vll.
2070 2957 2135 2991 No-

1183 3011 1258 3038 runt
1277 3015 1388 3039 omncs
1402 3032 1409 3046 ,
1440 3007 1527 3038 Pium
1550 3006 1600 3040 Vll
1615 3034 1622 3046 ,
1650 3007 1809 3049 singulari
1835 3006 2005 3040 charitatis
2023 3008 2056 3038 et
2074 3004 2134 3036 hu-

1183 3052 1347 3085 manitatis
1377 3062 1474 3085 seusu
1506 3053 1680 3087 adductum
1704 3079 1712 3093 ,
1743 3054 1911 3086 honestum
1942 3050 2134 3094 praebuisse

1182 3100 1305 3139 asylum
1327 3099 1358 3131 iu
1377 3099 1549 3131 Pontificia
1568 3100 1793 3132 nominatione
1811 3097 2005 3142 Napoleonis
2023 3095 2133 3136 matri,

1181 3146 1321 3187 aliisquo
1341 3145 1432 3178 illius
1451 3145 1630 3187 imperialis
1652 3146 1792 3178 familiae
1818 3143 2032 3189 propinquis,
2049 3151 2132 3186 aqua

214 3190 228 3210 ‘2
248 3191 289 3224 De
309 3193 479 3234 Gerlaclie,
501 3194 647 3227 Histoire,
673 3194 718 3225 (lu
743 3202 907 3235 royaume
933 3193 991 3225 cles
1023 3193 1127 3233 Pays-
1181 3195 1211 3221 et
1231 3192 1297 3230 igni
1318 3200 1334 3224 a
1354 3192 1473 3225 ceteris
1491 3192 1640 3225 omnibus
1660 3192 1807 3235 Europae
1835 3189 2004 3232 gubernus
2030 3189 2132 3222 inter-

175 3235 256 3274 llus,
287 3242 307 3267 1.
340 3239 361 3270 l.

1179 3233 1283 3268 (lictis,
