2241 3473
639 158 765 190 VSQVE
792 158 846 187 AD
872 157 1000 186 FINEM
1027 158 1182 187 IMPERII
1201 158 1351 186 GRAECI

48 230 98 267 te.
117 227 218 266 Sess.
238 225 295 264 III
314 255 323 271 ,
342 226 476 264 habita
494 224 561 263 111⁰
579 225 759 264 calendas
779 224 893 271 maii,
911 236 976 263 ea-

46 282 134 320 dem
146 281 301 318 decreta
311 279 620 317 Constantiensia
635 278 864 316 confirmata
875 281 976 325 sunt,

45 335 87 372 et
104 335 277 370 oratores
288 332 391 370 missi
405 333 451 369 ad
466 333 684 381 Eugenium
697 332 766 380 Pp.
779 336 818 369 et
833 332 881 369 ad
898 343 977 369 car-

45 386 205 431 dinales,
217 388 259 422 ut
269 386 455 434 abrogato
472 385 733 423 dissolutionis
745 385 912 428 decreto,
926 385 978 421 in-

43 441 107 478 tra
125 438 151 476 3
170 449 319 477 menses
339 440 387 476 ad
409 438 612 476 concilium
634 437 830 483 venirent,
850 437 925 481 vel,
945 439 974 474 si

43 491 217 540 impediti
236 490 376 538 forent,
392 491 539 540 legatos
555 490 764 528 mitterent.
787 490 888 528 Sess.
910 490 977 536 IV,

43 544 177 582 habita
204 542 280 582 xu⁰
300 545 482 582 calendas
501 543 687 593 quintilis,
705 543 887 580 Bohemis
906 555 973 580 seu

42 597 214 636 Hussitis
232 598 280 635 ad
301 597 506 635 concilium
527 596 675 633 vocatis
703 595 975 633 salvum-con-

44 650 204 688 ductum
223 649 861 697 concesserunt,decreveruntque,
880 651 935 695 ut,
945 650 976 686 si

45 703 210 742 durante
232 704 405 751 concilio,
425 701 645 752 Apostolica
662 701 784 739 Sedes
804 704 976 747 vacaret,

45 768 168 795 novus
202 757 374 806 pontifex
395 758 432 794 in
452 758 533 806 ipso
553 754 715 792 concilio
753 754 978 803 eligeretur,

45 809 270 859 electusque
289 811 452 848 durante
467 807 627 846 concilio
647 819 721 844 non
741 810 896 845 crearet
916 820 979 844 no-

46 875 116 901 vos
133 863 362 910 cardinales,
383 874 508 911 neque
537 860 754 898 cardinales
773 872 796 898 a
815 861 977 898 concilio

47 918 241 954 avocaret.
263 916 364 954 Sess,
384 915 432 961 V,
452 920 496 952 v⁰
515 915 602 952 idus
616 913 777 959 sextilis,
798 914 979 952 constitu-

44 969 94 1007 tis
128 968 318 1007 iudicibus
350 972 390 1006 et
422 967 647 1006 officialibus
664 996 673 1013 ,
706 967 976 1013 decreverunt,

46 1021 196 1059 nullum
216 1034 237 1060 e
257 1021 504 1071 congregatis
536 1020 720 1058 Patribus
752 1032 863 1070 posse
883 1032 977 1058 evo-

44 1075 126 1112 cari
146 1075 195 1112 ad
224 1086 506 1124 quemcumque
540 1073 705 1110 iudicem
738 1085 807 1122 pro
841 1074 979 1122 quavis

41 1139 159 1166 causa
179 1158 188 1174 ,
218 1128 398 1177 quamdiu
436 1126 641 1164 concilium
681 1127 851 1164 duraret.
883 1126 979 1164 Cum

41 1181 225 1230 posthaec
242 1210 252 1227 ,
271 1180 464 1219 Basileam
485 1179 736 1217 advenissent
752 1179 882 1216 nuncii
895 1180 979 1216 Eu-

43 1234 146 1283 genii
168 1234 243 1280 IV,
263 1236 302 1272 et
316 1233 523 1271 luculentis
542 1231 762 1270 rationibus
777 1231 979 1270 Pontificis

40 1298 198 1324 causam
214 1290 329 1336 atque
341 1287 618 1324 auctoritatem
631 1285 911 1332 defendissent,
923 1286 980 1323 Ba

42 1339 265 1378 sileensium
285 1343 462 1378 oratores
477 1340 523 1377 iis
538 1339 834 1388 responderunt,
855 1339 978 1388 ipsum

41 1392 273 1431 Pontificem
294 1394 451 1431 subesse
475 1393 695 1431 auctoritati
717 1392 883 1430 concilii.
903 1393 980 1430 Ba-

39 1446 221 1485 sileenses
243 1446 433 1484 audacius
451 1446 744 1495 progredientes
759 1475 769 1491 ,
798 1457 890 1483 3033.
911 1446 979 1491 VI,

40 1498 174 1538 habita
184 1500 369 1549 postridie
381 1510 502 1537 nonas
513 1499 752 1548 septembris,
763 1499 978 1547 Eugenium

39 1551 95 1589 IV
110 1556 149 1590 et
166 1553 382 1591 cardinales
397 1555 629 1590 accusarunt
644 1552 924 1598 contumaciae,
941 1554 980 1589 et

39 1616 131 1643 sess.
151 1605 239 1652 VII,
261 1606 443 1655 postridie
462 1617 582 1642 nonas
614 1605 854 1650 novembris,
882 1617 977 1642 con-

37 1657 245 1697 firmarunt
264 1659 464 1696 decretum
482 1670 572 1696 sess.
585 1658 651 1696 IV.
668 1657 770 1696 8033.
786 1657 893 1703 VIII,
907 1656 979 1695 xv⁰

40 1711 223 1749 calendas
256 1712 422 1749 ianuarii
441 1741 450 1758 ,
471 1713 750 1757 decreverunt,
772 1713 814 1748 ut
840 1722 980 1749 secun-

41 1764 132 1802 dum
151 1764 246 1803 iuris
273 1765 524 1803 severitatem
552 1764 590 1801 in
611 1764 831 1813 Eugenium
859 1764 914 1801 IV
934 1776 979 1801 a-

40 1820 223 1866 geretur,
243 1818 315 1856 nisi
337 1818 443 1856 intra
461 1818 512 1856 60
541 1818 622 1855 dies
648 1818 843 1854 decretum
865 1817 987 1855 11133οω

39 1869 461 1921 lutionis·revoqasset,
494 1871 868 1919 declaraveruntquc
896 1870 978 1919 ipso

38 1922 143 1960 facto
163 1925 518 1962 excommunicatos
537 1935 614 1971 eos,
630 1924 752 1972 quise
765 1923 978 1961 Bononiam

37 1977 86 2013 ad
114 1977 317 2015 concilium
354 1977 586 2015 conferrent.
630 1977 776 2014 Deinde
811 1981 977 2026 egerunt

38 2029 85 2066 de
105 2031 398 2073 reconciliandis
431 2031 614 2068 Bohemis
643 2030 827 2074 Hussitis,
843 2032 887 2067 ut
906 2041 975 2067 su-

38 2094 109 2131 pra
127 2084 298 2121 vidimus
322 2082 344 2121 ¹.
366 2084 467 2122 Sess.
489 2084 545 2121 IX
562 2083 708 2130 ,habita
722 2083 781 2120 X1⁰
799 2083 978 2121 calendas

38 2135 224 2174 februarii
242 2137 356 2184 1433,
373 2139 625 2186 susceperunt
644 2135 902 2186 patrocinium
923 2136 978 2174 Si-

40 2189 235 2238 gismundi
267 2191 514 2239 imperatoris
547 2192 587 2227 et
619 2190 780 2227 aliorum
815 2189 976 2227 concilio

41 2241 335 2281 adhaerentium
368 2248 501 2282 contra
535 2254 665 2281 omnes
695 2243 910 2280 sententias
929 2244 976 2280 ab

40 2294 215 2344 Eugenio
240 2295 340 2334 latas
359 2299 430 2334 aut
447 2297 627 2335 ferendas
644 2325 653 2342 ‚
673 2299 712 2333 et
730 2307 822 2334 sess.
845 2297 895 2344 X,
916 2296 975 2333 xi⁰

39 2347 220 2386 calendas
231 2350 541 2396 martias,rursus
549 2349 767 2399 Eugenium
779 2352 974 2387 contuma-

39 2399 122 2438 ciae
142 2405 387 2440 accusarunt.
408 2403 504 2440 Dein
529 2404 772 2441 advenerunt
789 2403 882 2440 novi
896 2403 974 2440 Eu-

39 2454 144 2503 genii
162 2454 303 2504 legati,
322 2456 386 2504 qui
405 2456 444 2493 in
464 2455 808 2506 congregationem
827 2455 974 2493 admis-

41 2507 85 2552 si,
105 2507 301 2554 dixerunt,
321 2509 562 2556 Pontificem,
582 2509 760 2557 quamvis
779 2509 826 2546 de
845 2509 972 2558 pleni-

39 2560 173 2598 tudine
193 2562 396 2610 potestatis
414 2573 507 2600 suae
527 2562 732 2599 concilium
761 2562 975 2600 dissolvere

41 2616 81 2650 et
98 2614 174 2651 alio
194 2614 406 2652 transferre
438 2618 566 2664 posset
583 2644 594 2662 ,
613 2627 680 2664 pro
700 2615 908 2653 concordia
927 2615 974 2652 de

38 2665 123 2704 iure
141 2678 212 2704 suo
231 2669 419 2716 quantum
440 2668 497 2705 fas
517 2671 636 2714 esset,
658 2668 795 2705 cedere
815 2668 917 2705 velle
937 2672 975 2706 et

39 2721 127 2757 acta
146 2731 217 2758 sua
235 2722 370 2758 contra
389 2721 629 2758 Basileenses
645 2732 842 2768 revocare,
858 2721 889 2758 si
905 2722 974 2759 Ba-

39 2772 220 2811 sileenses
243 2776 331 2811 acta
349 2785 420 2811 sua
440 2778 576 2811 contra
604 2773 835 2811 Pontificem
853 2785 972 2812 revo-

41 2828 178 2863 carent
196 2830 236 2864 et
252 2826 549 2864 translationem
581 2826 733 2864 concilii
761 2828 973 2864 Bononiam

40 2889 165 2927 aequo
184 2880 311 2916 animo
331 2879 490 2917 ferrent.
511 2879 749 2918 Basileenses
768 2881 974 2929 responde-

41 2935 161 2978 runt,
179 2944 220 2970 se
240 2932 443 2970 Pontificis
475 2932 726 2981 petitionibus
759 2944 834 2969 non
861 2944 972 2981 posse

41 2995 212 3023 annuere
228 3015 238 3032 ,
257 2988 296 3023 et
325 2997 415 3023 sess.
440 2985 619 3023 XI-XIV
639 2985 750 3033 plura
768 2986 976 3024 constitue-

40 3040 133 3075 runt
152 3037 333 3076 Pontifici
371 3039 484 3076 valde
513 3037 703 3075 iniuriosa
719 3066 729 3083 ,
748 3038 870 3086 deque
891 3040 975 3077 eius

41 3090 276 3140 depositione
296 3092 481 3129 audacius
501 3102 616 3140 quam
637 3093 752 3129 antea
770 3102 889 3140 agere
907 3104 976 3130 au-

81 3221 92 3243 ¹
109 3222 175 3254 vm.
193 3231 221 3262 ρ.
239 3220 386 3253 118-119.

1833 145 1906 183 121

1019 225 1050 263 31
1070 228 1178 273 sunt3
1199 226 1471 263 verumtamen
1488 253 1497 271 ,
1531 225 1684 262 ostante
1711 222 1959 272 Sigismundo

1020 278 1251 327 imperatore
1264 308 1273 324 ,
1319 278 1585 316 executionem
1624 275 1959 315 schismaticorum

1019 337 1228 369 conatuum
1250 331 1495 369 distulerunt.
1512 330 1614 368 Sess.
1632 329 1707 368 XV
1719 359 1729 376 ,
1746 329 1878 366 habita
1896 328 1958 365 v1⁰

1019 385 1204 422 calendas
1224 384 1450 429 decembris,
1472 384 1671 421 decretum
1692 386 1766 428 est,
1786 384 1830 420 ut
1848 392 1958 430 syno-

1019 438 1055 475 di
1076 439 1326 476 dioecesanae
1346 437 1500 486 singulo
1522 440 1689 484 ann0,et
1699 434 1958 486 provinciales

1019 491 1170 540 singulo
1190 491 1358 528 triennio
1378 494 1623 538 cogerentur.

1072 543 1270 592 Eugenius
1282 543 1594 592 Pp.Sigismuncli
1606 542 1847 591 aliorumque
1859 540 1958 590 prin-

1021 597 1147 645 cipum
1162 596 1419 639 suasionibus,
1440 597 1705 633 Romanorum
1725 595 1914 633 seditione
1935 605 1958 632 a

1020 650 1196 698 Philippo
1216 649 1313 686 duce
1335 649 1613 686 Mediolanensi
1643 648 1833 694 excitata,
1854 658 1955 696 quo-

1019 703 1199 739 rumdam
1219 701 1472 739 cardinalium
1504 702 1552 739 ad
1580 702 1819 739 Basileenses
1847 699 1956 738 defe-

1020 755 1145 792 ctione
1162 757 1199 792 et
1214 754 1432 792 schismatis
1447 755 1616 802 periculo
1631 757 1841 804 permotus,
1856 751 1956 791 1433

1020 807 1092 846 xv⁰
1120 807 1301 846 calendas
1333 807 1499 845 ianuarii
1530 808 1843 845 constitutionem
1870 807 1958 844 Du-

1019 862 1117 899 dum
1131 872 1293 899 sacram
1321 861 1461 906 edidit,
1483 871 1558 908 qua
1589 863 1768 898 revocato
1789 860 1957 898 dissolu-

1020 915 1135 952 tionis
1147 917 1187 952 et
1197 914 1465 951 translationis
1481 914 1648 958 decreto,
1667 913 1872 951 concilium
1888 913 1960 950 Ba-

1019 968 1137 1005 sileae
1156 967 1373 1005 continuari
1395 967 1569 1016 permisit
1589 968 1635 1004 ad
1656 966 1961 1012 haeresum,bel-

1019 1021 1145 1058 lorum
1166 1025 1206 1059 et
1224 1032 1433 1069 pravorum
1471 1031 1625 1057 morum
1644 1019 1957 1068 extirpationem.

1072 1074 1200 1116 Quum
1221 1075 1317 1111 haec
1337 1073 1538 1111 Pontificis
1557 1073 1779 1111 constitutio
1807 1072 1844 1109 in
1865 1083 1958 1110 3033.

1020 1127 1234 1174 XVIuonis
1243 1126 1427 1164 februarii
1446 1127 1546 1164 1434
1557 1126 1659 1164 lecta
1674 1125 1821 1171 fuisset,
1837 1125 1958 1162 decla-

1020 1181 1125 1218 ravit
1140 1180 1366 1226 Concilium,
1379 1180 1705 1229 postulationibus
1719 1179 1798 1217 suis
1817 1190 1841 1216 a
1860 1179 1957 1216 Pon-

1020 1234 1124 1271 tifice
1139 1246 1220 1272 esse
1239 1233 1388 1271 factum
1418 1233 1526 1279 satis,
1546 1233 1705 1280 eius’que
1720 1232 1869 1281 legatos
1888 1231 1959 1268 ad—

1021 1288 1127 1325 misit
1141 1300 1186 1325 ea
1206 1288 1293 1336 lege
1311 1316 1320 1333 ,
1341 1298 1380 1324 se
1401 1286 1553 1324 concilii
1586 1287 1741 1323 decreta
1775 1287 1814 1322 et
1841 1295 1958 1334 prae-

1021 1341 1156 1378 sertim
1190 1341 1389 1378 decretum
1417 1339 1710 1378 Constantiense
1742 1339 1788 1376 de
1808 1337 1959 1375 concilii

1022 1394 1260 1431 oecumenici
1276 1395 1509 1430 auctoritate
1520 1404 1602 1431 esse
1613 1392 1847 1430 defensuros
1860 1390 1959 1429 Sess.

1021 1448 1148 1493 XVII,
1159 1453 1217 1484 V10
1233 1446 1414 1484 calendas
1426 1446 1561 1493 maias,
1575 1457 1802 1483 concessum
1823 1446 1882 1482 est
1901 1445 1960 1481 10-

1021 1501 1123 1549 gatis
1139 1501 1302 1550 Eugenii
1316 1499 1371 1538 IV
1382 1511 1467 1536 cum
1493 1499 1689 1537 cardinale
1701 1497 1852 1536 Iuliano
1868 1510 1962 1535 con-

1021 1554 1109 1591 cilio
1125 1554 1357 1603 praesidere,
1370 1553 1435 1590 sed
1446 1552 1530 1591 sine
1541 1552 1804 1590 iurisdictione
1823 1550 1963 1589 coacti-

1022 1606 1135 1656 va,fet
1154 1619 1244 1645 sess.
1258 1606 1393 1644 XVIII
1409 1605 1469 1643 vi⁰
1488 1606 1667 1643 calendas
1684 1604 1870 1653 quintilis,
1890 1604 1962 1641 ab-

1021 1661 1194 1699 sentibus
1209 1660 1348 1708 legatis
1365 1663 1554 1697 renovata
1570 1660 1724 1696 decreta
1745 1659 1791 1695 de
1811 1657 1963 1695 concilii

1021 1713 1257 1751 oecumenici
1299 1714 1547 1750 auctoritate.
1579 1712 1707 1754 Quum
1751 1711 1966 1760 imperator

1022 1768 1259 1805 Graecorum
1280 1769 1321 1804 et
1339 1766 1564 1815 patriarcha
1575 1766 1641 1814 Cp.
1654 1776 1723 1814 pro
1737 1764 1885 1801 unionis
1895 1775 1963 1800 ne-

1021 1820 1125 1869 gotio
1146 1820 1327 1869 generale
1343 1819 1551 1856 concilium
1568 1818 1841 1868 postulassent,
1851 1817 1963 1854 Basi-

1021 1875 1171 1912 leenses
1191 1885 1283 1911 sess.
1293 1872 1403 1918 XIX,
1417 1871 1494 1909 vn⁰
1506 1872 1592 1909 idus
1608 1871 1850 1921 septembris,
1871 1882 1962 1907 con-

1019 1928 1245 1973 stituerunt,
1261 1928 1304 1964 ut
1319 1928 1348 1963 si
1365 1925 1506 1963 Graeci
1517 1925 1713 1963 Basileam
1733 1923 1870 1961 adduci
1887 1935 1961 1960 non

1018 1983 1197 2030 possent,
1226 1980 1326 2017 alius
1354 1979 1565 2028 eligeretur
1593 1978 1699 2015 locus
1727 1975 1961 2022 maritimus,

1019 2046 1093 2083 quo
1130 2036 1216 2082 post
1252 2044 1421 2070 mensem
1453 2044 1476 2069 a
1506 2032 1748 2069 Graecorum
1788 2030 1960 2067 adventu

1018 2087 1090 2136 ipsi
1107 2098 1148 2124 se
1165 2085 1399 2124 conferrent.
1413 2086 1514 2123 Sess.
1525 2085 1617 2132 XX,
1627 2084 1759 2122 habita
1770 2087 1828 2120 xl⁰
1837 2083 1962 2120 calen-

1018 2141 1086 2178 das
1106 2140 1293 2178 februarii
1315 2139 1431 2184 1435,
1451 2141 1580 2176 actum
1601 2138 1675 2176 fuit
1694 2138 1829 2174 contra
1848 2136 1961 2173 cleri-

1019 2206 1082 2231 cos
1102 2192 1416 2239 concubinarios3
1436 2204 1527 2230 sess.
1548 2192 1665 2236 XXI,
1682 2191 1725 2227 v⁰
1746 2190 1833 2227 idus
1853 2189 1960 2235 iunii,

1018 2246 1321 2285 reclamantibus
1349 2246 1442 2283 licet
1469 2245 1607 2295 legatis
1643 2243 1863 2288 Pontificis,
1883 2254 1961 2279 cm-

1017 2305 1141 2338 natae
1159 2299 1380 2349 prohibitae
1393 2300 1497 2345 sunt3
1509 2309 1602 2336 sess.
1615 2296 1882 2342 XXII,idibus
1903 2307 1960 2332 oc-

1017 2355 1149 2401 tobris,
1165 2354 1371 2391 damnatus
1382 2351 1592 2400 Augustini
1604 2352 1651 2389 de
1663 2351 1789 2388 Roma
1808 2347 1960 2386 libellus

1018 2408 1064 2445 de
1083 2406 1235 2445 Christo
1255 2408 1294 2444 et
1313 2405 1499 2452 Ecclesia3
1529 2416 1620 2442 sess.
1651 2402 1806 2448 XXIII,
1826 2401 1960 2438 habita

1017 2464 1109 2498 vi11⁰
1138 2460 1319 2498 calendas
1347 2458 1483 2508 aprilis
1515 2457 1636 2503 1436,
1664 2455 1774 2493 varia
1802 2455 1959 2492 decreta

1016 2515 1171 2552 condita
1191 2515 1262 2551 aut
1293 2512 1484 2550 renovata
1503 2511 1551 2549 de
1571 2509 1761 2548 electione
1782 2509 1831 2545 R.
1853 2507 1958 2544 Pon-

1016 2567 1131 2605 tificis
1144 2596 1153 2613 ,
1173 2569 1212 2604 et
1232 2578 1324 2604 sess.
1345 2564 1494 2612 XXIV,
1514 2562 1700 2614 postridie
1719 2562 1805 2599 idus
1826 2559 1959 2608 aprilis

1016 2622 1132 2670 pacta
1151 2631 1238 2657 cum
1273 2618 1434 2656 Graecis
1468 2617 1566 2654 inita
1587 2617 1632 2653 de
1653 2614 1887 2652 celebrando
1909 2624 1957 2649 u-

1017 2674 1140 2711 nionis
1161 2673 1291 2723 gratia
1311 2670 1472 2709 concilio
1493 2669 1724 2707 confirmata
1743 2669 1844 2704 sunt.
1874 2666 1957 2704 Ve-

1015 2739 1101 2765 rum
1119 2725 1318 2764 Pontificis
1334 2723 1459 2773 ⁴legati
1480 2724 1636 2760 decreta
1667 2723 1782 2758 antea
1810 2720 1857 2757 de
1877 2719 1958 2756 ele-

1015 2780 1217 2826 ctionibus,
1238 2776 1593 2816 confirmationibus
1607 2804 1615 2820 ,
1635 2775 1828 2817 annam,
1849 2770 1958 2810 aliis-

1015 2846 1091 2883 que
1111 2834 1159 2871 ad
1181 2830 1472 2881 deprimendam
1507 2827 1709 2866 Pontificis
1737 2825 1955 2864 auctorita-

1015 2890 1095 2924 tem
1124 2887 1242 2930 edita,
1270 2882 1513 2932 Apostolicae
1542 2880 1631 2918 Sedi
1658 2879 1844 2917 iniuriosa
1876 2890 1958 2916 esse

1016 2938 1344 2977 demonstrarunt.
1367 2935 1562 2982 Eugenius
1578 2944 1731 2982 quoque
1751 2933 1798 2969 de
1819 2932 1956 2969 iisdem

1021 2992 1190 3030 decretis
1210 2992 1371 3039 questus
1391 2990 1449 3024 est
1468 2987 1506 3024 in
1527 2986 1674 3024 litteris
1695 2986 1743 3023 ad
1764 2984 1956 3034 principes

1016 3046 1246 3084 christianos
1267 3041 1378 3079 datis
1399 3040 1500 3078 Sess.
1530 3039 1659 3085 XXV,
1691 3038 1825 3076 habita
1845 3037 1956 3074 nonis

1015 3099 1107 3137 maii
1130 3097 1242 3141 1437,
1261 3104 1404 3143 magna
1425 3096 1510 3130 orta
1526 3095 1584 3130 est
1600 3091 1785 3130 dissensio
1806 3091 1852 3128 de
1871 3090 1956 3127 loco

1016 3150 1166 3190 concilii
1186 3150 1234 3187 ad
1255 3146 1539 3196 procurandam
1573 3145 1810 3183 Graecorum
1840 3143 1956 3180 unio-

1018 3216 1134 3251 nem3
1162 3201 1282 3253 legati
1310 3199 1510 3238 Pontificis
1539 3200 1579 3238 et
1615 3200 1754 3238 Patres
1783 3196 1956 3248 plerique
