2241 3473
227 120 278 157 40

174 196 298 244 petiit,
308 198 350 233 ut
361 196 458 241 illas,
471 196 699 244 priusquam
711 196 988 241 subscriberet,
1002 198 1128 233 matu-

173 261 215 286 re
231 250 497 298 perpenderet.
511 247 603 284 Mox
619 249 667 284 ab
685 247 836 295 a'liquot
849 248 943 285 viris
956 249 1027 297 piis
1044 260 1127 297 pro-

173 304 260 350 pter
275 302 547 339 iusiurandum
569 301 644 336 iam
668 301 902 348 praestitum
919 302 1127 349 reprehen-

171 366 250 400 sus,
271 354 527 402 fragilitatem
548 364 657 389 suam
680 352 880 391 confessus
901 359 982 399 est,
1004 356 1043 391 et
1063 366 1125 392 se-

173 419 306 443 veram
337 405 619 454 poenitentiam
649 406 720 442 sibi
750 406 905 444 indixit.
928 408 1016 444 Rex
1037 420 1128 444 cun-

170 460 341 496 ctatione
362 459 536 495 Thomae
558 457 744 504 offensus,
763 459 900 496 eodem
928 471 1029 497 anno
1052 460 1127 509 epi-

171 524 305 560 scopos
325 515 364 548 et
393 516 602 559 magnates
623 513 858 549 convocavit
876 511 1127 551 Northamto-

169 577 271 602 nam.
290 565 330 601 In
355 564 427 601 hoc
449 569 644 601 conventu
663 565 834 602 Thomas
850 566 1012 614 periurii
1036 567 1124 603 alio*

167 629 331 666 rumque
352 617 561 654 criminum
584 621 804 664 accusatus,
821 631 861 656 se
882 619 1065 656 libertate
1089 632 1126 656 a·

167 671 352 718 postolica
382 670 430 707 ab
449 670 496 706 iis
518 671 756 716 vindicavit,
777 683 1017 720 cernensque
1039 673 1123 720 epi-

167 735 302 771 scopos
331 725 371 760 et
399 726 606 772 magnates
635 724 778 773 iniquis
817 725 921 773 regis
950 726 1122 763 consiliis

164 776 384 825 suffragari,
397 779 534 814 contra
549 787 683 814 eorum
701 779 938 815 sententiam
951 779 998 815 R.
1018 779 1122 816 Pon-

165 829 310 866 tificem
332 829 566 878 appellavit,
587 833 627 867 et
647 831 783 868 relicto
806 836 1004 869 conventu
1026 844 1122 869 con-

163 882 264 930 fugit
286 883 323 919 in
342 883 524 929 Galliam,
546 883 585 919 in
606 895 684 932 qua
704 886 800 921 tune
820 885 1007 935 temporis
1023 885 1120 922 Ale-

165 936 316 972 xander
336 936 406 984 Pp.
429 936 485 973 ΙΙΙ
507 937 660 984 agebat.

218 989 401 1026 Pontifex
419 991 680 1028 constantiam
697 1003 726 1028 s.
744 991 917 1028 Tliomae
938 992 975 1028 in
993 991 1120 1029 defen-

160 1042 290 1080 denda
309 1046 444 1080 contra
460 1043 565 1092 regis
582 1045 857 1093 usurpationes
874 1045 1118 1083 ecclesiasti-

161 1106 208 1131 ca
227 1095 412 1133 libertate
442 1096 639 1142 laudavit,
662 1109 709 1134 ea
738 1110 839 1146 quae
861 1099 1119 1136 Nortliamto-

162 1160 233 1185 nae
254 1154 394 1186 contra
422 1161 511 1187 eum
542 1155 631 1188 acta
659 1149 841 1196 fuerant,
863 1152 976 1189 irrita
1006 1152 1117 1197 dixit,

160 1202 348 1240 articulos
385 1203 584 1252 regiarum
614 1206 943 1242 consuetudinum
971 1206 1117 1254 impro-

159 1255 279 1302 bavit,
303 1256 520 1293 Henricum
549 1268 682 1305 regem
705 1257 965 1305 legationibus
985 1264 1025 1295 et
1046 1259 1116 1296 lit-

156 1308 253 1346 teris
265 1309 312 1346 ad
325 1310 562 1346 reddendam
580 1311 869 1359 archiepiscopo
888 1324 1019 1361 pacem
1033 1313 1118 1349 hor-

158 1363 263 1399 tatus
284 1366 356 1408 est,
377 1366 417 1399 et
433 1363 603 1400 Romam
625 1364 780 1401 rediens
796 1365 981 1411 Thomae,
999 1378 1114 1413 quem

156 1415 289 1452 abbati
312 1415 604 1453 pontiniacensi
626 1418 983 1463 commendaverat,
999 1419 1112 1466 lega-

155 1467 303 1505 tionem
325 1469 578 1517 apostolicam
599 1481 668 1518 pro
690 1471 832 1519 Anglia
851 1472 1111 1510 confirmavit.

156 1521 238 1557 Rex
262 1533 356 1558 vero
377 1522 503 1571 magis
523 1523 657 1570 iratus,
675 1523 971 1562 Cantuariensis
991 1526 1112 1563 ecele—

153 1574 233 1611 siae
255 1583 294 1611 ct
315 1576 489 1612 omnium
512 1576 742 1613 clericorum
771 1577 944 1615 Thomae
971 1579 1110 1616 adhae-

154 1628 326 1665 rentium
342 1629 490 1666 reditus
506 1629 599 1666 fisco
615 1629 782 1676 addixit,
798 1633 959 1668 cunctos
976 1644 1108 1669 eorum

153 1684 339 1729 cognatos
356 1694 376 1719 e
397 1694 517 1731 regno
531 1683 736 1731 relegavit,
753 1684 1009 1733 omnibusque
1026 1686 1111 1722 sub-

153 1734 244 1771 ditis
264 1736 342 1772 suis
365 1736 578 1784 prohibuit,
599 1749 648 1773 ne
669 1748 805 1784 preces
827 1750 895 1786 pro
917 1739 1109 1787 archiepi-

153 1799 265 1835 scopo
296 1789 345 1825 ad
375 1789 501 1826 Deum
532 1789 753 1827 funderent.
775 1791 948 1828 Thomas
978 1796 1109 1829 autem

154 1842 283 1889 regias
304 1843 620 1889 eonsuetudines,
643 1843 911 1881 Clarendonae
934 1846 1110 1893 promul-

155 1899 287 1941 gatas,
323 1895 553 1942 damnavit,
574 1897 771 1945 episcopos
800 1909 823 1934 a
857 1897 1109 1936 iureiurando

155 1959 221 1984 eas
243 1948 477 1986 observandi
513 1950 706 1996 absolvit,
726 1962 937 1999 regemque
967 1951 1110 1989 litteris

156 2001 359 2046 excitavit,
381 2005 423 2038 ut
453 2002 523 2039 sibi
556 2007 594 2040 et
615 2003 790 2040 ecclesiis
812 2016 946 2053 pacem
969 2005 1109 2042 redde-

159 2057 227 2100 ret,
238 2066 424 2092 censuras
437 2056 769 2094 ecclesiastieasin
781 2069 870 2094 eum
882 2058 1043 2107 eiusque
1055 2070 1113 2095 re-

154 2118 274 2155 gnum
297 2110 570 2147 comminatus.
589 2110 778 2147 Henricus
797 2122 817 2147 e
835 2113 1110 2160 quorumpiam

154 2161 423 2210 opiscoporum
463 2166 503 2199 et
535 2174 741 2211 procerum
777 2164 936 2201 consilio
975 2167 1112 2202 contra

153 2214 326 2252 Thomae
341 2214 463 2252 minas
476 2216 687 2264 appellavit
698 2216 967 2254 Alexandrum
982 2218 1051 2267 Pp.
1062 2218 1112 2255 U-

152 2267 336 2316 trimque,
358 2268 594 2306 Pontificem
616 2269 719 2306 inter
739 2272 779 2306 et
798 2281 947 2319 regem,
967 2271 1111 2308 litteris

153 2325 191 2356 et
212 2321 474 2369 legationibus
505 2322 550 2359 de
586 2334 679 2371 pace
708 2325 923 2360 tractatum
944 2327 1021 2370 est,
1043 2325 1109 2362 sed

154 2374 247 2411 nihil
264 2374 462 2412 effectum.
480 2375 656 2412 Tandem
672 2376 901 2413 Alexander
917 2377 987 2426 Pp.
1005 2378 1110 2426 regis

152 2427 382 2475 pertinacia,
403 2427 623 2477 litterisque
645 2429 835 2465 Ludovici
856 2430 931 2467 VH
963 2434 1002 2467 et
1023 2431 1108 2479 epi—

150 2492 353 2529 scoporum
371 2481 524 2518 Galliae
542 2484 754 2531 permotus,
767 2482 937 2519 Henrico
955 2495 1108 2520 excom-

148 2534 457 2571 municationem
495 2535 655 2584 eiusque
695 2547 816 2584 regno
853 2536 1107 2574 interdictum

151 2588 413 2625 comminatus
443 2590 529 2635 est,
552 2589 624 2626 nisi
647 2589 678 2626 is
699 2588 806 2625 intra
836 2592 1006 2627 statutos
1027 2591 1108 2627 dies
1130 2631 1132 2633 ,

150 2641 441 2690 archiepiscopo
482 2641 757 2679 Cantuariensi
804 2653 939 2690 pacem
988 2643 1106 2680 resti-

150 2696 293 2731 tuerct.

203 2747 312 2784 Tunc
335 2748 529 2785 Henricus
550 2760 621 2786 rex
643 2749 690 2786 ad
713 2748 820 2797 pacis
841 2749 1004 2786 consilia
1034 2749 1105 2786 sse-

148 2812 234 2845 xus,
256 2813 317 2838 an.
344 2802 445 2839 1170
462 2801 636 2839 Tliomae
656 2803 817 2850 eiusque
839 2801 877 2838 in
899 2803 1019 2839 exilio
1039 2814 1106 2839 so-

147 2854 218 2890 riis
247 2855 499 2892 securitatem
538 2856 721 2893 reddidit.
753 2856 920 2892 Sanctus
952 2856 1131 2904 praesull

147 2919 302 2944 ¹summa
313 2908 657 2946 Cantuariensium
670 2908 823 2946 laetitia
835 2912 1022 2958 exceptus
1034 2913 1104 2947 est.

153 2960 298 2997 Verum
319 2961 402 2998 eius
421 2962 591 2998 reditum
610 2962 829 3011 aegerrime
847 2962 1025 2999 tulerunt
1040 2975 1106 2999 rc-

147 3014 198 3059 gii
223 3014 391 3051 ministri
414 3017 453 3050 ct
476 3015 649 3052 nonnulli
672 3015 853 3064 episcopi,
875 3016 1102 3063 praesertim

148 3066 415 3112 Eboracensis,
433 3068 704 3106 Londiniensis
725 3072 764 3105 et
782 3069 1104 3115 Saresberiensis,

145 3121 319 3157 censuris
358 3122 583 3169 apostolicis
618 3122 830 3171 perstricti.
867 3123 1014 3159 Horum
1046 3122 1105 3160 ira

145 3176 263 3209 aucta
280 3177 351 3214 φεῖ,
364 3174 464 3220 quod
481 3174 653 3212 Thomas
665 3176 1028 3214 excommunicatos
1043 3176 1102 3213 ab·

665 131 820 158 EPOCHA
849 131 915 158 vn.
946 134 973 158 Α
1000 130 1266 157 PONTIFICATV
1295 132 1326 158 S.
1348 133 1545 160 GREGORII
1574 134 1644 160 vn.

1171 197 1326 234 solvere
1346 197 1479 242 nollet,
1501 198 1574 235 nisi
1594 199 1704 247 prius
1725 200 1772 238 R.
1787 200 1990 239 Pontificis
2010 213 2127 240 man-

1173 249 1275 286 datis
1295 250 1555 288 obedientiam
1577 253 1826 300 sponderent.
1848 254 1967 291 Brevi
1989 258 2075 302 post
2104 257 2130 294 3

1172 303 1361 350 praedicti
1383 304 1581 341 antistites
1600 305 1640 341 in
1652 304 1937 343 Normanniam
1953 307 2003 344 ad
2019 307 2129 345 Hen-

1172 355 1294 392 ricum
1318 357 1354 393 11
1376 356 1565 405 profecti,
1588 358 1714 395 multa
1734 360 2028 397 accusationum
2057 372 2128 397 ca—

1172 407 1253 455 pita
1270 410 1611 447 contraThomam
1629 422 1700 447 ceu
1717 412 1823 459 pacis
1840 413 2018 460 publicae
2032 425 2127 462 per-

1170 462 1437 508 turbatorem,
1458 464 1561 511 regis
1581 463 1782 500 inimicum
1802 469 1840 502 et
1858 461 2128 515 episcoporum

1171 520 1473 562 persecutorem,
1495 516 1730 554 detulerunt.
1748 517 1835 554 Rex
1857 518 1982 556 iratus
2001 519 2040 556 in
2061 518 2128 556 fu-

1171 572 1281 604 nesta
1303 570 1423 606 verba
1440 570 1582 617 erupit,
1598 570 1700 617 quod
1717 581 1806 606 cum
1827 582 1904 607 uno
1923 572 2128 610 sacerdote

1171 632 1306 668 pacem
1342 622 1489 659 habere
1526 634 1600 659 non
1637 627 1768 671 posset
1786 636 1795 669 ;
1824 624 1963 672 quibus
1997 625 2129 662 verbis

1169 673 1303 711 confisi
1324 676 1347 711 4
1369 675 1573 721 satellites,
1590 678 1772 713 sanctum
1790 676 2128 726 archiepiscopum

1169 726 1205 762 in
1228 727 1311 775 ipsa
1332 728 1496 766 eeclesia
1515 729 1656 777 gladiis
1676 729 1903 767 occiderunt
1923 730 1984 767 die
1999 731 2052 768 29
2067 731 2129 768 de-

1168 781 1335 817 cembris
1354 781 1467 819 1170.

1220 833 1422 871 Facinoris
1442 834 1548 872 fama
1563 835 1768 872 horrorem
1786 835 1948 885 ingessit
1965 836 2035 874 toti
2057 849 2125 874 or-

1167 886 1201 923 bi
1242 887 1467 925 christiano.
1505 889 1700 926 Henricus
1739 900 1810 926 rex
1849 891 1961 926 tanto
1996 890 2127 928 dolore

1167 952 1375 978 concussus
1394 944 1470 986 est,
1495 944 1537 978 ut
1557 941 1734 990 pluribus
1763 942 1898 979 diebus
1917 942 2124 980 ieiunave-

1166 993 1230 1038 rit,
1246 999 1285 1030 et
1301 993 1498 1032 solitarius
1515 996 1653 1031 sedens
1669 1006 1692 1032 a
1709 995 1889 1044 regendis
1906 996 2021 1033 rebus
2035 997 2125 1034 abs-

1165 1046 1347 1094 tinuerit3
1367 1048 1572 1096 missisque
1593 1048 1761 1085 Romam
1778 1048 2011 1095 oratoribus,
2027 1061 2124 1086 con-

1165 1104 1330 1138 testatus
1364 1104 1448 1146 est,
1468 1113 1509 1138 se
1538 1103 1700 1146 caedem
1733 1101 2016 1150 archiepiscopi
2046 1115 2122 1140 non

1166 1155 1370 1192 mandasse
1388 1184 1397 1200 ,
1419 1158 1599 1203 paratum
1633 1158 1767 1192 tamen
1804 1166 1889 1192 esse
1906 1184 1915 1200 ,
1936 1155 2122 1203 quoniam

1164 1207 1294 1244 verbis
1314 1208 1394 1245 suis
1414 1207 1518 1245 illius
1539 1208 1783 1245 occasionem
1806 1208 2056 1256 praebuerat,
2073 1209 2122 1246 ad

1162 1261 1401 1298 subeundam
1441 1262 1655 1299 secundum
1694 1260 1898 1299 Pontificis
1933 1262 2124 1300 mandata

1162 1315 1458 1362 poenitentiam.
1495 1315 1724 1352 Alexander
1753 1315 1809 1351 III
1849 1315 2122 1353 interfectores

1161 1380 1188 1405 s.
1212 1369 1385 1405 Thomae
1414 1372 1454 1406 et
1484 1380 1637 1413 omnes,
1658 1368 1725 1417 qui
1750 1368 1902 1405 crimini
1923 1367 1987 1405 isti
2008 1368 2122 1406 auxi-

1159 1423 1270 1467 lium,
1290 1422 1495 1460 consilium
1518 1422 1582 1459 vel
1603 1434 1804 1460 assensum
1825 1421 2025 1467 dederant,
2046 1434 2120 1459 ex·-

1159 1476 1483 1521 communicavit,
1496 1476 1689 1513 Thomam
1706 1488 1798 1513 vero
1815 1474 2019 1512 miraculis
2036 1476 2120 1512 cla-

1159 1541 1246 1566 rum
1280 1541 1341 1566 an.
1376 1529 1478 1566 1173
1498 1530 1635 1567 Ssrum
1671 1531 1895 1577 martyrum
1930 1528 2019 1565 albo
2052 1528 2118 1565 in-

1156 1583 1333 1631 scripsit;
1356 1585 1395 1619 et
1416 1583 1608 1619 Henricus
1637 1594 1707 1619 rex
1738 1594 1799 1619 an.
1826 1581 1926 1619 1172
1954 1581 1995 1618 in
2023 1593 2119 1618 eon-

1156 1641 1275 1673 ventu
1298 1636 1575 1673 Abrincatensi
1597 1636 1747 1682 eadem,
1767 1646 1867 1683 quae
1888 1645 2027 1683 supra,
2049 1646 2118 1672 co-

1156 1700 1239 1726 ram
1263 1689 1423 1738 Legatis
1444 1688 1668 1738 apostolicis
1684 1687 1888 1725 confessus
1908 1691 1948 1725 et
1968 1687 2119 1725 iureiu-

1157 1743 1279 1779 rando
1318 1742 1541 1790 pollicitus,
1563 1754 1603 1780 se
1638 1741 1922 1779 satisfactionis
1944 1741 2029 1778 loco
2049 1752 2119 1790 per

1158 1808 1305 1833 annum
1326 1797 1523 1844 integrum
1553 1795 1632 1833 200
1663 1795 1806 1832 milites
1827 1795 1865 1831 in
1888 1793 2118 1832 Palaestina

1158 1849 1346 1886 aliturum
1365 1879 1373 1895 ,
1403 1851 1554 1887 statuta
1583 1848 1916 1886 Clarendonensia
1944 1847 2118 1896 aliasque

1159 1914 1303 1950 pravas
1329 1902 1630 1940 consuetudines
1659 1903 1938 1950 abrogaturum
1958 1930 1968 1947 ,
1987 1901 2117 1939 eccle-

1158 1956 1238 1993 siae
1261 1955 1536 1993 Cantuariensi
1567 1955 1829 2004 possessiones
1859 1966 1950 1991 suas
1969 1957 2010 1991 et
2029 1966 2115 1992 om-

1159 2010 1272 2046 nibus
1293 2021 1427 2058 pacem
1450 2009 1713 2056 redditur-um,
1734 2008 2016 2046 absolutionem
2036 2007 2114 2045 im·-

1159 2064 1330 2111 petravit
1345 2062 1368 2101 ¹.

1210 2117 1273 2154 49.
1295 2117 1617 2154 Carmelz‘tczrmn
1637 2115 1877 2152 Ordo—-Sub
1897 2114 1995 2152 haec
2009 2118 2115 2152 tem-

1156 2180 1250 2217 pora
1271 2170 1520 2215 Bertholdus,
1540 2170 1720 2206 sacerdos
1739 2168 1924 2214 Calaber,
1944 2168 2113 2206 celeber-

1157 2222 1244 2259 rimi
1265 2223 1569 2261 Carmelitarum
1590 2221 1749 2259 Ordinis
1778 2221 1892 2258 initia
1912 2221 2054 2269 posuit.
2078 2222 2114 2259 Is

1156 2276 1260 2312 circa
1294 2276 1495 2313 dimidium
1535 2275 1654 2312 huius
1689 2273 1835 2312 saeculi
1870 2274 1909 2310 iu
1944 2274 2112 2311 Terram

1154 2331 1329 2367 sanctam
1360 2329 1520 2377 pietatis
1550 2340 1669 2365 causa
1689 2327 1901 2376 profectus,
1922 2338 2010 2364 cum
2031 2327 2112 2365 ali-

1153 2384 1249 2431 quot
1269 2382 1357 2420 aliis
1378 2382 1450 2431 piis
1472 2381 1832 2430 peregrinatoribus
1848 2381 1886 2417 in
1905 2392 1952 2418 eo
1968 2380 2112 2418 montis

1155 2436 1322 2473 Carmeli
1356 2435 1440 2472 loco
1459 2465 1468 2480 ,
1488 2436 1525 2471 in
1561 2447 1636 2483 quo
1671 2434 1763 2471 olim
1786 2433 1893 2471 Elias
1922 2434 2112 2483 propheta

1154 2492 1328 2526 moratus
1358 2488 1479 2526 fuisse
1500 2488 1758 2533 credebatur,
1780 2487 1929 2524 humile
1949 2487 2109 2524 domici-

1153 2541 1245 2579 lium
1268 2544 1308 2579 et
1327 2541 1514 2579 sacellum
1534 2541 1745 2588 exstruxit,
1764 2541 1826 2578 ubi
1851 2552 1930 2578 una
1950 2551 2039 2578 cum
2055 2551 2112 2578 so-

1152 2595 1220 2632 ciis
1250 2596 1332 2632 suis
1361 2596 1483 2633 vitam
1513 2595 1757 2632 eremiticam
1775 2624 1784 2639 ,
1814 2593 2111 2632 austeritatibus

1154 2648 1308 2696 plenam
1325 2648 1478 2685 etintcr
1489 2648 1709 2685 orationem
1726 2658 1993 2696 manuumque
2008 2647 2111 2684 labo-

1154 2713 1235 2738 rem
1256 2701 1435 2748 divisam‚
1457 2701 1638 2738 instituit.
1660 2701 1851 2742 Quoniam
1881 2701 1940 2738 his
1965 2699 2110 2737 montis

1152 2755 1321 2792 Carmeli
1357 2755 1495 2792 incolis
1524 2755 1709 2791 continuo
1745 2754 1811 2791 alii
1848 2753 2109 2798 accederent,

1153 2811 1315 2857 rogante
1337 2808 1533 2845 Brocardo
1553 2838 1562 2854 ,
1583 2808 1647 2856 qui
1677 2807 1723 2845 iis
1745 2809 1832 2856 post
1852 2806 2109 2844 Bertlioldum

1152 2865 1345 2910 praeerat,
1367 2861 1555 2898 Albertus
1576 2860 1802 2909 patriarcha
1824 2858 2107 2908 Hierosolymi—

1151 2918 1266 2951 tanus
1289 2927 1351 2952 an.
1378 2915 1478 2952 1209
1499 2914 1575 2951 illis
1596 2913 1777 2951 stabilem
1799 2913 1907 2950 vitae
1928 2912 2107 2961 regulam

1151 2968 1280 3014 dedit,
1309 2968 1355 3004 lo
1391 2968 1570 3005 articulis
1605 2967 1808 3016 digestam.
1832 2966 1937 3003 Haec
1969 2964 2106 3014 regula

1193 3061 1200 3081 ¹
1222 3038 1360 3090 llislm'i'u
1383 3058 1628 3099 quadripartita
1647 3067 1701 3089 scu
1724 3056 1793 3089 l'ila
1809 3057 1839 3088 S.
1862 3057 2003 3089 Thomae
2022 3058 2108 3091 Cun-

1152 3104 1234 3133 tuur.
1262 3111 1336 3131 rura
1362 3102 1391 3130 (ἶ.
1421 3101 1494 3139 Lupi
1519 3100 1602 3130 edita
1626 3099 1758 3130 Bruxell.
1779 3098 2022 3139 16823A1s01·d.,
2041 3101 2108 3132 Au-

1151 3144 1213 3174 nol.
1234 3143 1363 3173 Brilau.
1381 3146 1398 3171 t.
1417 3142 1472 3178 1v;
1491 3142 1510 3171 1.
1528 3141 1559 3171 R.
1578 3141 1699 3175 Palma,
1717 3140 1871 3173 Praeteri.
1891 3139 1970 3172 nist.
1991 3141 2064 3173 eccl.
2085 3146 2105 3173 t.

1151 3182 1441 3224 1¹1,p:u·1.!.‹·.l:'·.
