2241 3473
787 112 912 143 VSQVE
942 112 994 139 AD
1025 111 1303 139 lNNOCENTIVM
1333 111 1388 138 111.

1947 99 1999 137 39

109 177 277 216 suanam
300 175 414 214 fidem
436 175 735 226 susceperant¹,
755 177 822 214 sed
850 187 1056 226 progressu
1101 176 1138 212 in
1178 175 1392 213 christiana
1421 174 1497 212 fide
1531 173 1758 220 erudirent,
1787 172 2050 211 admittendos

108 230 292 279 temporis
322 229 370 265 ab
396 240 441 266 ca
462 229 702 274 defecerant,
723 230 818 267 adeo
841 233 883 267 rt
902 231 986 278 post
1006 228 1058 265 di·
1102 229 1244 278 adegit.
1276 229 1419 266 Postea
1439 239 1525 265 cum
1547 226 1669 275 Rugii
1690 226 1823 275 iugum
1847 225 2048 263 Danorum

109 283 268 320 midium
297 281 443 318 saeculi
476 282 531 320 XI
555 284 618 320 vix
644 283 721 320 ulla
741 282 843 331 apud
865 294 930 318 eos
954 293 1061 330 supe-

106 339 258 373 ressent
278 334 498 382 Religionis
514 336 690 384 vestigia.
710 337 822 372 Anno
841 334 941 372 1106
960 334 1058 371 Hen-

106 388 212 425 ricus
234 398 368 424 eorum
393 388 569 436 princeps
589 388 801 424 christiana
821 398 943 431 sacra,
960 398 1059 434 quac

106 440 332 477 sectabatur
351 469 360 484 ,
390 440 493 477 inter
521 441 696 477 subditos
726 451 818 476 suos
847 440 1056 476 restituere

106 496 269 530 conatus
299 499 379 536 est,
409 498 448 529 ct
478 493 658 529 Lubecae
688 492 893 528 ecclesiam
926 494 1060 528 extru-

110 546 181 590 xit,
204 545 305 593 apud
328 557 441 593 quani
465 545 592 593 plures
614 544 834 592 presbyteri
857 544 1055 580 constituti

109 601 212 634 sunt.
244 597 336 635 Eius
366 599 585 646 exemplum
616 600 776 634 secutus
806 599 866 633 est
885 596 1060 632 Canutus

108 650 328 687 Lawardus
348 662 564 695 successor,
580 650 651 686 sub
667 661 743 697 quo
761 648 961 685 Vicelinus
979 659 1060 696 pre-

109 703 244 751 sbyter
272 703 475 740 ecclesiam
507 714 593 740 cum
625 701 859 739 monasterio
881 700 1061 737 fundavit

110 767 226 804 prope
244 755 454 799 Holsatios,
470 758 522 799 et,
539 756 608 792 sub
627 755 865 802 protectione
884 753 1057 790 Loth-arii

111 809 372 856 imperatoris,
393 807 528 844 Fidem
561 807 664 844 inter
694 807 780 843 illos
806 806 1060 855 praedicavit.

112 860 259 897 Verum
281 861 425 896 ethnici
448 860 571 896 turbis
595 862 679 908 post
701 862 865 896 mortem
886 858 1058 895 Lotharii

115 913 252 962 (1137)
273 912 308 949 in
331 913 503 950 Saxouia
523 913 632 958 ortis,
656 913 712 949 usi
733 917 823 949 sunt
844 912 891 948 ad
913 912 1062 948 dest-ru-

112 966 232 1002 endas
262 976 398 1002 rursus
428 965 627 1002 ecclesias.
659 966 754 1002 Post
779 976 922 1013 paucos
943 975 1064 1000 annos

112 1017 307 1055 Henricus
327 1017 417 1063 Leo,
440 1017 521 1054 dux
543 1017 751 1063 Saxoniae,
768 1017 906 1054 Slavos
923 1017 1061 1065 partim

109 1070 265 1118 subegit
286 1070 424 1118 partim
448 1070 576 1115 eiecit,
600 1082 814 1119 eorumque
838 1073 964 1107 terras
984 1071 1064 1105 tra—

112 1123 211 1160 didit
239 1123 384 1160 colonis
412 1123 630 1160 Germanis.
663 1123 774 1160 Tunc
803 1122 1085 1171 Evangeliumr

113 1175 193 1213 illic
214 1174 374 1212 liberius
396 1176 664 1223 praedicatum
685 1179 768 1221 est3
789 1179 829 1212 et
851 1175 1065 1212 Hartvicus

113 1228 428 1276 archiepiscopus
457 1228 698 1274 Bremensis,
719 1241 779 1265 an.
804 1228 905 1266 1150
927 1223 1085 1277 episc0-'

112 1283 225 1329 patus
234 1281 586 1329 Altenburgensem
597 1284 636 1319 et
649 1281 1064 1329 Mecklenburgensem
1084 1312 1085 1315 ,

113 1332 297 1378 restituit,
325 1345 490 1381 quorum
511 1334 618 1382 prior
644 1346 705 1371 an.
732 1334 831 1371 1158
853 1334 1086 1379 Lubecam„

112 1386 305 1435 posterior
339 1398 441 1423 anno
474 1387 574 1424 1165
603 1387 872 1424 Schwerinum
903 1386 1086 1424 ’[-ΓειηεΙᾶ-Ἰ

112 1443 174 1476 tus
193 1441 263 1475 est.
280 1441 396 1477 Anno
416 1440 516 1477 1154
537 1440 652 1476 ctiam
676 1441 883 1478 restitutus
899 1439 975 1476 fuit
992 1439 1066 1488 epi·
1085 1456 1086 1459 ¹

114 1495 296 1540 scopatus
326 1493 670 1541 Ratzeburgensis.
702 1494 796 1530 Cum
821 1504 914 1529 vero
935 1492 1066 1529 Slavo-

116 1555 201 1581 rum
238 1544 432 1592 principes
468 1545 584 1582 fidem
620 1546 788 1583 Henrico
818 1545 904 1582 duci
935 1545 1087 1584 datam.

113 1596 338 1645 fregissent,
367 1599 399 1634 is
429 1610 530 1634 anno
561 1598 661 1635 1162
682 1598 769 1635 illos
791 1610 927 1635 rursus
947 1598 1087 1635 armisy

113 1660 322 1697 aggressus
356 1652 437 1695 est,
468 1654 506 1687 et
535 1650 621 1688 aliis
647 1651 782 1688 occisis
808 1653 876 1687 aut
896 1650 1065 1699 fugatis,

113 1806 250 1854 Belgio
270 1807 307 1844 in
330 1819 416 1844 eam
439 1809 607 1846 vocavit.
626 1809 685 1845 Ab
708 1809 778 1845 hoc
800 1811 973 1857 tempore
995 1820 1066 1846 su-

115 1859 296 1908 perstites
324 1860 432 1897 Slavi
450 1861 498 1898 ad
520 1861 731 1898 christiana
752 1873 865 1899 sacra
886 1861 1065 1898 conversi
1085 1867 1087 1895 ὲ

117 1915 209 1948 sunt
229 1910 254 1949 ².

167 1964 290 2001 Simili
321 1966 432 2002 modo
462 1966 509 2003 ad
540 1966 656 2003 finem
689 1966 875 2015 perducta
902 1968 962 2003 est
981 1978 1087 2003 con-¹·

116 2017 245 2054 versio
276 2017 512 2055 Hevelorum
534 2019 776 2067 aliorumque
797 2019 1006 2056 Slavorum
1026 2019 1064 2055 in

115 2069 303 2107 hodierno
323 2071 619 2120 Brandeburgo.
642 2073 683 2109 In
706 2084 839 2109 eorum
857 2073 976 2109 etiam
992 2074 1067 2109 ter-

114 2122 168 2160 ris
195 2134 332 2171 regum
362 2124 644 2161 Germanorum
667 2125 770 2161 curis
791 2124 905 2162 Fides
922 2136 1065 2173 propa-

115 2178 219 2223 gata,
241 2176 429 2213 ecclesiae
449 2180 675 2214 exstructae
697 2181 737 2215 et
757 2178 999 2226 episcopatus
1020 2189 1064 2213 e-

115 2228 210 2264 recti
234 2227 409 2275 fuerant3
429 2230 495 2266 sed
516 2228 625 2267 Slavi
643 2230 828 2279 pristinae
845 2241 938 2267 suae
954 2229 1066 2266 liber-

115 2280 208 2316 tatis
230 2281 356 2329 cupidi
378 2284 418 2318 et
433 2282 717 2320 Germanorum
737 2283 829 2330 iugo
846 2286 962 2330 atque
980 2294 1069 2331 pen-

116 2332 251 2369 (lendis
279 2335 463 2372 oneribus
493 2335 684 2381 lacessiti,
714 2336 866 2384 saepius
896 2335 1087 2372 rebella-1

117 2386 219 2430 runt,
238 2386 275 2421 in
292 2385 532 2424 Christianos
548 2388 790 2432 saevierunt,
806 2387 990 2425 ecclesias
1006 2389 1065 2424 de-

116 2440 336 2475 vastarunt.
352 2440 464 2476 Anno
483 2440 583 2477 1157
600 2441 787 2478 Albertus
803 2441 952 2489 primus
969 2452 1065 2477 niar-

118 2489 204 2526 chio
218 2490 570 2540 Brandeburgicus‚
581 2505 646 2530 eos
661 2494 781 2530 armis
797 2493 957 2538 domuit,
969 2494 1067 2530 colo-

118 2553 187 2578 nos
203 2553 223 2578 e
237 2542 403 2580 Batavia
423 2547 462 2580 et
473 2545 606 2593 Belgio
622 2546 660 2582 in
679 2557 812 2583 eorum
832 2549 958 2583 terras
975 2558 1067 2583 evo-

118 2594 236 2640 cavit,
254 2595 495 2644 episcopatus
511 2597 867 2647 Havelbergensem
889 2602 929 2636 et
948 2599 1068 2636 Bran-

118 2646 403 2695 deburgensem
423 2650 608 2695 restituit,
627 2654 665 2687 et
684 2651 931 2699 Religionem
957 2652 1065 2688 chri-

119 2699 290 2736 stianam
313 2712 383 2748 per
403 2713 556 2738 omnem
578 2703 779 2751 regionem
801 2704 993 2741 stabilivit
1013 2702 1039 2741 3.

174 2752 304 2789 Etiam
326 2753 364 2788 in
386 2753 515 2791 insula
536 2755 669 2803 Rugia
689 2756 941 2794 ethnicismus
962 2757 1066 2793 dele-

118 2806 183 2841 tus
219 2808 289 2841 est.
320 2805 417 2841 Cum
447 2807 528 2844 eius
558 2807 709 2844 incolae
742 2809 939 2845 Danorum
971 2809 1066 2846 fines

118 2857 272 2904 saepius
302 2857 546 2904 infestarent,
567 2871 629 2896 an.
654 2860 755 2897 1136
775 2861 912 2899 Ericus
933 2862 1065 2899 Dano-

118 2919 207 2945 rum
237 2920 306 2946 rex
335 2910 485 2959 Rugios
515 2912 676 2957 devicit,
704 2916 744 2949 et
770 2914 818 2949 ad
839 2924 1064 2962 supremum

118 2971 232 2997 suum
261 2963 475 3000 dominium
507 2966 623 3012 atque
651 2965 894 3012 sacerdotes,
915 2968 979 3013 qui
1002 2979 1067 3004 eos

166 3067 176 3087 ¹
195 3067 259 3098 vm.
277 3071 297 3099 t.
315 3069 339 3104 1,
355 3077 382 3106 p.
402 3066 471 3097 260.

159 3110 173 3132 2
189 3107 337 3139 Helmold.
359 3106 478 3139 chron.
496 3108 620 3140 Slaror.

161 3151 175 3169 ³³
192 3147 337 3179 llelmold.
356 3149 428 3179 ibid.

1101 281 1335 318 abiecissent
1373 284 1412 318 et
1441 280 1665 319 sacerdotes
1693 277 1957 328 expulissent,
1985 289 2050 316 an.

1105 334 1208 371 1168
1221 333 1502 372 XValdcmarus
1515 333 1712 370 Danorum
1731 343 1801 369 rex
1817 342 1881 368 eos
1897 331 1944 368 ad
1961 332 2051 367 sub-

1102 387 1304 424 iectionem
1335 386 1453 423 armis
1483 385 1654 434 redegit,
1675 387 1715 422 et
1744 395 1864 433 opera
1884 383 2052 421 Absolo-

1104 440 1161 476 nis
1179 439 1344 487 episcopi
1363 437 1707 483 Rhoschildiensis,
1723 439 1787 486 qui
1805 439 1892 474 erat
1911 436 1949 473 in
1970 435 2054 473 eius

1102 492 1308 536 comitatu,
1339 491 1580 528 Iaremarum
1603 501 1733 539 regem
1755 489 1928 538 aliosque
1949 488 2054 526 mul-

1103 547 1162 580 tos
1191 544 1238 580 ad
1268 543 1555 591 suscipiendum
1588 543 1823 592 baptismum
1855 541 2052 591 perduxit.

1103 596 1295 640 Absolon,
1316 596 1378 633 cui
1400 595 1625 633 Alexander
1645 595 1714 644 Pp.
1737 595 1901 632 insulam
1923 594 1961 631 in
1982 594 2054 643 spi-

1106 648 1310 685 ritualibus
1339 648 1534 694 subdidit,
1561 648 1768 685 destructis
1788 646 1899 685 idolis
1920 657 2055 684 eorum

1106 705 1181 737 tem
1190 701 1293 749 plum
1308 701 1345 737 in
1360 701 1612 738 christianam
1629 700 1829 737 ecclesiam
1848 699 2056 743 convertit,

1104 758 1143 790 et
1163 753 1386 791 sacerdotes
1407 754 1445 789 in
1462 765 1508 790 ea
1524 753 1740 798 constituit,
1756 764 1920 801 quorum
1937 762 2056 801 opera

1106 810 1145 843 et
1175 806 1362 843 laremari
1393 806 1556 853 eiusque
1585 806 1623 842 in
1645 817 1765 853 regno
1786 816 2055 843 successorum

1104 859 1283 907 exemplo
1323 870 1367 895 ac
1400 858 1556 895 monitis
1591 869 1723 895 omnes
1758 859 1878 907 Rugii
1913 857 2054 895 sensim

1108 911 1323 948 christiana
1344 922 1457 948 sacra
1478 914 1735 960 susceperunt
1760 910 1782 948 ‘.

1139 964 1304 1001 'Eodem
1328 968 1501 1012 tempore
1521 963 1639 1000 Finni
1660 965 1707 1000 ad
1731 963 1985 1000 christianam
2006 962 2056 1000 fi-

1107 1017 1192 1053 dem
1222 1017 1400 1066 perducti
1422 1018 1524 1053 sunt.
1549 1015 1641 1061 Hos,
1663 1027 1750 1052 cum
1773 1027 1893 1053 naves
1913 1018 1953 1053 et
1969 1027 2056 1053 oras

1105 1069 1320 1106 Succorum
1356 1068 1587 1117 frequenter
1623 1067 1882 1115 infestarent,
1917 1069 2057 1106 Ericus

1108 1134 1177 1159 rex
1197 1122 1361 1159 Sueciae
1378 1133 1442 1159 an.
1463 1120 1563 1160 1156
1581 1121 1700 1158 armis
1711 1121 1930 1169 subegit,et
1941 1132 2059 1169 opera

1109 1187 1138 1212 s.
1162 1175 1323 1212 Henrici
1344 1175 1512 1223 episcopi
1534 1174 1760 1223 Upsalensis
1776 1175 1823 1211 ad
1841 1174 2056 1211 admitten-

1110 1228 1178 1265 dos
1207 1228 1430 1265 sacerdotes
1451 1232 1492 1265 et
1511 1227 1799 1276 suscipiendum
1821 1226 2056 1276 baptismum

1110 1281 1296 1330 perduxit
1318 1280 1343 1318 ².

1162 1334 1223 1371 48.
1258 1334 1327 1370 Lis
1349 1335 1461 1372 inter
1477 1333 1708 1370 Henrz'czcm
1725 1333 1779 1375 II
1799 1337 1838 1370 et
1863 1332 2058 1369 Thomam

1114 1387 1517 1424 Cautum-z'ensem—
1530 1386 1570 1423 In
1594 1386 1739 1435 Anglia
1758 1397 1851 1423 vero
1871 1385 2059 1422 ecclesia-

1109 1451 1197 1476 rum
1226 1451 1302 1488 pax
1334 1439 1510 1488 graviter
1540 1440 1769 1488 perturbata
1798 1438 1873 1476 fuit
1902 1437 2060 1475 dissidio

1108 1493 1214 1529 inter
1235 1493 1447 1529 Henricum
1471 1503 1601 1540 regem
1624 1492 1661 1528 II
1681 1493 1721 1528 et
1740 1504 1769 1530 s.
1790 1491 1980 1528 Thomam
2002 1501 2062 1528 ar-

1109 1545 1394 1594 chiepiscopum
1417 1545 1745 1583 Cantuariensem.
1768 1545 1920 1582 Causae
1955 1543 2063 1581 dissi-

1110 1598 1162 1634 dii
1185 1597 1365 1644 fuerunt,
1386 1598 1489 1646 quod
1510 1597 1680 1635 Thomas
1711 1609 1770 1634 an.
1797 1596 1897 1634 1162
1918 1608 1968 1633 ex
1989 1606 2056 1633 ar-

1085 1691 1086 1698 ,
1110 1650 1336 1688 chidiacono
1365 1653 1404 1688 et
1433 1650 1543 1699 regni
1578 1649 1810 1688 cancellario
1846 1648 1973 1686 factus
1993 1660 2061 1686 ar-

115 1701 201 1738 aliis
231 1703 420 1746 subactis,
449 1706 594 1740 terram
623 1703 724 1740 inter
744 1703 957 1740 belliduces
977 1715 1086 1751 suos¹

114 1754 335 1799 distribuit,
358 1767 553 1804 novosque
580 1755 737 1793 colonos
757 1768 778 1793 e
799 1756 1008 1793 Germania
1028 1758 1067 1792 et
1086 1752 1087 1786 Ϊ

1109 1703 1377 1752 chiepiscopus
1407 1703 1729 1748 Cantuariensis,
1761 1714 1802 1739 se
1836 1700 2062 1739 cancellarii

1109 1767 1274 1793 munere
1291 1756 1523 1802 abdicasset,
1544 1755 1727 1793 iniustam
1746 1754 1881 1792 tributi
1896 1755 2062 1792 exactio-

1109 1820 1196 1845 nem
1217 1809 1503 1857 prohibuisset,
1526 1819 1688 1857 pravam
1722 1807 2062 1852 consuetudinem,

1109 1873 1185 1910 qua
1213 1873 1284 1898 rex
1304 1873 1372 1910 pro
1403 1861 1636 1898 vacantibus
1667 1860 1842 1897 ecclesiis
1862 1859 2062 1908 episcopos

1108 1914 1282 1951 ordinari
1325 1913 1563 1962 impediebat
1578 1944 1591 1959 ‚
1627 1915 1671 1950 ut
1703 1924 1837 1950 earum
1872 1912 2061 1949 reditibus

1110 1966 1320 2014 frueretur,
1342 1967 1613 2015 improbasset,
1633 1967 1909 2015 presbyterum
1931 1967 1970 2001 et
1990 1976 2061 2002 ca-

1110 2019 1286 2056 nonicum
1300 2048 1310 2066 ,
1331 2020 1491 2068 propter
1519 2019 1685 2056 crimina
1714 2018 1858 2055 iudicio
1879 2017 2061 2055 ecclesia-

1109 2072 1204 2109 stico
1234 2073 1464 2118 damnatos,
1485 2071 1619 2108 curiae
1649 2072 1784 2119 regiae
1813 2071 1970 2108 tradere
2000 2081 2063 2107 no-

1109 2124 1268 2171 luisset,
1288 2124 1450 2173 denique
1481 2124 1608 2161 virum
1630 2124 1798 2161 nobilem
1815 2153 1825 2170 ,
1844 2123 2064 2160 inconsulto

1109 2189 1202 2226 rege
1219 2208 1228 2224 ‚
1265 2177 1654 2215 excommunicasset.
1680 2177 1876 2214 Henricus
1910 2176 1947 2212 in
1982 2187 2064 2212 san·

1108 2232 1213 2267 ctum
1244 2231 1463 2279 praesulem
1481 2259 1490 2277 ,
1512 2230 1621 2278 quasi
1655 2230 1743 2267 iura
1765 2230 1877 2278 regia
1897 2228 2068 2276 despice-

1108 2285 1192 2328 ret,
1221 2284 1475 2320 vehementer
1505 2286 1723 2320 commotus
1741 2313 1750 2329 ,
1771 2293 1859 2319 eum
1889 2281 2064 2329 aliosque

1109 2335 1305 2384 praesules
1324 2365 1334 2382 ,
1363 2336 1464 2383 apud
1496 2334 1897 2373 XVestmonasterium
1926 2345 2064 2370 convo-

1109 2391 1231 2433 catos,
1251 2388 1536 2437 interrogavit,
1558 2400 1649 2425 num
1671 2388 1797 2435 regias
1817 2386 2065 2423 consuetudi—

1109 2453 1177 2478 nes
1197 2442 1409 2478 observare
1432 2440 1590 2477 vellent.
1614 2440 1913 2488 Responderunt
1933 2438 2002 2482 illi,
2021 2450 2063 2475 se

1108 2505 1174 2531 eas
1203 2494 1414 2530 observare
1444 2493 1544 2530 velle
1573 2494 1688 2529 salvo
1708 2492 1857 2529 ordine
1876 2502 1963 2528 suo.
1985 2491 2060 2528 Sed

1109 2546 1226 2594 paulo
1247 2548 1334 2594 post
1349 2546 1525 2595 plerique
1546 2545 1712 2594 episcopi
1729 2544 1832 2592 regis
1850 2543 1964 2580 minis
1979 2554 2064 2591 per-

1109 2599 1235 2636 territi
1253 2628 1261 2644 ,
1296 2610 1510 2646 eorumque
1543 2598 1724 2646 precibus
1759 2595 1992 2644 importunis
2022 2600 2062 2632 et

1109 2652 1241 2700 pravis
1263 2651 1432 2688 consiliis
1449 2651 1658 2699 perductus
1676 2649 1858 2694 Thomas,
1876 2660 1938 2686 an.
1960 2647 2060 2685 1164

1109 2706 1147 2741 in
1170 2701 1727 2754 comitiisssClaren<lonensibus
1743 2700 1922 2738 absoluta
1947 2700 2062 2738 iuris-

1109 2756 1263 2794 iurandi
1283 2757 1450 2794 formula
1465 2754 1728 2803 promiserunt
1744 2783 1754 2799 ,
1775 2765 1815 2791 se
1831 2753 1961 2801 regias
1977 2764 2064 2790 con-

1109 2810 1335 2846 suetudines
1352 2810 1644 2845 observaturos.
1657 2806 1767 2843 Tunc
1783 2817 1854 2843 rex
1866 2806 1921 2843 sic
1938 2805 2063 2842 dictas

1111 2862 1240 2910 regias
1260 2860 1563 2898 consuetudines
1580 2859 1776 2896 recenseri
1792 2863 1832 2896 et
1848 2859 1887 2895 in
1914 2857 2067 2895 codicil-

1112 2914 1207 2959 lum,
1228 2915 1289 2951 cui
1311 2912 1478 2961 episcopi
1510 2911 1811 2958 subscriberent,
1833 2910 1975 2948 referri
1991 2910 2064 2947 ius-

1109 2967 1172 3003 sit.
1193 2967 1289 3003 Cum
1305 2975 1398 3001 vero
1420 2964 1550 3012 plures
1576 2975 1626 3000 ex
1645 2963 1691 3000 iis
1715 2967 1846 3001 essent
1873 2962 2064 3000 ecclesia-

1110 3018 1216 3056 sticis
1227 3017 1472 3055 libertatibus
1487 3016 1696 3064 oppositae,
1707 3016 1877 3053 Thomas
1889 3015 2065 3052 inducias

1150 3109 1159 3129 ¹
1180 3108 1273 3145 Ibid.;
1291 3108 1371 3139 Saxo
1389 3109 1554 3138 (zi-ammai.
1573 3106 1647 3138 ΗΜ.
1665 3105 1745 3138 Dan.
1762 3106 1781 3137 l.
1799 3107 1876 3138 xlv.

1150 3149 1163 3169 '²
1179 3149 1336 3186 Romana„
1360 3150 1440 3180 Arm
1458 3147 1512 3180 SS.
1531 3148 1568 3179 19
1586 3150 1644 3179 ian.
1671 3148 1740 3178 Vita
1757 3158 1782 3178 s.
1801 3146 1934 3179 Henriei
1954 3146 2062 3189 Ups‘al.
