<?xml version="1.0" encoding="UTF-8"?>
<!DOCTYPE html PUBLIC "-//W3C//DTD XHTML 1.0 Transitional//EN"
    "http://www.w3.org/TR/xhtml1/DTD/xhtml1-transitional.dtd">
<html xmlns="http://www.w3.org/1999/xhtml" xml:lang="en" lang="en">
 <head>
  <title>
</title>
<meta http-equiv="Content-Type" content="text/html;charset=utf-8" />
  <meta name='ocr-system' content='tesseract 3.04.00' />
  <meta name='ocr-capabilities' content='ocr_page ocr_carea ocr_par ocr_line ocrx_word'/>
</head>
<body>
  <div class='ocr_page' id='page_1' title='image "./historiaeecclesi01wout_0100.png"; bbox 0 0 2241 3473; ppageno 0'>
   <div class='ocr_carea' id='block_1_1' title="bbox 215 143 267 182">
    <p class='ocr_par' dir='ltr' id='par_1_1' title="bbox 215 143 267 182">
     <span class='ocr_line' id='line_1_1' title="bbox 215 143 267 182; baseline 0 0"><span class='ocrx_word' id='word_1_1' title='bbox 215 143 267 182; x_wconf 84' lang='lat'>70</span> 
     </span>
    </p>
   </div>
   <div class='ocr_carea' id='block_1_2' title="bbox 154 213 1109 1701">
    <p class='ocr_par' dir='ltr' id='par_1_2' title="bbox 159 213 1107 580">
     <span class='ocr_line' id='line_1_2' title="bbox 159 213 1106 267; baseline -0.005 -12"><span class='ocrx_word' id='word_1_2' title='bbox 159 217 306 267; x_wconf 83' lang='lat' dir='ltr'><strong>cipibus</strong></span> <span class='ocrx_word' id='word_1_3' title='bbox 327 217 514 254; x_wconf 88' lang='lat' dir='ltr'>adversus</span> <span class='ocrx_word' id='word_1_4' title='bbox 534 215 676 253; x_wconf 87' lang='lat' dir='ltr'>Christi</span> <span class='ocrx_word' id='word_1_5' title='bbox 693 214 876 251; x_wconf 88' lang='lat' dir='ltr'>ecclesias</span> <span class='ocrx_word' id='word_1_6' title='bbox 892 214 1025 260; x_wconf 90' lang='lat' dir='ltr'>licere,</span> <span class='ocrx_word' id='word_1_7' title='bbox 1046 213 1106 251; x_wconf 91' lang='lat' dir='ltr'>ni-</span> 
     </span>
     <span class='ocr_line' id='line_1_3' title="bbox 160 267 1105 320; baseline -0.005 -12"><span class='ocrx_word' id='word_1_8' title='bbox 160 272 193 309; x_wconf 89' lang='lat' dir='ltr'>si</span> <span class='ocrx_word' id='word_1_9' title='bbox 213 269 491 320; x_wconf 72' lang='lat' dir='ltr'>propugnatrix</span> <span class='ocrx_word' id='word_1_10' title='bbox 508 268 579 305; x_wconf 89' lang='lat' dir='ltr'>Dei</span> <span class='ocrx_word' id='word_1_11' title='bbox 595 268 757 304; x_wconf 80' lang='lat' dir='ltr'>dextera</span> <span class='ocrx_word' id='word_1_12' title='bbox 778 278 919 303; x_wconf 86' lang='lat' dir='ltr'>arcano</span> <span class='ocrx_word' id='word_1_13' title='bbox 936 267 1105 315; x_wconf 89' lang='lat' dir='ltr'>quodam</span> 
     </span>
     <span class='ocr_line' id='line_1_4' title="bbox 161 319 1107 368; baseline -0.004 -7"><span class='ocrx_word' id='word_1_14' title='bbox 161 336 206 361; x_wconf 91' lang='lat' dir='ltr'>ac</span> <span class='ocrx_word' id='word_1_15' title='bbox 221 323 376 361; x_wconf 90' lang='lat' dir='ltr'>coelesti</span> <span class='ocrx_word' id='word_1_16' title='bbox 390 322 532 359; x_wconf 90' lang='lat' dir='ltr'>iudicio</span> <span class='ocrx_word' id='word_1_17' title='bbox 549 321 596 357; x_wconf 88' lang='lat' dir='ltr'>ad</span> <span class='ocrx_word' id='word_1_18' title='bbox 613 319 910 368; x_wconf 77' lang='lat' dir='ltr'>castigationem</span> <span class='ocrx_word' id='word_1_19' title='bbox 925 322 965 357; x_wconf 90' lang='lat' dir='ltr'>et</span> <span class='ocrx_word' id='word_1_20' title='bbox 981 332 1107 357; x_wconf 90' lang='lat' dir='ltr'>emen-</span> 
     </span>
     <span class='ocr_line' id='line_1_5' title="bbox 162 373 1105 421; baseline -0.004 -7"><span class='ocrx_word' id='word_1_21' title='bbox 162 377 354 414; x_wconf 74' lang='lat' dir='ltr'>dationem</span> <span class='ocrx_word' id='word_1_22' title='bbox 369 373 693 421; x_wconf 86' lang='lat' dir='ltr'>nostram,quibus</span> <span class='ocrx_word' id='word_1_23' title='bbox 709 373 780 421; x_wconf 91' lang='lat' dir='ltr'>ipsi</span> <span class='ocrx_word' id='word_1_24' title='bbox 795 373 923 410; x_wconf 84' lang='lat' dir='ltr'>visum</span> <span class='ocrx_word' id='word_1_25' title='bbox 936 375 995 410; x_wconf 90' lang='lat' dir='ltr'>est</span> <span class='ocrx_word' id='word_1_26' title='bbox 1006 377 1105 410; x_wconf 89' lang='lat' dir='ltr'>tem-</span> 
     </span>
     <span class='ocr_line' id='line_1_6' title="bbox 162 425 1106 479; baseline -0.004 -12"><span class='ocrx_word' id='word_1_27' title='bbox 162 430 339 479; x_wconf 83' lang='lat' dir='ltr'>poribus,</span> <span class='ocrx_word' id='word_1_28' title='bbox 358 428 396 464; x_wconf 93' lang='lat' dir='ltr'>id</span> <span class='ocrx_word' id='word_1_29' title='bbox 415 427 499 464; x_wconf 89' lang='lat' dir='ltr'>fieri</span> <span class='ocrx_word' id='word_1_30' title='bbox 521 426 741 474; x_wconf 69' lang='lat' dir='ltr'>permiserit</span> <span class='ocrx_word' id='word_1_31' title='bbox 759 425 768 447; x_wconf 86' lang='lat'>¹</span> <span class='ocrx_word' id='word_1_32' title='bbox 790 437 828 462; x_wconf 92' lang='lat'>».</span> <span class='ocrx_word' id='word_1_33' title='bbox 850 426 957 476; x_wconf 88' lang='lat' dir='ltr'>Haec</span> <span class='ocrx_word' id='word_1_34' title='bbox 974 438 1106 474; x_wconf 87' lang='lat' dir='ltr'>perse-</span> 
     </span>
     <span class='ocr_line' id='line_1_7' title="bbox 161 479 1105 531; baseline -0.003 -12"><span class='ocrx_word' id='word_1_35' title='bbox 161 482 263 520; x_wconf 90' lang='lat' dir='ltr'>cutio</span> <span class='ocrx_word' id='word_1_36' title='bbox 284 493 358 518; x_wconf 93' lang='lat' dir='ltr'>non</span> <span class='ocrx_word' id='word_1_37' title='bbox 371 482 522 518; x_wconf 90' lang='lat' dir='ltr'>tantum</span> <span class='ocrx_word' id='word_1_38' title='bbox 533 479 695 531; x_wconf 85' lang='lat' dir='ltr'>intenta,</span> <span class='ocrx_word' id='word_1_39' title='bbox 711 480 811 527; x_wconf 83' lang='lat' dir='ltr'>quod</span> <span class='ocrx_word' id='word_1_40' title='bbox 823 479 990 516; x_wconf 87' lang='lat' dir='ltr'>affirmat</span> <span class='ocrx_word' id='word_1_41' title='bbox 1004 479 1105 516; x_wconf 94' lang='lat' dir='ltr'>Dod-</span> 
     </span>
     <span class='ocr_line' id='line_1_8' title="bbox 160 531 1104 580; baseline -0.001 -8"><span class='ocrx_word' id='word_1_42' title='bbox 160 535 312 579; x_wconf 86' lang='lat' dir='ltr'>wellus,</span> <span class='ocrx_word' id='word_1_43' title='bbox 323 534 389 570; x_wconf 90' lang='lat' dir='ltr'>sed</span> <span class='ocrx_word' id='word_1_44' title='bbox 405 532 523 569; x_wconf 89' lang='lat' dir='ltr'>variis</span> <span class='ocrx_word' id='word_1_45' title='bbox 534 532 572 568; x_wconf 92' lang='lat' dir='ltr'>in</span> <span class='ocrx_word' id='word_1_46' title='bbox 584 532 793 580; x_wconf 86' lang='lat' dir='ltr'>provinciis</span> <span class='ocrx_word' id='word_1_47' title='bbox 804 533 976 570; x_wconf 83' lang='lat' dir='ltr'>exercita</span> <span class='ocrx_word' id='word_1_48' title='bbox 992 532 1068 570; x_wconf 83' lang='lat' dir='ltr'>fuit</span> <span class='ocrx_word' id='word_1_49' title='bbox 1079 531 1104 571; x_wconf 77' lang='lat'>².</span> 
     </span>
    </p>

    <p class='ocr_par' dir='ltr' id='par_1_3' title="bbox 154 585 1109 1221">
     <span class='ocr_line' id='line_1_9' title="bbox 213 585 1107 634; baseline -0.001 -10"><span class='ocrx_word' id='word_1_50' title='bbox 213 588 307 624; x_wconf 87' lang='lat' dir='ltr'>Post</span> <span class='ocrx_word' id='word_1_51' title='bbox 335 590 486 634; x_wconf 88' lang='lat' dir='ltr'>septem</span> <span class='ocrx_word' id='word_1_52' title='bbox 514 585 702 623; x_wconf 87' lang='lat' dir='ltr'>mensium</span> <span class='ocrx_word' id='word_1_53' title='bbox 725 586 772 623; x_wconf 87' lang='lat' dir='ltr'>ab</span> <span class='ocrx_word' id='word_1_54' title='bbox 794 585 952 623; x_wconf 90' lang='lat' dir='ltr'>interitu</span> <span class='ocrx_word' id='word_1_55' title='bbox 977 588 1107 623; x_wconf 89' lang='lat' dir='ltr'>Aure-</span> 
     </span>
     <span class='ocr_line' id='line_1_10' title="bbox 160 639 1109 688; baseline -0.001 -10"><span class='ocrx_word' id='word_1_56' title='bbox 160 640 252 678; x_wconf 89' lang='lat' dir='ltr'>liani</span> <span class='ocrx_word' id='word_1_57' title='bbox 273 640 543 688; x_wconf 79' lang='lat' dir='ltr'>interregnum</span> <span class='ocrx_word' id='word_1_58' title='bbox 562 639 776 688; x_wconf 88' lang='lat' dir='ltr'>imperator</span> <span class='ocrx_word' id='word_1_59' title='bbox 794 641 948 676; x_wconf 89' lang='lat' dir='ltr'>creatus</span> <span class='ocrx_word' id='word_1_60' title='bbox 963 642 1021 677; x_wconf 90' lang='lat' dir='ltr'>est</span> <span class='ocrx_word' id='word_1_61' title='bbox 1037 639 1109 677; x_wconf 89' lang='lat' dir='ltr'>Ta-</span> 
     </span>
     <span class='ocr_line' id='line_1_11' title="bbox 160 692 1106 740; baseline -0.002 -9"><span class='ocrx_word' id='word_1_62' title='bbox 160 693 271 738; x_wconf 83' lang='lat' dir='ltr'>citus,</span> <span class='ocrx_word' id='word_1_63' title='bbox 293 692 358 740; x_wconf 89' lang='lat' dir='ltr'>qui</span> <span class='ocrx_word' id='word_1_64' title='bbox 379 694 463 740; x_wconf 90' lang='lat' dir='ltr'>post</span> <span class='ocrx_word' id='word_1_65' title='bbox 483 694 630 740; x_wconf 86' lang='lat' dir='ltr'>septem</span> <span class='ocrx_word' id='word_1_66' title='bbox 651 704 802 730; x_wconf 88' lang='lat' dir='ltr'>menses</span> <span class='ocrx_word' id='word_1_67' title='bbox 822 692 990 730; x_wconf 88' lang='lat' dir='ltr'>moriens</span> <span class='ocrx_word' id='word_1_68' title='bbox 1004 722 1014 737; x_wconf 91' lang='lat'>,</span> <span class='ocrx_word' id='word_1_69' title='bbox 1029 693 1106 729; x_wconf 90' lang='lat' dir='ltr'>im-</span> 
     </span>
     <span class='ocr_line' id='line_1_12' title="bbox 159 745 1106 795; baseline 0.001 -13"><span class='ocrx_word' id='word_1_70' title='bbox 159 745 308 795; x_wconf 90' lang='lat' dir='ltr'>perium</span> <span class='ocrx_word' id='word_1_71' title='bbox 336 745 495 793; x_wconf 86' lang='lat' dir='ltr'>reliquit</span> <span class='ocrx_word' id='word_1_72' title='bbox 514 745 628 783; x_wconf 84' lang='lat' dir='ltr'>fratri</span> <span class='ocrx_word' id='word_1_73' title='bbox 649 757 717 783; x_wconf 93' lang='lat' dir='ltr'>suo</span> <span class='ocrx_word' id='word_1_74' title='bbox 738 745 941 792; x_wconf 75' lang='lat' dir='ltr'>Floriano,</span> <span class='ocrx_word' id='word_1_75' title='bbox 962 748 1003 783; x_wconf 88' lang='lat' dir='ltr'>at</span> <span class='ocrx_word' id='word_1_76' title='bbox 1023 745 1106 783; x_wconf 91' lang='lat' dir='ltr'>ele-</span> 
     </span>
     <span class='ocr_line' id='line_1_13' title="bbox 159 798 1106 844; baseline 0 -8"><span class='ocrx_word' id='word_1_77' title='bbox 159 802 220 837; x_wconf 90' lang='lat' dir='ltr'>cto</span> <span class='ocrx_word' id='word_1_78' title='bbox 251 810 274 835; x_wconf 92' lang='lat' dir='ltr'>a</span> <span class='ocrx_word' id='word_1_79' title='bbox 302 798 490 836; x_wconf 85' lang='lat' dir='ltr'>militibus</span> <span class='ocrx_word' id='word_1_80' title='bbox 521 799 670 844; x_wconf 87' lang='lat' dir='ltr'>Probo,</span> <span class='ocrx_word' id='word_1_81' title='bbox 699 798 907 836; x_wconf 75' lang='lat' dir='ltr'>Florianus</span> <span class='ocrx_word' id='word_1_82' title='bbox 937 799 1106 836; x_wconf 89' lang='lat' dir='ltr'>secundo</span> 
     </span>
     <span class='ocr_line' id='line_1_14' title="bbox 157 851 1106 901; baseline 0 -12"><span class='ocrx_word' id='word_1_83' title='bbox 157 851 312 901; x_wconf 89' lang='lat' dir='ltr'>imperii</span> <span class='ocrx_word' id='word_1_84' title='bbox 332 852 390 889; x_wconf 89' lang='lat' dir='ltr'>sui</span> <span class='ocrx_word' id='word_1_85' title='bbox 412 863 543 889; x_wconf 90' lang='lat' dir='ltr'>mense</span> <span class='ocrx_word' id='word_1_86' title='bbox 563 852 635 889; x_wconf 90' lang='lat' dir='ltr'>sibi</span> <span class='ocrx_word' id='word_1_87' title='bbox 656 854 819 889; x_wconf 89' lang='lat' dir='ltr'>mortem</span> <span class='ocrx_word' id='word_1_88' title='bbox 839 852 981 890; x_wconf 88' lang='lat' dir='ltr'>intulit.</span> <span class='ocrx_word' id='word_1_89' title='bbox 1000 853 1106 890; x_wconf 93' lang='lat' dir='ltr'>-Pro-</span> 
     </span>
     <span class='ocr_line' id='line_1_15' title="bbox 155 905 1106 951; baseline 0 -9"><span class='ocrx_word' id='word_1_90' title='bbox 155 906 225 942; x_wconf 92' lang='lat' dir='ltr'>bus</span> <span class='ocrx_word' id='word_1_91' title='bbox 255 917 316 943; x_wconf 91' lang='lat' dir='ltr'>an.</span> <span class='ocrx_word' id='word_1_92' title='bbox 345 905 424 943; x_wconf 79' lang='lat'>282</span> <span class='ocrx_word' id='word_1_93' title='bbox 454 917 477 942; x_wconf 90' lang='lat' dir='ltr'>a</span> <span class='ocrx_word' id='word_1_94' title='bbox 505 906 697 943; x_wconf 88' lang='lat' dir='ltr'>seditiosis</span> <span class='ocrx_word' id='word_1_95' title='bbox 718 905 904 943; x_wconf 86' lang='lat' dir='ltr'>militibus</span> <span class='ocrx_word' id='word_1_96' title='bbox 929 905 1079 943; x_wconf 88' lang='lat' dir='ltr'>occisus</span> <span class='ocrx_word' id='word_1_97' title='bbox 1097 935 1106 951; x_wconf 93' lang='lat'>,</span> 
     </span>
     <span class='ocr_line' id='line_1_16' title="bbox 157 958 1107 1008; baseline 0.001 -13"><span class='ocrx_word' id='word_1_98' title='bbox 157 970 420 996; x_wconf 79' lang='lat' dir='ltr'>successorem</span> <span class='ocrx_word' id='word_1_99' title='bbox 435 958 572 996; x_wconf 85' lang='lat' dir='ltr'>habuit</span> <span class='ocrx_word' id='word_1_100' title='bbox 588 959 639 996; x_wconf 92' lang='lat' dir='ltr'>M.</span> <span class='ocrx_word' id='word_1_101' title='bbox 658 959 863 996; x_wconf 88' lang='lat' dir='ltr'>Aurelium</span> <span class='ocrx_word' id='word_1_102' title='bbox 879 959 1107 1008; x_wconf 88' lang='lat' dir='ltr'>Carum,qui</span> 
     </span>
     <span class='ocr_line' id='line_1_17' title="bbox 158 1012 1108 1062; baseline 0.001 -13"><span class='ocrx_word' id='word_1_103' title='bbox 158 1012 341 1062; x_wconf 82' lang='lat' dir='ltr'>proximo</span> <span class='ocrx_word' id='word_1_104' title='bbox 361 1023 465 1049; x_wconf 90' lang='lat' dir='ltr'>anno</span> <span class='ocrx_word' id='word_1_105' title='bbox 485 1013 682 1050; x_wconf 79' lang='lat' dir='ltr'>extinctus</span> <span class='ocrx_word' id='word_1_106' title='bbox 695 1041 705 1058; x_wconf 93' lang='lat'>,</span> <span class='ocrx_word' id='word_1_107' title='bbox 723 1013 928 1060; x_wconf 90' lang='lat' dir='ltr'>imperium</span> <span class='ocrx_word' id='word_1_108' title='bbox 949 1012 1108 1061; x_wconf 83' lang='lat' dir='ltr'>reliquit</span> 
     </span>
     <span class='ocr_line' id='line_1_18' title="bbox 158 1065 1109 1114; baseline 0 -12"><span class='ocrx_word' id='word_1_109' title='bbox 158 1066 307 1103; x_wconf 90' lang='lat' dir='ltr'>duobus</span> <span class='ocrx_word' id='word_1_110' title='bbox 326 1065 416 1103; x_wconf 89' lang='lat' dir='ltr'>filiis</span> <span class='ocrx_word' id='word_1_111' title='bbox 436 1065 526 1110; x_wconf 88' lang='lat' dir='ltr'>suis,</span> <span class='ocrx_word' id='word_1_112' title='bbox 548 1066 687 1103; x_wconf 86' lang='lat' dir='ltr'>Carino</span> <span class='ocrx_word' id='word_1_113' title='bbox 704 1068 742 1103; x_wconf 91' lang='lat' dir='ltr'>et</span> <span class='ocrx_word' id='word_1_114' title='bbox 757 1065 1011 1111; x_wconf 77' lang='lat' dir='ltr'>Numeriano,</span> <span class='ocrx_word' id='word_1_115' title='bbox 1028 1066 1109 1114; x_wconf 87' lang='lat' dir='ltr'>qui-</span> 
     </span>
     <span class='ocr_line' id='line_1_19' title="bbox 154 1118 1106 1168; baseline 0.001 -12"><span class='ocrx_word' id='word_1_116' title='bbox 154 1119 226 1157; x_wconf 89' lang='lat' dir='ltr'>bus</span> <span class='ocrx_word' id='word_1_117' title='bbox 256 1131 331 1156; x_wconf 94' lang='lat' dir='ltr'>uno</span> <span class='ocrx_word' id='word_1_118' title='bbox 360 1121 445 1168; x_wconf 92' lang='lat' dir='ltr'>post</span> <span class='ocrx_word' id='word_1_119' title='bbox 474 1118 639 1156; x_wconf 89' lang='lat' dir='ltr'>alterum</span> <span class='ocrx_word' id='word_1_120' title='bbox 668 1119 906 1166; x_wconf 85' lang='lat' dir='ltr'>interfectis,</span> <span class='ocrx_word' id='word_1_121' title='bbox 937 1130 998 1156; x_wconf 90' lang='lat' dir='ltr'>an.</span> <span class='ocrx_word' id='word_1_122' title='bbox 1028 1120 1106 1157; x_wconf 74' lang='lat'>284</span> 
     </span>
     <span class='ocr_line' id='line_1_20' title="bbox 156 1172 912 1221; baseline 0 -12"><span class='ocrx_word' id='word_1_123' title='bbox 156 1172 363 1221; x_wconf 88' lang='lat' dir='ltr'>imperium</span> <span class='ocrx_word' id='word_1_124' title='bbox 380 1172 541 1221; x_wconf 90' lang='lat' dir='ltr'>adeptus</span> <span class='ocrx_word' id='word_1_125' title='bbox 563 1176 620 1210; x_wconf 90' lang='lat' dir='ltr'>est</span> <span class='ocrx_word' id='word_1_126' title='bbox 635 1172 912 1210; x_wconf 85' lang='lat' dir='ltr'>Diocletianus.</span> 
     </span>
    </p>

    <p class='ocr_par' dir='ltr' id='par_1_4' title="bbox 155 1225 1106 1434">
     <span class='ocr_line' id='line_1_21' title="bbox 209 1225 1104 1274; baseline 0.001 -12"><span class='ocrx_word' id='word_1_127' title='bbox 209 1226 332 1263; x_wconf 92' lang='lat' dir='ltr'>Porro</span> <span class='ocrx_word' id='word_1_128' title='bbox 351 1226 399 1263; x_wconf 88' lang='lat' dir='ltr'>ab</span> <span class='ocrx_word' id='word_1_129' title='bbox 418 1225 582 1274; x_wconf 90' lang='lat' dir='ltr'>imperio</span> <span class='ocrx_word' id='word_1_130' title='bbox 599 1225 767 1263; x_wconf 85' lang='lat' dir='ltr'>Gallieni</span> <span class='ocrx_word' id='word_1_131' title='bbox 789 1238 909 1274; x_wconf 84' lang='lat' dir='ltr'>usque</span> <span class='ocrx_word' id='word_1_132' title='bbox 925 1226 973 1263; x_wconf 91' lang='lat' dir='ltr'>ad</span> <span class='ocrx_word' id='word_1_133' title='bbox 990 1226 1104 1263; x_wconf 89' lang='lat' dir='ltr'>initia</span> 
     </span>
     <span class='ocr_line' id='line_1_22' title="bbox 155 1278 1104 1328; baseline 0 -11"><span class='ocrx_word' id='word_1_134' title='bbox 155 1278 405 1324; x_wconf 86' lang='lat' dir='ltr'>Diocletiani,</span> <span class='ocrx_word' id='word_1_135' title='bbox 425 1279 455 1316; x_wconf 93' lang='lat' dir='ltr'>si</span> <span class='ocrx_word' id='word_1_136' title='bbox 474 1280 630 1316; x_wconf 88' lang='lat' dir='ltr'>brevem</span> <span class='ocrx_word' id='word_1_137' title='bbox 652 1280 724 1316; x_wconf 91' lang='lat' dir='ltr'>sub</span> <span class='ocrx_word' id='word_1_138' title='bbox 746 1279 956 1316; x_wconf 86' lang='lat' dir='ltr'>Aureliano</span> <span class='ocrx_word' id='word_1_139' title='bbox 971 1291 1104 1328; x_wconf 90' lang='lat' dir='ltr'>perse-</span> 
     </span>
     <span class='ocr_line' id='line_1_23' title="bbox 160 1332 1106 1381; baseline 0 -11"><span class='ocrx_word' id='word_1_140' title='bbox 160 1333 357 1370; x_wconf 88' lang='lat' dir='ltr'>cutionem</span> <span class='ocrx_word' id='word_1_141' title='bbox 377 1332 562 1380; x_wconf 83' lang='lat' dir='ltr'>excipias,</span> <span class='ocrx_word' id='word_1_142' title='bbox 583 1332 757 1370; x_wconf 87' lang='lat' dir='ltr'>Ecclesia</span> <span class='ocrx_word' id='word_1_143' title='bbox 775 1332 1106 1381; x_wconf 84' lang='lat' dir='ltr'>tranquillitatem</span> 
     </span>
     <span class='ocr_line' id='line_1_24' title="bbox 157 1386 773 1434; baseline -0.002 -10"><span class='ocrx_word' id='word_1_144' title='bbox 157 1388 273 1424; x_wconf 88' lang='lat' dir='ltr'>nacta</span> <span class='ocrx_word' id='word_1_145' title='bbox 292 1388 362 1431; x_wconf 88' lang='lat' dir='ltr'>est,</span> <span class='ocrx_word' id='word_1_146' title='bbox 383 1386 625 1434; x_wconf 85' lang='lat' dir='ltr'>multumque</span> <span class='ocrx_word' id='word_1_147' title='bbox 645 1388 773 1424; x_wconf 84' lang='lat' dir='ltr'>aucta.</span> 
     </span>
    </p>

    <p class='ocr_par' dir='ltr' id='par_1_5' title="bbox 156 1439 1104 1701">
     <span class='ocr_line' id='line_1_25' title="bbox 210 1439 1104 1489; baseline 0.001 -13"><span class='ocrx_word' id='word_1_148' title='bbox 210 1439 272 1476; x_wconf 83' lang='lat'>86.</span> <span class='ocrx_word' id='word_1_149' title='bbox 302 1439 342 1476; x_wconf 84' lang='lat' dir='ltr'>S.</span> <span class='ocrx_word' id='word_1_150' title='bbox 361 1439 482 1476; x_wconf 72' lang='lat' dir='ltr'>Felice</span> <span class='ocrx_word' id='word_1_151' title='bbox 502 1440 698 1488; x_wconf 73' lang='lat' dir='ltr'>Ponte&#39;feoe</span> <span class='ocrx_word' id='word_1_152' title='bbox 719 1439 804 1489; x_wconf 77' lang='lat' dir='ltr'>(an.</span> <span class='ocrx_word' id='word_1_153' title='bbox 825 1439 1104 1489; x_wconf 63' lang='lat' dir='ltr'>aem—Prae-</span> 
     </span>
     <span class='ocr_line' id='line_1_26' title="bbox 157 1492 1104 1542; baseline 0 -12"><span class='ocrx_word' id='word_1_154' title='bbox 157 1494 218 1530; x_wconf 89' lang='lat' dir='ltr'>ter</span> <span class='ocrx_word' id='word_1_155' title='bbox 246 1492 341 1530; x_wconf 91' lang='lat' dir='ltr'>alios</span> <span class='ocrx_word' id='word_1_156' title='bbox 369 1493 440 1530; x_wconf 86' lang='lat' dir='ltr'>sub</span> <span class='ocrx_word' id='word_1_157' title='bbox 461 1492 673 1530; x_wconf 88' lang='lat' dir='ltr'>Aureliano</span> <span class='ocrx_word' id='word_1_158' title='bbox 694 1493 930 1541; x_wconf 83' lang='lat' dir='ltr'>imperatore</span> <span class='ocrx_word' id='word_1_159' title='bbox 951 1496 1104 1542; x_wconf 89' lang='lat' dir='ltr'>marty-</span> 
     </span>
     <span class='ocr_line' id='line_1_27' title="bbox 156 1545 1104 1595; baseline 0.001 -12"><span class='ocrx_word' id='word_1_160' title='bbox 156 1547 259 1583; x_wconf 90' lang='lat' dir='ltr'>rium</span> <span class='ocrx_word' id='word_1_161' title='bbox 279 1545 381 1595; x_wconf 85' lang='lat' dir='ltr'>passi</span> <span class='ocrx_word' id='word_1_162' title='bbox 402 1546 600 1594; x_wconf 88' lang='lat' dir='ltr'>leguntur:</span> <span class='ocrx_word' id='word_1_163' title='bbox 621 1548 804 1595; x_wconf 78' lang='lat' dir='ltr'>Ancyrae</span> <span class='ocrx_word' id='word_1_164' title='bbox 826 1547 861 1583; x_wconf 93' lang='lat' dir='ltr'>in</span> <span class='ocrx_word' id='word_1_165' title='bbox 880 1546 986 1589; x_wconf 84' lang='lat' dir='ltr'>Asia,</span> <span class='ocrx_word' id='word_1_166' title='bbox 1005 1547 1104 1584; x_wconf 86' lang='lat' dir='ltr'>Phi-</span> 
     </span>
     <span class='ocr_line' id='line_1_28' title="bbox 156 1599 1104 1648; baseline 0.001 -12"><span class='ocrx_word' id='word_1_167' title='bbox 156 1599 354 1646; x_wconf 83' lang='lat' dir='ltr'>lomenus3</span> <span class='ocrx_word' id='word_1_168' title='bbox 372 1599 490 1636; x_wconf 85' lang='lat' dir='ltr'>Iconii</span> <span class='ocrx_word' id='word_1_169' title='bbox 506 1599 545 1636; x_wconf 90' lang='lat' dir='ltr'>in</span> <span class='ocrx_word' id='word_1_170' title='bbox 563 1600 725 1644; x_wconf 84' lang='lat' dir='ltr'>Isauria,</span> <span class='ocrx_word' id='word_1_171' title='bbox 742 1600 871 1637; x_wconf 92' lang='lat' dir='ltr'>Conon</span> <span class='ocrx_word' id='word_1_172' title='bbox 886 1600 1047 1648; x_wconf 89' lang='lat' dir='ltr'>eiusque</span> <span class='ocrx_word' id='word_1_173' title='bbox 1063 1600 1104 1637; x_wconf 87' lang='lat' dir='ltr'>fi-</span> 
     </span>
     <span class='ocr_line' id='line_1_29' title="bbox 157 1652 1104 1701; baseline 0.001 -12"><span class='ocrx_word' id='word_1_174' title='bbox 157 1652 253 1699; x_wconf 83' lang='lat' dir='ltr'>lius3</span> <span class='ocrx_word' id='word_1_175' title='bbox 279 1652 319 1689; x_wconf 92' lang='lat' dir='ltr'>in</span> <span class='ocrx_word' id='word_1_176' title='bbox 342 1652 564 1701; x_wconf 88' lang='lat' dir='ltr'>Pamphilia</span> <span class='ocrx_word' id='word_1_177' title='bbox 581 1682 590 1699; x_wconf 94' lang='lat'>,</span> <span class='ocrx_word' id='word_1_178' title='bbox 621 1653 856 1690; x_wconf 84' lang='lat' dir='ltr'>Heliodorus</span> <span class='ocrx_word' id='word_1_179' title='bbox 882 1665 971 1690; x_wconf 84' lang='lat' dir='ltr'>cuni</span> <span class='ocrx_word' id='word_1_180' title='bbox 991 1653 1104 1701; x_wconf 80' lang='lat' dir='ltr'>aliis3</span> 
     </span>
    </p>
   </div>
   <div class='ocr_carea' id='block_1_3' title="bbox 156 1705 1128 1756">
    <p class='ocr_par' dir='ltr' id='par_1_6' title="bbox 156 1705 1128 1756">
     <span class='ocr_line' id='line_1_30' title="bbox 156 1705 1128 1756; baseline 0 -12"><span class='ocrx_word' id='word_1_181' title='bbox 156 1706 369 1744; x_wconf 85' lang='lat' dir='ltr'>Caesareae</span> <span class='ocrx_word' id='word_1_182' title='bbox 398 1706 437 1742; x_wconf 93' lang='lat' dir='ltr'>in</span> <span class='ocrx_word' id='word_1_183' title='bbox 464 1705 719 1755; x_wconf 82' lang='lat' dir='ltr'>Cappadocia,</span> <span class='ocrx_word' id='word_1_184' title='bbox 742 1706 937 1753; x_wconf 85' lang='lat' dir='ltr'>Mamans;</span> <span class='ocrx_word' id='word_1_185' title='bbox 961 1708 1103 1756; x_wconf 85' lang='lat' dir='ltr'>Augu·</span> <span class='ocrx_word' id='word_1_186' title='bbox 1126 1710 1128 1714; x_wconf 82' lang='grc'>’</span> 
     </span>
    </p>
   </div>
   <div class='ocr_carea' id='block_1_4' title="bbox 153 1758 1106 2493">
    <p class='ocr_par' dir='ltr' id='par_1_7' title="bbox 153 1758 1106 2493">
     <span class='ocr_line' id='line_1_31' title="bbox 157 1758 1104 1809; baseline 0.001 -12"><span class='ocrx_word' id='word_1_187' title='bbox 157 1758 326 1805; x_wconf 88' lang='lat' dir='ltr'>stoduni,</span> <span class='ocrx_word' id='word_1_188' title='bbox 347 1758 592 1797; x_wconf 84' lang='lat' dir='ltr'>Reverianus</span> <span class='ocrx_word' id='word_1_189' title='bbox 613 1759 827 1808; x_wconf 86' lang='lat' dir='ltr'>episcopus,</span> <span class='ocrx_word' id='word_1_190' title='bbox 841 1761 990 1797; x_wconf 88' lang='lat' dir='ltr'>Paulus</span> <span class='ocrx_word' id='word_1_191' title='bbox 1012 1773 1104 1809; x_wconf 90' lang='lat' dir='ltr'>pre-</span> 
     </span>
     <span class='ocr_line' id='line_1_32' title="bbox 155 1812 1102 1862; baseline 0.002 -12"><span class='ocrx_word' id='word_1_192' title='bbox 155 1814 290 1862; x_wconf 83' lang='lat' dir='ltr'>sbyter</span> <span class='ocrx_word' id='word_1_193' title='bbox 318 1824 407 1849; x_wconf 91' lang='lat' dir='ltr'>cum</span> <span class='ocrx_word' id='word_1_194' title='bbox 437 1812 522 1850; x_wconf 90' lang='lat' dir='ltr'>aliis</span> <span class='ocrx_word' id='word_1_195' title='bbox 542 1813 695 1860; x_wconf 82' lang='lat' dir='ltr'>decem3</span> <span class='ocrx_word' id='word_1_196' title='bbox 717 1814 878 1858; x_wconf 83' lang='lat' dir='ltr'>Romae,</span> <span class='ocrx_word' id='word_1_197' title='bbox 900 1813 1011 1851; x_wconf 81' lang='lat' dir='ltr'>Felix</span> <span class='ocrx_word' id='word_1_198' title='bbox 1033 1815 1102 1862; x_wconf 89' lang='lat' dir='ltr'>Pp.</span> 
     </span>
     <span class='ocr_line' id='line_1_33' title="bbox 158 1864 1102 1914; baseline 0 -10"><span class='ocrx_word' id='word_1_199' title='bbox 158 1864 213 1904; x_wconf 80' lang='lat'>1³.</span> <span class='ocrx_word' id='word_1_200' title='bbox 235 1865 308 1903; x_wconf 92' lang='lat' dir='ltr'>Hic</span> <span class='ocrx_word' id='word_1_201' title='bbox 329 1865 504 1914; x_wconf 82' lang='lat' dir='ltr'>pontifex</span> <span class='ocrx_word' id='word_1_202' title='bbox 525 1878 586 1904; x_wconf 88' lang='lat' dir='ltr'>an.</span> <span class='ocrx_word' id='word_1_203' title='bbox 603 1866 681 1904; x_wconf 80' lang='lat'>269</span> <span class='ocrx_word' id='word_1_204' title='bbox 697 1869 936 1905; x_wconf 78' lang='lat' dir='ltr'>successerat</span> <span class='ocrx_word' id='word_1_205' title='bbox 957 1879 984 1904; x_wconf 76' lang='lat' dir='ltr'>s,</span> <span class='ocrx_word' id='word_1_206' title='bbox 1007 1868 1102 1904; x_wconf 92' lang='lat' dir='ltr'>Dio-</span> 
     </span>
     <span class='ocr_line' id='line_1_34' title="bbox 157 1919 1104 1969; baseline 0 -12"><span class='ocrx_word' id='word_1_207' title='bbox 157 1919 280 1969; x_wconf 82' lang='lat' dir='ltr'>nysio.</span> <span class='ocrx_word' id='word_1_208' title='bbox 293 1919 458 1968; x_wconf 82' lang='lat' dir='ltr'>Scripsit</span> <span class='ocrx_word' id='word_1_209' title='bbox 473 1920 663 1957; x_wconf 83' lang='lat' dir='ltr'>adversus</span> <span class='ocrx_word' id='word_1_210' title='bbox 679 1919 837 1957; x_wconf 87' lang='lat' dir='ltr'>Sabellii</span> <span class='ocrx_word' id='word_1_211' title='bbox 855 1923 895 1957; x_wconf 93' lang='lat' dir='ltr'>et</span> <span class='ocrx_word' id='word_1_212' title='bbox 913 1920 1026 1957; x_wconf 89' lang='lat' dir='ltr'>Pauli</span> <span class='ocrx_word' id='word_1_213' title='bbox 1038 1921 1104 1958; x_wconf 89' lang='lat' dir='ltr'>Sa-</span> 
     </span>
     <span class='ocr_line' id='line_1_35' title="bbox 156 1972 1103 2021; baseline 0 -10"><span class='ocrx_word' id='word_1_214' title='bbox 156 1973 347 2011; x_wconf 88' lang='lat' dir='ltr'>mosateni</span> <span class='ocrx_word' id='word_1_215' title='bbox 368 1972 548 2010; x_wconf 86' lang='lat' dir='ltr'>haereses</span> <span class='ocrx_word' id='word_1_216' title='bbox 569 1974 720 2015; x_wconf 87' lang='lat' dir='ltr'>doctam</span> <span class='ocrx_word' id='word_1_217' title='bbox 738 1973 941 2021; x_wconf 86' lang='lat' dir='ltr'>epistolam</span> <span class='ocrx_word' id='word_1_218' title='bbox 959 1974 1005 2010; x_wconf 85' lang='lat' dir='ltr'>ad</span> <span class='ocrx_word' id='word_1_219' title='bbox 1024 1973 1103 2011; x_wconf 87' lang='lat' dir='ltr'>Ma-</span> 
     </span>
     <span class='ocr_line' id='line_1_36' title="bbox 155 2026 1101 2075; baseline 0 -11"><span class='ocrx_word' id='word_1_220' title='bbox 155 2026 328 2072; x_wconf 82' lang='lat' dir='ltr'>ximum,</span> <span class='ocrx_word' id='word_1_221' title='bbox 357 2037 620 2064; x_wconf 85' lang='lat' dir='ltr'>successorem</span> <span class='ocrx_word' id='word_1_222' title='bbox 650 2026 825 2074; x_wconf 72' lang='lat' dir='ltr'>Dionysii</span> <span class='ocrx_word' id='word_1_223' title='bbox 856 2026 1101 2075; x_wconf 86' lang='lat' dir='ltr'>patriarchae</span> 
     </span>
     <span class='ocr_line' id='line_1_37' title="bbox 154 2078 1102 2128; baseline -0.001 -10"><span class='ocrx_word' id='word_1_224' title='bbox 154 2078 440 2124; x_wconf 81' lang='lat' dir='ltr'>Alexandrini,</span> <span class='ocrx_word' id='word_1_225' title='bbox 466 2079 506 2116; x_wconf 90' lang='lat' dir='ltr'>in</span> <span class='ocrx_word' id='word_1_226' title='bbox 533 2092 609 2128; x_wconf 90' lang='lat' dir='ltr'>qua</span> <span class='ocrx_word' id='word_1_227' title='bbox 629 2080 861 2117; x_wconf 86' lang='lat' dir='ltr'>catholicam</span> <span class='ocrx_word' id='word_1_228' title='bbox 882 2080 1102 2117; x_wconf 85' lang='lat' dir='ltr'>doctrinam</span> 
     </span>
     <span class='ocr_line' id='line_1_38' title="bbox 157 2132 1104 2182; baseline 0 -11"><span class='ocrx_word' id='word_1_229' title='bbox 157 2134 203 2171; x_wconf 90' lang='lat' dir='ltr'>de</span> <span class='ocrx_word' id='word_1_230' title='bbox 232 2144 310 2171; x_wconf 90' lang='lat' dir='ltr'>una</span> <span class='ocrx_word' id='word_1_231' title='bbox 330 2132 368 2169; x_wconf 92' lang='lat' dir='ltr'>in</span> <span class='ocrx_word' id='word_1_232' title='bbox 388 2133 511 2170; x_wconf 87' lang='lat' dir='ltr'>tribus</span> <span class='ocrx_word' id='word_1_233' title='bbox 531 2133 701 2182; x_wconf 84' lang='lat' dir='ltr'>personis</span> <span class='ocrx_word' id='word_1_234' title='bbox 721 2133 862 2170; x_wconf 89' lang='lat' dir='ltr'>divinis</span> <span class='ocrx_word' id='word_1_235' title='bbox 883 2134 1104 2171; x_wconf 87' lang='lat' dir='ltr'>substantia</span> 
     </span>
     <span class='ocr_line' id='line_1_39' title="bbox 157 2186 1103 2236; baseline 0 -11"><span class='ocrx_word' id='word_1_236' title='bbox 157 2198 223 2225; x_wconf 91' lang='lat' dir='ltr'>seu</span> <span class='ocrx_word' id='word_1_237' title='bbox 247 2188 400 2232; x_wconf 86' lang='lat' dir='ltr'>natura,</span> <span class='ocrx_word' id='word_1_238' title='bbox 420 2188 459 2224; x_wconf 89' lang='lat' dir='ltr'>et</span> <span class='ocrx_word' id='word_1_239' title='bbox 479 2187 525 2223; x_wconf 85' lang='lat' dir='ltr'>de</span> <span class='ocrx_word' id='word_1_240' title='bbox 547 2187 687 2224; x_wconf 89' lang='lat' dir='ltr'>unione</span> <span class='ocrx_word' id='word_1_241' title='bbox 709 2186 909 2236; x_wconf 87' lang='lat' dir='ltr'>utriusque</span> <span class='ocrx_word' id='word_1_242' title='bbox 933 2191 1103 2225; x_wconf 84' lang='lat' dir='ltr'>naturae</span> 
     </span>
     <span class='ocr_line' id='line_1_40' title="bbox 156 2239 1104 2289; baseline 0 -11"><span class='ocrx_word' id='word_1_243' title='bbox 156 2240 313 2278; x_wconf 87' lang='lat' dir='ltr'>divinae</span> <span class='ocrx_word' id='word_1_244' title='bbox 332 2242 372 2277; x_wconf 90' lang='lat' dir='ltr'>et</span> <span class='ocrx_word' id='word_1_245' title='bbox 392 2239 582 2277; x_wconf 87' lang='lat' dir='ltr'>humanae</span> <span class='ocrx_word' id='word_1_246' title='bbox 603 2240 640 2277; x_wconf 94' lang='lat' dir='ltr'>in</span> <span class='ocrx_word' id='word_1_247' title='bbox 661 2240 812 2278; x_wconf 84' lang='lat' dir='ltr'>Christo</span> <span class='ocrx_word' id='word_1_248' title='bbox 834 2239 1104 2289; x_wconf 74' lang='lat' dir='ltr'>exposuit⁴.—</span> 
     </span>
     <span class='ocr_line' id='line_1_41' title="bbox 154 2290 1106 2343; baseline 0 -12"><span class='ocrx_word' id='word_1_249' title='bbox 154 2294 290 2331; x_wconf 88' lang='lat' dir='ltr'>Eidem</span> <span class='ocrx_word' id='word_1_250' title='bbox 310 2294 430 2330; x_wconf 88' lang='lat' dir='ltr'>ritum</span> <span class='ocrx_word' id='word_1_251' title='bbox 452 2292 619 2331; x_wconf 87' lang='lat' dir='ltr'>faciendi</span> <span class='ocrx_word' id='word_1_252' title='bbox 634 2293 825 2331; x_wconf 88' lang='lat' dir='ltr'>sacrificia</span> <span class='ocrx_word' id='word_1_253' title='bbox 845 2305 962 2343; x_wconf 89' lang='lat' dir='ltr'>supra</span> <span class='ocrx_word' id='word_1_254' title='bbox 979 2290 1106 2343; x_wconf 68' lang='lat' dir='ltr'>sepul-⁴</span> 
     </span>
     <span class='ocr_line' id='line_1_42' title="bbox 153 2347 1102 2396; baseline 0 -11"><span class='ocrx_word' id='word_1_255' title='bbox 153 2359 221 2385; x_wconf 88' lang='lat' dir='ltr'>cra</span> <span class='ocrx_word' id='word_1_256' title='bbox 241 2349 310 2384; x_wconf 87' lang='lat' dir='ltr'>aut</span> <span class='ocrx_word' id='word_1_257' title='bbox 329 2347 559 2384; x_wconf 82' lang='lat' dir='ltr'>memorias⁵</span> <span class='ocrx_word' id='word_1_258' title='bbox 579 2350 798 2395; x_wconf 86' lang='lat' dir='ltr'>martyrum</span> <span class='ocrx_word' id='word_1_259' title='bbox 820 2350 1023 2396; x_wconf 86' lang='lat' dir='ltr'>acceptum</span> <span class='ocrx_word' id='word_1_260' title='bbox 1046 2359 1102 2385; x_wconf 89' lang='lat' dir='ltr'>rc-</span> 
     </span>
     <span class='ocr_line' id='line_1_43' title="bbox 153 2399 1102 2451; baseline 0 -13"><span class='ocrx_word' id='word_1_261' title='bbox 153 2400 232 2439; x_wconf 85' lang='lat' dir='ltr'>fert</span> <span class='ocrx_word' id='word_1_262' title='bbox 257 2400 382 2438; x_wconf 74' lang='lat' dir='ltr'>Liber</span> <span class='ocrx_word' id='word_1_263' title='bbox 402 2400 667 2451; x_wconf 70' lang='lat' dir='ltr'>Pontc&#39;fiealis</span> <span class='ocrx_word' id='word_1_264' title='bbox 683 2399 708 2438; x_wconf 81' lang='lat'>⁶.</span> <span class='ocrx_word' id='word_1_265' title='bbox 727 2422 778 2427; x_wconf 91' lang='lat'>—</span> <span class='ocrx_word' id='word_1_266' title='bbox 794 2400 949 2449; x_wconf 82' lang='lat' dir='ltr'>Martyr</span> <span class='ocrx_word' id='word_1_267' title='bbox 968 2401 1102 2438; x_wconf 89' lang='lat' dir='ltr'>deces-</span> 
     </span>
     <span class='ocr_line' id='line_1_44' title="bbox 154 2453 785 2493; baseline -0.003 0"><span class='ocrx_word' id='word_1_268' title='bbox 154 2454 205 2493; x_wconf 90' lang='lat' dir='ltr'>sit</span> <span class='ocrx_word' id='word_1_269' title='bbox 224 2454 279 2492; x_wconf 89' lang='lat'>111</span> <span class='ocrx_word' id='word_1_270' title='bbox 301 2453 483 2492; x_wconf 88' lang='lat' dir='ltr'>calendas</span> <span class='ocrx_word' id='word_1_271' title='bbox 500 2454 595 2492; x_wconf 90' lang='lat' dir='ltr'>iunii</span> <span class='ocrx_word' id='word_1_272' title='bbox 618 2466 677 2492; x_wconf 88' lang='lat' dir='ltr'>an.</span> <span class='ocrx_word' id='word_1_273' title='bbox 696 2454 785 2491; x_wconf 74' lang='lat'>275.</span> 
     </span>
    </p>
   </div>
   <div class='ocr_carea' id='block_1_5' title="bbox 151 2558 1105 3267">
    <p class='ocr_par' dir='ltr' id='par_1_8' title="bbox 151 2558 1105 2677">
     <span class='ocr_line' id='line_1_45' title="bbox 196 2558 1105 2599; baseline -0.001 -7"><span class='ocrx_word' id='word_1_274' title='bbox 196 2562 206 2583; x_wconf 82' lang='lat'>¹</span> <span class='ocrx_word' id='word_1_275' title='bbox 226 2561 347 2599; x_wconf 76' lang='lat' dir='ltr'>Euseb,</span> <span class='ocrx_word' id='word_1_276' title='bbox 364 2561 457 2592; x_wconf 81' lang='lat' dir='ltr'>Hist.</span> <span class='ocrx_word' id='word_1_277' title='bbox 475 2560 548 2591; x_wconf 81' lang='lat' dir='ltr'>eccl.</span> <span class='ocrx_word' id='word_1_278' title='bbox 566 2560 582 2590; x_wconf 90' lang='lat' dir='ltr'>l.</span> <span class='ocrx_word' id='word_1_279' title='bbox 602 2560 661 2597; x_wconf 87' lang='lat' dir='ltr'>Vll,</span> <span class='ocrx_word' id='word_1_280' title='bbox 674 2570 698 2591; x_wconf 88' lang='lat' dir='ltr'>c.</span> <span class='ocrx_word' id='word_1_281' title='bbox 717 2558 770 2596; x_wconf 79' lang='lat'>30;</span> <span class='ocrx_word' id='word_1_282' title='bbox 785 2560 930 2594; x_wconf 76' lang='lat' dir='ltr'>Lactant.</span> <span class='ocrx_word' id='word_1_283' title='bbox 949 2560 994 2590; x_wconf 85' lang='lat' dir='ltr'>De</span> <span class='ocrx_word' id='word_1_284' title='bbox 1006 2566 1105 2592; x_wconf 78' lang='lat' dir='ltr'>mort.</span> 
     </span>
     <span class='ocr_line' id='line_1_46' title="bbox 151 2600 1105 2676; baseline -0.002 -41"><span class='ocrx_word' id='word_1_285' title='bbox 151 2609 342 2676; x_wconf 47' lang='grc' dir='ltr'>Ρετῖἓεοαω</span> <span class='ocrx_word' id='word_1_286' title='bbox 359 2612 384 2635; x_wconf 90' lang='lat' dir='ltr'>s.</span> <span class='ocrx_word' id='word_1_287' title='bbox 402 2604 540 2642; x_wconf 64' lang='lat' dir='ltr'>Hieron„</span> <span class='ocrx_word' id='word_1_288' title='bbox 558 2601 769 2639; x_wconf 78' lang='lat' dir='ltr'>Glironicon3</span> <span class='ocrx_word' id='word_1_289' title='bbox 787 2602 886 2640; x_wconf 80' lang='lat' dir='ltr'>Oros,</span> <span class='ocrx_word' id='word_1_290' title='bbox 902 2600 997 2633; x_wconf 76' lang='lat' dir='ltr'>nist.</span> <span class='ocrx_word' id='word_1_291' title='bbox 1015 2602 1034 2632; x_wconf 92' lang='lat' dir='ltr'>l.</span> <span class='ocrx_word' id='word_1_292' title='bbox 1048 2603 1105 2640; x_wconf 87' lang='lat' dir='ltr'>Vll,</span> 
     </span>
     <span class='ocr_line' id='line_1_47' title="bbox 157 2651 247 2677; baseline -0.022 0"><span class='ocrx_word' id='word_1_293' title='bbox 157 2656 183 2677; x_wconf 86' lang='lat' dir='ltr'>C.</span> <span class='ocrx_word' id='word_1_294' title='bbox 200 2651 227 2675; x_wconf 66' lang='lat'>⁸2.-</span> <span class='ocrx_word' id='word_1_295' title='bbox 242 2670 247 2676; x_wconf 94' lang='lat'>.</span> 
     </span>
    </p>

    <p class='ocr_par' dir='ltr' id='par_1_9' title="bbox 197 2683 673 2726">
     <span class='ocr_line' id='line_1_48' title="bbox 197 2683 673 2726; baseline -0.006 -8"><span class='ocrx_word' id='word_1_296' title='bbox 197 2687 211 2708; x_wconf 69' lang='lat'>‘²</span> <span class='ocrx_word' id='word_1_297' title='bbox 226 2687 263 2718; x_wconf 72' lang='lat' dir='ltr'>Cf</span> <span class='ocrx_word' id='word_1_298' title='bbox 277 2687 362 2726; x_wconf 81' lang='lat' dir='ltr'>Pagi,</span> <span class='ocrx_word' id='word_1_299' title='bbox 381 2686 463 2719; x_wconf 77' lang='lat' dir='ltr'>Crit.</span> <span class='ocrx_word' id='word_1_300' title='bbox 481 2686 519 2717; x_wconf 82' lang='lat' dir='ltr'>ad</span> <span class='ocrx_word' id='word_1_301' title='bbox 537 2694 586 2716; x_wconf 90' lang='lat' dir='ltr'>an.</span> <span class='ocrx_word' id='word_1_302' title='bbox 603 2683 673 2716; x_wconf 72' lang='lat'>272.</span> 
     </span>
    </p>

    <p class='ocr_par' dir='ltr' id='par_1_10' title="bbox 156 2726 1104 2801">
     <span class='ocr_line' id='line_1_49' title="bbox 197 2726 1104 2771; baseline 0 -13"><span class='ocrx_word' id='word_1_303' title='bbox 197 2728 211 2749; x_wconf 79' lang='grc'>3</span> <span class='ocrx_word' id='word_1_304' title='bbox 226 2729 263 2759; x_wconf 65' lang='lat' dir='ltr'>(js</span> <span class='ocrx_word' id='word_1_305' title='bbox 288 2726 474 2771; x_wconf 77' lang='lat' dir='ltr'>Martyrol.</span> <span class='ocrx_word' id='word_1_306' title='bbox 507 2728 621 2765; x_wconf 79' lang='lat' dir='ltr'>Rom.;</span> <span class='ocrx_word' id='word_1_307' title='bbox 651 2727 789 2758; x_wconf 85' lang='lat' dir='ltr'>Ruinart.</span> <span class='ocrx_word' id='word_1_308' title='bbox 822 2726 920 2757; x_wconf 75' lang='lat' dir='ltr'>Praei.</span> <span class='ocrx_word' id='word_1_309' title='bbox 952 2727 989 2757; x_wconf 85' lang='lat' dir='ltr'>ad</span> <span class='ocrx_word' id='word_1_310' title='bbox 1019 2727 1104 2758; x_wconf 75' lang='lat' dir='ltr'>Acta</span> 
     </span>
     <span class='ocr_line' id='line_1_50' title="bbox 156 2769 310 2801; baseline 0.006 -1"><span class='ocrx_word' id='word_1_311' title='bbox 156 2769 253 2801; x_wconf 76' lang='lat' dir='ltr'>Mart</span> <span class='ocrx_word' id='word_1_312' title='bbox 282 2780 310 2801; x_wconf 80' lang='lat' dir='ltr'>r.</span> 
     </span>
    </p>

    <p class='ocr_par' dir='ltr' id='par_1_11' title="bbox 156 2780 1103 2934">
     <span class='ocr_line' id='line_1_51' title="bbox 197 2780 1102 2852; baseline -0.003 -10"><span class='ocrx_word' id='word_1_313' title='bbox 197 2812 210 2834; x_wconf 85' lang='lat'><strong>⁴</strong></span> <span class='ocrx_word' id='word_1_314' title='bbox 229 2780 332 2843; x_wconf 70' lang='lat' dir='ltr'>Exystat</span> <span class='ocrx_word' id='word_1_315' title='bbox 346 2812 426 2842; x_wconf 87' lang='lat' dir='ltr'>illius</span> <span class='ocrx_word' id='word_1_316' title='bbox 441 2811 644 2852; x_wconf 74' lang='lat' dir='ltr'>fragmentum</span> <span class='ocrx_word' id='word_1_317' title='bbox 662 2811 690 2841; x_wconf 91' lang='lat' dir='ltr'>in</span> <span class='ocrx_word' id='word_1_318' title='bbox 708 2809 802 2841; x_wconf 75' lang='lat' dir='ltr'>Actis</span> <span class='ocrx_word' id='word_1_319' title='bbox 819 2810 939 2840; x_wconf 86' lang='lat' dir='ltr'>concilii</span> <span class='ocrx_word' id='word_1_320' title='bbox 959 2810 1102 2848; x_wconf 80' lang='lat' dir='ltr'>Epiiesini</span> 
     </span>
     <span class='ocr_line' id='line_1_52' title="bbox 156 2851 1103 2894; baseline -0.002 -11"><span class='ocrx_word' id='word_1_321' title='bbox 156 2856 185 2884; x_wconf 85' lang='lat' dir='ltr'>et</span> <span class='ocrx_word' id='word_1_322' title='bbox 202 2853 230 2884; x_wconf 90' lang='lat' dir='ltr'>in</span> <span class='ocrx_word' id='word_1_323' title='bbox 249 2853 463 2894; x_wconf 75' lang='lat' dir='ltr'>Apoloyetico</span> <span class='ocrx_word' id='word_1_324' title='bbox 479 2863 501 2883; x_wconf 82' lang='lat' dir='ltr'>s.</span> <span class='ocrx_word' id='word_1_325' title='bbox 519 2853 630 2892; x_wconf 70' lang='lat' dir='ltr'>Cyrilli,</span> <span class='ocrx_word' id='word_1_326' title='bbox 648 2852 728 2892; x_wconf 84' lang='lat' dir='ltr'>apud</span> <span class='ocrx_word' id='word_1_327' title='bbox 747 2852 857 2884; x_wconf 75' lang='lat' dir='ltr'>Labbe.</span> <span class='ocrx_word' id='word_1_328' title='bbox 878 2851 1002 2882; x_wconf 80' lang='lat' dir='ltr'>Concil.</span> <span class='ocrx_word' id='word_1_329' title='bbox 1018 2851 1103 2889; x_wconf 84' lang='lat' dir='ltr'>t.11[‚</span> 
     </span>
     <span class='ocr_line' id='line_1_53' title="bbox 156 2892 1103 2934; baseline -0.002 -10"><span class='ocrx_word' id='word_1_330' title='bbox 156 2904 183 2934; x_wconf 86' lang='lat' dir='ltr'>p.</span> <span class='ocrx_word' id='word_1_331' title='bbox 199 2895 385 2932; x_wconf 70' lang='lat' dir='ltr'>512,⁸51,‹2i</span> <span class='ocrx_word' id='word_1_332' title='bbox 398 2896 478 2933; x_wconf 85' lang='lat' dir='ltr'>apud</span> <span class='ocrx_word' id='word_1_333' title='bbox 494 2893 801 2934; x_wconf 73' lang='lat' dir='ltr'>‹:oustan¹,Epistol.</span> <span class='ocrx_word' id='word_1_334' title='bbox 817 2893 889 2924; x_wconf 75' lang='lat' dir='ltr'>RR.</span> <span class='ocrx_word' id='word_1_335' title='bbox 905 2892 1065 2932; x_wconf 65' lang='lat' dir='ltr'>Poncifli,</span> <span class='ocrx_word' id='word_1_336' title='bbox 1081 2893 1103 2923; x_wconf 92' lang='lat'>1.</span> 
     </span>
    </p>

    <p class='ocr_par' dir='ltr' id='par_1_12' title="bbox 155 2935 1103 3092">
     <span class='ocr_line' id='line_1_54' title="bbox 196 2935 1102 2976; baseline -0.002 -11"><span class='ocrx_word' id='word_1_337' title='bbox 196 2937 210 2959; x_wconf 82' lang='lat'>5</span> <span class='ocrx_word' id='word_1_338' title='bbox 232 2948 243 2965; x_wconf 80' lang='grc' dir='ltr'>α</span> <span class='ocrx_word' id='word_1_339' title='bbox 260 2938 407 2976; x_wconf 81' lang='lat' dir='ltr'>Sepulcra</span> <span class='ocrx_word' id='word_1_340' title='bbox 432 2938 476 2967; x_wconf 77' lang='lat' dir='ltr'>vel</span> <span class='ocrx_word' id='word_1_341' title='bbox 501 2937 539 2967; x_wconf 87' lang='lat' dir='ltr'>ob</span> <span class='ocrx_word' id='word_1_342' title='bbox 566 2937 782 2976; x_wconf 72' lang='lat' dir='ltr'>inscriptiones</span> <span class='ocrx_word' id='word_1_343' title='bbox 799 2939 828 2965; x_wconf 85' lang='lat' dir='ltr'>et</span> <span class='ocrx_word' id='word_1_344' title='bbox 845 2935 935 2973; x_wconf 71' lang='lat' dir='ltr'>signa</span> <span class='ocrx_word' id='word_1_345' title='bbox 952 2935 1102 2973; x_wconf 73' lang='lat' dir='ltr'>martyrii,</span> 
     </span>
     <span class='ocr_line' id='line_1_55' title="bbox 156 2975 1103 3017; baseline -0.003 -9"><span class='ocrx_word' id='word_1_346' title='bbox 156 2978 202 3009; x_wconf 85' lang='lat' dir='ltr'>vel</span> <span class='ocrx_word' id='word_1_347' title='bbox 227 2979 266 3008; x_wconf 90' lang='lat' dir='ltr'>ob</span> <span class='ocrx_word' id='word_1_348' title='bbox 290 2988 362 3009; x_wconf 86' lang='lat' dir='ltr'>ossa</span> <span class='ocrx_word' id='word_1_349' title='bbox 380 2982 545 3017; x_wconf 79' lang='lat' dir='ltr'>martyrum</span> <span class='ocrx_word' id='word_1_350' title='bbox 564 2978 675 3008; x_wconf 81' lang='lat' dir='ltr'>ibidem</span> <span class='ocrx_word' id='word_1_351' title='bbox 693 2978 793 3017; x_wconf 84' lang='lat' dir='ltr'>posita</span> <span class='ocrx_word' id='word_1_352' title='bbox 810 2980 961 3007; x_wconf 85' lang='lat' dir='ltr'>vocantur</span> <span class='ocrx_word' id='word_1_353' title='bbox 977 2975 1103 3006; x_wconf 78' lang='lat' dir='ltr'>Memo-</span> 
     </span>
     <span class='ocr_line' id='line_1_56' title="bbox 155 3017 1101 3061; baseline -0.002 -12"><span class='ocrx_word' id='word_1_354' title='bbox 155 3020 233 3050; x_wconf 78' lang='lat' dir='ltr'>riae</span> <span class='ocrx_word' id='word_1_355' title='bbox 250 3019 456 3061; x_wconf 76' lang='lat' dir='ltr'>Martyrum</span> <span class='ocrx_word' id='word_1_356' title='bbox 476 3032 501 3050; x_wconf 67' lang='grc' dir='ltr'>ι).</span> <span class='ocrx_word' id='word_1_357' title='bbox 521 3021 563 3050; x_wconf 85' lang='lat' dir='ltr'>lta</span> <span class='ocrx_word' id='word_1_358' title='bbox 582 3020 802 3057; x_wconf 77' lang='lat' dir='ltr'>Schelstraius‚</span> <span class='ocrx_word' id='word_1_359' title='bbox 820 3023 838 3049; x_wconf 87' lang='lat' dir='ltr'>t.</span> <span class='ocrx_word' id='word_1_360' title='bbox 858 3019 867 3048; x_wconf 94' lang='grc' dir='ltr'>Ι</span> <span class='ocrx_word' id='word_1_361' title='bbox 887 3017 1101 3057; x_wconf 75' lang='lat' dir='ltr'>Antiquital.</span> 
     </span>
     <span class='ocr_line' id='line_1_57' title="bbox 155 3062 327 3092; baseline -0.006 0"><span class='ocrx_word' id='word_1_362' title='bbox 155 3062 327 3092; x_wconf 72' lang='lat' dir='ltr'>illustrat.</span> 
     </span>
    </p>

    <p class='ocr_par' dir='ltr' id='par_1_13' title="bbox 156 3100 1101 3267">
     <span class='ocr_line' id='line_1_58' title="bbox 195 3100 1101 3134; baseline -0.004 0"><span class='ocrx_word' id='word_1_363' title='bbox 195 3104 210 3125; x_wconf 74' lang='grc' dir='ltr'><strong>ὓ</strong></span> <span class='ocrx_word' id='word_1_364' title='bbox 227 3105 267 3134; x_wconf 85' lang='lat' dir='ltr'>bc</span> <span class='ocrx_word' id='word_1_365' title='bbox 283 3103 381 3134; x_wconf 84' lang='lat' dir='ltr'>Felice</span> <span class='ocrx_word' id='word_1_366' title='bbox 399 3103 408 3132; x_wconf 90' lang='grc' dir='ltr'>Ι</span> <span class='ocrx_word' id='word_1_367' title='bbox 425 3111 544 3133; x_wconf 90' lang='lat' dir='ltr'>summo</span> <span class='ocrx_word' id='word_1_368' title='bbox 563 3103 707 3133; x_wconf 73' lang='lat' dir='ltr'>l‘ontiiicc</span> <span class='ocrx_word' id='word_1_369' title='bbox 723 3103 767 3133; x_wconf 80' lang='lat' dir='ltr'>sic</span> <span class='ocrx_word' id='word_1_370' title='bbox 784 3102 893 3132; x_wconf 78' lang='lat' dir='ltr'>scribit</span> <span class='ocrx_word' id='word_1_371' title='bbox 909 3100 1101 3131; x_wconf 74' lang='lat' dir='ltr'>Anastasius:</span> 
     </span>
     <span class='ocr_line' id='line_1_59' title="bbox 161 3143 1101 3183; baseline -0.001 -10"><span class='ocrx_word' id='word_1_372' title='bbox 161 3156 174 3173; x_wconf 71' lang='lat' dir='ltr'>a</span> <span class='ocrx_word' id='word_1_373' title='bbox 191 3146 242 3175; x_wconf 77' lang='lat' dir='ltr'>llic</span> <span class='ocrx_word' id='word_1_374' title='bbox 259 3145 414 3175; x_wconf 83' lang='lat' dir='ltr'>constituit</span> <span class='ocrx_word' id='word_1_375' title='bbox 430 3154 522 3183; x_wconf 75' lang='lat' dir='ltr'>supra</span> <span class='ocrx_word' id='word_1_376' title='bbox 536 3145 680 3183; x_wconf 75' lang='lat' dir='ltr'>scpulcra</span> <span class='ocrx_word' id='word_1_377' title='bbox 693 3148 745 3174; x_wconf 85' lang='lat' dir='ltr'>aut</span> <span class='ocrx_word' id='word_1_378' title='bbox 757 3143 922 3174; x_wconf 77' lang='lat' dir='ltr'>memorias</span> <span class='ocrx_word' id='word_1_379' title='bbox 935 3147 1101 3182; x_wconf 85' lang='lat' dir='ltr'>martyrum</span> 
     </span>
     <span class='ocr_line' id='line_1_60' title="bbox 156 3183 1101 3225; baseline -0.002 -8"><span class='ocrx_word' id='word_1_380' title='bbox 156 3187 266 3217; x_wconf 83' lang='lat' dir='ltr'>Missas</span> <span class='ocrx_word' id='word_1_381' title='bbox 289 3186 438 3216; x_wconf 73' lang='lat' dir='ltr'>celebrari</span> <span class='ocrx_word' id='word_1_382' title='bbox 456 3195 487 3220; x_wconf 70' lang='grc' dir='ltr'>»ις</span> <span class='ocrx_word' id='word_1_383' title='bbox 517 3198 528 3213; x_wconf 74' lang='grc' dir='ltr'>ιι</span> <span class='ocrx_word' id='word_1_384' title='bbox 546 3187 617 3225; x_wconf 78' lang='lat' dir='ltr'>quia</span> <span class='ocrx_word' id='word_1_385' title='bbox 636 3186 791 3223; x_wconf 73' lang='lat' dir='ltr'>fortassis,</span> <span class='ocrx_word' id='word_1_386' title='bbox 808 3185 910 3215; x_wconf 84' lang='lat' dir='ltr'>subdit</span> <span class='ocrx_word' id='word_1_387' title='bbox 927 3183 1101 3215; x_wconf 81' lang='lat' dir='ltr'>Cardinalis</span> 
     </span>
     <span class='ocr_line' id='line_1_61' title="bbox 156 3226 1101 3267; baseline -0.004 -7"><span class='ocrx_word' id='word_1_388' title='bbox 156 3229 240 3261; x_wconf 70' lang='lat' dir='ltr'>nona</span> <span class='ocrx_word' id='word_1_389' title='bbox 258 3228 352 3266; x_wconf 65' lang='lat' dir='ltr'>(Iter.</span> <span class='ocrx_word' id='word_1_390' title='bbox 372 3227 584 3267; x_wconf 55' lang='lat' dir='ltr'>Lim-ficar.</span> <span class='ocrx_word' id='word_1_391' title='bbox 603 3238 628 3258; x_wconf 79' lang='lat' dir='ltr'>c.</span> <span class='ocrx_word' id='word_1_392' title='bbox 646 3227 693 3265; x_wconf 70' lang='lat' dir='ltr'>w,</span> <span class='ocrx_word' id='word_1_393' title='bbox 711 3228 724 3266; x_wconf 64' lang='grc' dir='ltr'><strong>ζ</strong></span> <span class='ocrx_word' id='word_1_394' title='bbox 742 3228 783 3266; x_wconf 73' lang='grc'>5),</span> <span class='ocrx_word' id='word_1_395' title='bbox 798 3227 834 3257; x_wconf 83' lang='lat' dir='ltr'>dc</span> <span class='ocrx_word' id='word_1_396' title='bbox 852 3228 910 3257; x_wconf 90' lang='lat' dir='ltr'>boc</span> <span class='ocrx_word' id='word_1_397' title='bbox 925 3226 1025 3265; x_wconf 79' lang='lat' dir='ltr'>legcm</span> <span class='ocrx_word' id='word_1_398' title='bbox 1042 3226 1101 3257; x_wconf 83' lang='lat' dir='ltr'>cdi-</span> 
     </span>
    </p>
   </div>
   <div class='ocr_carea' id='block_1_6' title="bbox 246 2528 435 2535">
    <p class='ocr_par' dir='ltr' id='par_1_14' title="bbox 246 2528 435 2535">
     <span class='ocr_line' id='line_1_62' title="bbox 246 2528 435 2535; baseline 0 0"><span class='ocrx_word' id='word_1_399' title='bbox 246 2528 435 2535; x_wconf 95' lang='lat' dir='ltr'> </span> 
     </span>
    </p>
   </div>
   <div class='ocr_carea' id='block_1_7' title="bbox 1123 1566 1130 3246">
    <p class='ocr_par' dir='ltr' id='par_1_15' title="bbox 1123 1566 1130 3246">
     <span class='ocr_line' id='line_1_63' title="bbox 1123 1566 1130 3246; baseline 0 0"><span class='ocrx_word' id='word_1_400' title='bbox 1123 1566 1130 3246; x_wconf 95' lang='lat' dir='ltr'> </span> 
     </span>
    </p>
   </div>
   <div class='ocr_carea' id='block_1_8' title="bbox 662 150 1589 179">
    <p class='ocr_par' dir='ltr' id='par_1_16' title="bbox 662 150 1589 179">
     <span class='ocr_line' id='line_1_64' title="bbox 662 150 1589 179; baseline 0 0"><span class='ocrx_word' id='word_1_401' title='bbox 662 152 816 179; x_wconf 79' lang='lat' dir='ltr'>EPOCHA</span> <span class='ocrx_word' id='word_1_402' title='bbox 843 151 885 178; x_wconf 89' lang='lat'>11.</span> <span class='ocrx_word' id='word_1_403' title='bbox 914 151 942 177; x_wconf 76' lang='lat' dir='ltr'>A</span> <span class='ocrx_word' id='word_1_404' title='bbox 969 151 1108 177; x_wconf 80' lang='lat' dir='ltr'>MORTE</span> <span class='ocrx_word' id='word_1_405' title='bbox 1137 150 1168 178; x_wconf 90' lang='lat' dir='ltr'>S.</span> <span class='ocrx_word' id='word_1_406' title='bbox 1197 151 1363 178; x_wconf 87' lang='lat' dir='ltr'>IOANNIS</span> <span class='ocrx_word' id='word_1_407' title='bbox 1392 152 1589 179; x_wconf 80' lang='lat' dir='ltr'>APOSTOLI</span> 
     </span>
    </p>
   </div>
   <div class='ocr_carea' id='block_1_9' title="bbox 1147 215 2107 2292">
    <p class='ocr_par' dir='ltr' id='par_1_17' title="bbox 1147 215 2107 1116">
     <span class='ocr_line' id='line_1_65' title="bbox 1201 215 2097 267; baseline 0.004 -15"><span class='ocrx_word' id='word_1_408' title='bbox 1201 215 1241 253; x_wconf 82' lang='lat' dir='ltr'>S.</span> <span class='ocrx_word' id='word_1_409' title='bbox 1275 215 1573 264; x_wconf 74' lang='lat' dir='ltr'>Eutyehz&#39;anus</span> <span class='ocrx_word' id='word_1_410' title='bbox 1601 217 1801 267; x_wconf 73' lang='lat' dir='ltr'>Pontifex</span> <span class='ocrx_word' id='word_1_411' title='bbox 1817 239 1866 247; x_wconf 88' lang='lat'>—</span> <span class='ocrx_word' id='word_1_412' title='bbox 1883 219 1978 256; x_wconf 88' lang='lat' dir='ltr'>Post</span> <span class='ocrx_word' id='word_1_413' title='bbox 2007 229 2097 256; x_wconf 91' lang='lat' dir='ltr'>eum</span> 
     </span>
     <span class='ocr_line' id='line_1_66' title="bbox 1148 268 2098 321; baseline 0.004 -16"><span class='ocrx_word' id='word_1_414' title='bbox 1148 268 1366 306; x_wconf 88' lang='lat' dir='ltr'>Ecclesiam</span> <span class='ocrx_word' id='word_1_415' title='bbox 1394 281 1515 318; x_wconf 86' lang='lat' dir='ltr'>usque</span> <span class='ocrx_word' id='word_1_416' title='bbox 1543 270 1592 307; x_wconf 91' lang='lat' dir='ltr'>ad</span> <span class='ocrx_word' id='word_1_417' title='bbox 1622 282 1682 307; x_wconf 89' lang='lat' dir='ltr'>an.</span> <span class='ocrx_word' id='word_1_418' title='bbox 1717 271 1794 308; x_wconf 80' lang='lat'>283</span> <span class='ocrx_word' id='word_1_419' title='bbox 1812 272 2050 321; x_wconf 86' lang='lat' dir='ltr'>gubernavit</span> <span class='ocrx_word' id='word_1_420' title='bbox 2067 282 2098 309; x_wconf 82' lang='lat' dir='ltr'>S.</span> 
     </span>
     <span class='ocr_line' id='line_1_67' title="bbox 1147 321 2097 370; baseline 0.003 -12"><span class='ocrx_word' id='word_1_421' title='bbox 1147 321 1417 370; x_wconf 86' lang='lat' dir='ltr'>Eutychianus</span> <span class='ocrx_word' id='word_1_422' title='bbox 1430 352 1439 367; x_wconf 81' lang='lat'>,</span> <span class='ocrx_word' id='word_1_423' title='bbox 1459 323 1649 360; x_wconf 87' lang='lat' dir='ltr'>Lunensis</span> <span class='ocrx_word' id='word_1_424' title='bbox 1670 321 1898 363; x_wconf 87' lang='lat' dir='ltr'>Het&#39;ruscus.</span> <span class='ocrx_word' id='word_1_425' title='bbox 1913 346 1962 353; x_wconf 91' lang='lat'>—</span> <span class='ocrx_word' id='word_1_426' title='bbox 1975 326 2031 362; x_wconf 90' lang='lat' dir='ltr'>De</span> <span class='ocrx_word' id='word_1_427' title='bbox 2051 336 2097 362; x_wconf 89' lang='lat' dir='ltr'>eo</span> 
     </span>
     <span class='ocr_line' id='line_1_68' title="bbox 1147 373 2098 426; baseline 0.005 -16"><span class='ocrx_word' id='word_1_428' title='bbox 1147 373 1187 410; x_wconf 88' lang='lat' dir='ltr'>in</span> <span class='ocrx_word' id='word_1_429' title='bbox 1206 375 1328 412; x_wconf 73' lang='lat' dir='ltr'>Libro</span> <span class='ocrx_word' id='word_1_430' title='bbox 1349 376 1593 426; x_wconf 73' lang='lat' dir='ltr'>Pontz&#39;fiealz&#39;</span> <span class='ocrx_word' id='word_1_431' title='bbox 1610 376 1764 425; x_wconf 91' lang='lat' dir='ltr'>legitur,</span> <span class='ocrx_word' id='word_1_432' title='bbox 1784 377 2031 416; x_wconf 89' lang='lat' dir='ltr'>constituisse</span> <span class='ocrx_word' id='word_1_433' title='bbox 2053 379 2098 415; x_wconf 90' lang='lat' dir='ltr'>ut</span> 
     </span>
     <span class='ocr_line' id='line_1_69' title="bbox 1147 426 2099 478; baseline 0.006 -15"><span class='ocrx_word' id='word_1_434' title='bbox 1147 426 1292 476; x_wconf 85' lang='lat' dir='ltr'>fruges,</span> <span class='ocrx_word' id='word_1_435' title='bbox 1321 428 1434 466; x_wconf 87' lang='lat' dir='ltr'>fabae</span> <span class='ocrx_word' id='word_1_436' title='bbox 1464 432 1502 466; x_wconf 90' lang='lat' dir='ltr'>et</span> <span class='ocrx_word' id='word_1_437' title='bbox 1523 441 1622 466; x_wconf 87' lang='lat' dir='ltr'>uvae</span> <span class='ocrx_word' id='word_1_438' title='bbox 1641 440 1766 478; x_wconf 76' lang='lat' dir='ltr'>super</span> <span class='ocrx_word' id='word_1_439' title='bbox 1785 431 1955 468; x_wconf 77' lang='lat' dir='ltr'>Altaria</span> <span class='ocrx_word' id='word_1_440' title='bbox 1976 431 2099 469; x_wconf 90' lang='lat' dir='ltr'>bene-</span> 
     </span>
     <span class='ocr_line' id='line_1_70' title="bbox 1147 481 2098 530; baseline 0.005 -13"><span class='ocrx_word' id='word_1_441' title='bbox 1147 481 1385 528; x_wconf 89' lang='lat' dir='ltr'>dicerentur,</span> <span class='ocrx_word' id='word_1_442' title='bbox 1407 494 1481 519; x_wconf 90' lang='lat' dir='ltr'>non</span> <span class='ocrx_word' id='word_1_443' title='bbox 1503 483 1603 530; x_wconf 90' lang='lat' dir='ltr'>quod</span> <span class='ocrx_word' id='word_1_444' title='bbox 1625 482 1662 520; x_wconf 92' lang='lat' dir='ltr'>id</span> <span class='ocrx_word' id='word_1_445' title='bbox 1684 485 1775 520; x_wconf 84' lang='lat' dir='ltr'>ante</span> <span class='ocrx_word' id='word_1_446' title='bbox 1794 496 1870 520; x_wconf 92' lang='lat' dir='ltr'>non</span> <span class='ocrx_word' id='word_1_447' title='bbox 1885 484 2012 530; x_wconf 88' lang='lat' dir='ltr'>fieret,</span> <span class='ocrx_word' id='word_1_448' title='bbox 2028 484 2098 522; x_wconf 88' lang='lat' dir='ltr'>sed</span> 
     </span>
     <span class='ocr_line' id='line_1_71' title="bbox 1148 535 2098 582; baseline 0.002 -11"><span class='ocrx_word' id='word_1_449' title='bbox 1148 535 1248 582; x_wconf 90' lang='lat' dir='ltr'>quod</span> <span class='ocrx_word' id='word_1_450' title='bbox 1266 536 1434 573; x_wconf 89' lang='lat' dir='ltr'>nondum</span> <span class='ocrx_word' id='word_1_451' title='bbox 1447 536 1485 573; x_wconf 87' lang='lat' dir='ltr'>id</span> <span class='ocrx_word' id='word_1_452' title='bbox 1503 538 1604 573; x_wconf 90' lang='lat' dir='ltr'>esset</span> <span class='ocrx_word' id='word_1_453' title='bbox 1619 535 1820 573; x_wconf 86' lang='lat' dir='ltr'>sanctione</span> <span class='ocrx_word' id='word_1_454' title='bbox 1837 537 2098 575; x_wconf 76' lang='lat' dir='ltr'>decretumJn</span> 
     </span>
     <span class='ocr_line' id='line_1_72' title="bbox 1148 588 2098 639; baseline 0.003 -15"><span class='ocrx_word' id='word_1_455' title='bbox 1148 588 1284 625; x_wconf 90' lang='lat' dir='ltr'>eodem</span> <span class='ocrx_word' id='word_1_456' title='bbox 1309 589 1433 627; x_wconf 64' lang='lat' dir='ltr'>Libro</span> <span class='ocrx_word' id='word_1_457' title='bbox 1454 590 1712 638; x_wconf 76' lang='lat' dir='ltr'>Pontz&#39;fiealz&#39;,</span> <span class='ocrx_word' id='word_1_458' title='bbox 1734 590 1774 626; x_wconf 87' lang='lat' dir='ltr'>et</span> <span class='ocrx_word' id='word_1_459' title='bbox 1795 590 2098 639; x_wconf 70' lang='lat' dir='ltr'>Martyroloyio</span> 
     </span>
     <span class='ocr_line' id='line_1_73' title="bbox 1149 641 2097 692; baseline 0.002 -14"><span class='ocrx_word' id='word_1_460' title='bbox 1149 641 1338 679; x_wconf 75' lang='lat' dir='ltr'>Romano</span> <span class='ocrx_word' id='word_1_461' title='bbox 1358 642 1414 680; x_wconf 77' lang='lat' dir='ltr'>Vt</span> <span class='ocrx_word' id='word_1_462' title='bbox 1434 642 1520 680; x_wconf 88' lang='lat' dir='ltr'>idus</span> <span class='ocrx_word' id='word_1_463' title='bbox 1541 642 1759 680; x_wconf 88' lang='lat' dir='ltr'>decembris</span> <span class='ocrx_word' id='word_1_464' title='bbox 1780 641 1952 680; x_wconf 80' lang='lat' dir='ltr'>refertur</span> <span class='ocrx_word' id='word_1_465' title='bbox 1967 672 1977 688; x_wconf 87' lang='lat'>‚</span> <span class='ocrx_word' id='word_1_466' title='bbox 1994 644 2097 692; x_wconf 92' lang='lat' dir='ltr'>quod</span> 
     </span>
     <span class='ocr_line' id='line_1_74' title="bbox 1149 693 2096 744; baseline 0.003 -14"><span class='ocrx_word' id='word_1_467' title='bbox 1149 693 1229 742; x_wconf 90' lang='lat' dir='ltr'>ipse</span> <span class='ocrx_word' id='word_1_468' title='bbox 1263 695 1352 743; x_wconf 87' lang='lat' dir='ltr'>plus</span> <span class='ocrx_word' id='word_1_469' title='bbox 1385 707 1502 744; x_wconf 89' lang='lat' dir='ltr'>quam</span> <span class='ocrx_word' id='word_1_470' title='bbox 1535 695 1613 734; x_wconf 85' lang='lat'>300</span> <span class='ocrx_word' id='word_1_471' title='bbox 1647 698 1846 744; x_wconf 80' lang='lat' dir='ltr'>martyres</span> <span class='ocrx_word' id='word_1_472' title='bbox 1877 696 2096 743; x_wconf 86' lang='lat' dir='ltr'>tumularit,</span> 
     </span>
     <span class='ocr_line' id='line_1_75' title="bbox 1148 748 2096 798; baseline 0.002 -14"><span class='ocrx_word' id='word_1_473' title='bbox 1148 748 1433 797; x_wconf 89' lang='lat' dir='ltr'>mandaritque,</span> <span class='ocrx_word' id='word_1_474' title='bbox 1454 752 1498 786; x_wconf 91' lang='lat' dir='ltr'>ut</span> <span class='ocrx_word' id='word_1_475' title='bbox 1513 749 1691 798; x_wconf 89' lang='lat' dir='ltr'>deinceps</span> <span class='ocrx_word' id='word_1_476' title='bbox 1712 750 1936 797; x_wconf 87' lang='lat' dir='ltr'>martyrum</span> <span class='ocrx_word' id='word_1_477' title='bbox 1955 760 2096 798; x_wconf 86' lang='lat' dir='ltr'>corpo-</span> 
     </span>
     <span class='ocr_line' id='line_1_76' title="bbox 1148 801 2098 849; baseline 0.002 -12"><span class='ocrx_word' id='word_1_478' title='bbox 1148 812 1193 838; x_wconf 85' lang='lat' dir='ltr'>ra</span> <span class='ocrx_word' id='word_1_479' title='bbox 1212 801 1473 849; x_wconf 87' lang='lat' dir='ltr'>sepelirentur</span> <span class='ocrx_word' id='word_1_480' title='bbox 1501 814 1589 839; x_wconf 90' lang='lat' dir='ltr'>cum</span> <span class='ocrx_word' id='word_1_481' title='bbox 1618 803 1765 840; x_wconf 92' lang='lat' dir='ltr'>colobio</span> <span class='ocrx_word' id='word_1_482' title='bbox 1796 804 1863 840; x_wconf 88' lang='lat' dir='ltr'>aut</span> <span class='ocrx_word' id='word_1_483' title='bbox 1884 801 2098 840; x_wconf 86' lang='lat' dir='ltr'>dalmatica</span> 
     </span>
     <span class='ocr_line' id='line_1_77' title="bbox 1149 854 2096 905; baseline 0.002 -15"><span class='ocrx_word' id='word_1_484' title='bbox 1149 865 1346 902; x_wconf 85' lang='lat' dir='ltr'>purpurea</span> <span class='ocrx_word' id='word_1_485' title='bbox 1367 854 1393 901; x_wconf 83' lang='lat'>¹,</span> <span class='ocrx_word' id='word_1_486' title='bbox 1413 867 1511 905; x_wconf 89' lang='lat' dir='ltr'>quae</span> <span class='ocrx_word' id='word_1_487' title='bbox 1532 855 1811 893; x_wconf 66' lang='lat' dir='ltr'>forenteorum</span> <span class='ocrx_word' id='word_1_488' title='bbox 1831 855 2018 904; x_wconf 87' lang='lat' dir='ltr'>martyrii</span> <span class='ocrx_word' id='word_1_489' title='bbox 2032 855 2096 892; x_wconf 91' lang='lat' dir='ltr'>in-</span> 
     </span>
     <span class='ocr_line' id='line_1_78' title="bbox 1150 907 2098 957; baseline 0.002 -13"><span class='ocrx_word' id='word_1_490' title='bbox 1150 907 1272 952; x_wconf 87' lang='lat' dir='ltr'>dicia,</span> <span class='ocrx_word' id='word_1_491' title='bbox 1302 910 1346 945; x_wconf 89' lang='lat' dir='ltr'>ut</span> <span class='ocrx_word' id='word_1_492' title='bbox 1381 909 1553 957; x_wconf 79' lang='lat' dir='ltr'>explicat</span> <span class='ocrx_word' id='word_1_493' title='bbox 1589 909 1795 946; x_wconf 88' lang='lat' dir='ltr'>Bianchini</span> <span class='ocrx_word' id='word_1_494' title='bbox 1811 939 1821 955; x_wconf 95' lang='lat'>,</span> <span class='ocrx_word' id='word_1_495' title='bbox 1853 920 1942 946; x_wconf 91' lang='lat' dir='ltr'>cum</span> <span class='ocrx_word' id='word_1_496' title='bbox 1981 910 2098 946; x_wconf 86' lang='lat' dir='ltr'>antea</span> 
     </span>
     <span class='ocr_line' id='line_1_79' title="bbox 1149 959 2107 1016; baseline 0.002 -19"><span class='ocrx_word' id='word_1_497' title='bbox 1149 960 1359 1016; x_wconf 59' lang='lat' dir='ltr'>Christiani</span> <span class='ocrx_word' id='word_1_498' title='bbox 1380 974 1492 1000; x_wconf 90' lang='lat' dir='ltr'>sacra</span> <span class='ocrx_word' id='word_1_499' title='bbox 1504 968 1726 1011; x_wconf 87' lang='lat' dir='ltr'>martyrum</span> <span class='ocrx_word' id='word_1_500' title='bbox 1747 974 1911 1011; x_wconf 87' lang='lat' dir='ltr'>corpora</span> <span class='ocrx_word' id='word_1_501' title='bbox 1930 959 2107 1011; x_wconf 83' lang='lat' dir='ltr'>sepelire</span> 
     </span>
     <span class='ocr_line' id='line_1_80' title="bbox 1149 1015 2096 1064; baseline 0.002 -14"><span class='ocrx_word' id='word_1_502' title='bbox 1149 1015 1443 1053; x_wconf 87' lang='lat' dir='ltr'>consuevissent</span> <span class='ocrx_word' id='word_1_503' title='bbox 1472 1028 1560 1053; x_wconf 89' lang='lat' dir='ltr'>cum</span> <span class='ocrx_word' id='word_1_504' title='bbox 1580 1016 1710 1054; x_wconf 89' lang='lat' dir='ltr'>linteis</span> <span class='ocrx_word' id='word_1_505' title='bbox 1738 1027 1875 1053; x_wconf 90' lang='lat' dir='ltr'>eorum</span> <span class='ocrx_word' id='word_1_506' title='bbox 1902 1015 2096 1064; x_wconf 87' lang='lat' dir='ltr'>sanguine</span> 
     </span>
     <span class='ocr_line' id='line_1_81' title="bbox 1148 1066 1374 1116; baseline 0.009 -12"><span class='ocrx_word' id='word_1_507' title='bbox 1148 1068 1333 1116; x_wconf 88' lang='lat' dir='ltr'>respersis</span> <span class='ocrx_word' id='word_1_508' title='bbox 1347 1066 1374 1106; x_wconf 80' lang='lat'>‘·’.</span> 
     </span>
    </p>

    <p class='ocr_par' dir='ltr' id='par_1_18' title="bbox 1147 1121 2105 1917">
     <span class='ocr_line' id='line_1_82' title="bbox 1202 1121 2099 1172; baseline 0.001 -14"><span class='ocrx_word' id='word_1_509' title='bbox 1202 1122 1265 1159; x_wconf 79' lang='lat'>87.</span> <span class='ocrx_word' id='word_1_510' title='bbox 1283 1122 1444 1169; x_wconf 77' lang='lat' dir='ltr'>Manes,</span> <span class='ocrx_word' id='word_1_511' title='bbox 1461 1124 1630 1172; x_wconf 74' lang='lat' dir='ltr'>eiusque</span> <span class='ocrx_word' id='word_1_512' title='bbox 1644 1123 1888 1160; x_wconf 78' lang='lat' dir='ltr'>secta—Per</span> <span class='ocrx_word' id='word_1_513' title='bbox 1903 1122 2001 1160; x_wconf 88' lang='lat' dir='ltr'>hacc</span> <span class='ocrx_word' id='word_1_514' title='bbox 2012 1121 2099 1171; x_wconf 91' lang='lat' dir='ltr'>ipsa</span> 
     </span>
     <span class='ocr_line' id='line_1_83' title="bbox 1148 1175 2098 1224; baseline 0.001 -13"><span class='ocrx_word' id='word_1_515' title='bbox 1148 1176 1328 1223; x_wconf 88' lang='lat' dir='ltr'>tempora</span> <span class='ocrx_word' id='word_1_516' title='bbox 1356 1175 1652 1214; x_wconf 82' lang='lat' dir='ltr'>famosissimam</span> <span class='ocrx_word' id='word_1_517' title='bbox 1675 1178 1713 1214; x_wconf 88' lang='lat' dir='ltr'>et</span> <span class='ocrx_word' id='word_1_518' title='bbox 1733 1176 1811 1213; x_wconf 90' lang='lat' dir='ltr'>late</span> <span class='ocrx_word' id='word_1_519' title='bbox 1832 1175 1975 1223; x_wconf 90' lang='lat' dir='ltr'>diuque</span> <span class='ocrx_word' id='word_1_520' title='bbox 2004 1186 2098 1224; x_wconf 89' lang='lat' dir='ltr'>pro-</span> 
     </span>
     <span class='ocr_line' id='line_1_84' title="bbox 1149 1228 2096 1276; baseline 0.001 -12"><span class='ocrx_word' id='word_1_521' title='bbox 1149 1229 1334 1276; x_wconf 83' lang='lat' dir='ltr'>pagatam</span> <span class='ocrx_word' id='word_1_522' title='bbox 1355 1232 1502 1267; x_wconf 88' lang='lat' dir='ltr'>sectam</span> <span class='ocrx_word' id='word_1_523' title='bbox 1523 1230 1696 1267; x_wconf 87' lang='lat' dir='ltr'>condidit</span> <span class='ocrx_word' id='word_1_524' title='bbox 1716 1230 1854 1267; x_wconf 88' lang='lat' dir='ltr'>Manes</span> <span class='ocrx_word' id='word_1_525' title='bbox 1875 1240 1942 1266; x_wconf 90' lang='lat' dir='ltr'>seu</span> <span class='ocrx_word' id='word_1_526' title='bbox 1962 1228 2096 1267; x_wconf 90' lang='lat' dir='ltr'>Mani-</span> 
     </span>
     <span class='ocr_line' id='line_1_85' title="bbox 1148 1281 2096 1328; baseline 0 -10"><span class='ocrx_word' id='word_1_527' title='bbox 1148 1282 1306 1328; x_wconf 88' lang='lat' dir='ltr'>chaeus,</span> <span class='ocrx_word' id='word_1_528' title='bbox 1328 1283 1461 1321; x_wconf 88' lang='lat' dir='ltr'>Persa.</span> <span class='ocrx_word' id='word_1_529' title='bbox 1483 1284 1520 1320; x_wconf 93' lang='lat' dir='ltr'>Is</span> <span class='ocrx_word' id='word_1_530' title='bbox 1538 1283 1753 1321; x_wconf 86' lang='lat' dir='ltr'>doctrinam</span> <span class='ocrx_word' id='word_1_531' title='bbox 1769 1281 1986 1320; x_wconf 87' lang='lat' dir='ltr'>Zoroastris</span> <span class='ocrx_word' id='word_1_532' title='bbox 2004 1293 2096 1319; x_wconf 90' lang='lat' dir='ltr'>cum</span> 
     </span>
     <span class='ocr_line' id='line_1_86' title="bbox 1149 1335 2094 1374; baseline 0.001 -3"><span class='ocrx_word' id='word_1_533' title='bbox 1149 1335 1329 1373; x_wconf 84' lang='lat' dir='ltr'>doctrina</span> <span class='ocrx_word' id='word_1_534' title='bbox 1350 1336 1665 1374; x_wconf 87' lang='lat' dir='ltr'>Christianorum</span> <span class='ocrx_word' id='word_1_535' title='bbox 1687 1337 1862 1374; x_wconf 85' lang='lat' dir='ltr'>maxime</span> <span class='ocrx_word' id='word_1_536' title='bbox 1884 1335 2094 1373; x_wconf 86' lang='lat' dir='ltr'>Gnostico-</span> 
     </span>
     <span class='ocr_line' id='line_1_87' title="bbox 1148 1389 2095 1439; baseline 0 -13"><span class='ocrx_word' id='word_1_537' title='bbox 1148 1400 1236 1426; x_wconf 87' lang='lat' dir='ltr'>rum</span> <span class='ocrx_word' id='word_1_538' title='bbox 1253 1389 1469 1435; x_wconf 84' lang='lat' dir='ltr'>conferens‚</span> <span class='ocrx_word' id='word_1_539' title='bbox 1488 1403 1536 1428; x_wconf 79' lang='lat' dir='ltr'>ex</span> <span class='ocrx_word' id='word_1_540' title='bbox 1560 1393 1724 1439; x_wconf 85' lang='lat' dir='ltr'>utraque</span> <span class='ocrx_word' id='word_1_541' title='bbox 1745 1389 1946 1438; x_wconf 86' lang='lat' dir='ltr'>religionis</span> <span class='ocrx_word' id='word_1_542' title='bbox 1964 1390 2095 1438; x_wconf 87' lang='lat' dir='ltr'>syste-</span> 
     </span>
     <span class='ocr_line' id='line_1_88' title="bbox 1152 1442 2096 1492; baseline -0.001 -12"><span class='ocrx_word' id='word_1_543' title='bbox 1152 1454 1214 1480; x_wconf 89' lang='lat' dir='ltr'>ma</span> <span class='ocrx_word' id='word_1_544' title='bbox 1251 1443 1426 1481; x_wconf 83' lang='lat' dir='ltr'>confecit.</span> <span class='ocrx_word' id='word_1_545' title='bbox 1469 1444 1636 1492; x_wconf 89' lang='lat' dir='ltr'>Propter</span> <span class='ocrx_word' id='word_1_546' title='bbox 1665 1455 1807 1480; x_wconf 90' lang='lat' dir='ltr'>novam</span> <span class='ocrx_word' id='word_1_547' title='bbox 1837 1442 2067 1491; x_wconf 82' lang='lat' dir='ltr'>religionem</span> <span class='ocrx_word' id='word_1_548' title='bbox 2086 1472 2096 1488; x_wconf 93' lang='lat'>,</span> 
     </span>
     <span class='ocr_line' id='line_1_89' title="bbox 1150 1496 2100 1546; baseline -0.001 -13"><span class='ocrx_word' id='word_1_549' title='bbox 1150 1507 1353 1545; x_wconf 80' lang='lat' dir='ltr'>magorum</span> <span class='ocrx_word' id='word_1_550' title='bbox 1385 1509 1597 1546; x_wconf 86' lang='lat' dir='ltr'>regumque</span> <span class='ocrx_word' id='word_1_551' title='bbox 1629 1498 1839 1534; x_wconf 86' lang='lat' dir='ltr'>Persarum</span> <span class='ocrx_word' id='word_1_552' title='bbox 1869 1496 2002 1533; x_wconf 90' lang='lat' dir='ltr'>odium</span> <span class='ocrx_word' id='word_1_553' title='bbox 2033 1507 2100 1533; x_wconf 85' lang='lat' dir='ltr'>ex-</span> 
     </span>
     <span class='ocr_line' id='line_1_90' title="bbox 1150 1548 2097 1599; baseline 0 -13"><span class='ocrx_word' id='word_1_554' title='bbox 1150 1556 1283 1598; x_wconf 86' lang='lat' dir='ltr'>pertus</span> <span class='ocrx_word' id='word_1_555' title='bbox 1309 1552 1352 1587; x_wconf 65' lang='lat' dir='ltr'>‘et</span> <span class='ocrx_word' id='word_1_556' title='bbox 1381 1552 1429 1588; x_wconf 89' lang='lat' dir='ltr'>ad</span> <span class='ocrx_word' id='word_1_557' title='bbox 1459 1562 1593 1588; x_wconf 91' lang='lat' dir='ltr'>necem</span> <span class='ocrx_word' id='word_1_558' title='bbox 1623 1550 1840 1599; x_wconf 88' lang='lat' dir='ltr'>quaesitus,</span> <span class='ocrx_word' id='word_1_559' title='bbox 1859 1548 2036 1597; x_wconf 83' lang='lat' dir='ltr'>confugit</span> <span class='ocrx_word' id='word_1_560' title='bbox 2056 1548 2097 1586; x_wconf 89' lang='lat' dir='ltr'>in</span> 
     </span>
     <span class='ocr_line' id='line_1_91' title="bbox 1149 1602 2096 1652; baseline -0.001 -12"><span class='ocrx_word' id='word_1_561' title='bbox 1149 1602 1481 1652; x_wconf 85' lang='lat' dir='ltr'>Mesopotamiam.</span> <span class='ocrx_word' id='word_1_562' title='bbox 1500 1604 1570 1641; x_wconf 90' lang='lat' dir='ltr'>Hic</span> <span class='ocrx_word' id='word_1_563' title='bbox 1588 1616 1674 1641; x_wconf 90' lang='lat' dir='ltr'>cum</span> <span class='ocrx_word' id='word_1_564' title='bbox 1691 1616 1720 1641; x_wconf 90' lang='lat' dir='ltr'>s.</span> <span class='ocrx_word' id='word_1_565' title='bbox 1737 1603 1943 1648; x_wconf 74' lang='lat' dir='ltr'>Archelao,</span> <span class='ocrx_word' id='word_1_566' title='bbox 1960 1602 2096 1640; x_wconf 89' lang='lat' dir='ltr'>Casca-</span> 
     </span>
     <span class='ocr_line' id='line_1_92' title="bbox 1151 1655 2104 1706; baseline -0.002 -13"><span class='ocrx_word' id='word_1_567' title='bbox 1151 1667 1282 1693; x_wconf 89' lang='lat' dir='ltr'>rorum</span> <span class='ocrx_word' id='word_1_568' title='bbox 1304 1658 1495 1706; x_wconf 88' lang='lat' dir='ltr'>episcopo,</span> <span class='ocrx_word' id='word_1_569' title='bbox 1517 1669 1762 1706; x_wconf 83' lang='lat' dir='ltr'>congressus,</span> <span class='ocrx_word' id='word_1_570' title='bbox 1782 1655 1994 1705; x_wconf 88' lang='lat' dir='ltr'>impietatis</span> <span class='ocrx_word' id='word_1_571' title='bbox 2014 1667 2104 1692; x_wconf 89' lang='lat' dir='ltr'>con-</span> 
     </span>
     <span class='ocr_line' id='line_1_93' title="bbox 1150 1710 2105 1760; baseline -0.001 -13"><span class='ocrx_word' id='word_1_572' title='bbox 1150 1710 1282 1748; x_wconf 81' lang='lat' dir='ltr'>victus</span> <span class='ocrx_word' id='word_1_573' title='bbox 1303 1713 1491 1759; x_wconf 89' lang='lat' dir='ltr'>tantoque</span> <span class='ocrx_word' id='word_1_574' title='bbox 1511 1711 1660 1760; x_wconf 88' lang='lat' dir='ltr'>pudore</span> <span class='ocrx_word' id='word_1_575' title='bbox 1680 1710 1852 1747; x_wconf 85' lang='lat' dir='ltr'>suffusus</span> <span class='ocrx_word' id='word_1_576' title='bbox 1872 1711 1949 1755; x_wconf 89' lang='lat' dir='ltr'>est,</span> <span class='ocrx_word' id='word_1_577' title='bbox 1968 1710 2014 1746; x_wconf 88' lang='lat' dir='ltr'>ut</span> <span class='ocrx_word' id='word_1_578' title='bbox 2027 1720 2105 1746; x_wconf 90' lang='lat' dir='ltr'>me-</span> 
     </span>
     <span class='ocr_line' id='line_1_94' title="bbox 1148 1762 2104 1813; baseline -0.002 -12"><span class='ocrx_word' id='word_1_579' title='bbox 1148 1765 1265 1801; x_wconf 88' lang='lat' dir='ltr'>tuens</span> <span class='ocrx_word' id='word_1_580' title='bbox 1296 1765 1335 1801; x_wconf 92' lang='lat' dir='ltr'>in</span> <span class='ocrx_word' id='word_1_581' title='bbox 1356 1764 1484 1801; x_wconf 88' lang='lat' dir='ltr'>lucem</span> <span class='ocrx_word' id='word_1_582' title='bbox 1507 1764 1674 1813; x_wconf 87' lang='lat' dir='ltr'>amplius</span> <span class='ocrx_word' id='word_1_583' title='bbox 1695 1763 1850 1813; x_wconf 85' lang='lat' dir='ltr'>prodire</span> <span class='ocrx_word' id='word_1_584' title='bbox 1868 1792 1878 1809; x_wconf 93' lang='lat'>,</span> <span class='ocrx_word' id='word_1_585' title='bbox 1898 1762 2104 1800; x_wconf 86' lang='lat' dir='ltr'>Persidem</span> 
     </span>
     <span class='ocr_line' id='line_1_95' title="bbox 1150 1814 2104 1866; baseline 0 -13"><span class='ocrx_word' id='word_1_586' title='bbox 1150 1817 1363 1866; x_wconf 87' lang='lat' dir='ltr'>repetierit.</span> <span class='ocrx_word' id='word_1_587' title='bbox 1379 1818 1679 1856; x_wconf 86' lang='lat' dir='ltr'>Tandemiussu</span> <span class='ocrx_word' id='word_1_588' title='bbox 1698 1816 1800 1866; x_wconf 86' lang='lat' dir='ltr'>regis</span> <span class='ocrx_word' id='word_1_589' title='bbox 1818 1819 1954 1865; x_wconf 87' lang='lat' dir='ltr'>captus</span> <span class='ocrx_word' id='word_1_590' title='bbox 1973 1817 2012 1853; x_wconf 91' lang='lat' dir='ltr'>et</span> <span class='ocrx_word' id='word_1_591' title='bbox 2025 1814 2104 1865; x_wconf 88' lang='lat' dir='ltr'>pel·</span> 
     </span>
     <span class='ocr_line' id='line_1_96' title="bbox 1147 1870 1906 1917; baseline 0 -11"><span class='ocrx_word' id='word_1_592' title='bbox 1147 1870 1183 1907; x_wconf 87' lang='lat' dir='ltr'>le</span> <span class='ocrx_word' id='word_1_593' title='bbox 1205 1870 1322 1908; x_wconf 83' lang='lat' dir='ltr'>vivus</span> <span class='ocrx_word' id='word_1_594' title='bbox 1343 1874 1498 1917; x_wconf 84' lang='lat' dir='ltr'>exutus,</span> <span class='ocrx_word' id='word_1_595' title='bbox 1519 1870 1616 1908; x_wconf 85' lang='lat' dir='ltr'>feris</span> <span class='ocrx_word' id='word_1_596' title='bbox 1637 1870 1814 1908; x_wconf 87' lang='lat' dir='ltr'>obiectus</span> <span class='ocrx_word' id='word_1_597' title='bbox 1836 1872 1906 1907; x_wconf 92' lang='lat' dir='ltr'>est.</span> 
     </span>
    </p>

    <p class='ocr_par' dir='ltr' id='par_1_19' title="bbox 1147 1923 2100 2292">
     <span class='ocr_line' id='line_1_97' title="bbox 1199 1923 2100 1962; baseline -0.001 -2"><span class='ocrx_word' id='word_1_598' title='bbox 1199 1923 1369 1962; x_wconf 87' lang='lat' dir='ltr'>Manetis</span> <span class='ocrx_word' id='word_1_599' title='bbox 1396 1925 1572 1962; x_wconf 87' lang='lat' dir='ltr'>doctrina</span> <span class='ocrx_word' id='word_1_600' title='bbox 1600 1923 1818 1961; x_wconf 78' lang='lat' dir='ltr'>theoretica</span> <span class='ocrx_word' id='word_1_601' title='bbox 1839 1923 1888 1960; x_wconf 90' lang='lat' dir='ltr'>ad</span> <span class='ocrx_word' id='word_1_602' title='bbox 1909 1923 2006 1960; x_wconf 90' lang='lat' dir='ltr'>haec</span> <span class='ocrx_word' id='word_1_603' title='bbox 2027 1933 2100 1959; x_wconf 89' lang='lat' dir='ltr'>ca-</span> 
     </span>
     <span class='ocr_line' id='line_1_98' title="bbox 1147 1976 2100 2025; baseline 0 -12"><span class='ocrx_word' id='word_1_604' title='bbox 1147 1976 1228 2025; x_wconf 88' lang='lat' dir='ltr'>pita</span> <span class='ocrx_word' id='word_1_605' title='bbox 1255 1977 1480 2015; x_wconf 85' lang='lat' dir='ltr'>reducitur:</span> <span class='ocrx_word' id='word_1_606' title='bbox 1511 1978 1596 2015; x_wconf 88' lang='lat' dir='ltr'>Duo</span> <span class='ocrx_word' id='word_1_607' title='bbox 1624 1978 1672 2014; x_wconf 86' lang='lat' dir='ltr'>ab</span> <span class='ocrx_word' id='word_1_608' title='bbox 1693 1978 1854 2014; x_wconf 87' lang='lat' dir='ltr'>aeterno</span> <span class='ocrx_word' id='word_1_609' title='bbox 1877 1977 2100 2014; x_wconf 81' lang='lat' dir='ltr'>extiterunt</span> 
     </span>
     <span class='ocr_line' id='line_1_99' title="bbox 1148 2029 2099 2079; baseline 0 -13"><span class='ocrx_word' id='word_1_610' title='bbox 1148 2030 1349 2079; x_wconf 88' lang='lat' dir='ltr'>principia,</span> <span class='ocrx_word' id='word_1_611' title='bbox 1384 2043 1503 2068; x_wconf 89' lang='lat' dir='ltr'>unum</span> <span class='ocrx_word' id='word_1_612' title='bbox 1533 2033 1678 2068; x_wconf 89' lang='lat' dir='ltr'>natura</span> <span class='ocrx_word' id='word_1_613' title='bbox 1707 2041 1777 2067; x_wconf 83' lang='lat' dir='ltr'>sua</span> <span class='ocrx_word' id='word_1_614' title='bbox 1805 2030 1966 2075; x_wconf 90' lang='lat' dir='ltr'>bonum,</span> <span class='ocrx_word' id='word_1_615' title='bbox 1995 2029 2099 2078; x_wconf 91' lang='lat' dir='ltr'>quod</span> 
     </span>
     <span class='ocr_line' id='line_1_100' title="bbox 1148 2083 2098 2133; baseline 0 -14"><span class='ocrx_word' id='word_1_616' title='bbox 1148 2083 1288 2120; x_wconf 88' lang='lat' dir='ltr'>dicitur</span> <span class='ocrx_word' id='word_1_617' title='bbox 1319 2084 1435 2129; x_wconf 88' lang='lat' dir='ltr'>Deus,</span> <span class='ocrx_word' id='word_1_618' title='bbox 1464 2084 1574 2133; x_wconf 85' lang='lat' dir='ltr'>regni</span> <span class='ocrx_word' id='word_1_619' title='bbox 1594 2084 1692 2121; x_wconf 88' lang='lat' dir='ltr'>lucis</span> <span class='ocrx_word' id='word_1_620' title='bbox 1714 2084 1910 2128; x_wconf 88' lang='lat' dir='ltr'>dominus,</span> <span class='ocrx_word' id='word_1_621' title='bbox 1931 2083 1999 2120; x_wconf 82' lang='lat' dir='ltr'>lux</span> <span class='ocrx_word' id='word_1_622' title='bbox 2020 2094 2098 2131; x_wconf 91' lang='lat' dir='ltr'>pu-</span> 
     </span>
     <span class='ocr_line' id='line_1_101' title="bbox 1150 2137 2096 2183; baseline -0.001 -10"><span class='ocrx_word' id='word_1_623' title='bbox 1150 2137 1318 2183; x_wconf 88' lang='lat' dir='ltr'>rissima,</span> <span class='ocrx_word' id='word_1_624' title='bbox 1347 2149 1423 2174; x_wconf 92' lang='lat' dir='ltr'>non</span> <span class='ocrx_word' id='word_1_625' title='bbox 1454 2138 1627 2175; x_wconf 87' lang='lat' dir='ltr'>sensibus</span> <span class='ocrx_word' id='word_1_626' title='bbox 1658 2137 1723 2174; x_wconf 86' lang='lat' dir='ltr'>sed</span> <span class='ocrx_word' id='word_1_627' title='bbox 1754 2137 1910 2174; x_wconf 87' lang='lat' dir='ltr'>ratione</span> <span class='ocrx_word' id='word_1_628' title='bbox 1940 2139 2096 2174; x_wconf 89' lang='lat' dir='ltr'>tantum</span> 
     </span>
     <span class='ocr_line' id='line_1_102' title="bbox 1149 2188 2100 2239; baseline 0 -13"><span class='ocrx_word' id='word_1_629' title='bbox 1149 2190 1409 2239; x_wconf 88' lang='lat' dir='ltr'>percipienda,</span> <span class='ocrx_word' id='word_1_630' title='bbox 1432 2202 1501 2239; x_wconf 87' lang='lat' dir='ltr'>per</span> <span class='ocrx_word' id='word_1_631' title='bbox 1521 2193 1647 2228; x_wconf 88' lang='lat' dir='ltr'>totum</span> <span class='ocrx_word' id='word_1_632' title='bbox 1667 2202 1783 2227; x_wconf 89' lang='lat' dir='ltr'>suum</span> <span class='ocrx_word' id='word_1_633' title='bbox 1804 2201 1972 2239; x_wconf 85' lang='lat' dir='ltr'>regnum</span> <span class='ocrx_word' id='word_1_634' title='bbox 1989 2188 2100 2226; x_wconf 87' lang='lat' dir='ltr'>diffu-</span> 
     </span>
     <span class='ocr_line' id='line_1_103' title="bbox 1147 2243 2096 2292; baseline -0.001 -11"><span class='ocrx_word' id='word_1_635' title='bbox 1147 2255 1215 2290; x_wconf 82' lang='lat' dir='ltr'>sa3</span> <span class='ocrx_word' id='word_1_636' title='bbox 1245 2243 1413 2281; x_wconf 86' lang='lat' dir='ltr'>alterum</span> <span class='ocrx_word' id='word_1_637' title='bbox 1444 2246 1588 2282; x_wconf 89' lang='lat' dir='ltr'>natura</span> <span class='ocrx_word' id='word_1_638' title='bbox 1608 2256 1680 2282; x_wconf 89' lang='lat' dir='ltr'>sua</span> <span class='ocrx_word' id='word_1_639' title='bbox 1699 2244 1848 2281; x_wconf 89' lang='lat' dir='ltr'>malum</span> <span class='ocrx_word' id='word_1_640' title='bbox 1868 2247 1909 2281; x_wconf 89' lang='lat' dir='ltr'>et</span> <span class='ocrx_word' id='word_1_641' title='bbox 1929 2255 1950 2280; x_wconf 88' lang='lat' dir='ltr'>e</span> <span class='ocrx_word' id='word_1_642' title='bbox 1970 2253 2096 2292; x_wconf 89' lang='lat' dir='ltr'>prava</span> 
     </span>
    </p>
   </div>
   <div class='ocr_carea' id='block_1_10' title="bbox 1146 2389 2105 3264">
    <p class='ocr_par' dir='ltr' id='par_1_20' title="bbox 1146 2389 2105 2805">
     <span class='ocr_line' id='line_1_104' title="bbox 1149 2389 2101 2430; baseline -0.001 -9"><span class='ocrx_word' id='word_1_643' title='bbox 1149 2391 1202 2429; x_wconf 81' lang='lat' dir='ltr'>dit,</span> <span class='ocrx_word' id='word_1_644' title='bbox 1221 2401 1258 2421; x_wconf 81' lang='lat' dir='ltr'>nc</span> <span class='ocrx_word' id='word_1_645' title='bbox 1275 2391 1364 2421; x_wconf 67' lang='lat' dir='ltr'>aliter</span> <span class='ocrx_word' id='word_1_646' title='bbox 1383 2390 1446 2421; x_wconf 81' lang='lat' dir='ltr'>sieri</span> <span class='ocrx_word' id='word_1_647' title='bbox 1466 2394 1599 2430; x_wconf 79' lang='lat' dir='ltr'>possein.</span> <span class='ocrx_word' id='word_1_648' title='bbox 1617 2390 1699 2421; x_wconf 84' lang='lat' dir='ltr'>idem</span> <span class='ocrx_word' id='word_1_649' title='bbox 1717 2390 1807 2421; x_wconf 86' lang='lat' dir='ltr'>sentit</span> <span class='ocrx_word' id='word_1_650' title='bbox 1823 2389 1915 2421; x_wconf 86' lang='lat' dir='ltr'>ctiam</span> <span class='ocrx_word' id='word_1_651' title='bbox 1931 2389 2101 2420; x_wconf 83' lang='lat' dir='ltr'>Tillemon-</span> 
     </span>
     <span class='ocr_line' id='line_1_105' title="bbox 1149 2430 2103 2472; baseline -0.001 -9"><span class='ocrx_word' id='word_1_652' title='bbox 1149 2434 1217 2463; x_wconf 90' lang='lat' dir='ltr'>tius.</span> <span class='ocrx_word' id='word_1_653' title='bbox 1238 2433 1387 2463; x_wconf 75' lang='lat' dir='ltr'>Rarouius</span> <span class='ocrx_word' id='word_1_654' title='bbox 1405 2441 1537 2472; x_wconf 74' lang='lat' dir='ltr'>quoquc,</span> <span class='ocrx_word' id='word_1_655' title='bbox 1554 2433 1611 2462; x_wconf 87' lang='lat' dir='ltr'>bac</span> <span class='ocrx_word' id='word_1_656' title='bbox 1628 2431 1667 2462; x_wconf 85' lang='lat' dir='ltr'>de</span> <span class='ocrx_word' id='word_1_657' title='bbox 1685 2442 1717 2463; x_wconf 88' lang='lat' dir='ltr'>rc</span> <span class='ocrx_word' id='word_1_658' title='bbox 1734 2432 1903 2469; x_wconf 85' lang='lat' dir='ltr'>disserens,</span> <span class='ocrx_word' id='word_1_659' title='bbox 1923 2431 1961 2461; x_wconf 89' lang='lat' dir='ltr'>ad</span> <span class='ocrx_word' id='word_1_660' title='bbox 1979 2430 2103 2468; x_wconf 69' lang='lat' dir='ltr'>an275,</span> 
     </span>
     <span class='ocr_line' id='line_1_106' title="bbox 1149 2471 2105 2512; baseline -0.002 -7"><span class='ocrx_word' id='word_1_661' title='bbox 1149 2484 1174 2505; x_wconf 90' lang='lat' dir='ltr'>n.</span> <span class='ocrx_word' id='word_1_662' title='bbox 1193 2475 1223 2512; x_wconf 60' lang='lat'>⁹2,</span> <span class='ocrx_word' id='word_1_663' title='bbox 1244 2476 1273 2505; x_wconf 90' lang='lat' dir='ltr'>in</span> <span class='ocrx_word' id='word_1_664' title='bbox 1297 2474 1425 2504; x_wconf 81' lang='lat' dir='ltr'>candem</span> <span class='ocrx_word' id='word_1_665' title='bbox 1444 2475 1524 2504; x_wconf 81' lang='lat' dir='ltr'>veuit</span> <span class='ocrx_word' id='word_1_666' title='bbox 1542 2475 1741 2504; x_wconf 73' lang='lat' dir='ltr'>senteutiam:</span> <span class='ocrx_word' id='word_1_667' title='bbox 1758 2472 1944 2504; x_wconf 77' lang='lat' dir='ltr'>Eiusmodi</span> <span class='ocrx_word' id='word_1_668' title='bbox 1959 2471 2105 2503; x_wconf 78' lang='lat' dir='ltr'>institu-</span> 
     </span>
     <span class='ocr_line' id='line_1_107' title="bbox 1150 2513 2105 2555; baseline 0 -9"><span class='ocrx_word' id='word_1_669' title='bbox 1150 2516 1278 2547; x_wconf 75' lang='lat' dir='ltr'>tionem</span> <span class='ocrx_word' id='word_1_670' title='bbox 1295 2517 1392 2555; x_wconf 77' lang='lat' dir='ltr'>lonye</span> <span class='ocrx_word' id='word_1_671' title='bbox 1410 2521 1492 2546; x_wconf 71' lang='lat' dir='ltr'>ante</span> <span class='ocrx_word' id='word_1_672' title='bbox 1507 2515 1630 2545; x_wconf 70' lang='lat' dir='ltr'>Felicis</span> <span class='ocrx_word' id='word_1_673' title='bbox 1645 2515 1765 2555; x_wconf 78' lang='lat' dir='ltr'>Papae</span> <span class='ocrx_word' id='word_1_674' title='bbox 1780 2521 1935 2555; x_wconf 78' lang='lat' dir='ltr'>tempora</span> <span class='ocrx_word' id='word_1_675' title='bbox 1948 2513 2105 2546; x_wconf 77' lang='lat' dir='ltr'>Ecclesia</span> 
     </span>
     <span class='ocr_line' id='line_1_108' title="bbox 1146 2555 2104 2596; baseline -0.003 -7"><span class='ocrx_word' id='word_1_676' title='bbox 1146 2559 1214 2589; x_wconf 80' lang='lat' dir='ltr'>sibi</span> <span class='ocrx_word' id='word_1_677' title='bbox 1230 2557 1389 2588; x_wconf 76' lang='lat' dir='ltr'>vindicat</span> <span class='ocrx_word' id='word_1_678' title='bbox 1392 2582 1449 2588; x_wconf 38' lang='lat'>......</span> <span class='ocrx_word' id='word_1_679' title='bbox 1464 2557 1590 2587; x_wconf 80' lang='lat' dir='ltr'>Felicis</span> <span class='ocrx_word' id='word_1_680' title='bbox 1605 2567 1685 2596; x_wconf 74' lang='lat' dir='ltr'>eryo</span> <span class='ocrx_word' id='word_1_681' title='bbox 1702 2558 1880 2588; x_wconf 76' lang='lat' dir='ltr'>decretum</span> <span class='ocrx_word' id='word_1_682' title='bbox 1892 2555 2104 2587; x_wconf 76' lang='lat' dir='ltr'>stabilivisse</span> 
     </span>
     <span class='ocr_line' id='line_1_109' title="bbox 1148 2597 2104 2638; baseline -0.004 -7"><span class='ocrx_word' id='word_1_683' title='bbox 1148 2600 1300 2636; x_wconf 71' lang='lat' dir='ltr'>ridetur,</span> <span class='ocrx_word' id='word_1_684' title='bbox 1325 2600 1415 2638; x_wconf 76' lang='lat' dir='ltr'>qnod</span> <span class='ocrx_word' id='word_1_685' title='bbox 1439 2599 1567 2638; x_wconf 78' lang='lat' dir='ltr'>absque</span> <span class='ocrx_word' id='word_1_686' title='bbox 1589 2599 1722 2638; x_wconf 71' lang='lat' dir='ltr'>scripto</span> <span class='ocrx_word' id='word_1_687' title='bbox 1745 2608 1888 2634; x_wconf 74' lang='lat' dir='ltr'>canone,</span> <span class='ocrx_word' id='word_1_688' title='bbox 1907 2597 2104 2629; x_wconf 78' lang='lat' dir='ltr'>traditione</span> 
     </span>
     <span class='ocr_line' id='line_1_110' title="bbox 1150 2638 2103 2680; baseline -0.003 -8"><span class='ocrx_word' id='word_1_689' title='bbox 1150 2647 1288 2672; x_wconf 72' lang='lat' dir='ltr'>tantum</span> <span class='ocrx_word' id='word_1_690' title='bbox 1317 2640 1531 2680; x_wconf 73' lang='lat' dir='ltr'>simpliciter</span> <span class='ocrx_word' id='word_1_691' title='bbox 1554 2646 1771 2672; x_wconf 69' lang='lat' dir='ltr'>servaretur.</span> <span class='ocrx_word' id='word_1_692' title='bbox 1794 2642 1895 2678; x_wconf 82' lang='lat' dir='ltr'>Quare</span> <span class='ocrx_word' id='word_1_693' title='bbox 1919 2639 1958 2670; x_wconf 85' lang='lat' dir='ltr'>ad</span> <span class='ocrx_word' id='word_1_694' title='bbox 1980 2647 2029 2670; x_wconf 86' lang='lat' dir='ltr'>an.</span> <span class='ocrx_word' id='word_1_695' title='bbox 2053 2638 2103 2675; x_wconf 85' lang='grc'>57,</span> 
     </span>
     <span class='ocr_line' id='line_1_111' title="bbox 1146 2681 2102 2722; baseline -0.002 -8"><span class='ocrx_word' id='word_1_696' title='bbox 1146 2693 1175 2714; x_wconf 88' lang='lat' dir='ltr'>n.</span> <span class='ocrx_word' id='word_1_697' title='bbox 1194 2683 1263 2721; x_wconf 76' lang='lat'>105,</span> <span class='ocrx_word' id='word_1_698' title='bbox 1286 2683 1396 2722; x_wconf 80' lang='lat' dir='ltr'>iuquit:</span> <span class='ocrx_word' id='word_1_699' title='bbox 1425 2681 1508 2713; x_wconf 74' lang='lat' dir='ltr'>Cum</span> <span class='ocrx_word' id='word_1_700' title='bbox 1532 2682 1676 2713; x_wconf 76' lang='lat' dir='ltr'>Altaria</span> <span class='ocrx_word' id='word_1_701' title='bbox 1700 2688 1812 2713; x_wconf 69' lang='lat' dir='ltr'>essent</span> <span class='ocrx_word' id='word_1_702' title='bbox 1827 2681 1991 2722; x_wconf 81' lang='lat' dir='ltr'>sepulcra</span> <span class='ocrx_word' id='word_1_703' title='bbox 2005 2689 2102 2712; x_wconf 74' lang='lat' dir='ltr'>mar-</span> 
     </span>
     <span class='ocr_line' id='line_1_112' title="bbox 1147 2721 2104 2766; baseline -0.003 -11"><span class='ocrx_word' id='word_1_704' title='bbox 1147 2731 1284 2766; x_wconf 74' lang='lat' dir='ltr'>tyrum,</span> <span class='ocrx_word' id='word_1_705' title='bbox 1314 2724 1520 2762; x_wconf 71' lang='lat' dir='ltr'>ubicumque</span> <span class='ocrx_word' id='word_1_706' title='bbox 1548 2730 1633 2754; x_wconf 64' lang='lat' dir='ltr'>esset</span> <span class='ocrx_word' id='word_1_707' title='bbox 1658 2729 1804 2766; x_wconf 79' lang='lat' dir='ltr'>martyr</span> <span class='ocrx_word' id='word_1_708' title='bbox 1826 2723 2006 2761; x_wconf 71' lang='lat' dir='ltr'>conditus,</span> <span class='ocrx_word' id='word_1_709' title='bbox 2028 2721 2104 2753; x_wconf 82' lang='lat' dir='ltr'>illic</span> 
     </span>
     <span class='ocr_line' id='line_1_113' title="bbox 1147 2765 2056 2805; baseline -0.004 -7"><span class='ocrx_word' id='word_1_710' title='bbox 1147 2768 1266 2798; x_wconf 73' lang='lat' dir='ltr'>Alcare</span> <span class='ocrx_word' id='word_1_711' title='bbox 1282 2765 1374 2805; x_wconf 71' lang='lat' dir='ltr'>eriyi</span> <span class='ocrx_word' id='word_1_712' title='bbox 1389 2765 1574 2795; x_wconf 67' lang='lat' dir='ltr'>consuevit.</span> <span class='ocrx_word' id='word_1_713' title='bbox 2049 2789 2056 2798; x_wconf 86' lang='lat'><em>.</em></span> 
     </span>
    </p>

    <p class='ocr_par' dir='ltr' id='par_1_21' title="bbox 1146 2805 2103 3180">
     <span class='ocr_line' id='line_1_114' title="bbox 1190 2805 2102 2838; baseline -0.002 -1"><span class='ocrx_word' id='word_1_714' title='bbox 1190 2808 1342 2837; x_wconf 74' lang='lat' dir='ltr'>¹(Iolubia</span> <span class='ocrx_word' id='word_1_715' title='bbox 1367 2811 1396 2837; x_wconf 78' lang='lat' dir='ltr'>et</span> <span class='ocrx_word' id='word_1_716' title='bbox 1419 2807 1602 2837; x_wconf 74' lang='lat' dir='ltr'>dalmaticae</span> <span class='ocrx_word' id='word_1_717' title='bbox 1625 2810 1714 2838; x_wconf 85' lang='lat' dir='ltr'>erant</span> <span class='ocrx_word' id='word_1_718' title='bbox 1738 2807 1860 2837; x_wconf 83' lang='lat' dir='ltr'>tunicae</span> <span class='ocrx_word' id='word_1_719' title='bbox 1885 2805 2010 2837; x_wconf 76' lang='lat' dir='ltr'>talares.</span> <span class='ocrx_word' id='word_1_720' title='bbox 2038 2805 2102 2836; x_wconf 84' lang='lat' dir='ltr'>Hoc</span> 
     </span>
     <span class='ocr_line' id='line_1_115' title="bbox 1147 2846 2101 2887; baseline -0.002 -8"><span class='ocrx_word' id='word_1_721' title='bbox 1147 2853 1247 2880; x_wconf 86' lang='lat' dir='ltr'>autem</span> <span class='ocrx_word' id='word_1_722' title='bbox 1271 2849 1428 2879; x_wconf 83' lang='lat' dir='ltr'>distabant</span> <span class='ocrx_word' id='word_1_723' title='bbox 1444 2848 1628 2879; x_wconf 79' lang='lat' dir='ltr'>dalmaticae</span> <span class='ocrx_word' id='word_1_724' title='bbox 1645 2858 1662 2879; x_wconf 86' lang='lat' dir='ltr'>a</span> <span class='ocrx_word' id='word_1_725' title='bbox 1679 2849 1790 2879; x_wconf 87' lang='lat' dir='ltr'>tunicis</span> <span class='ocrx_word' id='word_1_726' title='bbox 1806 2851 1837 2879; x_wconf 85' lang='lat' dir='ltr'>et</span> <span class='ocrx_word' id='word_1_727' title='bbox 1851 2847 1981 2879; x_wconf 87' lang='lat' dir='ltr'>colobiis</span> <span class='ocrx_word' id='word_1_728' title='bbox 1993 2871 2001 2884; x_wconf 92' lang='lat'>‚</span> <span class='ocrx_word' id='word_1_729' title='bbox 2017 2846 2101 2887; x_wconf 85' lang='lat' dir='ltr'>quod</span> 
     </span>
     <span class='ocr_line' id='line_1_116' title="bbox 1146 2889 2102 2929; baseline -0.001 -10"><span class='ocrx_word' id='word_1_730' title='bbox 1146 2891 1318 2922; x_wconf 80' lang='lat' dir='ltr'>dalmaticis</span> <span class='ocrx_word' id='word_1_731' title='bbox 1344 2891 1465 2929; x_wconf 77' lang='lat' dir='ltr'>amplae</span> <span class='ocrx_word' id='word_1_732' title='bbox 1488 2894 1576 2921; x_wconf 69' lang='lat' dir='ltr'>erant</span> <span class='ocrx_word' id='word_1_733' title='bbox 1593 2891 1741 2927; x_wconf 83' lang='lat' dir='ltr'>manicae,</span> <span class='ocrx_word' id='word_1_734' title='bbox 1759 2889 1870 2921; x_wconf 91' lang='lat' dir='ltr'>tunicis</span> <span class='ocrx_word' id='word_1_735' title='bbox 1888 2889 2024 2925; x_wconf 75' lang='lat' dir='ltr'>strictae,</span> <span class='ocrx_word' id='word_1_736' title='bbox 2045 2896 2102 2919; x_wconf 89' lang='lat' dir='ltr'>co-</span> 
     </span>
     <span class='ocr_line' id='line_1_117' title="bbox 1147 2928 2103 2970; baseline -0.003 -7"><span class='ocrx_word' id='word_1_737' title='bbox 1147 2934 1236 2963; x_wconf 84' lang='lat' dir='ltr'>lobiis</span> <span class='ocrx_word' id='word_1_738' title='bbox 1257 2933 1300 2962; x_wconf 73' lang='lat' dir='ltr'>vcl</span> <span class='ocrx_word' id='word_1_739' title='bbox 1320 2932 1434 2970; x_wconf 73' lang='lat' dir='ltr'>nullae,</span> <span class='ocrx_word' id='word_1_740' title='bbox 1452 2933 1497 2962; x_wconf 74' lang='lat' dir='ltr'>vel</span> <span class='ocrx_word' id='word_1_741' title='bbox 1516 2933 1683 2963; x_wconf 62' lang='lat' dir='ltr'>breviores.</span> <span class='ocrx_word' id='word_1_742' title='bbox 1701 2933 1741 2962; x_wconf 86' lang='lat' dir='ltr'>De</span> <span class='ocrx_word' id='word_1_743' title='bbox 1759 2940 1833 2962; x_wconf 86' lang='lat' dir='ltr'>voce</span> <span class='ocrx_word' id='word_1_744' title='bbox 1852 2928 2047 2962; x_wconf 77' lang='lat' dir='ltr'>dalmatica</span> <span class='ocrx_word' id='word_1_745' title='bbox 2061 2929 2103 2960; x_wconf 93' lang='lat' dir='ltr'>iu-</span> 
     </span>
     <span class='ocr_line' id='line_1_118' title="bbox 1147 2970 2103 3013; baseline -0.003 -10"><span class='ocrx_word' id='word_1_746' title='bbox 1147 2979 1195 3004; x_wconf 83' lang='lat' dir='ltr'>vat</span> <span class='ocrx_word' id='word_1_747' title='bbox 1212 2975 1277 3004; x_wconf 77' lang='lat' dir='ltr'>iwic</span> <span class='ocrx_word' id='word_1_748' title='bbox 1296 2973 1550 3011; x_wconf 67' lang='lat' dir='ltr'>animadvertere,</span> <span class='ocrx_word' id='word_1_749' title='bbox 1566 2973 1646 3013; x_wconf 83' lang='lat' dir='ltr'>quod</span> <span class='ocrx_word' id='word_1_750' title='bbox 1665 2977 1710 3003; x_wconf 87' lang='lat' dir='ltr'>cst</span> <span class='ocrx_word' id='word_1_751' title='bbox 1727 2972 1941 3012; x_wconf 82' lang='lat' dir='ltr'>antiquissima</span> <span class='ocrx_word' id='word_1_752' title='bbox 1953 2975 1982 3002; x_wconf 85' lang='lat' dir='ltr'>et</span> <span class='ocrx_word' id='word_1_753' title='bbox 1997 2979 2015 3001; x_wconf 86' lang='lat' dir='ltr'>a</span> <span class='ocrx_word' id='word_1_754' title='bbox 2033 2970 2103 3001; x_wconf 88' lang='lat' dir='ltr'>Dal-</span> 
     </span>
     <span class='ocr_line' id='line_1_119' title="bbox 1147 3013 2102 3054; baseline -0.004 -8"><span class='ocrx_word' id='word_1_755' title='bbox 1147 3017 1238 3046; x_wconf 85' lang='lat' dir='ltr'>maua</span> <span class='ocrx_word' id='word_1_756' title='bbox 1262 3019 1339 3053; x_wconf 85' lang='lat' dir='ltr'>orta,</span> <span class='ocrx_word' id='word_1_757' title='bbox 1362 3016 1410 3045; x_wconf 92' lang='lat' dir='ltr'>ubi</span> <span class='ocrx_word' id='word_1_758' title='bbox 1430 3016 1559 3054; x_wconf 83' lang='lat' dir='ltr'>primum</span> <span class='ocrx_word' id='word_1_759' title='bbox 1577 3014 1727 3045; x_wconf 83' lang='lat' dir='ltr'>eiusmodi</span> <span class='ocrx_word' id='word_1_760' title='bbox 1745 3015 1838 3044; x_wconf 76' lang='lat' dir='ltr'>vestis</span> <span class='ocrx_word' id='word_1_761' title='bbox 1853 3013 1999 3043; x_wconf 84' lang='lat' dir='ltr'>adhibita.</span> <span class='ocrx_word' id='word_1_762' title='bbox 2021 3013 2102 3043; x_wconf 76' lang='lat' dir='ltr'>Pon-</span> 
     </span>
     <span class='ocr_line' id='line_1_120' title="bbox 1146 3054 2097 3098; baseline -0.004 -11"><span class='ocrx_word' id='word_1_763' title='bbox 1146 3058 1206 3088; x_wconf 88' lang='lat' dir='ltr'>tius</span> <span class='ocrx_word' id='word_1_764' title='bbox 1230 3057 1259 3087; x_wconf 89' lang='lat' dir='ltr'>in</span> <span class='ocrx_word' id='word_1_765' title='bbox 1286 3057 1362 3087; x_wconf 69' lang='lat' dir='ltr'>Vita</span> <span class='ocrx_word' id='word_1_766' title='bbox 1385 3068 1410 3088; x_wconf 78' lang='lat' dir='ltr'>s.</span> <span class='ocrx_word' id='word_1_767' title='bbox 1431 3056 1606 3098; x_wconf 80' lang='lat' dir='ltr'>Cypriani</span> <span class='ocrx_word' id='word_1_768' title='bbox 1629 3056 1686 3086; x_wconf 86' lang='lat' dir='ltr'>sub</span> <span class='ocrx_word' id='word_1_769' title='bbox 1710 3055 1798 3086; x_wconf 82' lang='lat' dir='ltr'>tinem</span> <span class='ocrx_word' id='word_1_770' title='bbox 1819 3054 1875 3085; x_wconf 84' lang='lat' dir='ltr'>ait:</span> <span class='ocrx_word' id='word_1_771' title='bbox 1899 3065 1911 3083; x_wconf 79' lang='grc' dir='ltr'>α</span> <span class='ocrx_word' id='word_1_772' title='bbox 1928 3055 2047 3085; x_wconf 82' lang='lat' dir='ltr'>Etcum</span> <span class='ocrx_word' id='word_1_773' title='bbox 2064 3063 2097 3084; x_wconf 88' lang='lat' dir='ltr'>se</span> 
     </span>
     <span class='ocr_line' id='line_1_121' title="bbox 1147 3095 2098 3137; baseline -0.003 -8"><span class='ocrx_word' id='word_1_774' title='bbox 1147 3099 1310 3129; x_wconf 79' lang='lat' dir='ltr'>dalmatica</span> <span class='ocrx_word' id='word_1_775' title='bbox 1327 3099 1514 3137; x_wconf 71' lang='lat' dir='ltr'>expoliasset</span> <span class='ocrx_word' id='word_1_776' title='bbox 1527 3103 1557 3129; x_wconf 87' lang='lat' dir='ltr'>et</span> <span class='ocrx_word' id='word_1_777' title='bbox 1572 3096 1758 3128; x_wconf 84' lang='lat' dir='ltr'>Diaconibus</span> <span class='ocrx_word' id='word_1_778' title='bbox 1770 3096 1959 3133; x_wconf 82' lang='lat' dir='ltr'>tradidisset,</span> <span class='ocrx_word' id='word_1_779' title='bbox 1973 3095 2004 3126; x_wconf 88' lang='lat' dir='ltr'>in</span> <span class='ocrx_word' id='word_1_780' title='bbox 2017 3095 2098 3126; x_wconf 84' lang='lat' dir='ltr'>linea</span> 
     </span>
     <span class='ocr_line' id='line_1_122' title="bbox 1147 3138 1827 3180; baseline -0.004 -9"><span class='ocrx_word' id='word_1_781' title='bbox 1147 3142 1231 3171; x_wconf 65' lang='lat' dir='ltr'>stetit</span> <span class='ocrx_word' id='word_1_782' title='bbox 1248 3153 1272 3171; x_wconf 78' lang='grc' dir='ltr'>υ.</span> <span class='ocrx_word' id='word_1_783' title='bbox 1293 3141 1322 3169; x_wconf 86' lang='lat' dir='ltr'>V.</span> <span class='ocrx_word' id='word_1_784' title='bbox 1343 3141 1424 3180; x_wconf 77' lang='lat' dir='ltr'>Opp.</span> <span class='ocrx_word' id='word_1_785' title='bbox 1442 3150 1465 3171; x_wconf 89' lang='lat' dir='ltr'>s.</span> <span class='ocrx_word' id='word_1_786' title='bbox 1484 3139 1638 3180; x_wconf 79' lang='lat' dir='ltr'>Cypriani,</span> <span class='ocrx_word' id='word_1_787' title='bbox 1655 3138 1726 3169; x_wconf 88' lang='lat' dir='ltr'>edit.</span> <span class='ocrx_word' id='word_1_788' title='bbox 1744 3138 1827 3169; x_wconf 87' lang='lat' dir='ltr'>Felli.</span> 
     </span>
    </p>

    <p class='ocr_par' dir='ltr' id='par_1_22' title="bbox 1148 3177 2098 3264">
     <span class='ocr_line' id='line_1_123' title="bbox 1187 3177 2098 3219; baseline -0.004 -6"><span class='ocrx_word' id='word_1_789' title='bbox 1187 3182 1200 3202; x_wconf 56' lang='grc' dir='ltr'>’Ζ</span> <span class='ocrx_word' id='word_1_790' title='bbox 1219 3183 1394 3219; x_wconf 62' lang='lat' dir='ltr'>Rianehini,</span> <span class='ocrx_word' id='word_1_791' title='bbox 1423 3183 1561 3213; x_wconf 75' lang='lat' dir='ltr'>Aunotat.</span> <span class='ocrx_word' id='word_1_792' title='bbox 1587 3181 1616 3211; x_wconf 89' lang='lat' dir='ltr'>iu</span> <span class='ocrx_word' id='word_1_793' title='bbox 1641 3181 1807 3212; x_wconf 61' lang='lat' dir='ltr'>Anasta-³.</span> <span class='ocrx_word' id='word_1_794' title='bbox 1829 3177 1992 3211; x_wconf 79' lang='lat' dir='ltr'>Biblioeh.</span> <span class='ocrx_word' id='word_1_795' title='bbox 2016 3181 2036 3211; x_wconf 83' lang='lat' dir='ltr'>i.</span> <span class='ocrx_word' id='word_1_796' title='bbox 2058 3177 2098 3218; x_wconf 89' lang='lat'>11,</span> 
     </span>
     <span class='ocr_line' id='line_1_124' title="bbox 1148 3223 1363 3264; baseline -0.005 -9"><span class='ocrx_word' id='word_1_797' title='bbox 1148 3234 1175 3263; x_wconf 82' lang='lat' dir='ltr'>p.</span> <span class='ocrx_word' id='word_1_798' title='bbox 1193 3224 1229 3262; x_wconf 83' lang='lat' dir='ltr'>ll,</span> <span class='ocrx_word' id='word_1_799' title='bbox 1250 3235 1276 3264; x_wconf 80' lang='lat' dir='ltr'>p.</span> <span class='ocrx_word' id='word_1_800' title='bbox 1293 3223 1363 3254; x_wconf 66' lang='lat' dir='ltr'>eil..</span> 
     </span>
    </p>
   </div>
   <div class='ocr_carea' id='block_1_11' title="bbox 2203 2327 2241 3473">
    <p class='ocr_par' dir='ltr' id='par_1_23' title="bbox 2203 2327 2241 3473">
     <span class='ocr_line' id='line_1_125' title="bbox 2203 2327 2241 3473; baseline 0 0"><span class='ocrx_word' id='word_1_801' title='bbox 2203 2327 2241 3473; x_wconf 95' lang='lat' dir='ltr'> </span> 
     </span>
    </p>
   </div>
  </div>
 </body>
</html>
