2241 3473
259 172 311 211 40

260 247 320 284 17.
341 245 401 284 Ss.
427 243 719 292 leelesphorus
733 271 744 287 ,
765 241 961 289 Hyginus
975 268 987 284 ,
1008 240 1111 277 Pius
1126 267 1137 285 ,

205 300 422 348 Pontifices
433 298 521 335 -S.
534 297 659 346 Xysto
675 306 774 332 anno
791 293 948 330 circiter
964 293 1039 330 140
1056 304 1138 329 000-

204 352 293 391 lesti
313 351 395 389 vita
415 352 555 389 donato
570 379 578 394 ,
598 349 635 386 in
656 359 852 385 summum
871 345 1136 395 pontificatum

204 405 388 444 suffectus
411 406 471 441 est
489 416 518 441 s.
539 401 835 450 Thelesphorus,
856 400 1030 437 Graecus
1043 428 1052 446 ,
1072 398 1136 446 qui

204 458 384 496 undecim
407 456 518 494 annis
537 458 575 492 et
594 466 735 492 novem
755 453 835 491 fere
855 452 1049 490 mensibus
1069 452 1137 489 Ec-

204 511 361 549 clesiam
380 507 678 548 administravit.
700 507 742 544 In
761 507 957 545 Chronico
977 505 1136 543 Eusebii

205 565 253 602 ad
270 576 355 601 anu.
374 563 448 600 136
463 561 631 610 legitur:
650 559 1028 609 «Quadragesimale
1047 558 1138 596 ieiu-

205 617 314 655 nium
329 628 351 654 a
366 615 629 664 Thelesphoro
645 625 712 663 per
723 614 796 652 hoc
812 616 964 662 tempus
983 612 1137 650 institu-

202 672 285 708 tum
306 681 351 706 ac
370 671 622 718 praeceptum
642 667 798 717 quidam
819 668 1043 704 scribunt».
1060 666 1136 704 Ve-

204 735 289 761 rum
305 724 462 771 praeter
477 733 593 770 quam
610 721 710 771 quod
725 721 821 758 haec
836 721 956 758 verba
971 719 1138 769 quidam

203 775 406 820 scribunt,
428 775 596 813 Eusebio
625 775 703 813 sint
730 773 902 819 insolita,
932 774 1139 810 observant

203 828 347 874 critici,
368 828 464 866 illud
494 841 569 866 non
598 828 758 878 reperiri
778 827 817 865 in
837 827 929 865 Mss.
951 826 1140 864 chronicis

203 882 358 920 Eusebii
377 881 400 920 ¹.
418 882 613 931 Multique
634 881 709 919 viri
729 880 870 919 eruditi
887 880 1033 926 dicunt,
1053 891 1142 928 qua-

203 935 460 985 dragesimale
490 947 559 973 seu
590 935 862 985 antepaschale
885 933 1072 971 ieiunium
1092 945 1140 970 ex

202 989 412 1038 apostolica
431 988 643 1027 traditione
664 988 929 1038 repetendum.
942 986 1068 1032 «Nos,
1088 986 1141 1024 in-

203 1043 286 1091 quit
306 1054 334 1081 8.
356 1042 632 1091 Hieronymus,
658 1053 774 1079 unam
802 1040 1141 1090 quadragesimam

201 1097 412 1134 secundum
423 1096 674 1134 traditionem
687 1095 936 1145 apostolicam
946 1096 1027 1132 toto
1040 1105 1140 1132 anno

201 1152 373 1199 tempore
400 1150 507 1188 nobis
527 1161 696 1199 congruo
716 1148 931 1186 ieiunamus
950 1145 964 1167 ²
984 1159 1020 1185 ».

254 1203 350 1241 Post
378 1215 407 1241 8.
429 1203 729 1252 Telesphorum,
759 1214 860 1240 anno
889 1201 1044 1238 circiter
1067 1200 1140 1239 152

204 1268 224 1295 e
245 1256 345 1294 vivis
365 1256 572 1303 sublatum,
602 1267 825 1306 supremum
852 1254 1050 1292 Ecclesiae
1073 1266 1138 1291 re-

203 1309 333 1360 gimen
366 1310 640 1348 demandatum
674 1309 747 1347 fuit
775 1321 804 1347 s.
825 1307 996 1358 Hygino,
1016 1308 1140 1346 Athe-

202 1364 338 1410 niensi,
354 1364 419 1412 qui
439 1364 536 1401 illud
556 1366 722 1414 quatuor
740 1362 851 1400 annis
870 1361 1003 1411 gessit.
1020 1362 1075 1399 De
1096 1374 1139 1399 eo

202 1416 241 1454 in
262 1417 380 1454 Libro
401 1418 640 1467 Pontz'fiealz'
656 1416 812 1466 legitur,
849 1416 952 1464 quod
990 1415 1142 1454 clerum

201 1471 461 1520 composuerit
502 1478 542 1508 et
579 1471 724 1519 gradus
762 1468 1003 1507 distribuerit
1023 1499 1032 1515 ,
1066 1481 1141 1510 non

201 1523 311 1573 quasi
332 1523 550 1562 clericalem
564 1523 823 1561 hierarchiam
839 1522 1139 1569 instituerit,sed

201 1578 302 1626 quod
323 1577 473 1616 clericis
494 1580 600 1615 certa
621 1576 746 1614 officia
766 1576 986 1626 assignarit,
1003 1578 1047 1613 ut
1067 1587 1140 1613 ex-

201 1630 319 1680 plicat
337 1631 380 1668 F.
401 1631 602 1669 Bianchini
623 1630 651 1669 ³.
668 1631 774 1668 Idem
795 1629 979 1668 Pontifex
999 1630 1141 1667 haere-

201 1684 395 1722 siarcham
418 1685 650 1731 Cerdonem,
666 1685 713 1721 de
730 1696 804 1733 quo
821 1696 909 1721 mox
927 1683 1141 1731 loquemur,

200 1737 386 1776 Ecclesia
405 1738 767 1787 eiecit3—itemque
787 1737 912 1784 iussit,
928 1737 1056 1774 virum
1072 1736 1144 1774 sal-

201 1794 282 1829 tem
319 1803 440 1829 unum
475 1794 514 1829 et
552 1791 758 1829 mulierem
797 1803 915 1843 unam
943 1792 1144 1840 tamquam

203 1845 379 1894 patrinos
397 1847 436 1882 et
452 1848 695 1893 susceptores
712 1845 759 1882 ad
775 1844 1017 1893 Baptismum
1034 1855 1142 1892 prae-

202 1900 265 1936 ter
292 1898 526 1936 sacramenti
555 1898 776 1936 ministrum
811 1897 998 1935 adhiberi.
1030 1897 1140 1938 Quod

203 1951 357 2001 quidem
382 1952 582 1989 decretum
603 1951 778 2000 quamvis
798 1950 900 1999 apud
921 1949 1140 1998 antiquissi-

202 2016 284 2043 mos
313 2005 519 2054 scriptores
548 2016 622 2042 non
642 2004 882 2053 reperiatur,
904 2003 1141 2041 consuetudo

201 2060 332 2096 tamen
372 2058 580 2096 adhibendi
610 2059 849 2107 susceptores
877 2057 915 2094 in
942 2057 1141 2105 Baptismo

200 2113 427 2161 pervetusta
456 2114 536 2158 cst,
558 2113 597 2149 et
624 2112 672 2148 ab
701 2111 792 2160 ipsis
820 2110 901 2148 fere
921 2110 1142 2148 Catholicae

199 2165 397 2204 Ecclesiae
426 2165 668 2202 incunabulis
697 2165 892 2213 usurpata.
925 2163 1140 2201 Tertullia-

200 2230 273 2257 nus
293 2218 306 2240 ⁴
328 2219 404 2256 ait:
432 2218 536 2259 Quid
562 2220 672 2255 enim
696 2228 852 2255 neeesse
875 2221 954 2262 est,
975 2228 1142 2265 sponso-

200 2282 265 2309 res
289 2274 413 2310 etiam
427 2272 613 2320 periculo
634 2272 798 2319 z'nqerz‘?

252 2325 291 2364 S.
312 2324 513 2375 Hyginum
543 2325 579 2361 in
607 2324 715 2363 Petri
736 2323 921 2361 cathedra
941 2323 1093 2372 excepit
1113 2335 1140 2361 s.

202 2379 320 2425 Pius,
340 2378 611 2428 Aquileiensis.
650 2378 762 2427 Apud
782 2378 826 2414 D.
849 2377 1033 2426 Optatum
1055 2377 1142 2425 qui—

202 2433 291 2471 dem
310 2435 349 2470 et
368 2444 398 2470 s,
418 2432 681 2481 Augustinum
708 2433 793 2479 post
814 2430 1015 2479 Hyginum
1044 2430 1142 2479 legi-

202 2488 270 2524 tur
288 2485 489 2530 Anicetus,
509 2486 573 2523 sed
599 2496 742 2530 errore,
765 2496 854 2521 nam
875 2487 959 2521 tum
982 2486 1145 2530 veteres,

205 2552 233 2578 s.
252 2541 449 2586 Irenaeus,
466 2538 713 2588 Hegesippus,
732 2537 930 2583 Eusebius,
942 2550 969 2574 8.
982 2537 1145 2586 Epipha-

205 2593 312 2639 nius,
331 2597 413 2631 tum
434 2592 667 2630 recentiores
689 2594 774 2640 post
794 2591 993 2639 Hyginum
1016 2589 1145 2628 reeen-

205 2649 291 2684 sent
305 2645 451 2684 Pium-²».
464 2647 578 2684 Hunc
588 2644 816 2683 Pontificem
831 2644 1002 2681 nonnulli
1015 2644 1145 2680 dicunt

205 2703 404 2737 auctorem
421 2699 565 2738 decreti
578 2700 624 2736 de
640 2697 866 2736 celebrando
880 2697 1069 2735 l'aschatc
1086 2697 1146 2734 die

206 2753 415 2800 dominica,
436 2757 473 2791 et
494 2753 654 2791 alterius
675 2752 823 2789 decreti
844 2752 889 2787 de
911 2750 1145 2799 poenitentia

204 2807 405 2844 subeunda
432 2808 479 2844 ab
509 2820 574 2852 eo,
596 2806 702 2843 cuius
732 2804 970 2853 negligentia
997 2803 1143 2852 aliquid

204 2860 400 2908 sanguinis
419 2859 664 2898 eucharistici
695 2857 984 2903 cffundcretur;
1004 2857 1068 2894 sed
1099 2858 1144 2893 de

207 2916 374 2961 utroque
396 2914 552 2951 decreto
573 2914 637 2950 alii
659 2912 796 2950 merito
817 2911 1024 2958 dubitant,
1044 2911 1144 2959 quod

246 3008 255 3029 ¹
275 3009 307 3039 Λ.
325 3009 486 3044 l‘ontacns,
504 3009 665 3038 Amiotat.
685 3007 713 3037 in
733 3005 857 3036 Chron.
876 3004 991 3035 Euseb.
1011 3014 1038 3043 p.
1056 3004 1125 3035 01⁵2.

246 3050 260 3070 *ἰ
277 3050 368 3088 Epist.
394 3047 433 3078 5AE
457 3049 502 3079 ad
526 3049 676 3079 Marcell.
702 3049 736 3078 (Is
759 3049 789 3077 Λ.
810 3049 943 3084 Ιὐηῑ;11;.,
959 3047 976 3076 1.
992 3055 1031 3083 c.;
1050 3045 1145 3076 Nalal.

206 3091 351 3138 Alexand.
364 3116 371 3127 ,
393 3089 483 3120 Ilisc.
507 3091 683 3150 em·l.)s:w‹:.
702 3090 740 3127 11,
765 3089 838 3119 diss.
855 3087 887 3127 215
905 3088 1026 3129 Sclvag.
1044 3087 1147 3119 Anci-

205 3131 649 3212 quzits'ileiz'dti'iil'lifdiiknssii‘f'.
665 3132 691 3204 1⁷
703 3172 739 3210 11,
757 3181 786 3211 p.
804 3171 870 3203 107.

247 3215 259 3238 ⁴
278 3215 325 3245 Dr:
341 3215 530 3254 Baptismo,
547 3225 571 3245 c.
592 3215 635 3243 18.

248 3256 262 3279 ὓ
277 3257 312 3289 Cf
325 3257 459 3296 Samnni,
479 3256 576 3288 Vicae
591 3256 666 3287 ltlt.
683 3254 830 3294 Pontis„
848 3255 880 3286 S.
897 3253 996 3286 Pius.

702 178 859 207 EPOCHA
886 177 927 203 11.
956 176 983 203 A
1010 175 1149 203 MORTE
1176 174 1208 202 8.
1237 174 1402 202 IOANNIS
1430 162 1631 202 A'Pos'rom'

1179 239 1284 288 prius
1309 241 1472 278 eruatur
1500 250 1549 276 ex
1569 237 1732 287 epistola
1751 250 1781 276 s.
1802 237 1864 276 Pii
1892 239 2130 289 apocrypha,

1179 294 1218 330 et
1237 293 1283 330 de
1302 291 1505 342 posteriori
1534 291 1644 329 nulla
1664 291 1715 329 sit
1736 292 1837 341 apud
1858 294 2011 330 veteres
2029 293 2132 330 scri-

1179 347 1307 394 ptores
1337 347 1484 384 mentio
1515 343 1538 383 ¹.
1558 347 1608 372 '—
1632 345 1702 382 Pio
1731 345 1748 381 Ι
1784 345 1973 383 Pontifiee
1990 374 2000 392 ,
2028 357 2131 384 anno

1179 399 1319 437 Christi
1339 400 1426 446 164,
1437 401 1630 448 quartam,
1641 410 1759 447 quam
1771 400 1914 436 vocant
1941 397 2009 436 alii
2024 399 2132 448 quin-

1178 454 1279 499 tam,
1308 453 1496 491 adversus
1517 451 1733 490 Ecclesiam
1749 451 2057 500 persecutionem
2077 452 2131 490 M.

1178 505 1359 544 Aurelius
1387 509 1427 544 et
1455 507 1498 544 L.
1526 506 1653 544 Verus
1682 505 1940 554 Imperatores
1982 505 2136 544 excita-

1179 561 1270 597 runt
1290 561 1347 597 uti
1367 572 1458 597 mox
1478 559 1706 597 videbimus.

1235 613 1293 651 18.
1320 614 1446 651 Cerdo
1472 619 1512 651 et
1536 613 1726 650 Marcion
1752 611 2066 649 haeresiarchae
2085 632 2134 640 —-

1181 665 1459 704 Haeresiarcha
1487 666 1608 705 Cerdo
1622 696 1631 712 ,
1652 677 1765 715 quem
1784 676 1903 714 supra
1925 665 2134 712 nominavi,

1180 722 1264 758 erat
1291 720 1419 769 patria
1437 720 1571 769 Syrus.
1594 719 1866 758 Gnosticorum
1890 729 1998 756 more
2018 718 2136 756 doce-

1180 774 1259 820 bat,
1279 774 1354 810 duo
1374 785 1456 811 esse
1476 785 1605 811 rerum
1620 771 1812 823 principia
1827 774 2001 818 aeterna,
2017 783 2136 809 unum

1181 829 1321 865 natura
1341 827 1497 875 bonum,
1518 828 1632 865 deum
1651 827 1847 876 ignotum3
1868 825 1975 864 aliud
1996 826 2136 863 natura

1180 881 1340 927 malum,
1360 881 1545 919 materiae
1566 880 1773 918 dominum:
1794 880 1979 917 mundum
1995 890 2017 916 a
2033 878 2135 928 prin-

1182 934 1279 983 cipio
1300 935 1400 972 malo
1420 933 1536 972 fuisse
1556 934 1777 982 formatum3
1798 933 1994 971 Christum
2013 944 2036 970 a
2055 932 2134 970 Deo

1182 988 1312 1037 ignoto
1332 988 1492 1025 missum
1512 990 1552 1026 et
1570 989 1608 1025 in
1629 988 1767 1026 umbra
1787 986 1912 1024 carnis
1932 985 2133 1035 apparuis-

1181 1053 1222 1079 se
1242 1042 1291 1080 ad
1311 1042 1497 1079 docendos
1518 1044 1558 1080 et
1571 1041 1791 1079 liberandos
1811 1039 1987 1078 homines
2003 1038 2029 1077 ².
2049 1038 2137 1076 Ro:

1181 1107 1265 1133 mae
1293 1096 1362 1133 sub
1391 1095 1616 1145 pontificatu
1645 1107 1672 1133 s.
1695 1093 1843 1144 Hygini
1871 1103 2025 1130 errores
2048 1103 2137 1130 suos

1182 1148 1401 1196 confessus,
1422 1149 1644 1198 aliquandiu
1673 1148 1902 1197 resipiscere
1931 1145 2036 1183 visus
2065 1147 2137 1184 est.

1181 1203 1233 1241 At
1262 1203 1378 1252 paulo
1408 1204 1492 1252 post
1511 1203 1681 1251 relapsus
1694 1232 1703 1248 ,
1724 1202 1772 1239 ab
1792 1201 1928 1238 eodem
1946 1198 2137 1251 Pontifice

1182 1257 1451 1294 communione
1467 1255 1662 1294 Ecclesiae
1683 1255 1863 1293 exclusus
1883 1252 1956 1291 fuit
1971 1251 1998 1291 3.

1235 1310 1407 1348 Cerdone
1436 1311 1688 1359 praeceptore
1709 1321 1732 1347 a
1750 1308 1846 1346 Fide
1875 1306 2071 1345 catholica
2088 1307 2137 1344 ad

1182 1364 1375 1402 haeresim
1394 1363 1557 1401 deflexit
1576 1362 1750 1401 Marcion
1764 1392 1774 1409 ,
1793 1361 1920 1411 patria
1939 1360 2139 1408 Ponticus,

1181 1417 1283 1455 filius
1300 1417 1466 1467 episcopi
1483 1416 1715 1466 Sinopensis.
1734 1417 1771 1454 Is
1785 1417 1945 1465 propter
1960 1416 2139 1464 stuprum

1182 1471 1325 1520 virgini
1345 1471 1498 1509 illatum
1518 1482 1541 1508 a
1560 1472 1670 1519 patre
1690 1481 1759 1507 suo
1781 1468 2049 1507 communione
2069 1469 2141 1506 Ec-

1182 1524 1321 1562 clesiae
1349 1525 1549 1574 privatus,
1569 1526 1612 1562 ut
1640 1523 1766 1561 famae
1791 1534 1884 1561 suae
1905 1521 2138 1569 consuleret,

1183 1578 1380 1627 patrisque
1401 1590 1605 1616 censuram
1625 1576 1849 1623 declinaret,
1866 1577 2033 1614 Romam
2053 1587 2141 1613 con-

1185 1631 1297 1681 fugit,
1317 1644 1476 1681 sperans
1496 1631 1671 1669 futurum
1691 1633 1735 1668 ut
1753 1629 1833 1667 illic
1853 1629 1892 1666 in
1908 1629 2141 1666 communio-

1184 1697 1272 1723 nem
1301 1685 1499 1723 Ecclesiae
1524 1684 1773 1733 reciperetur.
1795 1684 1830 1720 A
1850 1684 2027 1720 Romano
2046 1693 2138 1732 pre-

1184 1738 1370 1788 sbyteriO,
1386 1739 1486 1777 Sede
1503 1749 1571 1787 per
1587 1737 1733 1775 obitum
1749 1749 1777 1774 s.
1796 1735 1944 1786 Hygini
1961 1738 2140 1782 vacante,

1182 1793 1380 1842 repulsam
1400 1791 1585 1839 referens,
1605 1792 1652 1828 ad
1672 1793 1802 1840 partes
1823 1790 2009 1828 Cerdonis
2029 1789 2140 1828 defe-

1183 1846 1246 1892 cit,
1267 1846 1350 1884 eius
1370 1857 1494 1895 prava
1514 1846 1699 1894 dogmata
1714 1843 1893 1893 suscepit,
1909 1843 2025 1881 latius
2040 1843 2142 1881 evol-

1184 1900 1258 1945 vit,
1280 1911 1496 1947 novamque
1516 1901 1661 1936 sectam
1686 1897 2008 1936 Marcionitarum
2027 1896 2141 1935 insti-

1181 1953 1268 1990 tuit.
1299 1952 1336 1990 Is
1364 1952 1440 1990 tria
1467 1951 1605 1990 statuit
1632 1951 1834 2000 principia,
1859 1962 1996 2000 nempe
2016 1951 2141 1989 Deum

1183 2007 1324 2043 bonum
1345 2008 1382 2043 ct
1402 2005 1648 2051 invisibilem,
1668 2007 1848 2042 satanam
1867 2004 2054 2053 materiae
2075 2004 2140 2041 do-

1183 2059 1351 2106 minum,
1373 2061 1412 2096 et
1441 2058 1686 2107 demiurgum
1715 2057 1823 2107 quasi
1852 2057 2022 2095 medium
2041 2058 2142 2096 inter

1183 2113 1298 2150 deum
1326 2113 1471 2149 bonum
1493 2114 1531 2149 et
1551 2112 1791 2149 daemonem.
1822 2111 2056 2161 Demiurgus
2075 2122 2140 2149 se-

1184 2167 1352 2203 cundum
1370 2165 1638 2212 Marcionem,
1660 2176 1735 2202 non
1756 2165 1913 2214 quidem
1932 2165 2055 2202 bonus
2076 2166 2139 2203 at-

1183 2223 1313 2257 tamen
1334 2219 1460 2257 iustus
1473 2249 1482 2266 ,
1503 2231 1523 2256 e
1544 2219 1709 2256 materia
1728 2218 1878 2256 creavit
1896 2219 2083 2256 mundum
2102 2220 2142 2256 et

1184 2273 1374 2320 homines3
1395 2274 1463 2310 1108
1484 2276 1645 2321 propter
1663 2272 1760 2321 legis
1780 2283 1872 2309 suae
1892 2272 2142 2310 violationem

1183 2327 1329 2365 severis
1359 2326 1491 2375 poenis
1520 2325 1707 2373 subiecit;
1742 2326 1876 2363 deinde
1905 2325 2142 2375 peculiarem

1184 2380 1389 2430 populum,
1412 2392 1549 2428 nempe
1570 2379 1755 2426 Iudaeos,
1775 2379 1847 2417 sibi
1864 2379 2004 2429 elegit,
2025 2379 2059 2417 ei
2079 2379 2141 2416 le-

1185 2445 1273 2482 gem
1294 2434 1398 2471 dedit
1417 2436 1455 2471 ct
1476 2433 1657 2470 Messiani
1679 2433 1865 2482 promisit.
1884 2434 1988 2471 Deus
2007 2433 2143 2479 bonus,

1186 2489 1372 2525 hactenus
1393 2486 1610 2524 hominibus
1630 2487 1800 2535 ignotus,
1819 2498 1966 2533 eorum,
1980 2485 2141 2535 rigidis-

1187 2542 1282 2578 simo
1299 2541 1489 2589 demiurgi
1508 2541 1665 2589 imperio
1680 2541 1937 2586 subditorum,
1949 2539 2142 2586 misertus,

1187 2594 1381 2632 Christui‘n
1403 2593 1506 2632 misit
1521 2593 1690 2642 corporis
1712 2594 1846 2632 umbra
1862 2594 2060 2641 vestitum3
2077 2593 2141 2642 qui

1187 2648 1311 2697 legem
1343 2647 1482 2693 Mosis,
1511 2648 1719 2696 prophetas
1748 2650 1786 2685 et
1814 2647 1942 2685 omnia
1967 2646 2142 2685 demiur-

1188 2702 1226 2749 gi
1246 2712 1362 2750 opera
1383 2701 1611 2747 destrueret,
1630 2704 1746 2750 atquc
1764 2701 1879 2739 deum
1896 2700 2039 2739 amoris
2056 2700 2143 2738 huc-

1190 2767 1307 2803 usque
1344 2754 1515 2803 ignotum
1545 2755 1761 2791 hominibus
1790 2755 1995 2793 revelaret.
2027 2753 2141 2792 Chri-

1189 2812 1270 2845 stus
1293 2821 1365 2845 non
1390 2820 1480 2845 vere
1501 2808 1566 2845 sed
1588 2808 1627 2845 in
1647 2808 1823 2857 opinione
1842 2810 1997 2847 tantum
2012 2805 2142 2845 homi-

1191 2874 1296 2908 num,
1317 2861 1473 2898 insidia>¹
1494 2862 1528 2898 ei
1550 2865 1724 2900 struente
1746 2862 1969 2911 demiurgo,
1988 2860 2028 2898 in
2049 2871 2142 2898 cru-

1190 2927 1271 2952 cem
1302 2917 1409 2952 aetus
1438 2918 1477 2952 et
1497 2918 1590 2952 niort
1601 2928 1671 2953 11118
1694 2915 1778 2954 fuit.
1801 2917 2014 2954 Praeterea
2034 2914 2144 2953 Mar-

1189 2968 1271 3005 cion
1302 2981 1349 3005 ex
1379 2968 1463 3005 odio
1493 2969 1676 3007 materiae
1706 2969 2031 3007 resurrectionem
2060 2978 2144 3005 cor-

1190 3034 1326 3071 porum
1355 3022 1570 3069 reiiciebat,
1600 3035 1784 3072 esumque
1814 3022 2070 3061 animantium
2099 3031 2145 3059 ac

1232 3127 1239 3148 ¹
1258 3128 1382 3157 Sandini
1456 3139 1461 3146 ·

1229 3169 1242 3189 2
1259 3171 1285 3199 s.
1305 3153 1392 3203 {rums
1408 3129 1427 3200 i
1443 3140 1504 3205 iv.
1522 3171 1576 3207 2&
1595 3180 1619 3202 s.
1638 3171 1801 3210 limpham,
1817 3170 1962 3204 Haeres.
1976 3168 2030 3209 51;
2044 3168 2144 3202 Theo-

1191 3211 1274 3241 don-1
1291 3235 1298 3248 ,
1316 3210 1414 3242 namn
1430 3212 1538 3251 fabul.
1558 3213 1575 3243 Ι.
1592 3212 1614 3251 1,
1633 3223 1657 3243 c.
1674 3212 1725 3243 ⁹24.

1230 3253 1485 3292 ³12uscl›.,llise.
1502 3255 1574 3286 cccl.
1591 3255 1609 3285 1.
1627 3255 1673 3294 iv,
1689 3264 1713 3285 c.
1734 3254 1778 3286 11.
