2241 3473
583 154 710 187 VSQVE
737 155 790 184 AD
819 154 1115 183 PONTIFICATVM
1142 153 1172 183 S.
1194 153 1390 183 GREGORH
1417 153 1485 182 vn.

64 221 169 260 ravit
186 220 302 268 atque
320 218 597 268 pretiosissima
618 233 761 259 corona
780 220 1006 259 deeoravw.

64 274 194 316 Quare
220 272 301 321 ipse
319 272 458 310 omisso
480 273 639 312 Patricii
662 275 814 312 nomine
836 275 1007 324 Impera-

63 331 125 365 tor
142 329 182 364 et
201 328 400 373 Augustus
423 327 637 375 appellatus
656 327 744 365 est².

116 378 201 416 Tali
231 379 342 415 modo
374 380 448 416 Lco
480 380 532 417 lll
563 381 766 430 imperium
796 392 1010 425 romanum,

64 433 142 470 iam
162 431 299 469 abhinc
321 432 397 469 300
415 436 453 469 et
468 434 631 482 amplius
648 434 758 471 annis
778 433 815 470 in
832 433 1011 469 Occiden-

63 488 103 523 te
114 485 341 529 extinctum,
353 485 657 532 instauravit,—
669 490 786 534 atque
803 486 857 522 ita
869 486 1010 523 Roma-

65 549 157 575 num
172 538 377 587 Imperium
396 540 442 576 ob
458 540 686 577 destitutum
697 551 720 576 a
732 540 879 576 Graeco
889 539 1011 586 Impe-

65 595 196 628 ratore
226 591 422 629 Ecclesiae
450 593 728 641 patrocinium,
757 591 936 640 pervenit
965 591 1011 627 ad

66 643 236 682 Francos
254 643 281 682 ³.
313 645 655 694 complectebatur
684 646 786 682 istud
808 644 1015 692 imperium

66 696 104 734 in
134 698 267 746 primis
296 698 394 736 haec
424 699 521 735 duo:
541 699 704 736 officium
739 697 908 735 tuendae
936 696 1014 733 Ec-

66 749 207 788 clesiae
236 755 372 789 contra
397 751 592 797 infideles,
611 750 825 789 haereticos
855 753 894 788 et
913 749 1015 787 sedi-

112 904 122 926 ¹
143 906 252 936 Anast.
273 903 363 935 l'e'tae
380 903 440 935 1³1³.
458 903 587 943 Pontis„
605 903 664 935 Leo
682 902 740 937 III:
758 901 929 941 Eginhard.
950 899 1018 933 Vita

74 943 184 978 Caroli
200 945 251 982 M..
267 945 407 976 Annales
424 945 653 980 Laitrissenses,
670 943 862 978 Bertiniani,
881 947 937 973 etc.

111 986 125 1007 ’2
139 987 254 1018 ΑηηιιΙ.
271 986 605 1018 Lauresli‹1mens.ctc.
623 985 752 1017 Carolus
776 986 812 1015 M.
832 985 947 1023 primns
971 984 1020 1014 in-

71 1031 117 1059 ter
133 1029 337 1067 Imperatores
362 1028 535 1060 Occidentis
559 1036 576 1057 a
593 1028 690 1058 Leone
710 1027 745 1056 lll
767 1035 782 1057 e
799 1026 936 1056 sollemni
961 1027 1019 1056 ritu

70 1070 277 1107 inauguratus
301 1074 356 1099 est.
377 1071 447 1100 Eius
470 1068 608 1107 exemplo
628 1068 797 1098 Ludovicns
821 1067 890 1097 Pius
915 1076 931 1096 a
953 1067 1019 1096 Ste-

70 1112 173 1150 phano
193 1111 238 1144 tv,
253 1111 411 1141 Lolliarius
429 1111 494 1141 cius
510 1110 590 1140 filius
609 1118 625 1139 a
640 1107 780 1139 Pasa-hali
796 1109 804 1138 l
823 1117 869 1138 an.
887 1107 958 1145 823,
970 1109 1021 1138 Lu-

72 1153 201 1183 dovicus
219 1152 243 1183 lI
260 1153 403 1182 Lethario
427 1152 563 1190 genitus,
581 1160 628 1181 an.
643 1149 704 1181 850
721 1160 738 1179 a
750 1151 848 1180 Leone
867 1150 912 1187 lv,
929 1154 958 1179 et
975 1149 1023 1180 ‹le-

72 1193 142 1223 inde
166 1193 227 1223 alii.
245 1193 308 1223 Non
333 1194 413 1223 enim
438 1193 625 1223 Francorum
651 1200 742 1231 reges
765 1200 798 1221 se
820 1191 1019 1229 Imperatoris

72 1234 194 1264 nomine
211 1234 417 1274 appellarunt,
435 1237 600 1272 antequam
620 1234 732 1264 Romae
749 1241 766 1262 a
783 1241 900 1262 summo
917 1233 1020 1263 Ponti-

74 1275 131 1306 fice
145 1284 236 1306 sacro
252 1276 319 1306 oleo
335 1276 566 1315 inungerentur.
583 1275 752 1305 Ludovieus
770 1274 791 1304 ll
806 1275 847 1312 (in
865 1273 964 1313 Epist.
980 1273 1018 1303 ad

70 1316 215 1347 Basiliam
225 1315 431 1351 Macedonem,
446 1317 632 1347 Graecorum
648 1317 878 1354 Imperatorem)
900 1314 1017 1354 inquit:

73 1357 208 1389 Matrem
223 1358 367 1388 omnium
381 1357 597 1389 Ecclesiarum
610 1356 667 1388 Dei
682 1355 913 1395 defendendam
928 1359 1021 1396 atque

74 1397 311 1429 sublimandam
333 1399 540 1438 suscepimus,
557 1407 598 1429 ex
619 1407 681 1438 qua
697 1400 727 1428 et
749 1397 904 1437 regnandi
918 1406 1019 1437 prius,

71 1441 102 1470 et
116 1439 321 1479 postmodum
339 1440 521 1480 imperandi
537 1440 763 1471 auctoritatem
777 1440 948 1479 prosapiae
964 1448 1020 1469 no-

71 1482 158 1511 strae
179 1481 388 1512 seminarium
411 1482 558 1521 sumpsit.
573 1481 655 1512 Nam
677 1479 879 1512 Francorum
895 1480 1020 1511 Princi-

71 1530 127 1562 pes
140 1523 249 1562 primo
263 1521 368 1561 Reges,
385 1522 502 1553 deinde
518 1531 592 1553 vero
609 1521 827 1562 Imperatores
843 1521 919 1552 dicti
933 1524 1018 1560 sunt,

71 1564 94 1593 ii
109 1561 291 1602 dumtaxat,
306 1564 360 1604 qui
375 1573 394 1594 a
407 1563 550 1595 Romano
564 1562 716 1603 pontifice
729 1563 770 1593 ad
786 1563 844 1593 hoc
860 1563 928 1594 oleo
944 1572 1020 1594 san-

71 1606 121 1635 cto
146 1604 271 1645 perfusi
294 1608 383 1642 sunt;
402 1605 485 1645 apud
508 1604 687 1642 Baronium‚
711 1605 750 1635 ad
776 1613 823 1634 an.
843 1604 896 1635 871
911 1604 948 1645 ,Ξ
971 1605 1017 1635 59.

73 1646 216 1676 Germani
239 1651 348 1685 postea
373 1648 578 1686 Imperatores
595 1647 688 1677 semel
705 1671 712 1683 ,
728 1647 852 1682 iterum,
870 1655 906 1676 ac
930 1647 1018 1676 tertio

73 1688 251 1726 inaugurari
284 1692 519 1719 consueverunt.
552 1688 709 1727 Siquidem
740 1686 929 1726 Aquisgrani
954 1688 1018 1726 pri-

72 1737 154 1759 mum
168 1729 384 1768 imponebatur
398 1730 474 1768 ipsis
485 1738 602 1760 corona
618 1733 934 1768 argentea‚tamquam
945 1730 1018 1759 Ger-

72 1771 195 1800 maniae
218 1771 359 1809 regibus;
384 1771 495 1801 deinde
512 1770 677 1801 Mediolani
701 1770 818 1807 ferrea,
835 1774 866 1800 ut
881 1771 1017 1810 Regibus

74 1811 366 1850 Longobardorum;
383 1817 542 1851 postremo
558 1821 653 1842 aurea
670 1812 794 1846 Romae,
811 1815 841 1841 ut
857 1812 1020 1850 Imperato-

73 1852 169 1883 ribus.
187 1853 274 1884 Ritus
291 1858 321 1884 et
336 1853 550 1885 coeremonias
567 1853 716 1883 describit
733 1852 903 1883 Ludovicus
921 1855 1018 1883 Anto—

75 1895 143 1924 nius
162 1895 346 1925 Muratorius
363 1896 392 1925 in
412 1893 587 1927 Comment.
605 1894 649 1925 De
667 1892 791 1925 Corona
803 1892 922 1932 ferrea,
935 1893 1020 1931 c.·16;

74 1935 144 1965 vide
159 1936 250 1966 etiarn
267 1936 457 1967 Edmundum
478 1937 612 1967 Martene
628 1960 635 1973 ‚
649 1935 692 1965 De
707 1936 846 1975 antiquis
861 1934 1021 1966 Ecclesiae

75 1975 206 2014 ritibus,
225 1978 244 2008 1.
262 1978 303 2014 ΙΙ,
325 1987 351 2009 c.
368 1977 397 2008 9.
415 1977 558 2008 Albertus
577 1977 736 2007 Krantzius
753 1977 789 2013 (Ι.
808 1977 816 2007 l
834 1976 1022 2016 Metropolis

75 2027 100 2048 c.
119 2017 168 2056 tt)
180 2019 406 2056 animadvertit,
423 2019 504 2059 quod
529 2018 610 2049 olim
627 2017 838 2057 Imperatores
857 2027 921 2048 non
937 2018 1022 2058 passi

76 2059 180 2090 vivere
194 2059 363 2100 Pontifices
378 2059 419 2090 ad
433 2059 592 2100 supplicia
607 2058 815 2097 devocabant,
832 2060 863 2089 et
881 2058 1022 2091 Graecu—

77 2099 109 2137 li,
124 2102 295 2140 postquam
318 2101 404 2142 apud
420 2110 472 2132 eos
487 2102 628 2132 extincta
651 2102 752 2140 stirpe
766 2101 978 2138 Constantini,
994 2102 1024 2131 et

77 2140 190 2173 deinde
205 2143 307 2183 Magni
325 2143 500 2180 Theodosii,
518 2151 582 2174 non
599 2141 737 2173 habuere
749 2141 930 2174 Romanum
944 2142 1026 2173 Pon-

80 2183 197 2222 tificem
212 2209 221 2221 ,
237 2184 301 2215 nisi
323 2193 418 2225 quem
439 2185 500 2224 ipsi
522 2184 774 2223 confirmassent.
790 2183 931 2215 Malacae
952 2186 1028 2213 sunt

78 2233 188 2254 rerum
216 2225 314 2262 vices,
332 2228 368 2256 at
385 2235 448 2256 non
466 2224 620 2256 habeatnr
637 2225 831 2264 Imperator,
849 2225 908 2255 nisi
934 2233 1027 2264 quem

81 2263 243 2296 Romanus
268 2266 420 2306 Pontifex
440 2267 643 2306 confirmarit
665 2268 695 2297 et
719 2266 924 2298 consecrarit.
941 2266 1027 2303 Quod

81 2307 186 2337 media
202 2309 388 2347 praesertim
412 2312 514 2339 aetate
537 2308 727 2338 adamussim
754 2309 951 2338 observatum
966 2308 1030 2338 sci-

79 2355 156 2378 mus.

125 2388 140 2410 3
155 2389 300 2421 Nicotaus
325 2390 513 2422 Alemannus
531 2390 609 2430 (Op.
626 2389 677 2421 cit.
702 2399 727 2420 c.
744 2390 801 2429 15)
817 2390 895 2420 haec
916 2389 1030 2420 habet:

87 2428 311 2469 Transferendi
332 2440 445 2462 causas
462 2432 595 2472 Imperii
619 2433 681 2462 tres
694 2432 898 2472 potissimum
922 2430 1032 2461 habuit

84 2471 153 2507 Leo,
174 2471 355 2503 habuerunt
370 2473 442 2504 eius
456 2473 713 2513 praedecessores
725 2473 790 2503 iam
803 2473 876 2504 inde
891 2482 908 2502 a
922 2473 1033 2511 Grego-

84 2513 130 2542 rio
148 2513 180 2543 ll.
200 2512 289 2552 Quod
308 2513 444 2545 Orientis
460 2515 672 2555 Imperatores
694 2523 821 2554 pessum
838 2513 1031 2553 Religionem

83 2552 241 2584 dedissent
248 2564 258 2591 ;
279 2554 362 2594 quod
378 2556 569 2594 Pontificum
585 2556 804 2587 Maximorum
821 2555 961 2595 neglecta
978 2554 1033 2585 de-

84 2594 228 2634 fensione
243 2595 346 2626 hostes
362 2597 539 2633 evasis-sena
551 2596 634 2637 quod
650 2597 724 2627 iura
736 2596 898 2628 Ecclesiae
909 2597 1034 2627 Roma-

86 2645 148 2666 uae
163 2645 222 2676 per
243 2636 346 2667 scelus
369 2640 584 2677 occupassent.
604 2639 775 2668 Ludovicus
798 2640 955 2677 Angustus
970 2638 1034 2668 Ba-

87 2677 155 2708 silio
173 2678 331 2708 Macedoni
347 2679 393 2708 sic
411 2679 607 2717 exprobravit
624 2679 784 2718 religionis
800 2681 930 2710 crimen:
945 2678 1035 2710 Sicut

86 2727 144 2748 nos
163 2718 339 2750 Christiani
355 2728 413 2759 per
428 2719 524 2758 sidem
545 2718 662 2751 Christi
678 2720 826 2751 Abrahae
844 2729 950 2751 semen
966 2721 1034 2750 eati-

85 2760 210 2797 stimus,
227 2762 257 2791 et
273 2759 386 2790 Iudaei
406 2769 464 2800 per
478 2761 650 2800 perfidiam
666 2760 813 2792 Abrahae
827 2762 886 2801 filei
901 2770 965 2792 esse
980 2761 1033 2792 ‹le-

87 2800 235 2838 sierunt;
260 2801 307 2831 ita
330 2810 450 2841 quoque
473 2810 529 2831 nos
542 2803 675 2842 propter
691 2803 935 2838 orthodooeiam,
952 2802 1036 2833 idest

87 2841 204 2872 bonam
228 2842 428 2882 opinionem,
446 2843 587 2882 reyimen
602 2842 732 2882 Imperii
749 2843 885 2874 Romani
899 2844 1036 2883 suscepi-

85 2891 170 2913 mus:
189 2883 307 2916 Graeci
323 2892 395 2914 vero
411 2887 544 2924 propter
560 2884 780 2919 cacodoxiam,
798 2884 945 2915 videlicet
961 2894 1032 2915 ma-

87 2923 152 2954 lam
174 2925 362 2965 opinionem
373 2950 380 2961 ,
410 2924 630 2956 Romanorum·
659 2924 873 2964 Imperatores
899 2927 1035 2956 existere

91 2968 299 2997 cessaverunt
322 2966 364 3003 (in
391 2966 486 3006 Epist.
510 2966 588 3004 apud
613 2966 787 3004 Baronium,
803 2967 840 2996 ad
864 2976 944 2997 anno
961 2966 1037 3004 871,

87 3004 103 3045 ζ
118 3006 179 3045 61).
196 3009 236 3038 De
259 3009 482 3038 instauratione
513 3007 635 3043 Imperii
667 3007 873 3037 Occidentalis
905 3008 986 3038 facta
1019 3018 1036 3038 a

89 3049 188 3078 Leone
205 3049 243 3079 llI
260 3049 326 3080 fuse
339 3046 669 3079 disseruitCardinalis
684 3048 867 3078 Sfondratus
884 3050 912 3078 in
931 3048 1037 3081 Gallia

90 3087 262 3128 vindicata,
280 3091 406 3120 Dissert.
417 3090 473 3131 ⁹2}
489 3089 516 3126 2,
532 3098 559 3119 n.
575 3089 603 3126 7;
617 3089 828 3126 bellarminus,
844 3088 887 3119 De
905 3089 1039 3120 transla-

91 3130 175 3160 tione
189 3130 323 3171 Imperii
337 3139 355 3161 a
374 3130 501 3163 Graecis
517 3129 557 3161 ad
572 3130 712 3161 Francos
723 3156 730 3165 ‚
748 3134 775 3160 et
793 3130 962 3161 Cardinalis
981 3132 1039 3161 Pe—

88 3174 147 3206 tra,
166 3169 340 3203 Commeat.
363 3172 404 3202 all
438 3171 610 3204 Constitut.
627 3170 842 3211 Apostolicas.
864 3175 883 3201 t.
901 3172 947 3201 lll.
965 3180 994 3202 n.
1012 3172 1038 3202 7.

92 3210 154 3242 via
171 3221 290 3253 quoque
305 3214 450 3252 Sandini,
470 3215 496 3244 in
515 3214 617 3244 adnot.
635 3213 655 3244 4
671 3212 708 3243 ad
726 3222 749 3243 s.
765 3210 967 3252 Simplicium
984 3212 1040 3253 Pp.

1870 140 1949 180 215

1051 220 1185 266 tiosos,
1205 221 1325 270 atque
1345 230 1536 259 summam
1557 216 1789 267 dignitatem
1806 226 1873 254 seu
1889 217 2004 254 hono-

1052 274 1105 311 ris
1135 274 1346 323 primatum
1366 285 1483 323 supra
1502 270 1712 311 occidentis
1734 268 1938 319 principes3
1961 281 2002 307 a-

1053 327 1123 363 deo
1141 331 1183 364 ut
1198 327 1357 364 Carolus
1373 327 1424 364 M.
1442 327 1603 374 eiusque
1619 323 2000 367 successores,aRR.

1057 380 1309 417 Pontificibus
1325 379 1431 417 uncti
1448 382 1487 417 et
1502 377 1738 427 inaugurati,
1754 379 1910 425 praeter
1928 387 2002 413 au-

1054 435 1210 481 gustum
1240 445 1376 470 nomen
1399 434 1438 469 et
1457 431 1672 481 imperialia
1690 429 1857 478 insignia
1879 429 1917 466 in
1939 440 2003 466 re-

1057 485 1210 534 publica
1235 497 1301 523 seu
1331 485 1514 522 societate
1547 484 1757 522 christiana
1782 482 2005 531 acciperent

1056 538 1310 583 maiestatem,
1329 541 1369 575 et
1385 538 1579 575 Ecclesiae
1602 537 1818 581 universae,
1832 545 2005 584 praeser-

1057 590 1127 627 tim
1156 591 1354 628 Romanae
1374 593 1520 628 tutores
1542 592 1581 628 et
1600 589 1797 627 societatis
1822 588 2005 626 christia-

1060 655 1131 680 nae
1151 646 1388 692 protcetorcs
1409 640 1830 681 constituerentur¹.—-
1847 643 2006 679 Summa

1058 698 1189 733 tamen
1211 696 1418 734 dominatio
1434 697 1472 733 in
1491 697 1633 734 ducatu
1650 696 1825 733 Romano
1842 697 1881 732 et
1897 705 2006 732 exar-

1060 749 1178 786 chatu
1198 750 1384 787 remansit
1406 750 1507 799 apud
1529 749 1653 786 solum
1674 749 1722 786 R.
1744 745 2004 785 Pontificem2.

1061 802 1154 838 Cum
1172 802 1330 840 Carolus
1347 803 1563 852 Imperator
1573 802 1699 838 Roma
1709 801 1906 849 digressus
1917 800 2007 848 Spo-

1059 854 1127 892 leti
1143 855 1315 903 degeret,
1330 858 1436 893 terra
1452 855 1597 904 ingenti
1614 866 1796 891 concussa
1812 856 1917 890 motu
1930 855 2006 890 tec-

1062 911 1146 944 tum
1167 908 1357 946 Basilicae
1378 921 1407 946 s.
1425 908 1539 946 Pauli
1556 909 1706 945 Romae
1720 907 1903 952 excussit,
1919 918 2010 955 qua-

1063 961 1239 998 rumdam
1263 962 1416 999 urbium
1439 961 1575 999 Italiae
1596 963 1725 1009 partes
1745 960 1881 1005 diruit,
1902 971 2009 996 mon-

1062 1016 1120 1051 tes
1149 1013 1265 1052 etiam
1286 1016 1509 1064 prostravit.
1531 1015 1587 1052 Ob
1608 1014 1644 1051 id
1668 1012 1888 1050 institutum
1910 1014 1969 1049 est
1988 1024 2011 1048 a

1064 1067 1204 1113 Leone,
1218 1070 1261 1104 ut
1272 1067 1591 1116 praecedentibus
1602 1066 1726 1104 tribus
1738 1065 2009 1103 Ascensionem

1063 1121 1195 1158 diebus
1211 1121 1514 1170 supplicationes
1543 1121 1590 1157 ad
1609 1119 1762 1157 diversa
1782 1119 1926 1166 templa
1942 1119 2011 1154 ha-

1063 1174 1267 1220 berentur3
1297 1186 1413 1222 quam
1441 1186 1524 1212 rem
1552 1173 1772 1211 Mamertus
1801 1172 2012 1220 Episcopus

1063 1226 1296 1264 Viennensis
1315 1228 1352 1264 in
1375 1227 1502 1265 Gallia
1520 1227 1558 1264 in
1584 1225 1795 1264 Ecclesiam
1814 1236 1921 1262 suam
1942 1224 2013 1272 pri-

1064 1291 1148 1317 mus
1176 1280 1385 1325 intulerat,
1406 1293 1520 1328 seque
1540 1280 1686 1329 pariter
1706 1278 1874 1326 ingentis
1897 1289 2014 1326 quon-

1064 1335 1150 1371 dam
1171 1336 1431 1372 terraemotus
1449 1333 1622 1383 periculo
1642 1328 1911 1369 liberaverat?

1104 1441 1114 1462 1
1133 1440 1319 1474 Bellarmin„
1334 1439 1378 1470 De
1396 1438 1609 1470 translatione
1624 1436 1770 1477 imperii;
1785 1434 2016 1468 Sl'ondrat.GaI-

1065 1482 1110 1513 lia
1128 1482 1287 1518 vindicat„
1303 1481 1376 1511 diss.
1393 1480 1429 1517 2;
1452 1481 1551 1512 Natal.
1572 1480 1654 1510 Alex.
1670 1478 1751 1510 Hist.
1769 1478 1844 1509 eccl.
1859 1487 1941 1508 saec.
1962 1477 2012 1515 lx,

1063 1525 1137 1554 diss.
1161 1524 1189 1559 I,
1207 1532 1274 1554 eum
1291 1522 1611 1552 animadversionibus
1629 1520 1818 1557 Roncagliae
1841 1523 1871 1550 et
1896 1519 2009 1554 Mansi,

1064 1564 1383 1602 Cenni‚]llonumenta
1399 1563 1625 1593 domnmtionis
1640 1561 1765 1602 pontifi,
1780 1561 1859 1597 Orsi,
1872 1559 1961 1590 Delta
1977 1567 2016 1589 o-

1062 1606 1170 1647 riyine
1185 1605 1235 1636 del
1250 1605 1393 1636 domimo
1405 1613 1422 1635 e
1436 1603 1517 1635 della
1531 1603 1694 1635 som'anita
1705 1600 2015 1640 dciRomPontelicI.

1103 1649 1116 1667 2’
1132 1647 1286 1686 Sigonius
1304 1646 1348 1677 De
1364 1655 1463 1686 reqno
1480 1645 1603 1683 Italiae,
1620 1646 1639 1675 l.
1659 1645 1705 1682 IV,
1722 1644 1759 1674 ad
1777 1653 1825 1674 an.
1840 1642 2020 1674 801.0rde-

1064 1689 1144 1719 ricus
1161 1689 1267 1718 vitalis
1280 1712 1288 1726 ,
1311 1687 1389 1718 Hist.
1408 1687 1480 1718 eccl.
1499 1687 1518 1717 l.
1536 1688 1576 1719 ll.
1592 1686 1714 1716 scribit:
1732 1685 1805 1716 Post
1829 1685 1906 1714 haec
1928 1682 2020 1713 Indi-

1063 1730 1170 1761 ctione
1178 1729 1273 1767 IX,II
1287 1728 1344 1760 cal.
1360 1728 1448 1765 maii,
1460 1729 1672 1759 terraemotus
1687 1734 1824 1766 maanus
1838 1724 1942 1765 sactus
1957 1726 2021 1761 est,

1064 1773 1094 1802 et
1111 1773 1210 1802 totam
1226 1769 1401 1802 Ecclesiam
1416 1779 1441 1801 s.
1457 1769 1550 1800 Pauli
1566 1767 1709 1808 Apostoli
1721 1766 1835 1802 diruit,
1849 1775 1946 1806 quam
1958 1765 2018 1797 Leo

1067 1812 1153 1851 Papa
1176 1811 1296 1852 optime
1319 1810 1494 1851 reparavit.
1518 1810 1666 1841 Litanias
1680 1817 1800 1849 quoque
1817 1806 1902 1838 idem
1919 1807 2021 1838 Prae—-

1064 1853 1117 1884 sul
1133 1853 1234 1884 tribas
1251 1851 1360 1883 ‹ltpbas
1383 1853 1456 1882 ante
1468 1850 1695 1883 Ascensionem
1711 1849 1840 1881 Domini
1856 1848 1954 1878 iussit
1968 1856 2020 1878 ce-

1067 1894 1197 1926 lebrari.
1214 1894 1330 1925 Nullus
1350 1892 1632 1933 praedecessorum
1647 1891 1716 1922 eius
1728 1892 1761 1921 in
1774 1889 1924 1921 Ecclesiis
1936 1888 2021 1920 San-

1066 1939 1192 1967 ctorum
1204 1937 1234 1966 et
1247 1934 1448 1966 ornamentis
1464 1934 1513 1964 vel
1528 1933 1601 1965 aliis
1612 1932 1796 1964 necessariis
1818 1931 1909 1962 rebus
1924 1930 2019 1970 plus-

1065 1986 1162 2017 quam
1179 1977 1232 2007 ille
1247 1978 1398 2016 operatus
1410 1978 1464 2006 est.
1478 1976 1537 2006 Has
1555 1983 1625 2005 vcro
1635 1974 1774 2005 Litanias
1798 1973 1897 2003 sancti
1913 1974 2020 2003 Patres

1066 2027 1126 2048 non
1140 2018 1315 2057 equitando,
1325 2026 1384 2048 non
1400 2017 1537 2047 vestibus
1554 2017 1715 2056 praetiosis
1729 2013 1914 2052 utendo‚sed
1929 2013 1959 2043 in
1976 2014 2020 2043 ci-

1068 2069 1139 2090 nere
1152 2063 1181 2090 et
1193 2060 1302 2095 cilicio,
1317 2059 1396 2089 sicut
1409 2059 1590 2088 etMaiorem
1608 2057 1766 2092 Litaniam,
1779 2056 1937 2086 observari
1955 2057 2022 2084 sta—

1068 2104 1198 2131 tuerunt.
1209 2101 1282 2130 Vide
1299 2100 1507 2139 Μία-0109511111,
1521 2098 1576 2139 Op.
1588 2098 1639 2130 cit.
1653 2107 1678 2129 c.
1693 2098 1743 2135 57,
1757 2101 1777 2128 t.
1789 2097 1884 2127 xvltl
1896 2095 2022 2128 Biblio-

1071 2142 1179 2173 thecae
1192 2141 1334 2178 Pan-mm
1348 2140 1407 2171 vid.
1417 2149 1539 2180 quoque
1551 2141 1709 2180 Hugonem
1722 2138 1901 2169 Menardum
1919 2138 1947 2167 in
1961 2135 2021 2167 Ob-

1069 2185 1183 2214 servat.
1201 2183 1240 2213 acl
1257 2182 1378 2213 librum
1393 2181 1681 2212 Sacramentorum
1697 2190 1721 2211 s.
1735 2178 1886 2218 Gregorii,
1902 2188 1931 2218 p.
1944 2177 2025 2214 393;

1071 2225 1195 2262 Bonam,
1205 2223 1248 2255 De
1256 2223 1371 2254 Divina
1381 2222 1579 2259 Psalmodia,
1589 2220 1695 2262 ο.14,Ξ
1707 2221 1736 2259 4ς
1749 2221 1968 2256 Mabillonium,
1982 2219 2024 2249 De

1071 2265 1226 2305 Liturqia
1244 2264 1424 2300 Gallicana,
1440 2274 1466 2303 p.
1486 2264 1544 2295 152
1561 2268 1590 2294 et
1606 2263 1797 2294 Edmundum
1814 2264 1958 2297 Marteue,
1981 2260 2025 2290 De

1072 2307 1192 2338 Divinis
1217 2306 1344 2346 Officiis,
1361 2316 1386 2336 o.
1403 2305 1452 2337 27.
1469 2305 1720 2345 Antiquissimum
1738 2313 1806 2334 esse
1824 2303 2025 2339 Litanfflrum,

1072 2358 1125 2379 seu
1138 2348 1396 2386 supplicationum
1411 2347 1602 2385 publicarum
1617 2355 1715 2383 usum,
1731 2345 1843 2385 probat
1861 2354 1885 2374 s.
1899 2342 2026 2374 Ambro-

1073 2391 1136 2420 sius
1150 2415 1157 2427 ,
1173 2389 1270 2429 Epist.
1286 2388 1335 2425 40,
1352 2387 1366 2428 Ξ
1384 2387 1426 2425 16,
1442 2391 1463 2419 t.
1479 2388 1519 2424 11;
1537 2387 1590 2418 sed
1615 2391 1697 2418 recte
1716 2387 1864 2417 observat
1885 2385 1947 2414 Iac.
1963 2384 2028 2413 Sir-

1073 2431 1213 2467 mondus,
1230 2431 1259 2461 in
1279 2429 1431 2461 Observat
1445 2429 1476 2460 in
1501 2429 1656 2459 Sidonium
1679 2428 1885 2467 Apollinarem
1908 2423 2029 2460 ‹1.vE-

1072 2472 1146 2512 pist.
1166 2471 1227 2509 14),
1242 2471 1321 2511 quod
1340 2472 1456 2501 frustra
1481 2471 1634 2507 laborant,
1650 2470 1700 2508 qui
1717 2472 1881 2508 propterea
1895 2466 1975 2506 quod
1988 2466 2030 2495 Li-

1075 2514 1175 2544 tanias
1200 2513 1505 2552 supplicationesque
1537 2515 1607 2542 ante
1629 2512 1809 2541 Mamertum
1832 2510 1862 2538 in
1893 2507 2030 2538 Ecclesia

1075 2555 1209 2585 extitisse
1231 2554 1355 2594 legunt;
1378 2553 1446 2583 ideo
1475 2553 1558 2583 illum
1581 2553 1785 2592 negationum
1811 2558 1870 2580 non
1895 2550 2027 2587 primum

1076 2599 1248 2633 auctorem,
1270 2594 1325 2625 sed
1349 2598 1593 2625 restauratorem
1617 2593 1674 2623 dici
1692 2593 1809 2622 volunt.
1827 2592 1932 2629 Neque
1948 2590 2029 2619 enim

1076 2636 1216 2676 quaestio
1233 2639 1289 2673 est,
1307 2645 1345 2666 an
1363 2635 1482 2674 primus
1501 2636 1684 2665 Lilaniarum
1701 2641 1789 2663 usum
1808 2632 1836 2661 in
1855 2631 2026 2661 Ecclesiam

1076 2678 1239 2713 invexerit,
1256 2686 1345 2717 quem
1370 2680 1493 2707 constat
1509 2676 1603 2706 multo
1620 2675 1823 2713 antiquiorem
1842 2672 1954 2708 suisse;
1972 2671 2027 2701 sed

1077 2729 1115 2750 an
1141 2728 1194 2749 eas
1218 2721 1384 2750 Mamertus
1406 2718 1586 2754 instituerit,
1608 2724 1686 2756 quae
1710 2720 1782 2744 ante
1805 2713 2026 2744 Aseensionem

1077 2760 1195 2791 Domini
1221 2760 1434 2796 celebrantur,
1453 2757 1704 2797 Rogationesque
1728 2755 1853 2795 propria
1870 2755 1929 2784 iam
1951 2762 2029 2784 voce

1078 2805 1304 2840 nuncupantur.
1322 2802 1351 2831 ln
1368 2809 1428 2839 quo
1446 2808 1551 2829 omnes
1569 2799 1774 2833 consentiunt,
1786 2800 1814 2827 et
1828 2795 1945 2826 Sidonii
1960 2804 2028 2825 ver-

1077 2844 1117 2873 ba
1133 2843 1268 2873 dubitari
1285 2851 1344 2872 non
1361 2843 1472 2871 sinunt.
1491 2848 1569 2878 quae
1587 2838 1759 2868 huiusmodi
1777 2841 1865 2868 sunt:
1881 2845 2025 2876 quarum

1079 2884 1290 2924 Roqationum
1313 2882 1400 2913 nobis
1420 2880 1670 2912 sollemnitatem
1691 2879 1818 2919 primus
1841 2877 2021 2910 Mamertus

1079 2926 1172 2956 Pater
1187 2926 1216 2955 et
1233 2923 1379 2962 Pontifex
1397 2921 1650 2952 reverentissimo
1667 2920 1812 2959 exemplo
1826 2945 1832 2955 ‚
1849 2918 2023 2949 utilissimo

1079 2967 1296 3006 experimenta
1319 2964 1454 2999 invenit,
1480 2962 1635 2999 instituit,
1654 2962 1782 2992 incepit.
1800 2961 1872 2991 Hele
1887 2969 1947 2990 non
1966 2960 2023 2989 abs

1080 3017 1112 3038 re
1136 3010 1183 3037 est
1211 3007 1378 3044 adiungere
1402 3013 1439 3034 ex
1462 3003 1625 3033 Benedieto
1648 3003 1713 3032 xlv
1736 3002 1792 3039 (De
1814 3000 1942 3033 Servor.
1965 2999 2029 3030 Dei

1081 3047 1193 3086 Beatif.
1209 3049 1239 3077 et
1257 3044 1406 3077 Canania.
1424 3045 1450 3074 1.
1468 3044 1513 3081 lV,
1530 3047 1606 3082 part.
1623 3043 1652 3080 ⁶2,
1668 3053 1693 3074 e.
1709 3043 1757 3081 10,
1774 3053 1802 3074 n.
1821 3043 1862 3081 1),
1879 3041 1960 3081 quod
1980 3042 2027 3072 Li-

1080 3092 1181 3120 taniae
1198 3096 1306 3118 nomen
1323 3086 1505 3126 quandoque
1522 3085 1676 3123 significat
1702 3085 1949 3124 processionem,
1968 3083 2025 3113 ali-

1082 3130 1204 3170 quando
1227 3128 1439 3167 quodcumque
1456 3135 1553 3166 genus
1568 3135 1708 3165 precum;
1721 3126 1841 3157 demum
1863 3124 2028 3164 quamdam

1083 3172 1193 3202 seriem
1216 3170 1409 3206 Sanctorum,
1421 3169 1472 3205 qui
1489 3169 1518 3198 in
1533 3167 1716 3207 quibusdam
1728 3167 1872 3208 precibus
1885 3166 2030 3197 coluntur

1086 3218 1114 3243 et
1131 3213 1317 3242 invocantur.
