2241 3473
232 117 312 155 212

182 193 396 232 fordienses
411 193 450 230 in
466 191 625 229 concilio
636 189 807 228 Nicaeno
822 187 1022 226 definitam
1039 187 1131 225 fuis-

179 259 241 294 se,
262 247 359 284 falso
379 246 580 295 putabant.
604 254 628 281 «
649 242 781 280 Allata
803 243 862 278 est
881 241 921 278 in
942 241 1126 287 medium,

180 300 384 349 inquiunt,
407 297 582 346 quaestio
606 297 653 333 de
674 307 777 332 nova
801 295 1037 332 Graecorum
1058 306 1128 343 sy-

183 353 281 390 nodo
311 352 388 402 (ita
408 351 568 388 Franci
587 353 686 387 tune
706 348 975 398 appellabant
992 348 1129 384 conci-

183 408 285 444 lium
315 405 546 442 Nz'eaenum
575 401 663 452 II),
693 413 809 450 quam
845 401 892 438 de
922 400 1129 438 adorandis

183 458 416 506 imaginibus
435 455 769 504 Constantinopoli
787 453 1035 501 fecerunt3in
1051 465 1129 502 qua

181 511 371 560 scriptum
416 509 656 555 habebatur,
698 511 740 545 ut
783 507 849 556 qui
892 507 1128 556 imaginibus

180 565 318 601 Ssrum
333 593 342 610 ,
362 563 419 600 ita
440 564 482 600 ut
502 562 672 600 Deificae
694 561 879 599 Trinitati
893 590 903 608 ,
923 559 1127 598 servitium

180 618 250 655 aut
272 616 540 654 adorationem
565 628 639 653 non
661 615 950 664 impenderent,
971 614 1130 651 anathe-

178 682 243 707 ma
273 669 554 707 iudicarentur.
577 669 650 711 Qui
679 680 798 718 supra
824 680 872 706 ες.
894 667 1034 704 Patres
1054 679 1129 703 no-

177 723 249 761 stri
281 723 513 760 omnimodis
542 723 807 760 adorationem
829 724 868 758 et
895 720 1125 758 servitutem

179 780 394 814 renuentes
428 778 744 826 contempserunt
762 805 770 822 ,
807 779 924 823 atque
960 786 1127 811 consen-

179 831 325 868 tientes
347 830 707 868 condemnaverunt
727 840 763 867 ».
785 828 939 866 Caeteri
961 839 1129 865 canones

178 885 227 922 ad
249 883 495 932 disciplinam
518 886 695 932 spectant
717 881 740 920 ¹.

233 937 462 975 Hadrianus
491 937 562 986 Pp.
585 937 777 985 prolixam
806 934 960 984 scripsit
981 934 1128 983 episto-

180 991 258 1028 lam
288 991 337 1027 ad
367 990 548 1028 Carolum
571 991 638 1036 M„
659 990 697 1027 in
719 1001 796 1038 qua
816 989 863 1026 ad
885 988 1038 1038 singula
1059 1000 1128 1025 ca-

182 1045 264 1094 pita
301 1045 504 1081 librorum
539 1045 832 1081 Carolinorum
861 1042 1063 1091 respondit
1091 1044 1130 1079 et

184 1097 386 1146 antiquam
407 1097 625 1135 doctrinam
645 1098 691 1135 de
712 1109 762 1134 ss.
783 1097 1000 1145 Imaginum
1023 1094 1128 1132 cultu

184 1152 423 1200 explicavit,
444 1153 504 1188 cui
528 1163 617 1189 cum
637 1152 897 1188 consentanea
917 1151 1019 1187 esset
1033 1161 1128 1186 con-

184 1205 259 1242 cilii
278 1204 446 1242 Nicaeni
467 1204 653 1250 definitio,
669 1216 709 1242 se
730 1203 827 1241 illud
843 1203 1057 1252 suscepisse
1073 1202 1129 1240 si-

185 1258 394 1307 gnificavit
416 1257 442 1296 ².
464 1258 562 1296 Cum
592 1261 722 1295 autem
751 1257 892 1295 Franci
921 1257 969 1294 ab
998 1268 1129 1293 errore

188 1312 535 1350 Iconomachorum
566 1313 697 1350 essent
726 1311 857 1357 alieni,
886 1314 925 1348 et
952 1322 1129 1347 commu-

183 1366 342 1403 nionem
383 1378 472 1403 cum
504 1366 572 1412 iis,
601 1365 665 1414 qui
695 1365 911 1403 Nicaenam
940 1364 1133 1414 synodum

187 1419 472 1468 suscipiebant,
492 1431 568 1457 non
589 1422 837 1467 rumperent,
858 1429 982 1466 neque
1002 1417 1132 1455 mode-

188 1476 319 1510 ratum
337 1503 347 1518 ,
375 1473 443 1510 sed
478 1472 722 1518 absolutum,
753 1471 1067 1521 superstitiosum
1096 1473 1134 1509 et

188 1526 453 1576 periculosum
467 1526 682 1575 imaginum
694 1525 846 1562 cultum
857 1525 1134 1573 improbarent,

189 1579 438 1626 Hadrianus,
478 1579 706 1618 oeconomia
740 1591 851 1626 usus,
887 1578 1057 1624 censuit,
1087 1579 1135 1615 ad

188 1636 341 1682 tempus
372 1633 648 1672 abstinendum
668 1633 717 1670 ab
738 1631 954 1681 obligandis
973 1631 1136 1670 Francis

189 1689 237 1725 ad
258 1687 526 1736 recipiendum
560 1686 767 1724 concilium
787 1685 1005 1724 Nicaenum
1042 1689 1136 1723 tan-

189 1753 307 1790 quam
327 1741 618 1779 oecumenicum
632 1770 642 1787 ,
664 1740 784 1778 donec
803 1739 850 1786 ii,
865 1740 982 1777 rebus
997 1739 1136 1777 melius

190 1795 399 1844 perspectis
412 1825 421 1841 ,
443 1807 616 1833 errorem
637 1793 748 1841 facti,
768 1793 807 1830 in
828 1805 903 1842 quo
919 1794 1135 1831 versaban-

191 1854 275 1895 tur,
295 1849 545 1897 deponerent.
568 1849 670 1887 Hinc
700 1848 846 1885 factum
868 1850 949 1893 est,
971 1848 1014 1884 ut
1033 1859 1135 1884 non-

191 1902 264 1940 nisi
294 1904 380 1951 post
408 1902 541 1952 plures
572 1914 694 1940 annos
721 1900 1025 1947 Franco-Galli,
1053 1912 1134 1938 rem

191 1955 329 1993 melius
350 1957 496 2003 edocti,
518 1956 724 1994 concilium
746 1955 821 1993 VH
842 1954 1088 2003 susceperint
1107 1952 1133 1991 ³.

242 2009 621 2058 9.Ad0ptz'cm0rum
641 2008 931 2047 haeresis—In
948 2008 1136 2057 Hispania

191 2074 363 2100 errorem
402 2064 676 2111 gravissimum
717 2065 985 2111 propagarunt
1023 2062 1136 2099 Felix

195 2116 397 2165 episcopus
420 2117 690 2165 Urgellitanus
707 2120 746 2154 et
763 2116 976 2164 Elipandus
992 2115 1137 2153 archie-

188 2171 280 2219 pisc.
302 2170 529 2208 Toletanus.
551 2171 662 2208 Felix
691 2182 754 2207 an.
776 2170 852 2206 783
872 2170 919 2206 ab
946 2169 1135 2218 Elipando

188 2224 403 2270 consultus,
421 2236 468 2260 an
490 2224 671 2261 Christus
694 2223 906 2261 secundum
923 2223 1135 2260 humanam

188 2280 392 2323 naturam,
413 2289 480 2315 seu
510 2279 704 2326 quatenus
723 2277 836 2314 homo
859 2279 936 2322 est,
957 2277 1136 2325 proprius

187 2343 236 2369 an
271 2331 396 2369 solum
428 2331 634 2380 adoptivus
665 2330 735 2367 Dei
765 2330 887 2367 Filius
917 2330 1135 2367 credendus

186 2389 304 2434 atque
344 2385 531 2422 dicendus
572 2383 643 2429 sit,
672 2383 894 2432 respondit,
934 2383 1133 2420 dicendum

186 2451 270 2476 esse
299 2439 548 2487 adoptivum.
572 2437 695 2475 Felici
725 2438 837 2474 facile
867 2437 1031 2474 assensit
1050 2437 1134 2474 lili-

186 2492 345 2542 pandus.
367 2492 492 2531 Ambo
522 2492 623 2529 lianc
643 2491 857 2528 doctrinam
888 2502 954 2528 ore
976 2493 1016 2528 et
1035 2491 1135 2528 scri-

188 2548 252 2595 pto
287 2548 605 2595 propugnarunt,
635 2548 673 2582 et
704 2544 910 2581 haerescos
939 2544 1133 2592 Adoptia-

188 2612 325 2637 norum
345 2604 524 2637 auctores
545 2598 715 2636 fuerunt.
733 2598 829 2635 Erat
845 2598 941 2635 haec
960 2598 1135 2636 doctrina

187 2654 432 2692 nestorianae
471 2653 678 2690 haerescos
716 2651 972 2698 instauratio,
1014 2663 1133 2700 quum

187 2707 291 2745 enim
316 2707 534 2757 adoptionis
555 2709 593 2743 et
615 2705 812 2743 filiationis
833 2705 1022 2743 terminus
1044 2707 1131 2742 atli—

187 2760 266 2798 ciat
295 2773 522 2810 personam,
544 2759 573 2797 si
595 2760 791 2803 Christus,
812 2771 887 2807 qua
916 2760 1049 2805 homo,
1071 2772 1134 2795 cs-

189 2818 248 2852 set
269 2815 395 2852 solum
426 2814 635 2863 adoptivus
664 2813 731 2851 Dci
753 2812 898 2860 Filius,
919 2825 1134 2861 conseque-

230 2924 239 2945 1
259 2921 522 2959 l,:1l›be‚t.wl,1‘›.
545 2919 629 2950 1013.

225 2964 329 2995 21bid.
348 2974 375 3002 p.
391 2963 461 2993 915.

230 3006 243 3027 :³
260 3007 312 3041 Ea,
328 3015 406 3045 quac
429 3003 571 3034 pallaeus
589 3002 685 3033 etalii
703 3012 718 3033 c
735 3003 821 3033 libris
838 3003 1000 3039 Cau-olims,
1017 3006 1046 3034 ct
1063 3013 1079 3034 c
1093 3013 1137 3043 sy-

189 3048 269 3077 nodo
294 3046 558 3077 1⁴‘rancoi'0raelicnsi
584 3054 740 3083 opponere
758 3046 858 3075 conati
875 3049 946 3075 sunt
962 3048 1072 3075 conti-:1
1091 3056 1137 3076 ca-

189 3089 334 3119 tholicam
352 3088 523 3118 doctrinam
541 3087 579 3115 dn:
597 3096 757 3117 sacrarum
776 3087 946 3124 imaginum
962 3087 1056 3123 cultu,
1069 3097 1138 3117 vnn-

190 3131 285 3160 snt-ata
313 3130 448 3167 reperies
468 3128 548 3167 npnd
570 3129 665 3158 Natat.
685 3129 755 3159 Alex
784 3128 860 3159 lhsl.
881 3128 955 3159 mvl.
974 3138 1045 3159 sai-c
1065 3129 1137 3166 wll,

190 3171 260 3201 diss.
287 3172 331 3208 Π,
348 3172 362 3211 β,
381 3171 458 3208 7-8;
477 3171 495 3200 l.
513 3171 543 3200 B.
563 3170 680 3208 l’nlinu,
698 3170 850 3202 I'rccelcct.
869 3169 946 3202 msc.
965 3170 1039 3202 eccl.
1057 3175 1076 3202 t.
1095 3171 1136 3210 11,

190 3217 266 3252 part.
283 3213 315 3251 ll,
332 3223 356 3244 c.
375 3212 402 3250 ᾧ,
420 3216 476 3243 etc.

859 122 1021 151 EPOCHA
1048 123 1104 150 vl.
1131 122 1160 150 A
1187 123 1340 150 CAROLO
1369 124 1411 150 Μ.

1170 188 1301 234 retur,
1321 199 1396 224 non
1418 188 1570 225 tantum
1589 189 1772 227 naturam
1791 189 1859 228 sed
1879 189 1997 227 etiam
2012 201 2107 239 per-

1171 253 1304 278 sonam
1325 241 1536 278 humanam
1551 241 1591 278 in
1608 241 1762 280 Christo
1778 244 1825 281 ad
1841 242 1997 280 divinae
2014 256 2110 281 con-

1170 294 1335 331 sortium
1364 293 1483 332 suisse
1513 297 1774 342 assumptam,
1800 296 1973 346 duosque
2001 296 2041 333 in
2067 308 2112 334 eo

1170 358 1254 384 esse
1283 347 1577 396 distinguendos
1597 348 1668 385 Dei
1690 348 1828 396 Filios,
1848 349 2051 399 proprium
2071 352 2112 388 et

1171 401 1398 448 adoptivum
1419 399 1443 439 ¹.

1224 453 1345 491 Brevi
1380 456 1556 503 tempore
1582 453 1696 492 multi
1724 454 1764 492 in
1793 455 1979 505 Hispania
2008 458 2048 494 et
2075 455 2115 494 in
2155 496 2159 499 ,

1172 507 1301 545 Gallia
1319 507 1560 545 meridionali
1583 515 1668 544 tum
1688 508 1874 556 episcopi,
1894 509 2116 559 presbyteri

1171 564 1210 598 et
1239 561 1437 607 monachi,
1457 564 1540 599 tum
1568 561 1680 607 laici,
1699 561 1840 599 Felicis
1869 564 1908 598 et
1934 562 2115 611 Elipandi

1173 614 1389 652 doctrinam
1405 615 1574 664 amplexi
1595 616 1696 652 sunt.
1710 615 1895 652 Haeresis
1913 615 2116 653 confestim

1172 679 1195 704 a
1214 667 1311 705 viris
1340 668 1465 706 doctis
1493 668 1695 706 confutata
1725 671 1764 705 et
1783 668 1832 705 ab
1861 668 2050 717 episcopis
2076 669 2117 706 in

1172 721 1331 769 synodis
1353 724 1470 771 atque
1490 734 1514 759 a
1534 723 1710 759 Romano
1727 721 1917 759 Pontifice
1933 722 2119 760 damnata

1173 774 1259 812 fuit.
1277 774 1319 811 In
1341 775 1476 824 primis
1488 775 1678 814 Etherius
1695 775 1908 824 Episcopus
1923 775 2119 813 Uxamen-

1173 828 1225 866 sis
1254 831 1292 865 et
1313 829 1460 866 Beatus
1490 829 1699 878 presbyter
1727 829 1847 866 libros
1867 829 1962 866 duos
1983 831 2120 867 contra.

1173 882 1407 931 Elipandum
1423 883 1675 931 scripserunt.
1688 882 1836 920 Eodem
1851 885 2025 931 tempore
2040 882 2119 920 Ha-

1173 936 1334 973 drianus
1356 937 1425 984 Pp.
1445 935 1652 984 epistolam
1671 935 1827 984 scripsit
1852 936 1901 974 ad
1922 936 2121 985 episcopos

1175 989 1398 1038 Hispaniae,
1414 1001 1478 1027 eos
1499 990 1720 1034 admonens,
1734 992 1777 1026 ut
1792 989 1864 1027 sibi
1881 990 1928 1028 ab
1941 989 2120 1039 Elipandi

1175 1055 1307 1080 errore
1337 1046 1543 1089 caventes,
1569 1044 1790 1080 constanter
1818 1044 2122 1091 perseverarent

1175 1097 1213 1134 in
1235 1096 1343 1134 avita
1364 1096 1673 1145 doctrina,quae
1688 1095 1908 1142 confitetur,
1925 1095 2121 1134 Christum

1176 1163 1260 1188 esse
1282 1150 1481 1199 proprium
1499 1153 1539 1187 et
1556 1149 1799 1199 unigenitum
1810 1149 2049 1196 DeiFilium,
2063 1149 2121 1187 ita

1177 1206 1219 1241 ut
1239 1204 1341 1242 idem
1361 1204 1411 1242 sit
1431 1203 1558 1241 Filius
1578 1203 1648 1240 Dei
1669 1202 1734 1251 qui
1755 1203 1880 1241 Filius
1906 1202 2075 1241 hominis
2094 1202 2122 1241 ².

1178 1258 1300 1295 Paulo
1322 1261 1408 1306 post
1428 1258 1599 1294 eundem
1620 1268 1795 1294 errorem
1816 1256 2052 1294 doctissimis
2070 1255 2122 1293 li-

1175 1311 1255 1349 bris
1284 1310 1539 1349 confutarunt
1559 1312 1599 1348 et
1617 1309 1852 1348 catholicum
1872 1311 2012 1360 dogma
2032 1309 2122 1347 vin-

1177 1365 1360 1402 dicarunt
1376 1365 1568 1402 Alcuinus
1587 1366 1627 1402 et
1643 1376 1672 1401 s.
1686 1363 1877 1402 Paulinus
1897 1363 2123 1413 patriarcha

1177 1418 1454 1467 Aquileiensis.
1476 1418 1605 1460 Quum
1627 1422 1760 1454 autem
1779 1417 1890 1455 sedes
1910 1417 2121 1467 Urgellita-

1178 1485 1227 1510 na
1255 1472 1331 1509 sita
1359 1475 1461 1510 esset
1489 1472 1528 1509 in
1549 1482 1597 1510 ea
1626 1471 1837 1520 Hispaniae
1867 1474 1999 1519 parte,
2020 1482 2123 1519 quae

1178 1526 1340 1563 Francis
1360 1526 1536 1563 subiecta
1555 1527 1651 1571 erat,
1663 1528 1702 1561 et
1722 1536 1832 1562 error
1849 1525 1967 1562 etiam
1985 1524 2024 1561 in
2036 1523 2124 1561 Gal-

1177 1579 1272 1617 liam
1292 1581 1553 1627 penetrasset,
1574 1579 1736 1616 Carolus
1751 1578 1805 1616 M.
1821 1590 1883 1616 an.
1906 1577 1984 1616 792
2003 1589 2123 1626 syno-

1177 1634 1270 1671 dum
1286 1632 1413 1681 coegit
1432 1633 1690 1678 Ratisbonae,
1711 1632 1749 1668 in
1770 1644 1847 1681 qua
1866 1629 1998 1678 Felix,
2014 1631 2123 1669 iussu

1178 1686 1282 1736 regis
1298 1687 1525 1732 accersitus,
1541 1685 1688 1723 erroris
1703 1685 1907 1723 convictus
1922 1684 2009 1722 fuit.
2021 1687 2054 1722 A
2070 1695 2125 1722 re-

1178 1752 1225 1790 ge
1246 1739 1386 1778 missus
1403 1740 1582 1785 Romam,
1598 1751 1728 1776 coram
1738 1738 1937 1777 Hadriano
1946 1739 2015 1787 Pp.
2025 1738 2123 1776 hae-

1178 1794 1296 1832 resim
1325 1794 1534 1831 abiuravit.
1566 1793 1715 1831 Verum
1745 1792 1948 1842 Urgellam
1978 1791 2124 1838 redux,

1179 1860 1352 1885 errorem
1382 1849 1595 1896 resumpsit
1624 1849 1665 1884 et
1684 1847 1724 1883 in
1744 1849 1873 1884 terras
1893 1845 2125 1884 Maurorum

1178 1901 1425 1951 confugiens,
1446 1913 1523 1938 una
1543 1913 1629 1938 cum
1651 1901 1840 1949 Elipando
1860 1900 2023 1948 aliisque
2039 1899 2127 1937 ado-

1178 1956 1318 2005 ptianis
1353 1955 1564 2003 Hispaniae
1593 1954 1783 2003 episcopis
1811 1964 2028 2003 propagare
2057 1964 2125 1990 co-

1179 2012 1294 2047 natus
1321 2013 1391 2046 est.
1413 2008 1573 2046 Carolus
1593 2007 1645 2045 M.
1667 2007 1838 2056 acceptis
1866 2008 1915 2045 ab
1935 2005 2127 2055 Elipando

1178 2063 1342 2112 aliisque
1363 2062 1595 2111 Adoptianis
1623 2061 1789 2108 litteris,
1810 2061 1947 2110 quibus
1975 2060 2033 2097 illi
2052 2071 2126 2097 no-

1178 2129 1269 2154 vam
1298 2128 1439 2154 causae
1470 2116 1749 2153 discussionem
1772 2115 2044 2163 postulabant,
2064 2125 2127 2152 an.

1179 2172 1257 2208 794
1278 2171 1404 2218 coegit
1425 2181 1542 2218 supra
1563 2169 1764 2207 laudatam
1787 2169 1978 2218 synodum
2000 2167 2129 2205 Fran-

1178 2224 1477 2269 cot'ordiensem,
1499 2223 1537 2259 in
1559 2234 1637 2271 qua
1656 2221 1799 2260 Felicis
1814 2226 1854 2259 et
1869 2220 2049 2270 Elipandi
2066 2220 2128 2257 do-

1179 2278 1308 2315 ctrina
1337 2279 1540 2325 tamquam
1569 2276 1689 2324 impia
1711 2278 1750 2313 et
1769 2274 1937 2312 nefanda
1956 2273 2130 2312 haeresis

1179 2332 1365 2368 damnata
1394 2330 1468 2368 fuit
1493 2328 1520 2366 ³.
1550 2330 1660 2366 Tunc
1689 2329 1854 2367 Carolus
1882 2328 1935 2366 M.
1966 2328 2129 2366 Leidra-

1179 2385 1270 2422 dum
1292 2385 1513 2432 episcopum
1536 2383 1837 2431 Lugdunensem
1859 2385 1900 2420 ct
1918 2383 2013 2420 duos
2033 2381 2128 2419 alios

1178 2438 1400 2476 sacerdotes
1421 2437 1460 2473 in
1486 2437 1702 2473 subiectam
1724 2436 1796 2474 sibi
1818 2435 2028 2485 Hispaniae
2045 2446 2130 2484 par-

1176 2496 1254 2530 tem
1277 2491 1406 2536 misit,
1429 2492 1470 2527 ut
1494 2490 1723 2538 adoptianos
1746 2491 1793 2527 ad
1815 2489 2049 2528 catholicam
2069 2500 2131 2526 ve-

1177 2545 1336 2582 ritatem
1376 2544 1610 2581 reducerent
1624 2574 1632 2588 ,
1662 2544 1762 2591 quod
1799 2543 1826 2581 ii
1862 2544 2007 2592 optimo
2041 2553 2129 2580 cum

1177 2610 1358 2636 successu
1389 2597 1576 2635 fecerunt.
1599 2597 1713 2635 Felix
1733 2608 1825 2635 vero
1852 2601 1893 2634 et
1911 2595 2127 2646 Elipandus

1176 2653 1211 2688 in
1230 2664 1361 2689 errore
1379 2651 1595 2699 pertinaces
1613 2651 1862 2689 exstiterunt.
1876 2651 2123 2699 Quapropter

1179 2706 1253 2743 Leo
1276 2707 1345 2754 l'p.
1368 2705 1444 2750 Ill,
1466 2705 1657 2742 Hadriani
1677 2716 1900 2750 successor,
1917 2715 1977 2741 an.
1995 2703 2072 2741 799
2089 2702 2129 2739 in

1179 2760 1358 2797 Romana
1386 2760 1534 2808 synodo
1564 2758 1756 2797 haeresim
1779 2758 2029 2807 adoptianam
2049 2756 2130 2794 ite-

1221 2879 1230 2901 ¹
1246 2879 1355 2908 Errant
1370 2876 1506 2916 protecto
1516 2876 1672 2907 Walchius
1686 2875 1775 2911 (Ilist.
1789 2873 2024 2914 Adoptianor.),
2039 2874 2132 2905 etBa-

1179 2920 1309 2958 snagins
1345 2918 1439 2957 (apud
1457 2919 1627 2955 Canisiuni,
1647 2917 1728 2949 tect.
1748 2916 1893 2956 antiquit.
1911 2919 1932 2946 t.
1950 2916 1973 2946 ll
1986 2939 1994 2954 ‚
2012 2925 2039 2955 p.
2057 2915 2130 2956 ⁶284)

1180 2962 1333 3000 ‹lit-cinos,
1357 2962 1434 2991 hant:
1459 2960 1701 2990 controversiznn
1725 2959 1754 2989 in
1779 2967 1862 2988 mera
1889 2957 2085 2996 logomachia
2102 2961 2132 2988 et

1180 3004 1301 3033 ‹lin-rsa
1324 3003 1486 3033 vorborum
1505 3002 1685 3040 acceptione
1705 3004 1796 3039 atquc
1820 2998 2022 3038 explicatione
2037 3000 2131 3030 fuisse

1181 3046 1320 3083 posnam.
1347 3044 1463 3074 vnn-sis
1488 3043 1583 3073 Natal.
1608 3043 1691 3073 Alex.
1715 3042 1774 3072 loc.
1795 3041 1843 3071 cit.
1868 3040 1944 3071 diss.
1972 3041 2033 3079 Vll;
2058 3042 2077 3072 l.
2097 3041 2130 3072 F.

1180 3087 1303 3116 Musiris.
1328 3085 1458 3117 lhsxrrl.
1476 3084 1513 3115 ‹te
1535 3085 1656 3115 haeresi
1672 3083 1833 3115 Felicicma
1850 3084 1879 3111 el
1896 3081 2131 3124 Elipandiana,

1180 3129 1260 3167 apud
1280 3129 1404 3158 [achar.
1427 3127 1578 3158 'I'lwxnmn
1597 3125 1682 3156 theol
1705 3130 1722 3155 ί.
1742 3125 1789 3162 lx,
1807 3134 1835 3164 p.
1854 3122 1924 3155 353.

1221 3170 1361 3207 21.:n›l‚c,
1382 3168 1499 3199 concil.
1518 3172 1537 3198 t.
1556 3167 1614 3203 ΠΙ,
1630 3176 1658 3206 p.
1677 3165 1760 3197 1014.

1221 3212 1233 3231 ²³
1250 3211 1362 3249 Labbc,
1379 3211 1451 3241 ibid.
1469 3220 1495 3249 p.
1518 3207 1594 3240 1013
1610 3217 1679 3248 sqq.
