2241 3473
214 153 291 190 434

162 239 239 278 tur,
250 234 297 270 ab
314 233 379 270 illo
395 230 704 277 Archiepiscopo
719 229 921 265 institutae
937 228 1108 264 fuerunt.

161 289 361 324 Numerus
388 291 518 322 autem
544 283 826 319 catholicorum
846 282 1046 318 Bukarest
1063 280 1111 316 ad

161 343 294 386 25‚OOO
312 339 492 386 adtingit,
512 343 552 373 et
577 337 808 372 sacerdotes
835 348 857 371 a
873 335 998 371 sacris
1025 334 1113 370 mis—

162 396 331 431 sionibus
351 394 465 440 plena
484 391 665 426 libertate
681 389 943 431 donantur,et
962 389 1009 424 ab
1030 387 1112 434 ipso

163 449 278 485 Clero
307 445 557 482 schismatico
586 444 748 479 reveriti
769 447 873 478 sunt.

212 502 289 539 104.
309 498 526 546 Eneyclica
547 511 565 531 «
595 496 758 533 Grande
789 507 928 532 munus
947 510 966 531 2>
986 498 1022 532 et
1040 497 1113 532 Pe-

162 553 383 601 roffi-[natio
412 552 620 588 Slauorzctn
648 550 699 585 cccl
732 550 973 586 Vaticanum
993 551 1115 586 ——Va-

166 608 316 643 tit-nnus
344 606 405 653 qui
426 610 466 641 et
483 604 724 640 medievales
745 604 929 639 tenebras
948 604 1114 650 fugavit,

166 661 282 707 lapsis
309 660 450 701 Slavis,
480 660 598 694 etiarn
630 670 732 693 nunc
760 669 876 704 opem
904 658 1011 693 ferre
1040 669 1115 693 non

163 714 324 754 destitit,
346 717 385 748 et
404 714 482 748 Leo
504 711 582 746 PP.
604 711 691 746 XIII
712 712 788 746 iam
807 711 895 747 inde
916 712 1115 747 Austriae-

164 766 393 813 Hungariae
410 770 450 802 et
464 766 682 801 Galliarum
700 765 892 811 gubernia
904 770 1119 810 rogaverat

163 827 217 864 ut,
246 821 282 855 in
312 824 506 855 conventu
529 819 700 854 Bcrolini
729 818 875 863 habite,
904 819 1115 854 Slavorum

166 874 450 910 catholicorum
492 872 684 908 rationem
725 872 931 908 haberent.
970 872 1116 908 Deinde

169 928 348 964 Pontifex
376 927 590 974 Encyclica
621 926 784 962 Grande
816 937 953 962 munus
987 926 1048 962 dle
1075 927 1119 964 30

169 983 369 1030 septembr
395 981 487 1018 18220
502 981 640 1016 festum
658 980 857 1028 ss-Cyrilli
873 987 913 1016 et
930 981 1119 1017 Methodii

166 1037 213 1072 ad
232 1036 461 1072 universam
483 1034 701 1070 Ecclesiam
722 1034 911 1077 extendit,
930 1034 1030 1081 quod
1048 1035 1121 1070 etsi

168 1090 294 1137 prima
308 1090 439 1124 fronte
459 1089 543 1124 leve
559 1092 598 1124 et
614 1093 935 1124 momentaneum
952 1087 1120 1132 videtur,

169 1149 299 1179 tamen
327 1142 462 1189 magni
491 1141 698 1189 ponderis,
726 1141 758 1176 si
786 1153 851 1177 res
879 1141 1121 1185 attendatur,

167 1197 451 1245 praesefertur.
475 1197 588 1232 Mens
615 1195 718 1232 enim
742 1195 943 1230 Pontificis
962 1195 1035 1231 fuit
1058 1195 1120 1231 de-

167 1251 320 1287 clarare
353 1251 545 1299 quomodo
565 1250 602 1285 hi
622 1250 695 1285 duo
725 1250 892 1297 apostoli
920 1254 960 1286 et
987 1254 1121 1297 patres

169 1305 319 1352 patriae
347 1304 528 1352 quidquid
547 1305 761 1350 gesserint,
781 1304 964 1351 quidquid
983 1304 1123 1339 docue-

169 1359 276 1400 rint,
303 1370 326 1394 a
367 1358 570 1393 pontificia
607 1358 707 1394 Sede
740 1359 1020 1405 accepissent,
1061 1359 1123 1394 cui

166 1426 325 1462 semper
361 1418 441 1450 toto
475 1414 604 1449 animo
641 1425 682 1450 se
713 1413 889 1450 subditos
925 1415 1123 1450 renuntia-

169 1474 260 1505 runt
286 1474 324 1505 et
352 1480 374 1505 a
393 1480 470 1517 qua
496 1480 611 1506 omne
632 1469 775 1505 bonum
797 1468 972 1505 hausisse
992 1469 1123 1505 testati

168 1527 270 1560 sunt.
296 1524 336 1561 Si
364 1525 484 1572 igitur
504 1524 728 1562 Christiana
749 1524 888 1570 religio
908 1527 1022 1559 tanta
1042 1523 1124 1568 fuit,

167 1582 209 1615 ut
237 1578 399 1626 populos
425 1578 541 1615 rudes
567 1583 607 1616 et
636 1590 735 1626 pene
763 1578 957 1614 barbaros
983 1577 1031 1614 ad
1050 1577 1126 1614 cul-

169 1636 251 1670 tum
279 1639 319 1669 et
337 1632 627 1670 humanitatem
648 1633 850 1677 eveheret,
869 1633 956 1680 ipsa
975 1643 1126 1681 quoque

170 1699 272 1724 nunc
299 1688 439 1724 Slavos
467 1688 515 1724 ad
544 1689 750 1736 pristinam
780 1688 947 1735 gloriam
973 1692 1012 1724 et
1031 1688 1128 1723 nito—

171 1754 251 1778 rem
280 1742 369 1779 fidei
399 1743 613 1779 restituere
643 1743 777 1791 pollet,
797 1746 840 1779 ut
867 1742 1023 1779 abiecta
1041 1741 1129 1778 feri-

171 1801 251 1833 tate
279 1797 326 1833 ad
352 1797 567 1844 exquisitos
587 1808 720 1833 mores
739 1797 979 1833 incumbant.
1003 1797 1130 1838 Quod-

171 1862 243 1898 que
271 1856 311 1887 ut
338 1852 492 1887 facilius
519 1851 828 1899 adsequeretur,
848 1852 1072 1898 exemplum
1093 1857 1132 1888 et

171 1907 274 1942 viam
303 1907 341 1941 in
370 1907 518 1942 sanctis
545 1906 749 1942 Methodio
769 1910 808 1942 et
826 1906 975 1954 Cyrillo
1001 1906 1131 1942 Ponti-

174 1959 237 1995 fex
253 1960 288 1994 in
310 1971 381 1996 sua
400 1960 614 2007 Encyclica
638 1960 822 2003 ostendit,
839 1959 903 2006 qui
923 1959 1016 1994 nihil
1038 1961 1134 1995 anti—

174 2015 285 2061 quins
313 2014 532 2050 habuerunt
560 2025 676 2061 quam
698 2020 738 2049 ut
760 2015 795 2049 in
817 2014 958 2049 animis
978 2014 1056 2050 alte
1076 2027 1134 2050 re-

177 2068 301 2114 posita
318 2073 496 2103 maneret
511 2068 607 2103 tides
624 2073 663 2103 et
679 2067 905 2103 obedientia
920 2067 1134 2103 Pontificil.

175 2122 287 2157 Haec
322 2121 466 2157 Leonis
500 2122 587 2156 XIII
622 2126 766 2156 conata
803 2120 1047 2156 conditiones
1086 2122 1136 2157 ci-

177 2177 274 2211 viles
301 2175 480 2211 Orientis
509 2176 675 2210 fortasse
696 2175 795 2211 bene
818 2178 991 2216 vertent,
1012 2176 1135 2211 cultus

177 2229 280 2264 enim
312 2240 505 2275 europeus
537 2228 709 2264 schisma
735 2229 895 2264 omnino
928 2228 1072 2265 delebit
1098 2234 1136 2265 ct

177 2283 402 2320 Christiana
448 2283 584 2330 religio
625 2283 859 2330 quantocius
902 2287 1004 2318 totas
1052 2284 1135 2319 illas

181 2347 316 2383 partes
351 2350 440 2374 mox
479 2337 719 2384 possidebit,
749 2349 866 2384 quum
899 2338 1133 2385 praesertim

182 2391 287 2427 Slnvi
317 2393 361 2428 ad
388 2394 432 2430 80
450 2394 608 2436 0001100
637 2403 738 2427 nunc
768 2393 1056 2438 pervenissent.

228 2446 374 2482 Eodem
412 2453 587 2494 tempore
627 2458 699 2493 quo
738 2452 774 2481 et
813 2446 890 2480 alia
926 2446 1134 2494 Encyclica

182 2499 273 2535 data
300 2506 360 2536 est
394 2500 659 2539 Dittlccrmtm,
691 2511 765 2547 qua
792 2499 973 2535 Pontifex
1005 2500 1136 2536 funda-

181 2560 313 2590 menta
342 2556 468 2591 civilis
499 2554 698 2591 socictatis
725 2554 1009 2597 constituebat,
1031 2555 1136 2590 Slavi

181 2620 229 2644 cx
256 2609 400 2645 dissitis
429 2610 653 2656 regionibus
682 2609 731 2645 ad
774 2620 978 2644 numerum
1018 2610 1135 2651 1500,

185 2676 279 2710 quos
310 2664 411 2700 inter
437 2664 588 2705 Poloni,
608 2663 976 2705 M‹·1-avi‚130nomi,
997 2664 1136 2702 Silesii,

181 2717 343 2760 Czeclii,
371 2718 551 2759 (Irciatcs,
582 2719 799 2759 Dalmatcs,
828 2717 1005 2761 Bulgari,
1043 2717 1137 2751 Mol-

183 2770 299 2813 ‹lavii,
329 2771 586 2811 Srliiavones,
618 2771 797 2806 I'›‹›s11iaci
816 2800 823 2813 ,
850 2770 992 2812 sertin,
1023 2771 1138 2805 lsi-zi:-

183 2825 420 2869 govinenses
445 2826 491 2861 ad
522 2825 637 2872 pedes
668 2825 870 2861 Pontificis
889 2836 1054 2872 peregre
1077 2837 1137 2860 vc-

185 2878 356 2914 niebant.
386 2879 469 2914 Ner:
505 2891 579 2915 non
611 2879 717 2914 multi
749 2879 921 2926 episcopi
954 2885 993 2914 et
1023 2890 1136 2914 cano-

185 2932 271 2975 nici,
302 2934 458 2978 parochi
487 2939 525 2969 01
553 2934 700 2969 nobiles
728 2939 768 2968 ut
788 2934 892 2980 grati
913 2933 1031 2969 animi
1052 2945 1138 2968 sen-

182 2998 248 3020 sus
279 2987 385 3023 Petri
415 2988 643 3025 Successori
667 2987 880 3034 aperirent.
909 2988 947 3023 ln
970 2987 1137 3022 Basiliva

183 3051 212 3073 S·
240 3041 454 3077 Clementis
482 3042 715 3078 solen‘initer
744 3053 812 3088 por
841 3041 1009 3076 triduum
1039 3041 1137 3077 cele-

187 3094 336 3129 brnlnrn
370 3096 437 3131 fuit
464 3096 603 3131 festum
633 3109 683 3129 ss.
706 3096 839 3142 cyrilli
865 3101 903 3132 ct
934 3095 1135 3136 Medimni,

185 3147 323 3182 babilis
352 3150 602 3184 cone-ionibus
630 3156 669 3184 vt
689 3150 825 3184 ritibus
845 3150 976 3193 variis:
999 3149 1135 3185 ‹loimle

233 3260 236 3279 ¹
263 3262 312 3292 &111
343 3261 1134 3305 taxatam-:ae!‹1l='ecl‹1,x‹›1.mix,p.>ti;2‚qq.

506 162 668 189 EPOCHA
689 160 775 186 XIII.
802 160 827 185 A
851 158 1029 184 PVBLICA
1052 156 1199 183 RERVM
1223 157 1264 182 IN
1287 155 1458 182 GALLIIS
1480 155 1772 183 SVBVERSIONE

1165 226 1367 274 peregrini
1394 237 1416 262 a
1444 225 1635 262 Pontifice
1662 225 1819 273 excepti
1844 225 2029 269 fuerunt,
2056 224 2121 273 qui

1166 281 1203 316 in
1237 290 1420 316 sermone
1449 290 1522 327 quo
1557 290 1650 315 usus
1677 279 1774 322 fuit,
1806 277 2122 316 benevolentiam

1167 334 1335 370 Romani
1371 334 1626 369 Pei‘itificatus
1660 345 1759 379 erga
1794 333 1933 370 Slavos
1974 332 2123 380 patefe-

1168 390 1232 432 cit,
1252 392 1290 425 et
1316 387 1554 424 desiderium
1583 387 1753 423 ostendit
1778 392 1822 423 ut
1848 399 1964 424 nemo
1990 388 2125 423 Slavo-

1169 454 1255 478 rum
1285 446 1399 478 extra
1425 442 1552 477 sinum
1580 441 1783 477 Ecclesiae
1804 445 1999 484 maneret,
2019 441 2125 488 quin-

1168 497 1244 532 imo
1274 497 1470 532 intrarent
1496 495 1597 531 hane
1624 495 1760 531 salutis
1788 495 1956 538 Arcam,
1985 495 2023 530 in
2050 506 2126 542 qua

1169 551 1232 597 qui
1260 562 1337 586 non
1366 555 1425 585 est
1453 549 1593 596 peribit
1618 549 1786 584 durante
1816 548 1959 584 diluvio
1977 551 2003 581 1.

1218 605 1297 642 105.
1334 603 1542 639 Ecclesiae
1586 605 1713 638 status
1752 603 1793 638 in
1826 601 2058 638 Graecia-
2085 603 2127 638 In

1171 658 1343 695 Graecia
1369 657 1613 704 distinguere
1641 659 1797 702 oportet
1815 656 2028 691 Graeciam
2040 666 2128 702 pro-

1171 713 1256 759 prie
1271 710 1749 757 dictam‚Archipelagum
1764 713 1803 745 et
1818 709 1970 745 Insulas
1984 708 2126 745 Ionias.

1174 768 1325 802 Harum
1353 765 1526 812 partium
1547 774 1716 811 graecae
1736 763 1894 799 ditionis
1913 762 2025 799 varia
2042 774 2130 800 sors

1172 819 1256 855 fuit.
1286 818 1467 855 Ecclesia
1493 828 1641 864 graeca
1667 817 1884 857 insularum
1914 816 2130 860 lemarum,

1173 873 1365 910 ecelesias
1392 873 1569 908 Orientis
1594 871 1761 913 imitata,
1782 870 1951 907 schisma
1971 869 2074 906 Fotii
2093 875 2132 910 et

1175 927 1385 963 'Michaelis
1411 926 1632 963 Caerularii
1661 928 1815 961 sectata
1841 928 1914 961 est.
1939 925 1999 960 Ab
2026 935 2130 960 anno

1176 982 1264 1019 1054
1283 993 1403 1028 usque
1425 980 1471 1016 ad
1493 979 1584 1016 1268
1604 980 1640 1014 in
1661 979 1719 1015 his
1738 978 1874 1014 insulis
1893 989 2010 1014 nemo
2035 990 2135 1015 unus

1174 1035 1392 1072 catholicus
1419 1034 1506 1069 fuit.
1526 1034 1693 1070 Carolus
1719 1032 1789 1068 Vll
1816 1031 2132 1079 Andegavensis‚

1175 1088 1361 1135 Neapolis
1391 1099 1485 1130 rex,
1518 1087 1681 1122 subacta
1708 1086 1888 1132 Corcyra
1906 1113 1914 1128 ,
1942 1085 2137 1132 praefecit

1175 1135 1226 1178 ibi
1253 1141 1598 1188 archiepiscopum
1619 1140 1727 1176 latini
1747 1139 1843 1174 ritus
1871 1150 1941 1186 pro
1962 1138 2133 1185 graecis.

1179 1198 1292 1232 Anno
1319 1196 1407 1232 1317
1428 1195 1644 1242 Philippus,
1664 1193 1799 1231 Caroli
1818 1204 1952 1240 nepos,
1970 1192 2075 1229 dedit
2095 1193 2134 1228 in

1182 1255 1414 1297 perpetuum
1436 1249 1638 1284 Ecclesiae
1659 1248 1804 1283 latinae
1824 1258 1961 1283 omnes
1979 1246 2067 1282 illas
2082 1246 2137 1282 in-

1179 1304 1289 1340 sulae
1306 1308 1437 1339 terras
1464 1303 1633 1339 incultas
1664 1305 1705 1339 et
1731 1302 1890 1338 liberas.
1921 1302 2047 1337 Huius
2073 1302 2138 1337 do-

1181 1359 1350 1394 nationis
1377 1358 1582 1404 exemplar
1625 1357 1872 1393 authenticus
1905 1360 2137 1393 asservatur

1186 1414 1223 1449 in
1259 1413 1446 1449 archiviis
1477 1413 1680 1449 Ecclesiae
1701 1413 1974 1462 Corcyrensis-
1994 1414 2136 1452 Catho-

1183 1468 1280 1504 licus
1315 1469 1445 1504 clerus
1472 1468 1623 1515 ingenti
1650 1480 1743 1505 aere
1769 1474 1809 1506 et
1835 1470 1918 1506 aeri
1937 1471 2073 1507 labore
2097 1470 2139 1506 il-

1182 1523 1238 1559 las
1268 1527 1396 1559 terras
1424 1528 1503 1558 tam
1532 1523 1683 1560 fertiles
1714 1524 1909 1569 reddidit,
1936 1530 1980 1563 ut
2006 1525 2135 1572 copio-

1181 1590 1246 1614 sus
1273 1579 1423 1614 fructus
1451 1577 1537 1614 inde
1567 1578 1786 1626 collegerit.
1813 1579 1941 1621 Quum
1970 1591 2139 1627 regnum

1183 1632 1371 1680 NeapoIIS
1390 1632 1640 1670 turbulentiis
1661 1633 1897 1680 agitaretur,
1914 1635 2139 1682 imperante

1188 1688 1330 1734 regina.
1357 1687 1519 1731 Ioanna,
1547 1688 1744 1734 Corcyra,
1771 1689 1819 1724 ab
1845 1688 2141 1736 Andegavensi-

1187 1742 1254 1777 bus
1276 1740 1482 1784 derelicta,
1501 1752 1542 1777 se
1563 1748 1701 1789 sponte
1721 1742 2139 1789 deditVenetis(1586)‚

1185 1800 1227 1832 ut
1244 1796 1462 1844 piratarum
1479 1795 1763 1832 incursionibus
1776 1801 1815 1833 et
1827 1797 2049 1834 Turcarum
2070 1810 2136 1846 ag-

1186 1850 1455 1897 gressionibus
1474 1850 1698 1886 obsisteret·
1720 1850 1824 1886 Novi
1840 1850 1984 1887 domini
2004 1853 2139 1888 omnia

1185 1904 1379 1940 eeclesiae
1407 1904 1552 1941 latinae
1582 1905 1670 1940 iura
1697 1908 1737 1941 et
1764 1904 2028 1952 proprietates
2050 1917 2142 1942 con-

1185 1959 1414 1994 firmavere·
1443 1957 1521 1993 Sub
1557 1957 1665 1993 initio
1697 1958 1845 1994 saeculi
1872 1959 1961 1994 XIII
1995 1959 2139 2009 Corcy-

1189 2024 1256 2048 rae
1278 2017 1394 2047 erant
1412 2023 1564 2059 quoque
1587 2012 1812 2059 Capitulum
1834 2016 1873 2047 et
1890 2016 2057 2059 quatuor
2075 2013 2141 2049 do-

1189 2078 1273 2102 mus
1293 2065 1569 2112 religiosorum
1586 2077 1633 2101 ex
1648 2065 1769 2101 variis
1791 2065 2014 2109 Ordinibus,
2036 2078 2142 2103 nem-

1191 2131 1236 2167 pe
1257 2120 1602 2162 Conventualnnn,
1621 2119 2001 2166 Augustinianorum
2023 2149 2032 2164 ,
2068 2121 2142 2157 Re-

1189 2175 1450 2210 formatorum
1479 2178 1517 2209 ct
1536 2174 1843 2221 Capucinorum.
1862 2175 1919 2210 Ita
1937 2185 2002 2210 res
2028 2179 2143 2212 actae

1188 2232 1279 2264 sunt
1309 2239 1433 2275 usque
1462 2227 1510 2263 ad
1541 2238 1606 2263 an.
1636 2228 1738 2272 1797,
1769 2227 1806 2263 in
1841 2239 1916 2275 quo
1951 2228 2143 2265 excidium

1191 2282 1447 2328 Reipublicae
1469 2286 1633 2317 venetae
1649 2285 1890 2327 supervenit.
1922 2282 2032 2318 Tunc
2051 2283 2144 2320 Cor-

1192 2347 1312 2384 cyra,
1340 2336 1377 2371 vi
1407 2340 1599 2371 tractatus
1629 2335 1942 2383 Campi-Formii
1963 2366 1972 2381 ,
2000 2338 2144 2374 cessio-

1193 2402 1239 2426 ne
1268 2390 1361 2426 data
1396 2395 1455 2427 est
1481 2390 1698 2426 Galliarum
1734 2392 2017 2438 Reipublicae,
2044 2403 2143 2440 quae

1193 2445 1270 2480 iam
1311 2448 1430 2480 antea
1469 2456 1517 2481 ea
1559 2445 1681 2492 potita
1720 2445 1862 2482 fuerat.
1909 2447 2024 2482 Anno
2054 2448 2145 2486 1799

1189 2500 1364 2545 Corcyra
1394 2498 1534 2535 adacta
1560 2504 1621 2535 est
1647 2510 1670 2535 a
1694 2493 1884 2536 classibus
1920 2500 2142 2537 Turcarum

1190 2557 1229 2587 et
1256 2553 1469 2588 Itussorum
1499 2553 1612 2589 simul
1644 2553 1800 2598 iunctis,
1828 2558 1867 2590 et
1897 2554 2054 2591 adnexa
2074 2554 2144 2591 fuit

1191 2605 1276 2641 aliis
1297 2606 1431 2641 insulis
1452 2607 1567 2643 Ioniis
1592 2618 1692 2655 quae
1720 2608 1758 2643 in
1783 2609 2080 2656 Rempublicam
2101 2619 2143 2646 se

1190 2672 1385 2703 erexere,
1415 2662 1794 2708 Septeminsulaiem
1829 2662 1987 2699 dietam.
2025 2663 2142 2699 Anno

1194 2715 1279 2749 istu
1309 2715 1485 2762 Coi-cyra
1511 2716 1580 2750 snb
1608 2716 1810 2752 Gallorum
1849 2717 2056 2764 imperium
2084 2729 2142 2753 re-

1191 2769 1271 2812 diit,
1291 2769 1357 2805 sed
1386 2782 1488 2805 anno
1519 2772 1623 2813 1814,
1652 2782 1728 2808 una
1755 2783 1844 2807 cum
1874 2772 2018 2808 ceteris
2037 2773 2142 2808 insu-

1192 2823 1236 2857 lis
1265 2824 1547 2871 rempublicam
1569 2824 1794 2863 efformavit
1811 2826 1881 2861 sub
1899 2825 2068 2873 Angliae
2089 2829 2144 2862 tu-

1193 2877 1290 2918 1013,
1311 2883 1350 2913 01
1371 2880 1596 2925 metropolis
1616 2884 1730 2927 alque
1752 2880 1931 2926 gubernii
1950 2880 2065 2916 sedes
2092 2881 2145 2916 fa-

1191 2935 1253 2966 ctu
1280 2935 1352 2967 cst.
1379 2932 1448 2968 Die
1476 2933 1496 2968 2
1519 2933 1612 2969 iunii
1635 2934 1736 2977 1861,
1753 2934 1956 2971 desinente
1978 2933 2144 2981 Angliae

1193 2986 1326 3027 tutela,
1345 2986 1522 3033 Corcyra
1539 2987 1717 3035 aliaeque
1738 2988 1888 3024 insulae
1910 2999 2033 3035 regno
2054 2988 2145 3024 Hel-

1191 3039 1314 3073 lenico
1344 3039 1552 3077 adiunctae
1580 3050 1683 3078 sunt-

1241 3093 1343 3127 lnter
1360 3097 1417 3128 tot
1432 3094 1733 3140 virissimdiiios,
1751 3095 1929 3132 Ecclesia
1948 3095 2143 3132 catholic-a.

1239 3218 1243 3236 ¹
1269 3219 1386 3254 teari-e
1408 3217 1517 3250 itidem
1539 3219 1626 3250 Iuvat
1645 3219 1675 3250 in
1693 3220 1764 3251 citt.
1781 3221 1904 3262 oplioni.
1930 3219 1973 3252 La
2004 3219 2145 3253 Scieuza

1189 3272 1204 3294 c
1223 3264 1253 3295 [ιι
1277 3263 1376 3301 Γαῖα,
1396 3264 1447 3295 vol
1482 3272 1591 3303 cxxn,
1613 3275 1642 3306 p.
1668 3265 1732 3297 48⁹2
1753 3276 1824 3308 sqq.
