2241 3473
208 140 256 177 10

153 215 287 264 gitati,
309 214 409 252 alius
439 214 513 252 alio
542 213 717 263 gentium
731 242 739 258 ,
761 213 815 250 ait
834 224 863 249 s.
887 210 1100 259 Gregorius

152 269 372 317 Nyssenus,
383 279 453 317 per
468 268 601 304 orbem
618 269 811 304 terrarum
823 264 984 313 dispersi
996 265 1099 309 sunt,

155 322 326 371 undique
348 333 416 370 per
434 320 709 369 mysteriorum
730 329 931 356 sacrorum
956 317 1104 354 doctri-

153 387 242 413 nam
259 374 452 412 diabolum
465 374 720 411 exturbantes
732 371 756 409 ¹.
788 371 860 416 Ita,
873 371 1104 419 disponente

153 429 240 476 illo,
261 428 328 476 qui
357 427 475 465 etiam
506 439 526 463 e
558 426 671 463 malis
692 424 801 463 novit
820 435 962 462 eruere
991 424 1104 469 bona,

151 481 378 532 propediem
399 492 472 517 non
494 478 777 528 Hierosolymis
792 480 962 524 tantum,
983 477 1050 514 sed
1066 479 1106 513 et

152 537 193 574 in
213 535 315 573 omni
331 534 486 577 Iudaea,
503 532 679 570 Galilaea
696 536 736 571 et
752 531 932 570 Samaria
951 541 1103 569 cresce·

152 591 220 627 bat
240 588 413 626 Ecclesia
432 586 504 624 Dei
520 583 545 623 ².

208 642 268 680 16.
297 641 514 679 Conversio
537 639 663 678 Sauli
679 651 751 678 sea
772 641 1102 681 Pauli—Maxi-

154 707 238 734 mus
259 696 390 732 autem
411 693 794 742 Hierosolymitanae
815 694 1000 734 ecclesiae
1020 707 1106 745 per-

154 750 307 787 seeutor
335 746 469 784 extitit
487 746 650 794 Saulus,
670 747 793 786 Tarso
806 779 815 796 ,
837 747 996 787 Ciliciae
1016 761 1102 787 me-

153 801 307 851 tropoli,
328 800 530 847 oriundus,
551 802 590 838 et
610 813 633 838 a
652 801 796 839 celebri
812 802 1027 840 Gamaliele
1043 803 1106 840 lit-

153 856 246 893 teris
265 854 386 893 sacris
405 854 520 891 iuxta
537 854 733 892 iudaicum
749 855 868 893 ritum
885 854 1103 894 institutus.

155 908 470 948 Pharisaicorum
490 907 639 945 rituum
660 909 958 947 ardentissimus
979 912 1105 947 secta-

154 965 216 1000 tor
236 964 276 999 et
304 961 509 1000 christiani
539 962 704 999 nominis
742 963 864 1000 hostis
885 962 1103 1001 infensissi-

154 1027 253 1062 mus,
272 1015 395 1054 tantis
414 1014 617 1052 ecclesiam
635 1015 1030 1065 Hierosolymitanam
1052 1016 1106 1054 af-

154 1069 312 1107 flixerat
338 1068 451 1106 malis
466 1098 475 1115 ,
498 1072 541 1106 ut
569 1080 701 1106 eorum
723 1068 828 1106 fama
848 1081 1103 1119 quaquaver-

154 1135 242 1160 sum
263 1124 366 1161 esset
385 1122 558 1171 vulgata.
582 1122 797 1160 Praeterea
818 1123 986 1162 obtinuit
1005 1136 1029 1161 a
1048 1135 1104 1161 sa-

155 1177 359 1214 cerdotum
385 1175 558 1224 principe
578 1176 730 1214 litteras
744 1206 753 1222 ,
775 1177 913 1225 quibus
935 1177 970 1215 ei
989 1179 1103 1227 pote-

157 1232 238 1268 stas
250 1230 416 1267 dabatur
431 1229 478 1266 ad
495 1241 717 1279 synagogas
728 1229 923 1277 Damasei,
935 1243 1011 1280 quo
1023 1231 1106 1280 plu-

157 1295 220 1325 res
239 1283 374 1321 fideles
395 1283 672 1332 persecutionis
693 1295 811 1321 causa
830 1283 1104 1334 confugerant,

157 1340 200 1375 ut
210 1348 468 1386 quoscumque
479 1336 557 1373 illic
569 1334 763 1385 reperiret
771 1337 915 1375 Christi
924 1338 1103 1384 cultores,

157 1391 310 1429 vinctos
330 1390 622 1439 Hierosolymas
642 1391 885 1439 perduceret.
902 1391 978 1429 Sed
995 1394 1103 1430 ecce!

157 1456 275 1494 prope
304 1445 540 1482 Damascum
575 1443 738 1490 Saulus,
768 1445 904 1483 adhuc
937 1445 1107 1494 spirans

156 1500 371 1536 minarum
399 1502 440 1535 et
466 1497 601 1535 caedis
630 1497 669 1534 in
699 1498 908 1548 discipulos
937 1498 1105 1545 Domini,

158 1552 288 1590 subita
316 1552 401 1589 luce
431 1550 708 1598 circumfusus,
727 1554 935 1601 terraeque
955 1552 1106 1598 allisus,

157 1608 406 1652 excaecatus,
426 1607 466 1643 et
494 1605 715 1654 apparentis
735 1606 879 1643 Christi
898 1618 993 1643 voce
1013 1617 1105 1655 per-

158 1660 336 1705 territus,
352 1661 514 1708 repente
534 1670 574 1696 se
595 1659 642 1696 ad
660 1659 770 1697 illum
785 1659 991 1707 convertit,
1007 1660 1046 1696 in
1063 1659 1106 1696 ti-

158 1724 265 1751 more
285 1716 325 1751 et
343 1716 512 1750 tremore
531 1713 774 1751 exclamans:
796 1713 985 1758 Domine,
1006 1712 1108 1762 quz'cl

158 1769 218 1804 vis
238 1779 300 1805 mc
326 1767 491 1815 facere?
511 1766 652 1804 Divino
673 1767 823 1804 monitu
842 1767 881 1804 in
902 1767 1037 1804 urbem
1058 1766 1105 1804 ad

160 1820 352 1859 Ananiam
371 1850 380 1866 ,
409 1820 553 1858 Christi
589 1820 843 1869 discipulum,
872 1820 1104 1869 perductus,

160 1878 323 1923 postque
343 1874 424 1911 dies
445 1874 594 1921 aliquot
609 1874 657 1910 ab
673 1886 720 1911 eo
735 1873 966 1922 baptizatus,
981 1873 1109 1910 lucem

161 1928 281 1965 animi
316 1927 430 1965 simul
451 1929 490 1964 et
515 1926 717 1964 oculorum
746 1926 904 1976 accepit.
927 1925 1106 1964 Damasci

161 1992 384 2031 synagogas
403 1981 618 2030 ingressus,
639 1981 814 2018 eumdem
837 1981 979 2026 Iesum,
1000 1979 1109 2017 cuius

163 2035 370 2084 discipulos
411 2033 532 2071 tantis
559 2033 672 2071 furiis
705 2036 935 2083 persecutus
970 2033 1111 2080 fuerat,

161 2088 387 2138 praedicare
407 2087 548 2137 coepit,
568 2086 676 2124 illum
697 2087 904 2133 Christum,
927 2099 995 2124 seu
1016 2098 1108 2136 pro-

162 2142 323 2180 missum
354 2153 377 2179 a
397 2142 477 2179 Deo
498 2140 680 2179 Messiam
701 2144 740 2179 et
759 2140 904 2178 Filium
927 2140 996 2178 Dei
1026 2152 1110 2178 esse

162 2196 302 2234 (locens
318 2194 345 2233 ³.

221 2250 279 2288 17.
296 2249 506 2287 Ecclesiae
525 2254 647 2286 eoetra
677 2248 1112 2286 Ierusalem—Interea

165 2303 284 2342 etiam
305 2305 420 2342 extra
436 2302 650 2340 Ierusalem
663 2314 729 2352 per
742 2302 1020 2351 discipulorum
1041 2301 1114 2339 dis-

164 2358 384 2407 persionem
415 2356 657 2394 credentium
685 2367 870 2393 numerus
896 2355 1113 2405 augebatur

162 2413 204 2449 et
223 2410 414 2449 ecclesiae
433 2410 670 2448 constitutae
690 2412 793 2447 sunt.
817 2410 875 2447 Ex
897 2410 982 2447 istis
1005 2419 1114 2458 prae-

166 2465 404 2503 dicatoribus
423 2463 630 2513 precipuus
651 2463 724 2501 fuit
744 2462 963 2512 Philippus,
979 2474 1076 2499 unus
1092 2473 1112 2498 e

164 2521 311 2569 septem
331 2517 466 2567 primis
486 2517 671 2563 diaconis,
686 2517 751 2565 qui
769 2517 890 2566 primo
910 2515 1112 2554 Samariae

164 2575 247 2611 tum
269 2572 389 2610 verbo
416 2574 500 2609 tum
529 2571 643 2609 editis
672 2570 871 2608 miraculis
900 2569 1043 2607 multos
1064 2569 1111 2606 ad

167 2626 429 2675 Evangelium
445 2625 485 2663 et
500 2624 737 2674 baptismum
754 2623 1041 2672 suscipiendum
1059 2623 1113 2660 in-

168 2680 290 2717 duxit.
303 2679 413 2721 Quod
435 2690 521 2716 cum
541 2679 591 2717 ad
613 2677 814 2716 ecclesiam
837 2675 1115 2725 Hierosolymi-

165 2735 298 2771 tanam
333 2734 432 2770 esset
465 2732 679 2781 perlatum,
707 2729 869 2780 apostoli
898 2731 1039 2768 Petrus
1075 2732 1114 2767 et

168 2787 333 2824 Ioannes
348 2786 565 2823 Samariam
586 2785 747 2835 profecti
768 2788 870 2829 sunt,
887 2786 929 2820 ut
949 2783 1114 2832 baptiza-

167 2843 228 2877 tos
261 2852 285 2877 a
320 2839 498 2888 Philippo
534 2837 836 2877 confirmationis
869 2840 1113 2874 sacramento

170 2893 446 2931 confortarent:
468 2892 735 2941 Imponebcmt
751 2903 903 2929 manus
922 2902 1046 2940 super
1065 2891 1113 2927 ί]-

174 2948 231 2986 los
251 2953 290 2984 cl
318 2946 573 2996 accipiebant
592 2946 800 2996 Spirilmn
821 2945 1023 2983 Semelam
1038 2943 1064 2982 ⁴.

212 3063 221 3085 ¹
242 3064 397 3094 Sermon.
415 3062 455 3093 de
470 3073 496 3094 s.
514 3061 676 3103 stephan.

208 3107 222 3126 ²
238 3107 307 3136 Ace.
328 3106 375 3136 lx.

209 3147 223 3168 ³
239 3148 306 3177 Act.
325 3148 372 3178 ΙΧ.

210 3189 223 3211 ⁴
240 3189 309 3220 Act.
329 3189 400 3225 ῊΙΙ,
417 3187 499 3219 5-17,
526 3200 537 3215 α
552 3188 626 3219 llinc
643 3188 841 3219 coclvsiarum
863 3185 1052 3217 consuetudo
1065 3185 1115 3215 ol)-

174 3232 272 3271 linuit,
286 3231 383 3270 iuquit
399 3241 422 3261 s.
442 3231 642 3269 Hieronymus
659 3230 761 3270 unul.
780 3231 853 3262 adu.
873 3228 1010 3267 Ltccifi),
1027 3231 1061 3258 ut
1076 3227 1113 3258 ad

695 149 850 176 EPOCHA
878 149 903 174 Ι.
937 147 964 174 A
991 146 1241 174 NATIVITATE
1270 147 1361 174 IESV
1388 148 1545 176 CHRISTI

1188 212 1342 251 Petrus
1370 214 1410 250 et
1429 213 1590 251 Ioannes
1610 213 1852 252 confirmatis
1870 213 2095 252 Samarita-

1148 267 1221 314 nis,
1236 267 1406 317 regressi
1421 269 1513 305 sunt
1521 266 1846 316 Hierosolymam,
1860 279 1928 317 per
1943 279 2096 306 omnem

1149 321 1252 359 circa
1267 322 1466 370 regionem
1479 320 1806 370 evangelizantes.
1820 320 2022 371 Philippus
2035 333 2099 359 ve-

1148 387 1191 412 ro
1212 375 1341 424 angeli
1361 375 1513 412 monitu
1534 371 1694 411 transiit
1709 373 1874 421 Gazam3
1889 374 1928 411 in
1945 377 2011 412 via
2031 386 2098 412 eu-

1150 429 1321 466 nuchum
1351 428 1540 466 Candacis
1568 427 1726 476 reginae
1745 427 1992 476 AEthiopum,
2012 428 2101 466 Hie-

1150 482 1373 531 rosolymis,
1394 479 1470 530 quo
1489 480 1689 530 religionis
1709 492 1826 518 causa
1844 480 1991 528 iverat,
2011 482 2098 518 erat

1149 536 1288 585 quippe
1304 535 1538 573 Iudaeorum
1554 533 1789 584 proselytus,
1801 533 1840 570 in
1856 533 2025 582 patriam
2039 545 2099 572 re-

1148 589 1346 635 deuntem,
1367 589 1415 626 ad
1443 589 1559 626 fidem
1580 586 1724 626 Christi
1752 587 1947 624 convertit
1965 591 2004 625 et
2023 588 2096 626 ba-

1148 642 1318 692 ptizavit.
1337 643 1480 680 Postea
1498 642 1537 679 in
1558 641 1719 679 urbibus
1740 640 1841 678 mari
1862 640 2097 678 mediterra-

1149 708 1221 733 neo
1246 696 1607 745 propinquioribus,
1627 697 1767 740 Azoto,
1788 695 1929 743 loppa,
1948 693 2098 743 Lydda,

1149 749 1310 795 Sarona,
1334 755 1528 798 postremo
1548 749 1761 787 Caesareae
1783 747 1886 785 felici
1907 758 1996 784 cum
2012 759 2101 786 suc-

1149 814 1259 841 cessu
1275 803 1537 852 Evangelium
1560 801 1802 852 praedicavit
1817 798 1843 839 ¹.

1201 857 1349 894 Eodem
1369 858 1544 906 tempore
1565 856 1684 894 etiam
1704 858 1819 893 extra
1833 853 2098 892 Palaestinam

1149 910 1188 947 in
1219 909 1450 956 Phoenicia,
1475 910 1516 947 in
1543 909 1670 947 insula
1699 908 1845 957 Cypro,
1866 907 2099 946 Antiochiae

1149 963 1374 1013 metropolis
1402 963 1541 1013 Syriae
1560 993 1570 1010 ,
1599 961 1774 1000 nonnulli
1807 960 2005 1010 discipuli,
2033 960 2100 1010 qui

1149 1016 1430 1066 Hierosolymis
1459 1016 1695 1066 aufugerant
1711 1045 1720 1063 ,
1740 1015 1892 1054 Iudaeis
1912 1015 2099 1063 Evange-

1148 1070 1245 1108 lium
1265 1070 1559 1108 annuntiabant.

1202 1124 1336 1173 Sopito
1369 1123 1651 1173 persecutionis
1684 1122 1879 1168 incendio,
1912 1120 2099 1159 Ecclesia

1144 1190 1222 1228 per
1250 1183 1375 1215 totam
1403 1178 1606 1215 Iudaeam
1634 1181 1677 1214 ec
1706 1176 1937 1213 Galz'laeam
1956 1179 1996 1212 et
2018 1173 2100 1212 Sa*

1150 1233 1330 1269 mariam
1359 1231 1532 1269 habebat
1552 1242 1722 1281 pacem,
1743 1235 1784 1267 et
1799 1228 2102 1278 aedificabatur

1151 1285 1372 1323 ambulans
1400 1287 1446 1323 in
1477 1286 1622 1322 timore
1647 1284 1834 1328 Domini,
1854 1288 1897 1320 et
1912 1281 2100 1319 consola-

1154 1341 1261 1376 tione
1281 1339 1432 1376 Sancta·
1451 1338 1635 1388 Spiritus
1659 1337 1898 1387 replebatur
1916 1334 1941 1374 ².
1957 1336 2101 1374 Petrus

1151 1392 1252 1441 quod
1273 1392 1447 1430 muneris
1463 1392 1523 1430 sui
1538 1394 1640 1430 esset
1658 1391 1839 1429 universo
1855 1388 2001 1428 Christi
2017 1399 2103 1438 gre-

1151 1447 1189 1495 gi
1219 1446 1458 1495 prospicere,
1480 1457 1527 1483 ea
1553 1444 1843 1493 tranquillitate
1864 1454 1956 1481 usus
1973 1444 2033 1480 est
2051 1442 2100 1480 ad

1149 1500 1372 1537 invisendas
1394 1503 1433 1538 et
1453 1498 1735 1537 confirmandas
1755 1496 2009 1535 Palaestinae
2029 1507 2098 1533 ec-

1151 1553 1301 1591 clesias.
1332 1553 1494 1602 Lyddae
1523 1553 1696 1591 AEneam
1722 1550 1985 1600 paralyticum
2009 1560 2100 1599 pro·

1152 1607 1298 1656 digiose
1327 1607 1498 1654 sanavit,
1518 1607 1658 1656 Ioppae
1677 1604 1887 1642 Tabitham
1907 1604 1956 1641 ad
1976 1603 2100 1640 vitam

1151 1660 1376 1707 revocavit3
1407 1672 1481 1709 quo
1511 1660 1656 1697 factum
1684 1661 1763 1702 est,
1784 1659 1829 1695 ut
1857 1656 1971 1695 multi
1989 1656 2100 1705 Lyd-

1151 1714 1237 1760 dae,
1265 1714 1437 1751 Saronae
1466 1715 1506 1751 et
1526 1714 1665 1762 Ioppae
1685 1712 1733 1749 ad
1753 1711 1892 1749 Fidem
1911 1708 2098 1747 christia-

1153 1779 1242 1805 nam
1272 1769 1612 1805 converterentur.
1644 1765 1771 1807 Quum
1792 1764 1938 1802 Petrus
1958 1763 2102 1813 Ioppae

1153 1824 1299 1870 ageret,
1324 1821 1483 1859 coelesti
1502 1820 1650 1858 visione
1667 1818 1813 1864 didicit,
1829 1816 1995 1868 gentiles
2010 1828 2101 1865 quo-

1153 1886 1226 1923 que
1247 1874 1295 1912 ad
1316 1875 1563 1923 Religionem
1583 1872 1835 1911 christianam
1855 1882 1940 1909 esse
1966 1870 2103 1908 admitt-

1153 1929 1311 1973 tendos3
1333 1939 1499 1976 moxque
1527 1927 1760 1965 Caesaream
1785 1923 2032 1963 Palaestinae
2051 1923 2101 1962 ad

1153 1981 1388 2028 Cornelium,
1409 1981 1677 2019 centurionem
1698 1979 2102 2027 Romanum,rogatus

1153 2035 1340 2081 veniens,
1369 2047 1458 2072 eum
1487 2034 1648 2083 eiusque
1677 2032 1865 2071 familiam
1894 2031 1941 2069 ad
1972 2031 2101 2069 Iesum

1154 2088 1348 2126 Christum
1369 2087 1566 2126 convertit
1585 2091 1625 2125 et
1645 2085 1858 2136 baptizavit
1885 2083 1911 2124 ³.
1941 2085 2002 2123 Ita
2021 2085 2100 2123 Pe-

1154 2145 1254 2189 trus,
1275 2143 1453 2192 princeps
1472 2141 1673 2191 apostolici
1694 2139 1860 2189 collegii,
1877 2138 2024 2189 primus
2043 2138 2102 2176 Iu-

1155 2196 1260 2234 daeis
1280 2198 1320 2233 et
1335 2195 1546 2245 gentilibus
1562 2194 1821 2243 Evangelium
1838 2191 2100 2231 annuntiavit:

1161 2249 1240 2291 Quz'
1263 2251 1452 2287 omnium
1465 2254 1614 2299 pastor
1632 2250 1719 2297 fuit
1735 2259 1762 2285 a
1781 2247 1956 2285 Domino
1976 2246 2101 2284 insti-

1158 2309 1284 2349 tutus,
1305 2303 1434 2352 inquit
1453 2315 1481 2340 s.
1503 2303 1821 2351 Chrysostomus,
1841 2311 1894 2338 ex
1912 2300 2102 2338 omnibus

1154 2357 1395 2395 nationibus
1414 2368 1556 2405 coycrc
1575 2357 1706 2405 coepit
1721 2366 1811 2393 ores
1821 2353 1847 2392 ⁴.

1208 2410 1335 2452 Quum
1363 2410 1497 2448 fideles
1535 2407 1883 2458 Hierosolymitani
1922 2405 2100 2446 audivis-

1155 2466 1253 2510 sent,
1273 2464 1375 2512 quod
1398 2464 1542 2501 Petrus
1562 2462 1885 2501 communicasset
1905 2473 1993 2499 cum
2013 2472 2103 2511 gen-

1154 2518 1272 2564 tibus,
1284 2517 1459 2554 nonnihil
1478 2516 1695 2566 perturbati
1717 2518 1821 2562 sunt3
1837 2519 1878 2554 at
1894 2515 1961 2553 ubi
1976 2515 2024 2553 ab
2040 2525 2099 2560 eo,

1155 2571 1447 2620 Hierosolymas
1476 2570 1642 2617 reduce,
1662 2581 1815 2607 omnem
1843 2581 1926 2608 rem
1947 2571 2101 2620 gestam

1155 2637 1200 2662 ac
1219 2625 1395 2662 divinum
1417 2624 1615 2662 consilium
1638 2624 1684 2661 de
1704 2623 1879 2673 gentium
1899 2621 2101 2661 vocatione

1156 2678 1388 2725 didicerunt,
1395 2679 1740 2728 ylorz'ftcaverunt
1753 2678 1899 2722 Deum,
1910 2676 2100 2714 dicentes:

1156 2743 1251 2780 erqo
1279 2736 1320 2769 et
1332 2731 1524 2779 (sentibus
1535 2732 1835 2781 poenitentiam
1863 2729 1978 2770 dedit
1992 2729 2102 2768 Deus

1156 2787 1212 2823 ad
1231 2787 1360 2823 vitam
1375 2784 1401 2823 ⁵.

1157 2903 1221 2931 eos,
1244 2893 1297 2933 qui
1322 2893 1414 2932 longe
1438 2893 1466 2924 in
1489 2891 1659 2923 minoribus
1681 2890 1808 2923 urbibus
1830 2899 1849 2922 a
1871 2889 2054 2931 presbytero
2070 2895 2101 2923 et

1159 2936 1289 2965 diacono
1306 2935 1450 2975 baptizali
1469 2937 1550 2971 sunl,
1562 2935 1728 2973 episcopus
1745 2933 1784 2964 ad
1802 2933 2026 2965 invocationem
2039 2934 2103 2975 Spi-

1158 2978 1232 3008 ritus
1249 2979 1276 3007 s.
1295 2986 1416 3008 manum
1435 2975 1634 3016 impositurus
1650 2979 1792 3007 excurrat
1808 2986 1835 3006 ν.

1198 3018 1206 3039 ¹
1226 3020 1294 3049 Act.
1313 3019 1384 3050 vul.

1197 3060 1211 3080 ‘²
1227 3063 1295 3090 Act.
1314 3061 1359 3092 lX.

1199 3102 1212 3122 ³
1228 3102 1296 3133 Act.
1315 3103 1402 3132 {x-x.

1158 3187 1182 3216 A
1199 3143 1212 3165 ⁴
1229 3143 1356 3174 Hamil.
1382 3144 1418 3175 111
1444 3145 1489 3176 ad
1506 3145 1677 3186 populum
1700 3142 1866 3184 Antiock,
1883 3147 1912 3176 cl
1927 3143 1962 3175 lv
1978 3142 2019 3175 in
2033 3145 2102 3176 Act.

1183 3191 1270 3226 post.

1198 3228 1212 3249 5
1229 3230 1298 3258 Aac.
1317 3229 1364 3266 xl,
1386 3227 1463 3260 l-l8.
