2241 3473
401 157 540 187 VSQVE
562 160 615 186 AD
637 159 852 186 PVBLICAM
876 159 1022 186 RERVM
1047 159 1088 186 IN
1110 158 1282 186 GALLIIS
1303 158 1627 186 SVBVERSIONEM

42 230 156 273 Vert,
183 228 432 270 Parisiensis,
460 228 556 264 Ord.
584 229 868 271 cluniacensis,
893 228 982 263 scri·

41 282 116 330 psit
131 281 271 329 gallice
287 282 573 329 expositionem
591 283 800 319 litteralem
817 287 857 318 et
872 282 986 317 histo·

41 346 164 371 ricam
183 345 390 370 sacrarum
411 346 767 372 caeremoniarum.

87 389 192 424 Inter
211 389 405 424 asceticos
424 395 462 425 et
482 388 780 436 praedicatores
797 388 909 423 liuius
925 398 986 424 ae-

40 441 130 479 tatis
158 442 351 478 notissimi
377 448 495 478 sunt:
525 443 760 478 Franciscus
787 441 960 478 Guillore
979 469 987 484 ,

39 495 268 538 Britannus,
284 495 432 532 Paulus
447 496 631 542 Segneri,
647 496 750 530 inter
763 505 899 530 sacros
914 494 986 529 Ita-

40 548 115 585 liae
135 554 317 585 oratores
335 549 438 585 haud
461 549 573 585 dubie
601 549 801 596 princeps,
822 548 988 583 loannes

40 600 184 638 Petrus
200 601 438 646 Pinamonti,
455 601 720 644 pistoriensis,
733 601 899 636 Ioannes
915 601 987 635 Ba-

38 655 157 703 ptista
176 655 416 698 Saint-Jure,
438 655 640 697 Metensis,
656 655 893 690 Franciscus
911 653 988 689 Ne-

38 719 139 756 pveu
159 737 167 751 ,
188 719 325 745 omnes
352 720 373 745 e
398 710 596 746 Societate
625 709 710 744 lesu
734 720 742 751 ;
770 707 989 743 Ludovicus

40 761 183 810 Abeliy
200 790 208 803 ,
229 773 350 809 supra
371 762 548 798 laudatus
567 774 576 806 3
595 761 822 797 Matthaeus
840 761 990 796 Beuve-

39 814 108 858 let,
125 815 275 859 Gallus;
296 816 493 852 Henricus
513 816 643 852 Maria
661 815 821 850 Boudon
837 844 845 858 ,
865 814 990 852 archi-

39 867 228 905 diaconus
246 869 520 912 Ebroiccnsis;
541 869 734 904 Antonius
753 869 899 909 Viera,
920 869 990 903 Lu-

38 921 188 958 sitanus
205 951 213 966 ,
242 923 280 959 S.
314 923 358 966 1.;
378 923 564 960 Claudius
590 922 636 959 de
664 923 702 958 la
727 922 989 964 Colombiere‚

40 974 246 1012 Timoleon
265 976 512 1019 Cheminais‚
535 977 698 1012 Iacobus
716 976 898 1018 Giroust‚
917 977 989 1011 Lu-

40 1027 202 1065 dovicus
219 1030 670 1073 Bourdaloue‚1esuitae
690 1029 804 1072 Galli3
825 1030 990 1064 Ioannes

39 1082 255 1125 Le-Jeune,
275 1082 572 1127 Poliniaceusis,
588 1083 765 1119 Oratorii
783 1082 990 1126 Gallieani;

39 1134 210 1182 Spiritus
227 1136 410 1174 Flet-hier
423 1166 431 1180 ,
453 1137 658 1184 episcopus
683 1136 967 1173 Nemausensis
981 1163 989 1179 ,

39 1189 105 1224 alii
132 1201 228 1236 quos
255 1191 461 1227 brevitatis
480 1190 605 1226 studio
624 1190 989 1237 praetermittimus.

87 1242 145 1280 30.
163 1242 416 1280 Innocentius
430 1243 536 1283 XII,
550 1243 986 1290 Pontiseae(an.1691)—

39 1294 136 1332 Post
149 1297 365 1333 Alexandri
379 1297 540 1344 PinIll
554 1303 900 1341 mortem,menses
909 1308 989 1332 am-

39 1349 139 1396 plius
161 1350 183 1386 5
202 1350 396 1387 discordia
416 1352 538 1387 tenuit
555 1351 788 1388 Cardinales
806 1351 990 1387 collectos

39 1402 78 1437 in
105 1404 274 1440 comitiis
304 1404 484 1440 Pontifici
511 1405 696 1440 creando.
727 1405 904 1441 Tandem
933 1406 991 1440 1v⁰

38 1456 124 1493 idus
149 1457 216 1493 iul.
244 1469 308 1494 an.
337 1459 426 1495 1691
454 1459 646 1505 suffragia
666 1463 809 1494 cuncta
828 1470 991 1495 consen—

39 1522 129 1547 sere
163 1512 202 1547 in
237 1513 452 1548 Antonium
485 1512 698 1559 Pignatelli
719 1541 727 1555 ,
753 1512 990 1559 archiepisc.

38 1564 289 1613 Neapolitan.
320 1566 461 1602 illustri
489 1566 631 1602 ibidem
661 1578 809 1612 genere
837 1571 989 1611 natum3

39 1620 102 1666 qui
122 1620 192 1655 sub
210 1620 430 1656 Innocentii
450 1620 523 1655 XII
544 1620 702 1655 nomine
726 1620 909 1656 Pontifex
931 1632 989 1656 re-

37 1673 245 1709 nunciatus
254 1678 378 1716 est,et
388 1674 609 1709 Ecclesiam
622 1674 858 1720 gubernavit
868 1685 989 1721 usque

38 1726 87 1762 ad
105 1737 169 1762 an.
192 1727 297 1764 1700.
319 1728 354 1763 Is
373 1738 484 1774 spem
504 1756 512 1771 ,
533 1739 647 1774 quam
667 1727 715 1764 de
739 1729 866 1775 seipso
887 1729 988 1766 exci-

39 1784 158 1824 tarat,
179 1780 270 1817 dum
290 1780 392 1828 apud
411 1782 697 1828 Imperatorem
719 1786 759 1817 et
778 1783 881 1829 regis
900 1794 989 1830 apo-

39 1834 167 1870 stolici
187 1835 313 1871 nuntii
332 1835 470 1870 officiis
487 1835 726 1882 fungebatur
741 1865 749 1879 ,
769 1847 871 1872 nune
889 1848 989 1872 sum-

40 1899 129 1924 mae
149 1889 356 1936 potestatis
374 1889 573 1936 particeps
592 1890 901 1927 cumulatissime
920 1890 989 1926 im·

40 1941 178 1988 plevit.
202 1942 590 1979 Beneficentissimus
614 1943 685 1978 fuit
711 1943 746 1978 in
776 1954 988 1990 pauperes.

40 1995 329 2032 Constitutione
343 2025 351 2040 ,
370 1996 590 2031 Romanum
609 1996 720 2032 decet
737 1997 983 2044 Pontificem,

40 2048 221 2093 abusum,
239 2061 354 2097 quem
373 2054 517 2085 vocant
533 2049 821 2097 Nepotismum,
838 2062 861 2086 a
879 2052 988 2087 curia

41 2103 243 2149 pontificia
258 2103 692 2151 proscripsit,districte
710 2104 987 2150 prohibens,ne

39 2154 273 2192 Pontificum
290 2157 571 2203 consanguinei
588 2157 790 2194 Ecclesiae
808 2158 918 2194 bonis
933 2158 988 2193 di-

39 2212 237 2246 tarentur.
255 2211 366 2246 Alias
386 2211 516 2257 plures
541 2211 842 2247 constitutiones
868 2211 988 2248 edidit

40 2267 121 2299 tum
140 2263 189 2299 ad
208 2264 515 2311 promovendam
536 2265 848 2301 ecclesiasticam
869 2271 909 2301 et
929 2278 986 2301 re-

39 2317 218 2364 gularem
245 2318 516 2365 disciplinam,
545 2323 626 2354 turn
655 2319 702 2354 ad
731 2320 987 2367 corrigendos

39 2371 197 2407 abusus.
217 2372 403 2409 Coereuit
421 2372 592 2408 iustitiae
612 2372 824 2416 ministros,
840 2385 888 2409 ne
908 2384 987 2409 mu-

40 2435 139 2460 nera
155 2425 399 2472 acciperent.
414 2426 563 2462 Contra
581 2426 755 2462 latrones
773 2430 812 2462 et
827 2427 987 2463 malefa-

41 2481 187 2522 ctores,
207 2480 286 2526 qui,
305 2478 407 2514 Sede
426 2484 610 2522 vacante,
631 2479 792 2515 multum
813 2481 987 2517 invalue-

41 2536 156 2575 rant,
182 2532 435 2568 severitatem
462 2533 592 2579 legum
622 2532 771 2568 indixit.
791 2535 988 2570 Ecclesia-

41 2585 161 2621 sticas
189 2585 403 2631 dignitates
434 2597 507 2620 non
535 2586 609 2621 nisi
645 2586 773 2633 dignis
808 2588 987 2623 contulit.

42 2637 168 2679 Quum
193 2639 382 2675 universa
409 2639 570 2686 Europa
598 2639 698 2675 bello
725 2640 911 2684 arderet,
937 2641 989 2676 bi-

42 2702 134 2727 num
159 2692 373 2728 Iubilaeum
397 2692 594 2728 concessit
619 2693 666 2728 ad
692 2694 988 2740 efflagitandam

42 2754 194 2790 pacem,
208 2750 248 2781 et
263 2745 523 2782 avertendam
540 2746 750 2782 coelestem
767 2747 987 2789 ii·am;nihil

42 2798 173 2834 omisit
191 2799 239 2834 ad
255 2798 538 2835 restituendam
558 2810 697 2845 pacem
715 2800 925 2846 publicam3
943 2801 989 2836 ad

44 2850 341 2899 imperatorem,
354 2864 471 2898 reges
487 2857 527 2888 et
541 2852 738 2899 principes
758 2853 912 2889 litteras
927 2854 989 2890 de-

43 2903 116 2948 dit,
142 2905 386 2952 eloquentia,
413 2905 622 2952 prudentia
640 2917 686 2941 ac
711 2907 909 2952 gravitate
931 2919 990 2947 re-

42 2957 181 3003 fertas,
195 2964 238 2994 ut
256 2958 485 2995 eorumdem
503 2959 653 2994 animos
668 2959 851 2995 deliniret
866 2963 904 2995 et
918 2959 991 2996 dis-

43 3010 145 3047 sidia
157 3018 426 3059 componeret.
438 3012 613 3047 Gravate
631 3012 727 3054 tulit,
737 3011 875 3048 ducem
887 3014 991 3048 Han-

43 3074 304 3102 noverensem
321 3064 604 3101 heterodoxum
626 3075 648 3100 a
663 3076 828 3101 caesare
848 3068 990 3103 consti-

43 3119 166 3153 tutum
191 3119 346 3166 imperii
376 3119 603 3155 electorem.
627 3119 910 3165 Disceptationi
943 3120 990 3157 de

44 3171 195 3218 origine
212 3173 360 3209 ondinis
378 3173 684 3210 Carmelitarum
707 3184 826 3220 usque
854 3185 876 3209 a
904 3186 988 3221 pro-

44 3223 170 3270 phetis
190 3226 277 3263 Elia
301 3231 341 3263 et
363 3227 515 3271 EliseO,
535 3237 634 3274 quae
655 3227 758 3263 inter
781 3228 990 3265 nonnullos

1862 145 1942 184 243

1039 227 1171 264 acrius
1199 227 1438 275 agitabatur,
1467 227 1665 264 silentium
1690 224 1904 272 imperavit
1927 226 1997 262 sub

1040 292 1167 328 poena
1179 281 1598 317 excommunicationis
1615 280 1719 315 latae
1740 278 1994 315 sententiae-¹.

1039 335 1136 372 Cum
1167 334 1367 370 Ludovico
1401 334 1517 376 XIV,
1548 344 1641 379 rege
1664 331 1830 374 Galliae,
1859 342 1997 378 pacem

1042 388 1140 431 iniit,
1168 388 1340 434 gratiam
1368 397 1478 422 suam
1504 386 1676 423 restituit
1699 385 1888 432 praelatis
1905 414 1914 429 ,
1934 387 1998 433 qui

1041 441 1209 477 comitiis
1218 441 1311 476 anni
1324 440 1416 476 1682
1426 440 1702 482 interfuerant,
1715 442 1882 486 accepta
1893 439 1999 487 prius

1042 499 1121 530 tum
1141 494 1190 530 ab
1207 494 1267 530 liis
1293 498 1373 529 tum
1394 504 1417 529 a
1441 504 1534 540 rege
1549 492 1820 529 satisfactione
1839 494 1865 526 2.
1886 494 1998 530 Com-

1043 548 1195 594 pescuit
1222 548 1340 584 etiam
1370 547 1515 593 aliquot
1542 546 1630 583 lites
1657 550 1817 582 exortas
1847 546 1885 581 in
1911 546 1997 583 Bel-

1042 601 1106 647 gio
1126 629 1133 643 ,
1152 600 1216 636 ubi
1234 600 1408 636 nonnulli
1434 600 1531 636 alios
1548 605 1590 635 ut
1615 599 1854 635 Iansenistas
1871 599 1997 636 tradu-

1043 654 1206 698 cebant,
1227 654 1407 701 quamvis
1433 664 1456 688 a
1486 653 1725 689 iansenianis
1744 653 1946 689 erroribus
1961 665 1999 689 a·

1044 708 1182 752 lienos,
1207 713 1248 744 et
1265 707 1420 755 quidam
1439 707 1611 754 episcopi
1633 706 1681 742 ad
1699 707 1893 742 maiorem
1908 717 1997 743 cau-

1043 761 1162 797 telam
1188 766 1326 797 contra
1348 760 1507 796 fraudes
1526 761 1832 796 Iansenistarum
1852 761 1998 808 aliquot

1043 815 1260 851 additiones
1292 815 1521 850 formulario
1557 814 1773 850 Alexandri
1799 814 1869 850 VII
1897 815 1998 851 fece-

1043 874 1147 906 rant.
1164 871 1204 906 In
1223 870 1323 905 hane
1340 881 1423 905 rem
1442 880 1546 906 anno
1566 869 1657 905 1694
1673 868 1721 904 ad
1735 868 1998 916 archiepisco-

1044 936 1133 971 pum
1162 924 1490 961 Mechliniensem
1525 927 1565 959 et
1591 923 1793 969 episcopos
1819 924 1998 960 Antwer-

1045 978 1237 1024 piensem,
1260 978 1526 1024 Brugensem,
1543 976 1845 1012 Gandavensem
1864 980 1904 1012 et
1922 977 1998 1012 Ru-

1044 1031 1346 1067 remundensem
1367 1031 1539 1078 diploma
1557 1029 1677 1074 dedit,
1695 1040 1768 1076 quo
1787 1029 1998 1076 prohibuit,

1046 1096 1092 1120 ne
1113 1088 1273 1131 praeter
1288 1085 1563 1121 formularium
1580 1083 1804 1126 iuramenti,
1826 1082 1874 1118 ad
1893 1083 1999 1119 dam-

1045 1137 1195 1173 nandas
1229 1138 1251 1173 5
1283 1138 1572 1185 propositiones
1605 1136 1775 1172 Iansenii
1808 1137 1846 1171 in
1881 1148 1996 1174 sensu

1045 1191 1172 1235 obvio,
1188 1203 1302 1238 quem
1319 1195 1398 1227 tam
1415 1191 1535 1237 ipsius
1550 1189 1770 1226 formularii
1785 1200 1900 1236 quam
1911 1202 1997 1237 pro·

1045 1244 1279 1291 positionum
1304 1245 1428 1280 verba
1453 1255 1550 1291 prae
1573 1254 1614 1279 se
1634 1243 1780 1287 ferunt,
1798 1242 1915 1278 aliam
1935 1243 1998 1280 de-

1043 1299 1321 1342 clarationem,
1348 1297 1716 1345 interpretationem
1743 1300 1811 1332 aut
1829 1297 1997 1346 expliea-

1043 1352 1188 1389 tionem
1217 1353 1448 1399 exigerent;
1474 1352 1598 1387 voluit
1623 1351 1783 1398 insuper
1808 1355 1851 1386 ut
1875 1352 1998 1387 nemi-

1043 1418 1131 1442 nem
1160 1418 1264 1453 vaga
1282 1406 1357 1442 ista
1380 1406 1630 1442 accusatione
1656 1409 1696 1440 et
1722 1404 1912 1440 invidioso
1931 1417 1997 1441 no-

1042 1462 1145 1496 mine
1174 1460 1405 1496 Iansenismi
1432 1459 1585 1496 traduci
1611 1462 1679 1494 aut
1704 1459 1922 1505 nuncupari
1949 1459 1997 1495 si-

1042 1518 1211 1555 nerent,
1249 1513 1324 1549 nisi
1357 1513 1463 1560 prius
1503 1512 1765 1559 suspicionem
1798 1511 1996 1557 dedisset,

1041 1567 1141 1615 quod
1166 1567 1336 1614 aliquam
1361 1578 1382 1602 e
1406 1566 1428 1602 5
1456 1565 1790 1613 propositionibus
1817 1564 1997 1602 docuerit

1042 1625 1110 1656 aut
1127 1621 1317 1664 tenuerit3
1338 1620 1494 1656 demum
1515 1620 1675 1663 statuit,
1695 1630 1744 1654 ne
1762 1629 1995 1665 quemquam

1042 1674 1112 1710 sub
1129 1674 1202 1709 hoc
1219 1678 1426 1720 praetextu
1441 1673 1579 1720 repelli
1595 1673 1643 1708 ab
1662 1672 1818 1715 officiis,
1837 1673 1994 1717 muniis,

1042 1728 1255 1772 beneficiis,
1273 1728 1335 1763 vel
1356 1728 1434 1763 alia
1448 1738 1691 1774 quacumque
1711 1726 1913 1762 functione
1932 1738 1994 1763 ec-

1042 1783 1265 1819 clesiastica
1288 1782 1586 1829 permitterent,
1613 1781 1687 1816 nisi
1711 1785 1869 1816 servato
1896 1780 1995 1817 iuris

1041 1836 1303 1881 ordine,hunc
1317 1847 1404 1872 eam
1417 1847 1583 1883 poenam
1599 1835 1895 1878 commeruisse,
1906 1847 1993 1882 pro-

1042 1891 1174 1926 batum
1192 1890 1324 1926 fuerit.
1346 1890 1473 1930 Quum
1493 1900 1590 1925 vero
1609 1888 1852 1924 Iansenistae
1871 1889 1995 1925 verba

1040 1943 1244 1980 Pontificis
1268 1943 1309 1978 in
1329 1954 1443 1979 sensa
1462 1942 1589 1981 obuio,
1622 1953 1737 1990 quem
1764 1946 1845 1977 tam
1872 1941 1994 1989 ipsius

1039 1997 1259 2033 formularii
1286 2008 1399 2044 quam
1422 1996 1731 2044 propositionum
1758 1995 1877 2031 verba
1891 2007 1993 2043 prae

1038 2062 1079 2087 se
1089 2051 1242 2098 ferunt,
1265 2051 1303 2085 in
1324 2050 1497 2086 alienum
1517 2061 1675 2086 sensum
1695 2049 1993 2096 detorquerent,

1040 2104 1200 2151 perinde
1224 2115 1270 2140 ac
1288 2104 1320 2139 si
1346 2104 1635 2151 propositiones
1659 2103 1786 2139 solum
1804 2102 1992 2138 damnan-

1040 2158 1113 2194 dae
1146 2158 1275 2193 forent
1308 2158 1344 2192 in
1378 2169 1496 2194 sensu
1522 2168 1593 2193 suo
1625 2157 1740 2192 obvio
1760 2184 1768 2199 ‚
1795 2157 1901 2192 nulla
1928 2156 1993 2192 ha-

1041 2212 1122 2247 bita
1147 2211 1347 2247 mentione
1375 2212 1437 2247 vel
1463 2214 1647 2258 respectu
1667 2210 1714 2246 ad
1732 2222 1889 2246 sensum
1908 2210 1992 2246 Ian-

1040 2265 1153 2308 senii,
1181 2265 1364 2301 Pontifex
1390 2265 1491 2302 hune
1517 2276 1664 2301 vanum
1692 2275 1829 2301 eorum
1856 2263 1993 2299 trium-

1084 2363 1094 2383 1
1114 2363 1227 2396 Const.
1255 2363 1332 2401 173,
1356 2361 1422 2405 21,
1442 2372 1472 2404 p.
1493 2361 1572 2403 496,
1593 2367 1616 2395 t.
1637 2362 1655 2393 9
1676 2360 1836 2394 Bullarii.
1857 2360 1893 2394 S.
1916 2360 1991 2393 Hie—

1041 2419 1193 2452 ronymus
1220 2410 1314 2441 initio
1340 2408 1430 2441 Vitae
1457 2409 1492 2441 S.
1512 2409 1603 2442 Pauli
1624 2408 1715 2450 primi
1735 2407 1894 2439 Eremitae
1912 2407 1992 2439 scri·

1040 2455 1098 2487 hit:
1130 2468 1144 2484 α
1166 2456 1255 2487 Inter
1274 2454 1394 2487 multos
1414 2464 1509 2497 saepe
1529 2455 1710 2486 dubitatum
1730 2457 1794 2492 est,
1814 2461 1830 2484 a
1849 2461 1914 2494 quo
1932 2461 1989 2494 po-

1042 2502 1199 2533 tissimum
1228 2501 1451 2533 Monachorum
1479 2509 1604 2533 eremus
1631 2499 1766 2531 habitari
1791 2503 1903 2539 coepta
1929 2499 1986 2530 sit.

1041 2547 1175 2585 Quidam
1202 2548 1287 2579 enim
1314 2547 1415 2578 altius
1433 2551 1618 2588 repetentes
1638 2555 1653 2576 a
1673 2545 1704 2576 b.
1726 2544 1796 2575 Elia
1815 2547 1846 2575 et
1864 2544 1987 2576 Ioanne

1041 2601 1209 2634 sumpsere
1235 2593 1441 2634 principium,
1470 2601 1604 2634 quorum
1631 2594 1663 2623 et
1689 2590 1777 2621 Elias
1801 2589 1874 2630 plus
1893 2589 1987 2622 nobis

1041 2639 1168 2670 videtur
1194 2638 1351 2679 Propheta
1378 2638 1491 2675 fuisse,
1518 2646 1610 2678 quam
1636 2635 1824 2668 Monachus:
1845 2635 1985 2668 etloau-

1043 2693 1097 2716 nes
1124 2689 1197 2716 ante
1224 2684 1420 2726 prophetare
1446 2685 1606 2724 coepisse,
1624 2691 1718 2724 quam
1736 2684 1831 2712 natus
1850 2682 1903 2713 sit.
1921 2681 1984 2713 Alii

1041 2734 1160 2768 autem,
1188 2730 1218 2761 in
1246 2739 1339 2772 quam
1360 2730 1542 2771 opinionem
1562 2729 1675 2768 vulgus
1695 2736 1786 2759 omne
1806 2727 1984 2766 consentit,

1041 2779 1193 2808 asserunt
1216 2776 1392 2807 Antonium
1422 2775 1517 2806 huius
1543 2773 1698 2815 propositi
1717 2776 1824 2814 caput,
1843 2773 1927 2815 quod
1945 2783 1984 2806 ex

1043 2827 1133 2863 parte
1164 2830 1270 2853 verum
1298 2826 1360 2862 esi;
1389 2830 1451 2852 uon
1480 2820 1563 2851 enim
1592 2824 1653 2850 tam
1679 2820 1745 2860 ipse
1772 2823 1846 2850 ante
1873 2828 1983 2851 omnes

1042 2868 1116 2906 suit,
1135 2876 1228 2908 quam
1251 2866 1288 2898 ab
1307 2875 1343 2898 eo
1363 2867 1503 2898 omnium
1519 2865 1650 2896 incitata
1665 2867 1742 2896 sunt
1757 2865 1876 2897 studia.
1893 2865 1986 2896 Ama·

1043 2914 1114 2945 thas
1140 2922 1213 2944 vero
1239 2917 1271 2944 et
1297 2912 1470 2947 Macarius,
1496 2911 1645 2952 discipuli
1667 2910 1813 2948 Antonii,
1831 2919 1846 2942 e
1866 2910 1983 2952 quibus

1042 2958 1191 3000 superior
1218 2958 1359 2997 magistri
1387 2966 1506 2998 corpus
1533 2957 1700 2998 sepelivit,
1720 2957 1813 2988 etiam
1834 2965 1920 2988 nunc
1937 2956 1983 2988 af-

1043 3005 1183 3043 firmant,
1222 3004 1358 3035 Paulum
1391 3002 1557 3044 quemdam
1591 3002 1770 3034 Thebaeum
1805 3002 1982 3043 principem

1040 3051 1137 3082 istius
1168 3049 1212 3079 rei
1241 3048 1340 3080 fuisse
1358 3073 1365 3086 ,
1394 3057 1456 3079 uon
1483 3048 1648 3086 nominis;
1675 3056 1768 3090 quam
1795 3048 1982 3088 opinionem

1042 3105 1101 3128 nos
1132 3102 1258 3136 quoque
1285 3093 1501 3134 probamus».
1531 3093 1599 3125 Vid.
1627 3095 1721 3126 etiam
1751 3093 1982 3126 Bellarminum

1044 3142 1067 3173 l.
1094 3139 1113 3170 2
1140 3140 1181 3171 de
1206 3138 1390 3177 Monaehis,
1416 3148 1445 3172 c.
1474 3139 1529 3180 39,
1556 3144 1587 3172 et
1617 3139 1700 3181 quod
1722 3138 1861 3172 diximus
1885 3148 1918 3181 p.
1941 3138 1981 3172 78

1042 3187 1074 3219 in
1095 3192 1171 3217 nota
1189 3188 1221 3217 et
1246 3194 1277 3226 p.
1303 3183 1348 3217 40'
1364 3194 1435 3228 sqq.

1086 3231 1099 3252 2
1118 3231 1186 3263 Viti.
1208 3240 1239 3272 p.
1259 3230 1337 3264 236.
