2241 3473
649 150 773 181 VSQVE
801 149 854 176 AD
883 147 1209 176 IANSENISTARVM
1237 150 1416 177 EXORDIA

85 214 297 264 Evangelio
326 215 555 260 devoverat,
585 216 739 254 creavit
768 226 836 264 pro
865 213 1022 252 Canada

85 281 152 308 seu
198 267 508 306 Nova-Francia
546 268 733 305 vicarium
770 267 1020 316 apostolicum

86 334 173 360 cum
189 321 303 359 titulo
315 322 480 370 episcopi
496 322 674 359 Petreae.
689 321 762 359 Hie
778 321 948 359 maximo
965 333 1022 359 ar-

85 377 175 414 dore
195 386 353 412 munere
373 386 442 412 suo
464 374 632 421 functus,
653 387 712 413 an.
736 374 834 412 1663
850 374 1021 416 Quebeci

83 427 253 466 civitatis
290 427 514 476 metropolis
551 428 802 466 seminarium
832 429 1022 466 excitavit

84 481 133 519 ad
153 480 399 519 formandum
421 481 581 528 clerum,
603 482 666 531 qui
688 482 872 530 pietatem
893 483 931 518 in
953 493 1020 518 co-

82 534 187 572 lonia
215 534 404 572 Francica
435 534 587 572 foveret
606 538 645 572 et
664 534 904 571 conversioni
925 535 1017 572 bar-

84 588 279 632 barorum,
296 600 364 637 per
383 588 517 636 sylvas
537 589 764 633 errantium,
787 588 1019 625 intenderet.

83 643 195 678 Anno
218 641 330 687 1674,
352 641 568 690 postulante
589 647 626 678 et
647 641 805 678 dotante
822 641 1019 679 Ludovico

83 705 176 743 rege
197 695 307 740 XIV,
327 696 458 732 erecta
478 700 536 731 est
557 694 725 735 Quebeci
747 694 858 732 sedes
879 695 1021 743 episco-

82 747 191 797 palis,
222 748 332 785 euius
362 748 506 796 primus
536 747 708 785 titularis
739 747 811 785 fuit
840 748 941 785 idem
971 748 1017 785 de

83 801 204 839 Laval
234 801 551 850 Montmoreuey,
580 802 646 849 qui
676 801 881 838 ecclesiam
910 802 1015 843 Que-

80 854 278 892 becensem
308 855 411 892 rexit
431 866 552 903 usque
582 854 628 891 ad
657 867 717 892 an.
751 855 872 901 1685,
903 858 1018 903 atque

82 907 237 945 fervore
257 919 349 945 vere
370 908 581 956 apostolico
603 909 875 957 propagandae
894 908 1017 953 Fidei,

79 960 282 999 formando
315 964 354 998 et
386 963 566 1010 augendo
599 961 850 999 ecclesiarum
883 963 1016 1008 statui,

80 1014 320 1052 instituendo
349 1013 466 1059 clero,
496 1014 686 1052 fovendae
706 1015 811 1052 inter
830 1015 1016 1064 populum

80 1068 216 1116 pietati
248 1069 287 1106 et
320 1068 495 1105 creandis
530 1068 568 1105 in
604 1068 723 1105 variis
757 1068 852 1106 locis
881 1068 1017 1106 Novae

79 1121 283 1166 Franciae,
313 1121 351 1158 in
373 1122 521 1159 Acadia
541 1124 580 1159 et
599 1121 804 1171 Mississipi
824 1122 1018 1160 missioni-

79 1175 152 1212 bus
172 1174 417 1212 adlaboravit
436 1174 461 1213 ¹.

132 1228 195 1266 90.
230 1228 460 1276 Religionis
493 1233 627 1265 status
661 1230 704 1266 in
738 1230 885 1277 Africa
906 1252 955 1256 -—
974 1230 1016 1266 In

78 1281 213 1325 Africa
243 1281 475 1319 missionarii
503 1281 734 1331 apostolicos
753 1282 921 1327 labores,
940 1281 1015 1320 iam

79 1335 228 1384 pridem
258 1338 434 1384 coeptos,
472 1335 704 1385 praesertim
743 1336 781 1372 in
816 1336 945 1384 Congo
981 1339 1019 1373 et

79 1388 282 1426 adiacente
298 1388 451 1438 Angola
472 1387 507 1435 2,
537 1389 610 1426 hoc
639 1388 792 1426 saeculo
812 1389 1016 1427 continua-

78 1443 182 1479 runt.
213 1443 428 1480 Praeterea
456 1442 712 1491 Evangelium
742 1443 1018 1491 praedicarunt

78 1495 127 1533 ad
156 1495 631 1545 promontorium-Viride
648 1526 657 1540 ,
679 1497 726 1533 ad
757 1496 923 1534 fluvium
944 1496 1016 1534 Se-

77 1548 206 1598 negal,
226 1549 274 1586 ad
295 1553 444 1587 montes
463 1549 666 1596 Leoninos,
686 1549 725 1586 in
753 1551 1017 1598 promontorio

75 1602 333 1653 Bonae-Spei
350 1633 359 1650 ,
401 1603 439 1640 in
468 1602 743 1652 Monomotapa
758 1633 767 1649 ,
805 1604 845 1640 in
885 1603 1016 1641 littore

76 1655 377 1705 Zanguebarico,
405 1657 444 1694 in
473 1656 600 1694 insula
620 1656 887 1706 Madagascar.
904 1657 1017 1695 Multi

77 1709 229 1758 quidem
258 1710 297 1747 in
318 1710 376 1747 his
400 1710 514 1748 terris
544 1710 592 1747 ad
622 1710 871 1748 christianam
900 1710 1016 1747 fidem

77 1763 257 1800 conversi
285 1766 399 1808 sunt,
429 1766 701 1800 verumtamen
735 1763 951 1801 incolarum
984 1764 1016 1801 i-

77 1815 285 1854 dololatria
313 1819 352 1854 et
380 1816 516 1854 feritas
538 1816 690 1865 aliaque
710 1817 1018 1866 impediverunt,

76 1870 278 1919 quominus
306 1870 484 1919 integrae
514 1870 720 1916 eeclesiae,
749 1870 914 1919 longiori
936 1871 1015 1908 sal-

73 1929 154 1960 tem
200 1925 375 1973 tempore
419 1924 607 1962 durantes
625 1953 634 1970 ,
677 1923 833 1962 fundari
880 1926 1016 1973 potue-

75 1977 154 2014 rint
173 1975 200 2015 ³.

127 2030 191 2068 91.
222 2030 448 2079 Relzjqz'om's
475 2032 720 2079 p7·opa9atz'o
750 2032 796 2069 in
824 2030 947 2069 India
967 2053 1016 2058 -

75 2085 121 2122 In
140 2084 250 2122 India
270 2084 483 2133 insulisque
503 2084 684 2122 Asiaticis
714 2084 926 2122 christiana
955 2096 1016 2122 re-

74 2138 167 2187 ligio
182 2138 254 2175 hoe
273 2139 428 2176 saeculo
448 2138 623 2186 ingentia
643 2138 745 2186 cepit
766 2139 1016 2175 incrementa.

77 2191 121 2228 In
150 2190 310 2240 Iapouia
330 2191 488 2240 quidem
508 2194 595 2240 post
614 2192 817 2229 cruentam
839 2203 1017 2240 persecu-

74 2244 216 2283 tionem
246 2245 462 2293 proscripta
489 2247 559 2290 est,
590 2247 632 2282 ut
661 2257 749 2282 mox
779 2245 1017 2291 videbimus;

77 2298 143 2335 sed
162 2298 199 2334 in
221 2298 351 2346 regnis
372 2298 606 2344 Madurano,
626 2298 910 2347 Mayssurensi,
930 2299 1017 2336 Car-

76 2350 240 2396 natensi,
269 2350 308 2387 in
338 2351 555 2389 vastissimo
575 2351 760 2389 Sinarum
790 2352 948 2400 imperio
969 2365 1018 2389 a-

75 2403 214 2452 liisque
228 2403 344 2442 terris
359 2416 498 2454 magno
510 2417 687 2443 successu
700 2407 914 2455 propagata
931 2405 1014 2443 fuit.

76 2456 120 2494 In
142 2468 260 2504 regno
280 2456 514 2503 Madurano,
534 2459 633 2507 quod
664 2459 702 2495 in
724 2459 869 2507 angulo
898 2459 1015 2496 meri-

77 2509 219 2548 dionali
240 2510 443 2548 anterioris
471 2511 697 2560 peninsulae
718 2512 873 2549 Indicae
898 2512 1014 2550 situm

75 2566 147 2608 est,
162 2563 239 2600 iam
258 2574 287 2600 s.
303 2563 534 2601 Franciscus
549 2565 743 2603 Xaverius
763 2566 917 2613 aliique,
933 2568 1015 2603 tum

75 2628 96 2653 e
111 2616 305 2653 Societate
322 2616 409 2654 Iesu
425 2619 506 2654 tum
523 2629 570 2655 ex
581 2618 787 2656 Ordinibus
801 2619 1016 2656 Mendican-

76 2669 434 2715 tibus,missionarii
447 2670 706 2720 Evangelium
722 2673 1013 2720 annuntiarant;

75 2723 141 2760 sed
163 2734 250 2760 cum
266 2722 472 2760 discrimen
489 2723 591 2760 inter
619 2724 794 2762 diversas
814 2725 1012 2763 hominnm

76 2775 232 2822 classes,
253 2775 358 2813 Indis
377 2776 618 2824 inviolabile,
639 2790 714 2815 non
736 2779 1012 2826 observarent,

116 2879 126 2900 ¹
144 2880 266 2911 Letires
282 2879 466 2919 e'difianles:
484 2879 674 2917 Charlevoix,
693 2881 831 2914 Histoire
846 2883 883 2914 de
900 2884 962 2916 l‘ile
977 2884 1013 2916 de

75 2919 374 2961 Salat-Dominum,
392 2926 419 2952 et
436 2921 577 2952 Histoire
599 2923 747 2962 ῃρηἑναίε
762 2924 801 2955 (le
817 2924 847 2955 la
864 2925 1013 2958 Nouvelle

76 2962 213 2999 Fra11ce;
236 2964 392 2998 Muratori,
409 2963 435 2993 ll
454 2961 698 2995 Cristiauesimo
714 2965 806 3003 selice
832 2967 915 2998 nelle
939 2969 1012 2999 mis-

74 3004 155 3035 sioni
179 3003 226 3035 cle'
243 3004 347 3035 Padrc‘
369 3004 452 3035 della
471 3002 670 3044 Compaqnia
693 3006 724 3037 di
743 3006 822 3039 Gemi
839 3009 891 3040 uel
906 3009 1010 3041 Para-

75 3055 177 3093 yuay;
194 3047 245 3105 Daeo
260 3046 289 3076 la
321 3047 419 3083 Tour,
443 3045 498 3076 Via
520 3046 557 3076 cle
580 3047 612 3077 F.
631 3046 667 3078 (le
685 3047 782 3079 Lazval
797 3049 1011 3083 Monlmoren-

76 3095 127 3150 ⁶y2'
145 3087 253 3168 llil}
271 3127 338 3158 162.

76 3169 239 3243 deztlbalgat
254 3170 415 3209 (Cavazzi)‚
432 3169 579 3202 Relation
597 3171 670 3203 hist.
687 3171 724 3203 de
747 3172 910 3215 l’Asrique
925 3176 1009 3208 occi-

232 3264 465 3307 WOUTERS
480 3298 488 3315 ‚
518 3265 562 3305 11.

1875 143 1953 182 209

1065 213 1231 251 Parreas
1265 214 1409 262 etiam,
1447 216 1511 265 qni
1553 215 1725 254 infimam
1766 219 2006 269 caeterisque

1064 265 1284 314 despectam
1316 268 1479 306 classem
1513 270 1613 319 apud
1646 282 1711 308 eos
1740 272 2006 319 constituunt,

1063 319 1111 356 ad
1132 320 1340 359 christiana
1359 335 1468 360 saera
1485 323 1749 369 admitterent,
1765 327 1805 362 et
1819 337 1905 362 cum
1927 327 2007 365 eis-

1064 372 1150 410 dem
1180 379 1524 422 conversarentur,
1546 376 1691 415 sactum
1721 382 1803 425 est,
1833 381 1875 416 ut
1904 379 2007 418 clas-

1063 438 1123 463 ses
1153 428 1373 475 superiores
1403 429 1627 477 religionem
1660 431 1910 470 christianam
1951 446 2007 471 re·

1064 478 1258 528 fugerent,
1277 481 1509 520 missionarii
1528 483 1575 519 ab
1595 484 1700 522 Indis
1716 487 2008 524 contemneren-

1062 535 1141 579 tur,
1171 533 1426 582 Evangelium
1459 548 1594 584 parum
1627 539 1937 586 progrederetur,
1966 543 2006 578 et

1062 586 1309 624 Franciscani
1338 600 1412 625 non
1443 589 1582 627 nisiex
1606 590 1854 630 inferioribus
1892 593 2004 631 inco-

1061 639 1107 677 lis
1128 640 1166 677 in
1190 640 1283 677 urbe
1304 640 1470 680 Madura
1490 642 1692 682 collectam
1714 645 1919 684 ecclesiam
1939 648 2003 685 ha-

1062 694 1208 731 bcrent.

1114 747 1172 784 Ad
1189 747 1289 784 istud
1308 747 1627 796 impedimentum
1645 753 1924 791 removendum
1941 766 2001 792 an.

1065 800 1163 838 1606
1185 801 1381 838 Robertus
1403 802 1549 848 Nobili,
1570 804 1747 842 Romano
1768 818 1909 854 genere
1930 819 2003 844 na-

1061 859 1122 891 tus
1156 857 1196 891 et
1229 854 1267 892 S.
1290 855 1317 891 I.
1349 854 1624 903 missionarius,
1653 869 1693 894 se
1716 861 2004 910 praeconceptis

1061 907 1243 944 Indorum
1274 907 1514 956 opinionibus
1545 910 1598 946 ita
1619 913 1938 960 accommodavit,
1962 918 2005 952 ut

1060 960 1335 998 Braminorum
1366 964 1492 999 vestes
1521 963 1710 1011 gestiens,
1740 977 1892 1004 omnem
1915 980 2003 1005 cum

1061 1014 1218 1051 Parreis
1259 1016 1298 1051 et
1327 1015 1539 1064 Europaeis
1569 1019 1905 1057 conversationem
1937 1020 2005 1058 fu-

1059 1067 1179 1115 giens,
1210 1068 1394 1105 Indorum
1424 1069 1535 1116 ritus,
1556 1081 1692 1119 nempe
1714 1072 1918 1110 discrimen
1940 1075 2002 1111 in-

1060 1129 1120 1157 ter
1156 1121 1331 1158 diversas
1373 1122 1526 1168 classes,
1570 1124 1826 1171 gestationem
1859 1126 2003 1165 fasciae

1060 1174 1215 1220 rubrae,
1237 1176 1457 1212 unctionem
1478 1175 1629 1223 frontis,
1651 1178 1811 1216 crebras
1832 1180 2002 1229 corporis

1060 1228 1223 1266 lotiones
1243 1228 1398 1276 aliaque
1419 1230 1642 1277 observans,
1658 1234 1696 1268 et
1719 1232 1828 1280 quasi
1847 1234 2002 1271 Brami-

1060 1294 1130 1319 nus
1159 1283 1367 1319 extraneus
1397 1283 1591 1331 prodiens,
1613 1284 1886 1323 Braminorum
1907 1299 2001 1336 gra-

1059 1336 1151 1372 tiam
1182 1334 1254 1372 sibi
1284 1335 1526 1381 conciliarit,
1555 1349 1702 1386 suaque
1721 1338 1942 1387 eloquentia
1963 1344 2003 1379 et

1058 1387 1276 1426 eruditione
1298 1388 1437 1435 effecit,
1460 1392 1502 1427 ut
1521 1391 1633 1427 brevi
1648 1393 1823 1440 tempore
1842 1394 1892 1430 70
1908 1394 2004 1432 Bra-

1059 1443 1152 1479 mini
1182 1446 1220 1479 et
1248 1443 1329 1491 ipse
1358 1454 1491 1480 eorum
1521 1445 1763 1494 praepositus
1791 1447 2004 1485 christiana

1058 1508 1169 1534 sacra
1199 1496 1452 1545 susciperent.
1483 1497 1630 1535 Horum
1659 1499 1880 1548 exemplum
1908 1513 2003 1550 pro-

1058 1561 1195 1599 gressu
1228 1549 1411 1597 temporis
1445 1562 1559 1599 quam
1594 1552 1755 1601 plurimi
1789 1565 1809 1590 e
1844 1554 2004 1603 reliquis

1059 1603 1178 1641 etiam
1208 1603 1394 1640 classibus
1414 1604 1537 1642 secuti
1557 1607 1660 1643 sunt.
1682 1606 1877 1645 Robertus
1907 1620 2004 1646 con-

1059 1657 1183 1695 versis
1224 1668 1333 1693 usum
1370 1656 1519 1694 rituum
1553 1658 1799 1705 Indicorum,
1833 1672 1927 1709 quos
1965 1665 2005 1701 et

1059 1711 1138 1758 ipse
1168 1709 1412 1757 observabat,
1441 1712 1644 1750 concessit.
1665 1712 1812 1750 Verum
1843 1726 1930 1752 cum
1963 1716 2003 1753 hi

1058 1764 1155 1801 ritus
1185 1764 1464 1813 quodammodo
1493 1777 1579 1802 cum
1600 1765 1781 1803 Indorum
1815 1767 2002 1817 religione

1059 1820 1395 1864 connecterentur,
1415 1817 1480 1854 alii
1501 1819 1746 1867 missionarii,
1762 1822 1800 1857 et
1814 1821 1916 1858 inter
1933 1823 2003 1861 hos

1060 1870 1233 1908 nonnulli
1262 1870 1381 1907 etiam
1411 1871 1591 1916 Iesuitae,
1621 1872 1775 1910 illorum
1799 1886 1911 1911 usum
1932 1888 2003 1913 ae—
2044 1905 2047 1907 >

1059 1936 1132 1973 que
1160 1936 1205 1961 ac
1232 1923 1436 1970 rationem,
1465 1936 1542 1973 qua
1570 1926 1768 1964 Robertus
1798 1928 2001 1975 utebatur,

1059 1978 1338 2027 improbarunt.
1362 1977 1426 2014 Lis
1447 1978 1610 2026 desuper
1632 1981 1717 2017 orta
1738 1981 1908 2019 Romam
1930 1984 2002 2020 de-

1059 2032 1141 2069 lata
1168 2034 1238 2069 est.
1270 2030 1517 2079 Quapropter
1537 2032 1786 2081 Praepositus
1808 2036 2001 2083 generalis

1059 2085 1096 2122 S.
1118 2085 1148 2122 I.
1169 2085 1386 2122 Robertum
1407 2085 1453 2122 ad
1475 2087 1587 2123 caute
1608 2087 1803 2135 agendum
1824 2100 2000 2127 summo-

1059 2150 1149 2186 pere
1178 2138 1381 2182 excitavit,
1410 2141 1449 2175 et
1477 2150 1538 2176 an.
1563 2139 1664 2177 1623
1690 2141 1899 2190 Gregorius
1929 2144 1998 2192 Pp.

1057 2192 1132 2229 XV
1152 2191 1453 2236 Constitutione,
1470 2192 1684 2230 Romanae
1697 2195 1804 2232 seclis
1818 2198 2001 2242 antistes,

1058 2245 1156 2282 ritus
1175 2246 1282 2290 istos,
1305 2245 1371 2294 qui
1389 2245 1617 2283 Malabarici
1633 2247 1823 2295 appellari
1839 2261 1997 2288 consue-

1058 2301 1214 2344 verunt,
1244 2311 1319 2335 non
1349 2297 1421 2335 nisi
1450 2299 1601 2348 magnis
1630 2312 1719 2338 enm
1738 2301 1997 2340 restrictioni-

1057 2352 1129 2390 bus
1158 2357 1197 2389 et
1224 2351 1439 2401 provisorio
1460 2353 1571 2390 modo
1590 2352 1696 2392 Indis
1717 2355 1914 2394 conversis
1933 2357 1998 2394 in-

1058 2405 1189 2443 dulsit.

1108 2459 1315 2504 Robertus,
1345 2458 1410 2507 qui
1439 2471 1500 2496 an.
1532 2458 1632 2498 1656
1664 2460 1871 2510 Meliapuri
1892 2463 1998 2510 obiit,

1057 2512 1201 2561 aliique
1230 2512 1400 2550 Iesuitae
1429 2524 1523 2561 opus
1544 2514 1804 2552 conversionis
1824 2527 1893 2564 per
1912 2528 1998 2554 sae-

1057 2565 1131 2602 culi
1161 2566 1274 2604 huius
1302 2566 1509 2603 decursum
1539 2566 1816 2605 continuarunt
1843 2581 1888 2606 eo
1917 2581 1998 2607 suc-

1057 2631 1180 2665 cessu,
1211 2621 1254 2656 ut
1284 2620 1330 2656 ad
1360 2619 1444 2657 eius
1462 2619 1578 2656 finem
1598 2620 1759 2658 ecelesia
1778 2621 1997 2662 Madurana

1057 2672 1159 2710 ultra
1177 2672 1343 2719 150,000
1360 2672 1588 2710 christianos
1604 2673 1890 2714 adnumeraret.
1902 2677 1996 2714 Pari

1053 2737 1234 2763 successu
1267 2725 1419 2774 Religio
1447 2729 1659 2774 propagata
1685 2730 1743 2764 est
1761 2727 1800 2764 in
1822 2728 1996 2768 finitimis

1053 2779 1182 2828 regnis
1201 2778 1468 2828 Mayssurensi
1484 2781 1523 2815 et
1542 2780 1767 2817 Carnatensi
1785 2780 1809 2818 ¹.

1106 2833 1167 2870 92.
1198 2832 1248 2870 In
1277 2831 1510 2870 Sinis-In
1531 2832 1713 2870 Sinarum
1742 2833 1902 2883 imperio
1931 2848 1991 2874 re-

1053 2889 1145 2938 ligio
1193 2888 1405 2926 christiana
1455 2887 1639 2926 latissime
1695 2893 1994 2940 propagabatur.

1054 2946 1162 2984 Hanc
1195 2946 1415 2984 missionem
1443 2944 1587 2995 incepit
1614 2947 1844 2987 Matthaeus
1878 2951 1993 2988 Ricci

1054 3002 1198 3041 Iesuita
1219 3014 1293 3039 una
1313 3013 1401 3038 cum
1422 3002 1591 3050 Rogerio
1615 3005 1653 3040 et
1670 3004 1833 3043 Pasione
1854 3019 1902 3044 ex
1924 3019 1994 3045 ea-

1052 3060 1138 3097 dem
1159 3058 1365 3095 Soeietate.
1383 3058 1492 3095 Ricci
1513 3058 1733 3097 Maceratae
1754 3061 1792 3099 in
1812 3063 1991 3100 Marchia

1052 3114 1294 3153 Aneonitana
1310 3115 1437 3160 natus,
1454 3126 1603 3153 morum
1620 3117 1822 3164 modestia,
1836 3118 1990 3166 patien-

1095 3217 1103 3238 ¹
1121 3218 1284 3256 Jouvency,
1300 3215 1443 3262 Historia
1459 3217 1626 3250 Societalis
1645 3219 1724 3259 lesu,
1748 3230 1778 3260 p.
1796 3221 1829 3252 V.

1734 3274 1780 3312 14
