2241 3473
255 135 335 173 262

202 209 302 246 stiae
315 208 552 246 confectione
567 207 607 242 et
618 204 954 242 administratione
971 203 1156 248 infirmis,

202 262 250 299 de
277 261 521 299 Confessione
545 257 823 294 sacrament-ali
853 259 893 293 et
922 257 1156 293 necessitate

201 313 489 356 satisfactionis,
502 311 548 347 de
568 312 747 346 extrema
763 308 977 355 Unctione,
995 309 1042 345 de
1063 320 1155 345 coe-

202 367 331 404 libatu
352 365 596 407 clericorum,
619 362 784 409 aliisque
802 361 826 398 ¹.

254 419 359 455 Idem
377 429 405 454 s.
428 417 655 453 Dunstanus
675 414 858 451 incubuit
877 414 915 450 in
937 413 1156 450 reforman-

199 472 288 508 dam
310 469 552 518 disciplinam
573 467 832 504 monasticam
853 469 893 503 et
909 466 1154 503 constituen-

200 524 288 561 dam
310 523 348 559 in
369 521 522 558 cunctis
545 521 748 567 utriusque
763 531 879 557 sexus
897 519 939 556 O.
957 519 995 556 S.
1012 519 1056 556 B.
1074 530 1155 555 coe-

199 576 323 613 nobiis
345 574 584 611 uniformem
604 573 710 610 vitae
730 573 933 610 rationem.
952 572 1035 608 Hoc
1051 583 1156 608 men-

198 629 249 666 tis
269 627 429 665 consilio
449 626 665 674 composuit
690 625 961 663 Concordiam
970 625 1155 672 Reyula-

198 693 308 725 rum,
323 680 363 717 in
388 680 436 716 12
456 680 586 727 capita
604 679 870 716 distributam.
888 678 985 716 Eius
1001 689 1155 726 quoque

198 733 355 770 consilio
375 733 557 781 Edgarus
577 744 649 768 rex
670 731 785 780 plura
800 730 1039 768 monasteria
1054 730 1156 767 aedi-

197 786 331 823 ficavit
350 786 580 833 dotavitque
595 782 622 821 ².

252 839 354 887 Regi
375 839 545 886 Edgaro,
567 850 629 875 an.
650 837 729 874 975
749 836 949 881 defuncto,
967 835 1155 873 successit

197 904 226 929 s.
248 892 473 937 Eduardus,
495 891 602 928 filius
623 891 719 927 eius.
733 890 844 927 Tunc
867 888 1154 926 incontinentes

197 944 341 990 clerici,
362 956 459 992 quos
480 955 601 992 supra
621 943 691 980 sub
713 943 868 990 Edgaro
889 942 1063 978 ecclesiis
1080 941 1153 978 eie-

197 1000 279 1035 ctos
300 998 483 1043 vidimus,
507 997 767 1044 quorumdam
787 1006 995 1044 procerum
1016 994 1153 1031 favore

195 1050 381 1088 ecclesias
408 1061 645 1098 recuperare
675 1051 715 1086 et
743 1049 782 1085 in
812 1049 858 1085 iis
888 1059 1003 1084 sacra
1022 1046 1153 1084 facere

195 1105 413 1140 tentarunt.
436 1103 581 1140 Coacta
601 1104 661 1139 est
680 1102 726 1138 de
747 1102 820 1138 hac
841 1111 961 1139 causa
979 1101 1152 1148 synodus

197 1156 498 1201 Wintoniensis,
514 1156 552 1192 in
571 1167 649 1203 qua
669 1166 758 1192 cum
781 1154 976 1201 utrimque
991 1153 1153 1190 alterca-

194 1212 326 1256 retur,
355 1213 534 1247 oratores
560 1208 887 1245 incontinentium
917 1206 1150 1243 clericorum

194 1274 313 1308 voce,
340 1263 384 1306 ut
413 1261 561 1307 fertur,
586 1261 767 1310 imaginis
787 1260 930 1297 Christi
951 1259 1030 1296 illic
1051 1272 1150 1308 pen-

196 1315 335 1362 dentis,
356 1315 560 1364 perterriti
580 1314 753 1351 fuerunt.
776 1313 908 1354 Quum
928 1313 1044 1361 paulo
1065 1315 1151 1361 post

193 1369 333 1405 turbae
349 1372 603 1417 augerentur,
616 1367 743 1404 altera
754 1367 929 1415 synodus
945 1368 1080 1403 coacta
1091 1369 1150 1403 est

195 1421 235 1458 in
256 1421 352 1458 villa
372 1421 506 1466 Calua,
528 1421 567 1458 in
589 1432 666 1468 qua
687 1431 775 1457 cum
797 1419 1070 1456 vehementius
1091 1419 1150 1455 di-

194 1475 452 1522 sceptaretur,
469 1476 510 1511 et
529 1474 820 1518 s.Dunstanus,
842 1472 1007 1509 celebris
1029 1472 1149 1509 disci-

193 1527 323 1575 plinae
351 1527 639 1564 ecclesiasticae
667 1526 936 1570 instaurator,
964 1524 1150 1562 conviciis

193 1580 466 1628 impeteretur,
486 1580 674 1617 solarium
696 1589 786 1615 cum
808 1577 951 1615 axibus
968 1580 1007 1614 et
1022 1578 1149 1615 trabi-

193 1633 265 1670 bus
295 1633 502 1670 concidens
515 1662 524 1679 ,
544 1632 718 1670 fautores
737 1630 1049 1668 incontinentiae
1077 1643 1149 1679 op-

192 1687 357 1734 pressit;
378 1698 454 1734 quo
474 1686 621 1723 factum
640 1688 713 1729 est,
729 1687 773 1721 ut
787 1696 922 1721 omnes
942 1684 982 1720 in
998 1686 1150 1721 rectam

192 1739 428 1777 sententiam
448 1739 719 1777 consenserint
734 1736 761 1776 3.

247 1792 370 1830 Porro
386 1793 570 1830 Eduardo
582 1792 664 1841 regi
681 1790 885 1828 invidebat
898 1789 1152 1836 Elfrida,eius

193 1857 364 1883 noverca
381 1875 390 1889 ,
421 1857 523 1894 quae
554 1844 809 1883 Ethelredum
829 1843 953 1880 filium
975 1855 1089 1880 suum
1112 1844 1150 1880 in

191 1898 321 1935 locum
341 1899 515 1936 Eduardi
535 1899 753 1946 subrogare
773 1896 1053 1934 meditabatur.
1075 1897 1149 1933 An-

192 1963 242 1988 no
262 1951 340 1988 978
360 1951 537 2000 contigit,
551 1955 596 1988 ut
611 1951 831 1995 Eduardus,
844 1961 962 1997 quum
983 1961 1003 1985 e
1026 1961 1149 1986 vena-

191 2004 300 2041 tione
321 2004 448 2042 lassus
478 2004 527 2042 ad
548 2004 683 2041 villam
704 2003 879 2040 Elfridae
899 2002 1123 2039 divertisset
1140 2031 1148 2047 ,

189 2056 245 2094 ibi
265 2057 348 2094 eius
368 2056 505 2094 fraude
524 2068 548 2094 a
562 2056 730 2095 satellite
751 2055 991 2092 transfossus
1007 2057 1046 2091 et
1064 2055 1148 2092 sinc

191 2110 338 2147 honore
353 2110 530 2158 sepultus
542 2114 613 2147 est.
625 2110 699 2147 Sed
712 2109 856 2155 adfuit
869 2108 1038 2145 divinae
1048 2119 1150 2145 sere-

190 2164 340 2199 nitatis
353 2161 939 2210 assensu.s‚inq11it.Guilielmus
956 2160 1147 2197 Malmes-

191 2214 398 2261 buriensis,
412 2221 463 2253 ut
489 2217 734 2253 innocenter
755 2225 898 2251 caesus
917 2215 1147 2250 miraculo-

191 2280 290 2306 rum
302 2268 445 2316 ,αῖον-κά
464 2270 766 2305 sublimaretur
783 2266 810 2304 ⁴.
828 2266 980 2303 Elsrida
1001 2266 1149 2303 admis-

190 2333 276 2358 sum
297 2321 444 2358 crimen
467 2324 599 2370 postea
620 2320 742 2357 doluit
758 2322 797 2356 et
815 2319 1056 2367 poenitentia
1075 2331 1147 2356 ex—

190 2374 326 2422 piavit.
339 2373 663 2421 Ethelredus,qui
681 2375 766 2422 post
786 2384 815 2409 s.
836 2372 1062 2408 Eduardum
1084 2384 1150 2409 an-

192 2427 251 2463 nis
266 2427 317 2464 38
337 2427 544 2476 regnavit,
573 2426 676 2463 mala
702 2425 870 2474 plurima
898 2436 918 2461 c
945 2425 1146 2461 Danoruni

190 2479 476 2517 incursionibus
497 2483 682 2529 expertus
703 2481 773 2515 est.

247 2532 333 2569 100.
354 2532 605 2570 Benedictus
637 2532 696 2568 VI
711 2532 911 2578 Pontifex
946 2529 1030 2577 (an.
1052 2530 1146 2579 972)

191 2605 240 2613 —
255 2586 368 2622 Anno
388 2585 486 2631 972,
506 2586 689 2623 defuncto
719 2584 861 2629 Ioanne
892 2583 1011 2627 XIII,
1034 2594 1146 2619 sum—

189 2650 296 2675 mum
328 2639 529 2676 Ecclesiae
558 2639 734 2686 regimen
765 2637 1043 2673 demandatum
1074 2636 1147 2673 fuit

190 2691 403 2728 Benedicto
433 2691 512 2737 VI,
535 2690 792 2729 Hildebrandi
818 2689 916 2733 filio,
947 2689 1146 2733 Romano,

190 2744 246 2781 uti
267 2755 288 2781 e
305 2744 553 2792 Sigebert05,
576 2743 747 2782 Martino
775 2742 924 2779 Polono
939 2739 972 2784 ὓ,
1010 2741 1146 2777 Ptolo-

191 2807 304 2833 maeo
334 2797 501 2835 Lucensi
521 2795 535 2816 ’·’
565 2800 605 2835 et
633 2795 913 2845 antiquissimis
939 2795 1023 2831 RR.
1043 2794 1147 2830 Pon-

190 2848 344 2886 tificum
366 2851 555 2900 catalogis
575 2852 740 2889 constat.
763 2848 869 2887 Male
890 2850 1024 2885 autem
1041 2847 1147 2883 Pan-

233 2949 242 2970 ¹
263 2950 377 2987 Lalvbe,
394 2950 454 2980 loc.
469 2949 518 2980 cit.
537 2959 563 2988 p,
583 2949 652 2980 [58⁶3.

229 2991 243 3012 ‘²
261 2991 411 3029 Bouana„
428 2991 507 3021 Acta
525 2989 577 3022 SS.
601 2991 635 3020 ¹9
649 2990 730 3020 maii.

230 3031 508 3069 ³1.abbe‚loc.cit.
527 3041 553 3070 p.
573 3031 626 3062 721
645 3035 674 3062 et
691 3029 766 3066 7-22;
783 3028 1102 3065 naron.‚a‹1an.o79.

231 3073 245 3094 ⁴
263 3073 413 3111 Bouana,
433 3072 515 3104 Acta
531 3071 585 3103 SS.
608 3072 640 3102 17
659 3075 760 3110 mart.;
778 3070 933 3102 numnius
947 3074 975 3101 et
994 3071 1088 3108 Pagi,
1106 3068 1143 3098 ad

190 3122 238 3143 an.
255 3113 325 3144 978.

230 3154 244 3175 ⁵
263 3153 460 3186 Chronirmz.

228 3195 242 3216 ⁶
262 3195 454 3226 Chronicon.
478 3211 515 3218 —
531 3195 545 3218 ⁷
562 3194 642 3226 llist.
659 3194 766 3225 eccles.

904 140 1061 167 EPOCHA
1089 140 1142 166 VI.
1172 139 1200 166 A
1227 140 1385 166 CAROLO
1415 141 1458 166 M.

1199 203 1331 240 vinins
1345 233 1354 247 ,
1374 203 1568 240 Baronius
1588 203 1729 252 aliique
1749 204 1884 242 Ioanni
1901 204 1999 242 XIII
2018 204 2161 242 subro-

1199 259 1345 303 garunt
1376 256 1531 292 Donum
1558 256 1606 292 ΙΙ.
1629 256 1724 293 Post
1753 257 1855 294 diem
1881 257 1933 294 28
1960 258 2160 295 novembr.

1199 308 1364 345 Ioannes
1399 308 1584 345 Pontifex
1620 310 1870 346 consecratus
1907 312 1978 347 est.
2017 310 2162 347 Exstat

1198 361 1403 398 Benedicti
1419 362 1476 398 VI
1493 361 1660 409 epistola
1679 362 1728 398 ad
1743 361 1985 399 Fridericum
2005 362 2160 411 episco-

1199 425 1287 461 pum
1317 413 1675 463 Salisburgensem,
1702 414 1766 450 cui
1794 414 1831 450 in
1863 426 1909 452 ea
1929 415 2034 452 vices
2064 426 2161 463 apo-

1199 465 1362 503 stolicae
1395 467 1665 503 conceduntur
1701 477 1770 514 pro
1801 468 1886 503 tota
1916 466 2089 513 Norica,
2122 469 2164 504 et

1200 519 1423 563 Pannonia,
1454 519 1807 567 quaemadmodum
1831 519 1915 556 eius
1937 523 2160 558 antecesso-

1197 582 1260 608 res
1282 572 1330 608 ab
1351 572 1437 609 aliis
1457 572 1715 608 Pontificibus
1736 583 1804 609 eas
1828 575 2074 620 acceperant.
2090 573 2162 610 Be-

1199 624 1375 662 nedictus
1393 625 1448 661 VI
1465 625 1617 662 tristem
1634 624 1770 661 habuit
1788 624 1957 671 exitum3
1975 637 2064 662 nam
2082 636 2162 663 sce·

1198 677 1433 714 lerat-issima
1463 677 1583 714 factio
1614 689 1638 714 a
1667 677 1889 714 Crescentio
1919 678 2088 726 patricio
2120 681 2162 716 et

1196 729 1400 767 Francone
1421 730 1612 767 cardinali
1635 730 1796 767 diacono
1818 729 2019 775 excitata,
2051 731 2161 768 Pon-

1195 782 1341 819 tificem
1360 783 1400 819 in
1421 783 1579 820 vincula
1600 783 1833 827 coniectum,
1853 794 1915 820 an.
1939 783 2018 820 974
2037 782 2161 832 iugu-

1195 834 1305 872 lavit.
1347 836 1454 872 Idem
1491 835 1643 872 Franco
1685 835 1958 883 pontificatum
1986 836 2133 873 invasit
2149 865 2160 881 ,

1194 887 1373 936 imposito
1393 889 1466 925 sibi
1482 888 1638 925 nomine
1654 887 1849 925 Bonis-acii
1871 888 1960 925 VII.
1977 888 2056 926 Sed
2071 899 2161 926 exa-

1195 945 1256 977 cto
1277 941 1345 977 vix
1366 952 1514 985 mense,
1533 944 1714 978 metuens
1733 941 1807 978 sibi
1822 952 1846 977 a
1866 941 2070 979 comitibus
2086 941 2162 978 Tu-

1194 993 1567 1042 sculanis,expilata
1582 994 1779 1031 Vaticana
1798 993 1982 1040 basilica,
2002 993 2161 1042 aufugit

1193 1046 1569 1095 Constantinopolim
1586 1045 1609 1084 ¹.

1246 1100 1390 1137 Donns
1410 1101 1455 1137 II
1470 1121 1518 1128 —
1537 1101 1683 1137 Eodem
1718 1101 1847 1137 adhuc
1877 1111 1979 1137 anno
2009 1100 2088 1138 974
2109 1099 2160 1136 ad

1192 1164 1389 1190 summum
1418 1153 1688 1202 pontificatum
1717 1155 1880 1190 evectus
1915 1151 1999 1197 fuit
2025 1153 2162 1190 Donus

1192 1206 1241 1251 II,
1272 1206 1497 1251 Romanus3
1518 1208 1599 1254 qui,
1622 1207 1729 1243 nulla
1758 1218 1799 1243 re
1828 1206 1878 1243 ad
1918 1205 2162 1254 posteritatis

1194 1259 1424 1296 memoriam
1458 1259 1619 1308 insignis
1640 1289 1650 1305 ,
1680 1271 1784 1297 anno
1825 1259 2047 1307 insequenti
2075 1259 2161 1296 vita

1196 1313 1378 1349 excessit.

1247 1365 1334 1402 101.
1357 1365 1603 1402 Benedictus
1634 1365 1709 1402 VII
1725 1365 1924 1412 Pontifex
1945 1363 2031 1415 (an.
2063 1362 2162 1413 975)

1194 1418 1298 1454 —In
1320 1418 1404 1456 eius
1425 1419 1550 1455 locum
1568 1418 1677 1468 (ante
1693 1418 1793 1455 diem
1811 1418 1864 1456 ‘25
1879 1429 2001 1456 mens.
2021 1416 2158 1468 mart.)

1192 1471 1429 1520 subrogatus
1450 1474 1509 1508 est
1532 1471 1769 1508 Benedictus
1797 1471 1874 1508 VII
1889 1502 1898 1517 ‚
1932 1471 2163 1516 Romanus,

1193 1527 1310 1561 antea
1332 1525 1535 1573 episcopus
1562 1524 1762 1566 Sutrinus,
1778 1524 1844 1572 qui
1861 1524 2081 1561 Ecclesiam
2096 1534 2164 1571 gu·

1193 1577 1378 1614 bernavit
1407 1589 1529 1625 usque
1558 1578 1607 1613 ad
1629 1588 1691 1614 an.
1720 1577 1810 1614 984.
1842 1577 1880 1614 Is
1902 1576 2157 1625 pontificatus

1193 1629 1252 1666 sui
1281 1630 1394 1667 initio
1424 1631 1572 1667 Romae
1602 1630 1797 1677 synodum
1825 1629 1954 1677 coegit
1974 1659 1984 1676 ,
2011 1629 2050 1666 in
2079 1640 2158 1677 qua

1196 1683 1589 1732 pseudo-pontificem
1618 1682 1863 1720 Bonifacium
1882 1682 1959 1719 VII
1981 1682 2160 1719 condem-

1195 1735 1307 1772 navit
1335 1740 1374 1773 et
1405 1733 1817 1781 excommunicavit²;
1847 1735 2014 1773 alteram
2043 1746 2159 1783 syno-

1195 1788 1287 1825 dum
1308 1789 1522 1826 celebravit
1543 1792 1682 1826 contra
1698 1789 1964 1826 ordinationes
1978 1788 2159 1825 simonia-

1195 1853 1259 1879 cas
1277 1871 1286 1887 ,
1314 1843 1352 1878 in
1392 1854 1469 1890 qua
1498 1842 1604 1879 edita
1634 1841 1912 1880 constitutione
1943 1842 1991 1878 ad
2022 1851 2158 1878 omnes

1196 1895 1420 1942 praesules,
1451 1895 1646 1943 principes
1677 1899 1715 1932 et
1745 1894 1878 1931 fideles
1903 1894 2026 1932 totius
2055 1893 2158 1931 orbis

1195 1948 1409 1993 christiani,
1432 1948 1645 1985 secundum
1663 1948 1828 1984 Patrum
1845 1947 2002 1996 regulas
2017 1957 2157 1984 severe

1196 2001 1408 2049 prohibuit,
1429 2013 1475 2038 ne
1497 2001 1619 2038 ullum
1642 2000 1810 2049 pretium
1825 2012 1894 2049 pro
1911 1999 2031 2037 sacris
2047 1999 2162 2036 Ordi-

1195 2054 1320 2099 nibus,
1332 2055 1379 2091 ab
1397 2054 1566 2091 Ostiario
1586 2066 1707 2101 usque
1729 2054 1777 2090 ad
1794 2052 2081 2097 Sacerdotium,
2097 2063 2159 2089 ac-

1195 2107 1410 2155 ciperetur;
1427 2107 1719 2155 mandavitque,
1739 2109 1780 2142 ut
1794 2107 1825 2142 si
1842 2105 1930 2153 quis
1946 2105 2156 2153 presbyter

1194 2162 1263 2196 aut
1279 2160 1480 2204 diaconus,
1493 2160 1540 2196 ad
1557 2160 1821 2207 episcopatum
1839 2158 2027 2203 delectus,
2044 2170 2067 2195 a
2083 2169 2155 2195 suo

1194 2213 1483 2261 archiepiscopo
1505 2213 1588 2249 sive
1609 2211 1862 2259 metropolita
1881 2222 2036 2248 sacram
2056 2210 2157 2248 ordi‹

1194 2265 1390 2302 nationem
1410 2265 1533 2312 gratis
1550 2265 1724 2312 accipere
1743 2276 1816 2301 non
1835 2267 1976 2312 posset,
1986 2264 2157 2301 Romam

1194 2318 1358 2362 veniret,
1380 2318 1510 2365 ibique
1532 2318 1612 2354 sine
1634 2317 1821 2354 simoniae
1839 2317 2013 2365 periculo
2028 2327 2162 2354 conse-

1194 2374 1394 2416 craretur,
1426 2371 1617 2407 concessit
1642 2374 1774 2407 tamen
1799 2369 1954 2407 admitti
1974 2381 2107 2419 posse,
2126 2369 2159 2407 si

1191 2426 1279 2472 post
1317 2425 1497 2470 acceptas
1537 2423 1791 2460 ordinationis
1821 2424 1979 2460 chartas
2007 2421 2158 2470 aliquid

1192 2478 1329 2524 sponte
1349 2480 1387 2512 et
1408 2475 1526 2513 solius
1547 2476 1699 2523 gratiae
1720 2488 1840 2513 causa
1861 2475 2071 2512 offerretur
2087 2473 2116 2512 ³.

1221 2568 1225 2572 ,
1247 2529 1353 2565 Idem
1373 2529 1556 2565 Pontifex
1568 2529 1766 2577 Sergium,
1783 2527 2073 2577 metropolitam
2084 2527 2160 2564 Da·

1194 2593 1436 2626 mascenum,
1458 2594 1479 2618 a
1496 2582 1702 2619 Saracenis
1724 2582 1904 2627 eiectum,
1926 2579 2156 2618 humanissi-

1193 2646 1255 2671 me
1272 2635 1436 2682 excepit,
1449 2635 1562 2683 cique
1580 2635 1771 2673 concessit
1786 2636 1937 2672 Romae
1953 2633 2155 2671 ecclesiam

1191 2700 1219 2724 s.
1243 2687 1372 2724 Alcxii
1390 2717 1399 2732 ,
1421 2688 1457 2723 in
1481 2700 1560 2735 qua
1581 2700 1667 2724 cun]
1691 2687 1892 2725 monachis
1912 2697 2024 2725 sacra
2044 2685 2154 2724 face-

1192 2744 1274 2785 rct3
1309 2740 1461 2777 litteras
1501 2741 1652 2789 accepit
1691 2753 1714 2778 a
1744 2740 1938 2789 Piligrino
1979 2739 2155 2788 episeopo

1193 2793 1472 2837 Laureacensi,
1493 2794 1557 2841 qui
1582 2793 1816 2831 Pontificem
1835 2793 2044 2830 certiorem
2060 2791 2154 2828 red-

1191 2846 1321 2889 debat,
1335 2846 1613 2893 Hungarorum
1631 2850 1791 2895 gentem
1808 2846 1855 2883 ad
1867 2844 2155 2893 suscipiendam

1191 2898 1444 2935 christianam
1460 2900 1574 2936 fidem
1590 2911 1674 2937 esse
1685 2901 1782 2937 bene
1796 2898 2036 2947 dispositam,
2050 2896 2155 2934 huic-

1191 2962 1266 2998 que
1290 2951 1446 3000 nogotio
1470 2953 1583 2989 valde
1609 2953 1872 3002 profuturum,
1895 2950 1927 2988 si
1949 2961 2016 2998 pro
2036 2949 2084 2986 iis
2109 2960 2155 2986 e-

1190 3004 1333 3052 piscopi
1357 3005 1711 3053 constituerentur3
1733 3004 1903 3043 addebat
1924 3002 2155 3052 Piligrinus,

1234 3111 1241 3131 ¹
1263 3111 1414 3142 pavonius
1433 3115 1462 3142 et
1478 3111 1565 3148 Pagi.
1580 3110 1619 3141 ad
1639 3120 1687 3142 an.
1705 3109 1777 3142 974.

1232 3152 1245 3171 ²
1265 3153 1368 3187 licien),
1387 3153 1424 3182 ιιιΙ
1444 3161 1492 3182 an.
1510 3152 1579 3183 975.

1232 3192 1245 3211 53
1262 3194 1374 3230 Labiw,
1396 3192 1518 3224 (loncil-
1539 3197 1556 3224 I.
1576 3194 1622 3230 IX,
1641 3203 1667 3233 μ.
1684 3192 1770 3224 1:213.
