2241 3473
246 134 325 172 272

192 210 423 259 Rodulphus
443 220 526 246 rem
546 207 704 245 fortiter
722 206 845 266 gessit
865 206 1076 255 pluresque
1096 207 1151 244 vi-

190 265 334 301 ctorias
351 263 397 299 de
415 260 573 298 Graecis
594 260 633 296 in
653 255 796 308 Apulia
816 259 967 305 retulit,
983 271 1146 308 quarum

190 317 299 354 fama
314 326 402 352 cum
415 315 454 350 in
470 312 752 350 Normanniam
769 314 871 350 esset
886 289 1051 371 perlata-3
1069 325 1147 350 ma-

191 380 293 418 gnus
321 367 638 404 Normannorum
680 376 867 402 numerus
896 365 934 401 in
964 365 1145 413 Apuliam

190 420 359 459 tiansiit
389 418 538 455 Verum
568 417 711 454 Graeci
754 419 910 467 saepius
939 430 962 455 a
993 418 1146 455 Rodul-

188 474 264 522 pho
293 471 412 516 victi,
430 471 568 507 deinde
594 482 686 507 eum
710 474 968 519 superarunt,
998 482 1148 519 suaque

188 536 299 563 arma
326 535 446 572 usque
466 524 515 560 ad
535 524 735 561 Romanos
764 524 862 561 fines
880 523 1146 572 protulerunt.

188 579 232 615 In
252 577 312 614 his
333 576 524 625 angustiis
543 575 726 613 Pontifex
757 588 818 614 an.
844 577 945 614 1020
975 576 1050 613 iter
1079 588 1147 614 su-

188 630 312 678 scepit
339 630 378 666 in
409 629 685 675 Germaniam,
716 633 756 667 et
784 630 1026 678 Bambergae
1056 641 1147 666 cum

187 696 216 721 s.
247 682 417 720 Henrieo
441 682 678 731 imperatore
699 683 746 719 de
766 683 1004 731 repellendis
1025 682 1146 720 Sara-

186 736 291 773 cenis
321 737 361 772 et
386 735 549 772 Graecis
569 735 745 773 contulit.
767 736 986 784 Imperator
1008 736 1146 773 Ponti-

186 789 248 826 fici
279 787 473 826 auxilium
503 788 701 836 promisit,
732 791 771 825 et
800 789 839 824 in
869 789 997 826 devoti
1027 788 1145 825 animi

184 842 245 879 sui
266 840 595 890 significationem
616 843 666 879 R.
689 842 887 878 Ecclesiae
909 841 1071 878 donavit
1091 843 1144 878 ci-

184 894 348 932 vitatem
378 894 640 942 Bambergam
663 906 750 932 cum
773 895 952 931 omnibus
974 895 1059 931 eius
1079 895 1144 931 iu-

183 947 304 985 ribus.
336 948 449 984 Anno
487 950 674 994 sequente
713 947 910 985 Henricus
944 948 1144 996 copiosum

183 1001 402 1038 exercitum
422 1000 462 1036 in
485 1000 639 1037 Italiam
661 1001 796 1046 duxit3
817 1001 978 1038 Graecis
998 1001 1144 1050 praelio

185 1054 299 1091 victis
313 1084 322 1100 ,
356 1055 653 1099 Beneventum,
688 1053 885 1102 Capuam,
914 1053 1120 1091 Salernum
1135 1084 1143 1100 ,

182 1106 406 1156 Neapolim,
435 1105 609 1152 Troiam,
629 1106 785 1155 aliaque
804 1106 890 1143 loca
910 1108 959 1144 ab
979 1107 1054 1144 illis
1074 1119 1142 1144 oc·-

181 1164 340 1208 cupata,
360 1159 517 1207 recepit.
536 1161 728 1197 Posthaec
751 1160 982 1205 exercitum,
999 1161 1144 1209 dysen-

181 1213 282 1250 teria
302 1216 540 1262 correptum,
561 1213 600 1250 in
622 1213 881 1250 Germaniam
901 1214 1060 1251 reduxit
1082 1212 1105 1251 ¹.

237 1266 475 1304 Benedictus
487 1266 583 1303 VIII
600 1269 724 1303 morte
742 1267 946 1303 absumtus
963 1270 1022 1304 est
1042 1279 1144 1303 anno

185 1318 300 1366 1024,
316 1320 569 1367 pontificatus
587 1319 647 1356 sui
670 1319 873 1356 undecimo
893 1320 972 1356 iam
991 1327 1142 1357 exacto.

240 1373 325 1410 110.
348 1373 472 1410 Fidei
485 1374 732 1421 propaycztz'o
753 1374 864 1409 inter
876 1374 1058 1421 populos
1078 1385 1142 1410 se-

176 1427 486 1474 ptentrionales
524 1431 565 1462 et
600 1426 747 1462 Slavos
767 1448 818 1452 —
838 1426 946 1462 Inter
983 1426 1144 1475 populos

180 1478 504 1527 septentrionales
525 1478 800 1526 propagandae
821 1482 860 1515 et
886 1479 1142 1516 stabiliendae

179 1532 361 1579 religioni
378 1531 615 1568 christianae
637 1531 775 1568 ardore
794 1531 968 1580 improbo
991 1533 1142 1569 adlabo-

179 1584 286 1622 ravit
323 1585 530 1622 Libentius
547 1613 556 1629 ,
594 1584 908 1633 archiepiscopus
939 1585 1140 1622 Hambur-

178 1638 307 1686 gensis
333 1640 372 1675 et
391 1637 633 1683 Bremensis,
655 1637 739 1686 qui,
760 1650 822 1674 an.
850 1638 926 1675 988
948 1638 986 1674 111
1008 1638 1139 1676 locum

178 1691 370 1739 Adaldagi
393 1691 642 1738 subrogatus,
661 1690 756 1727 obiit
776 1689 1140 1729 an.10132.Eisuc-

177 1745 296 1782 cessit
315 1744 534 1781 Unwanus.
556 1744 630 1780 Sed
657 1745 729 1781 sub
750 1744 847 1780 haec
872 1749 1052 1792 tempora
1073 1757 1151 1782 ec-.

178 1797 329 1843 clesiis,
359 1797 399 1834 in
429 1797 602 1834 Saxonia
631 1797 875 1834 transalbina
905 1798 1139 1844 constitutis,

177 1851 339 1898 grandis
363 1854 575 1898 tempestas
609 1849 722 1887 illata
742 1854 801 1887 est
827 1862 851 1887 a
867 1851 1015 1896 Slavis,
1037 1851 1140 1888 inter

178 1904 309 1940 Albim
337 1906 377 1940 et
397 1903 589 1940 Viadrum
618 1903 852 1951 degentibus
881 1906 920 1940 et
939 1904 1139 1942 Saxonum

182 1956 414 1993 tributariis.
437 1957 518 1993 Hos
534 1955 638 1992 enim
655 1957 894 2002 Bernardus,
911 1957 991 1995 dux
1007 1957 1137 1994 Saxo-

178 2009 278 2056 niae,
298 2009 440 2058 iniquis
463 2009 717 2057 pecuniarum
741 2009 1009 2046 exactionibus
1031 2010 1138 2048 aliis-

177 2074 253 2110 que
283 2062 471 2100 molestiis
488 2062 542 2099 ita
567 2062 769 2110 gravavit,
787 2065 828 2099 ut
849 2065 889 2099 et
909 2062 1137 2111 religionem

176 2115 442 2160 christianam,
459 2126 574 2164 quam
593 2115 669 2152 iam
687 2119 949 2164 susceperant,
965 2119 1004 2153 et
1020 2116 1136 2153 Saxo-

178 2180 270 2205 num
292 2169 506 2205 dominium
530 2168 789 2214 excusserint,
809 2180 922 2206 arma
943 2180 1010 2218 pro
1027 2181 1136 2207 rec-u-

175 2222 348 2269 peranda
365 2222 546 2259 libertate
564 2221 856 2270 capessiverint.
871 2224 943 2260 An.
959 2223 1060 2260 1013
1073 2223 1138 2259 Sa-

173 2275 331 2312 xoniam
353 2275 640 2312 transalbinam
662 2276 906 2320 invadentes,
927 2288 1014 2312 eam
1031 2277 1133 2313 omni

175 2328 422 2365 crudelitatis
455 2340 598 2377 genere
627 2329 906 2373 devastabant,
930 2329 1135 2376 ecclesias,

173 2381 289 2417 urbes
303 2411 312 2427 ,
342 2393 458 2430 agros
490 2382 594 2419 ferro
624 2385 663 2418 et
683 2382 773 2430 igne
793 2382 1047 2427 destruendo,
1068 2395 1132 2419 sa-

172 2445 256 2471 cros
296 2435 493 2472 ministros
532 2434 799 2472 interficiendo
817 2465 826 2480 ,
856 2434 961 2472 cives
993 2436 1133 2483 partim

170 2490 294 2524 morte
315 2488 457 2536 partim
474 2488 664 2525 servitute
682 2487 913 2525 afficiebant.
929 2488 1082 2526 Unwan
1091 2501 1135 2526 us

171 2540 486 2589 archiepiscopus
508 2541 545 2577 in
569 2541 702 2589 primis
723 2541 967 2578 Bernardum
996 2542 1133 2578 ducem

170 2594 216 2629 ad
235 2594 505 2631 humaniorem
523 2597 692 2631 mentem
710 2594 880 2639 reduxit,
893 2594 1030 2631 (10111110
1043 2606 1132 2632 011111

169 2646 443 2684 reconciliavit
463 2659 550 2684 cum
574 2647 744 2684 chrico
766 2647 1014 2695 imperatore,
1031 2659 1132 2696 quo-

171 2710 259 2735 cum
280 2700 381 2736 bello
398 2701 608 2749 implicitus
624 2702 720 2746 erat,
739 2702 822 2748 post
840 2701 934 2736 haec
953 2712 1027 2736 una
1043 2712 1131 2736 cum

169 2752 266 2788 <luce
285 2753 445 2791 rebelles
461 2754 598 2791 Slavos
615 2753 661 2790 ad
680 2753 886 2801 pristinum
899 2753 1131 2800 obsequium

167 2808 206 2841 et
233 2805 422 2843 tributum
447 2807 692 2855 pendendum
717 2806 895 2843 suaviter
916 2806 1130 2852 revocavit,

167 2857 411 2896 Christianos
429 2860 503 2897 huc
519 2860 610 2897 illuc
628 2860 819 2908 dispersos
833 2857 1028 2908 collegit³,
1040 2858 1130 2896 Sla-

168 2922 235 2948 vos
255 2912 302 2948 ad
324 2912 579 2950 christianam
601 2913 827 2962 religionem
859 2913 997 2950 iterum
1033 2923 1129 2949 eon-

209 3075 216 3095 ¹
238 3075 362 3106 numar.
380 3075 462 3112 il›i‹l.;
481 3076 539 3106 Leo
557 3075 725 3110 Ostiensis,
746 3074 867 3106 Chi-on.
890 3073 996 3105 Cas-in.
1012 3074 1030 3105 1.
1047 3073 1086 3105 11.

167 3156 185 3186 AE
206 3115 220 3135 ²
238 3117 344 3174 Adam.
356 3118 512 3147 Hrcrnens.
533 3116 610 3148 llmt.
627 3116 700 3147 eccl.
717 3117 734 3146 1.
751 3116 797 3153 11;
812 3116 952 3148 bolland.
967 3117 1048 3147 Acca
1064 3115 1121 3147 SS.

203 3166 399 3229 issullppri‘jn—CI
418 3199 503 3237 Pagi,
522 3199 561 3229 ad
582 3208 630 3230 an.
653 3198 729 3229 1012
745 3207 814 3238 sqq.

907 142 1065 168 EPOCHA
1094 144 1147 169 VI.
1176 143 1204 169 A
1232 143 1391 170 CAROLO
1419 144 1465 171 M.

1194 207 1326 254 vertit,
1347 209 1388 245 et
1409 208 1581 246 omnium
1602 209 1771 258 gratiam
1791 222 1913 260 usque
1935 211 1983 249 ad
2004 211 2154 250 obitum

1193 272 1309 297 suum
1331 259 1472 311 (1028)
1495 262 1648 300 meruit.

1246 313 1290 349 In
1319 313 1538 363 Norwegia
1565 316 1636 352 sub
1657 314 1824 353 Hakone
1844 328 1938 366 rege
1958 316 2078 366 (938-
2077 317 2152 377 63)

1193 365 1337 403 multos
1357 367 1515 414 quidem
1531 368 1784 406 christianam
1801 368 1916 406 fidem
1934 369 2152 418 suscepisse

1193 417 1395 456 diximus¹
1407 421 1713 465 ,verumtamen
1733 421 1839 458 natio
1860 422 2055 459 idolorum
2077 422 2155 459 cul-

1193 470 1251 507 tui
1272 471 1417 509 mansit
1437 473 1605 510 addicta.
1627 473 1706 510 Sub
1727 473 1849 511 Olavo
1870 475 1900 519 I,
1922 474 1988 522 qui
2005 486 2153 524 regna-

1192 523 1250 560 vit
1280 525 1328 561 ab
1351 536 1412 562 an
1434 525 1512 563 996
1534 537 1653 574 usque
1673 527 1721 563 ad
1745 526 1858 571 1000,
1879 527 2036 575 Religio
2058 539 2152 565 ma-
2192 557 2199 562 .

1191 575 1275 614 iora
1290 577 1559 615 incrementa
1550 590 1589 614 111
1605 578 1820 627 Norwegia
1837 580 1949 627 cepit.
1967 579 2028 617 Is
2018 592 2059 616 ln
2075 581 2154 618 An-

1192 629 1271 677 glia
1299 630 1541 679 baptizatus,
1571 643 1690 679 opera
1719 631 1967 669 sacerdotum
1996 632 2153 681 Anglo-

1191 693 1280 719 rum
1309 695 1495 732 magnam
1524 684 1768 721 subditorum
1799 686 1949 732 partem
1970 685 2020 722 ad
2040 686 2151 723 chri-

1189 735 1318 773 stiana
1338 747 1450 773 sacra
1471 737 1658 782 adduxit,
1680 740 1796 785 atque
1816 737 1994 781 ethnicos
2013 737 2112 776 ritus
2131 750 2153 776 e

1191 798 1310 836 regno
1330 789 1570 836 sustulisset,
1593 789 1623 826 si
1645 790 1794 827 diutius
1811 789 1989 837 vixisset3
2004 791 2071 828 sed
2087 803 2151 828 an-

1189 852 1237 877 no
1262 841 1363 879 1000
1384 854 1407 878 a
1426 842 1607 879 Suenone
1630 843 1778 880 Daniae
1800 844 1840 879 et
1859 842 1984 880 Olavo
2004 843 2042 880 II
2056 843 2152 881 Sue-

1189 893 1272 930 ciae
1302 895 1462 942 regibus
1491 895 1680 941 devictus,
1710 907 1750 932 se
1779 896 1816 932 in
1843 907 1951 933 mare
1971 896 2149 944 proiecit.

1190 946 1300 983 Anno
1315 947 1428 993 1017,
1441 947 1588 985 Olavus
1600 948 1650 993 II,
1670 949 1780 997 regia
1799 949 1919 997 stirpe
1939 949 2127 987 oriundus
2140 979 2150 996 ‚

1189 999 1444 1048 Norwegiam
1464 1012 1487 1037 a
1508 1001 1708 1038 Danorum
1729 1004 1768 1039 et
1787 1001 2003 1038 Suecorum
2020 1002 2148 1039 domi-

1191 1052 1253 1089 nio
1266 1053 1757 1102 vindicavit,regnavitque
1770 1066 1890 1102 usque
1902 1055 1952 1092 ad
1965 1055 2146 1094 an.1033.

1190 1105 1225 1142 Is
1245 1106 1481 1143 christianae
1501 1106 1720 1155 Religionis
1740 1107 1869 1144 cultor
1889 1108 2070 1154 eximius,
2087 1120 2154 1145 no-

1190 1169 1259 1196 vos
1274 1158 1381 1196 Fidei
1399 1170 1626 1207 praecones,
1642 1159 1842 1208 episcopos
1859 1162 1899 1197 et
1913 1162 2153 1208 sacerdotes,

1189 1224 1236 1249 ex
1259 1212 1405 1260 Anglia
1425 1214 1464 1249 et
1485 1213 1698 1249 Germania
1717 1213 1757 1249 in
1774 1225 1938 1261 regnum
1955 1225 2069 1251 suum
2087 1225 2150 1250 vo·

1189 1265 1295 1302 cavit
1311 1294 1321 1311 ,
1351 1266 1455 1303 idola
1483 1265 1700 1314 confregit,
1727 1268 1767 1303 et
1787 1266 1949 1304 sublatis
1969 1266 2151 1304 ethnicae

1189 1318 1387 1366 religionis
1407 1319 1596 1366 reliquiis,
1617 1319 1872 1356 christianam
1893 1320 1932 1356 in
1954 1319 2058 1356 omni
2078 1331 2151 1357 sua

1187 1371 1334 1408 ditione
1354 1372 1565 1418 stabilivit3
1586 1375 1720 1409 tantae
1740 1372 1815 1409 fuit
1832 1372 1987 1420 pietatis
2005 1376 2047 1410 ut
2063 1375 2152 1421 post

1186 1423 1337 1460 obitum
1366 1437 1482 1462 suum
1509 1425 1648 1473 dignus
1669 1426 1827 1462 habitus
1847 1428 1906 1463 est
1925 1426 1992 1474 qui
2012 1426 2148 1464 Ssrum
2205 1473 2207 1475 Ι

1186 1477 1366 1525 catalogo
1387 1477 1679 1515 adscriberetur
1691 1477 1717 1515 ².

1239 1530 1283 1566 In
1305 1529 1448 1568 Suecia
1467 1531 1606 1578 religio
1623 1531 1839 1568 christiana
1859 1533 1947 1580 post
1967 1533 2142 1569 aetatem

1185 1594 1214 1619 s.
1246 1584 1455 1621 Anseharii
1486 1581 1740 1632 deperierat3.
1773 1584 1887 1622 Initio
1918 1596 2013 1622 vero
2033 1585 2150 1623 huius

1185 1637 1332 1673 saeculi
1363 1637 1512 1674 Olavus
1542 1649 1614 1673 rex
1643 1637 1680 1674 II
1702 1649 1730 1674 s.
1753 1637 1967 1685 Sigfridum
1997 1637 2150 1687 episco-

1187 1701 1290 1737 pum,
1314 1690 1379 1738 qui
1396 1702 1487 1726 cum
1504 1690 1590 1727 aliis
1606 1690 1873 1728 sacerdotibus
1888 1690 2028 1740 Anglis
2042 1691 2081 1728 in
2092 1702 2150 1729 re-

1185 1742 1320 1791 giones
1350 1743 1679 1792 septentrionales
1699 1745 1864 1780 venerat
1880 1773 1889 1789 ,
1909 1745 1948 1780 in
1979 1755 2148 1792 regnum

1185 1808 1299 1833 suum
1329 1798 1376 1833 ad
1405 1797 1710 1845 praedicandum
1734 1796 1994 1846 Evangelium
2018 1797 2146 1835 admi-

1185 1849 1247 1895 sit,
1267 1851 1307 1886 et
1326 1850 1438 1886 brevi
1460 1852 1546 1898 post
1566 1861 1654 1886 cum
1677 1849 1812 1887 multis
1828 1849 1915 1887 aliis
1929 1850 2149 1899 baptizatus

1184 1901 1269 1939 fuit.
1292 1903 1414 1951 Regis
1436 1902 1659 1951 exemplum
1680 1903 1825 1940 imitati
1846 1905 1939 1940 sunt
1958 1903 2073 1941 Sueci
2089 1915 2148 1941 oc-

1184 1955 1400 1993 cidentales
1417 1968 1488 1993 scu
1506 1956 1638 2001 Gothi,
1653 1955 1691 1992 in
1704 1967 1872 2004 quorum
1885 1955 2046 1993 civitate
2059 1957 2151 1994 Sca·

1184 2019 1252 2045 ren
1275 2008 1471 2057 Sigfridus
1487 2021 1533 2046 ex
1553 2008 1791 2045 auctoritate
1804 2009 2149 2055 Unwani,archie·

1182 2061 1325 2110 piscopi
1355 2062 1666 2110 Hamburgensis
1695 2069 1733 2098 et
1763 2061 1901 2110 Legati
1931 2062 2147 2110 apostolici,

1182 2115 1314 2151 sedem
1338 2115 1598 2163 episcopalem
1632 2115 1815 2152 instituit.
1842 2116 1957 2152 Sueci
1991 2115 2148 2163 quidem

1180 2168 1505 2215 septentrionales
1535 2167 1687 2205 tardius
1712 2168 1848 2205 Fidem
1877 2170 2144 2217 susceperunt.

1180 2220 1292 2257 Anno
1308 2221 1406 2258 1024
1419 2220 1541 2258 Olavo
1558 2221 1594 2258 II
1611 2222 1799 2258 successit
1819 2221 1981 2258 Iacobus
2001 2224 2142 2258 Anun-

1180 2273 1264 2318 dus,
1294 2273 1396 2311 filius
1427 2274 1532 2320 eius,
1562 2274 1627 2322 qui
1648 2274 1831 2323 regnavit
1853 2286 1975 2322 usque
1997 2274 2045 2311 ad
2067 2286 2141 2312 an-

1179 2338 1272 2363 num
1305 2327 1418 2372 1052,
1439 2329 1478 2363 et
1498 2328 1620 2375 patris
1640 2328 1697 2363 sui
1721 2327 1907 2375 pietatem
1939 2327 2116 2365 imitatus
2133 2357 2143 2373 ,

1178 2379 1374 2428 egregiam
1410 2391 1568 2429 operam
1604 2379 1694 2416 tulit
1732 2380 2008 2428 propagandae
2044 2379 2142 2417 reli-

1179 2432 1282 2481 gioni
1314 2433 1562 2469 christianae.
1599 2433 1710 2469 Hanc
1744 2433 1902 2470 demum
1942 2443 2043 2470 saec.
2065 2433 2144 2471 XII

1178 2497 1312 2522 omnes
1333 2485 1446 2522 Sueei
1471 2485 1628 2534 professi
1650 2485 1777 2522 sunt⁴.

1233 2539 1274 2575 In
1307 2538 1434 2575 Dania
1471 2538 1606 2586 religio
1645 2539 1860 2576 christiana
1901 2539 1948 2576 de
1980 2538 2138 2577 ethnica

1180 2591 1382 2627 victoriam
1404 2591 1602 2640 integram
1624 2591 1760 2628 retulit
1775 2592 1846 2628 sub
1863 2591 1942 2628 Can
1951 2593 2016 2629 uto
2034 2602 2141 2641 rege,

1177 2644 1241 2692 qui
1274 2656 1333 2680 an.
1361 2644 1461 2681 1016
1484 2655 1553 2680 rex
1575 2644 1740 2693 Angliac
1760 2644 1959 2682 salutatus
1975 2643 2001 2690 ⁵,
2023 2644 2139 2693 paulo

1179 2698 1263 2744 post
1283 2698 1323 2733 et
1343 2708 1508 2744 regnum
1533 2697 1680 2734 Daniae
1701 2700 1932 2735 consecutus
1951 2702 2023 2743 est3
2039 2697 2142 2734 chri-

1178 2749 1346 2786 stianam
1370 2749 1485 2786 fidem
1508 2762 1577 2798 per
1598 2750 1820 2787 universam
1839 2750 2006 2787 Daniam
2023 2761 2142 2799 opera
2190 2755 2198 2782 ἑ

1176 2802 1376 2850 episcopor
1383 2814 1445 2839 um
1469 2805 1507 2839 et
1528 2804 1789 2849 sacerdotum,
1811 2814 1905 2851 quos
1925 2814 1974 2840 ex
1996 2802 2140 2851 Anglia
2192 2826 2204 2854 ;

1175 2854 1212 2891 in
1230 2867 1314 2891 eam
1333 2856 1561 2902 destinavit,
1579 2857 1869 2905 propagandam
1887 2857 1925 2892 et
1942 2855 2140 2892 stabilien-

1175 2908 1262 2945 ‹lam
1295 2920 1365 2945 0111
1368 2909 1469 2955 avit,
1491 2912 1515 2947 3
1536 2910 1804 2959 episcopatus,
1827 2908 2106 2946 Lundensem
2096 2920 2136 2945 1n
2184 2895 2228 2960 ξ

1214 3034 1227 3096 '¹2
1246 3036 1353 3107 xxiiiirii.
1369 3035 1523 3107 0133110110.
1541 3076 1618 3108 llis-t.
1636 3076 1710 3107 cccl.
1736 3075 1753 3106 1.
1772 3077 1796 3113 1;
1817 3075 1954 3108 Bouana.
1972 3075 2054 3108 Acta
2075 3074 2134 3108 SS.

1173 3115 1211 3145 ⁹22»
1230 3118 1279 3148 iul.
1294 3136 1329 3140 —
1344 3118 1357 3139 3
1375 3119 1438 3147 Vicl.
1458 3128 1484 3157 p.
1502 3118 1573 3149 256.

1212 3158 1226 3220 ἓ
1243 3159 1356 3239 ἱξῶειᾜ.
1375 3160 1488 3230 kaiam,
1506 3160 1562 3190 loc.
1581 3160 1648 3197 cit.;
1676 3158 1815 3190 Bolland.
1850 3160 1930 3190 Acta
1942 3156 1998 3190 SS.
2017 3157 2038 3189 4
2061 3157 2136 3189 febr.
