2241 3473
192 111 270 151 362

481 122 647 150 EPOCHA
670 119 758 146 xm.
787 120 813 144 A
833 116 1016 144 PVBLICA
1038 115 1187 143 RERVM
1210 115 1253 143 IN
1273 115 1443 143 GALLHS
1463 114 1756 143 SVBVERSIONE

135 196 306 245 quicum
327 197 506 232 Romano
533 190 726 226 Pontifiee
745 187 912 224 seorsim
933 186 1086 222 collecti
1138 189 1183 221 ut
1207 186 1333 221 vitam
1362 184 1604 231 profundere
1631 184 1679 220 ad
1707 184 1873 221 salutem
1903 183 2100 231 proximo-

136 262 250 287 suum
273 250 321 287 de
348 246 574 295 dogmatica
600 242 826 279 definitione
854 239 1086 286 suffragium

137 305 395 351 protulerunt,
413 303 580 348 quatuor
596 295 738 332 habitis
757 306 844 331 cum
865 292 1088 341 quindecim

138 357 330 404 theologis
359 351 599 390 sessionibus
616 378 624 393 ,
654 351 842 385 accurata
867 348 974 382 facta
1000 357 1088 382 con-

137 411 341 459 quisitione
369 409 407 442 in
431 406 659 452 Scripturas
685 406 726 438 et
745 401 950 438 Ecclesiae
970 399 1090 436 tradi-

138 466 284 501 tionem
305 462 352 498 de
372 459 631 497 Immaculata
650 457 696 492 B.
717 456 774 492 Μ.
791 456 843 489 V.
858 453 1091 500 Conceptio-

139 530 187 554 ne
211 546 218 559 ,
245 527 322 552 uno
348 525 418 551 ore
445 514 762 551 consenserunt,
791 509 992 556 singulare
1017 507 1092 543 hoc

139 572 335 618 Deiparae
362 565 614 615 privilegium
641 564 680 599 in
698 563 958 600 revelationis
975 562 1093 609 depo-

138 626 212 662 sito
229 622 411 670 reperiri,
433 624 473 657 et
486 618 754 666 dogmaticum
768 616 975 653 decretum
991 615 1093 651 solli—

140 679 310 715 citantes
336 675 382 712 de
410 685 479 710 ore
502 673 562 708 Pii
580 672 635 708 IX
654 682 775 718 super
795 669 1025 707 cathedram
1046 669 1090 704 D.

140 731 249 768 Petri
276 728 464 771 sedentis,
494 726 624 762 cuncti
643 725 935 762 exclamarunt:
959 723 1095 766 Petre,

139 786 236 821 doce
250 795 333 827 nos;
348 780 716 830 confirmafraires
731 780 830 814 taos.
847 778 1016 814 Demum
1037 777 1096 812 v1⁰

140 839 224 875 idus
246 836 481 878 decembris,
502 837 735 870 recurrente
754 831 1031 869 anniversaria
1049 830 1097 867 de

142 894 185 928 B.
216 893 272 928 M.
301 891 348 924 V.
370 891 576 936 Conceptu
600 887 746 923 festiva
771 886 1019 929 celebritate,
1038 895 1098 921 sa-

142 958 209 982 cro
237 943 506 983 Cardinalium
534 941 726 988 Collegio,
747 939 969 987 Episcopis,
988 939 1097 974 innu-

141 999 336 1046 merisque
370 996 515 1035 Christi
542 995 746 1038 fidelibus,
785 994 848 1042 qui
887 1005 938 1030 ex
976 992 1098 1029 variis

142 1053 257 1091 Orbis
284 1051 512 1098 regionibus
538 1049 708 1085 Romam
729 1051 1015 1090 convenerant,
1033 1046 1100 1082 ad-

142 1106 348 1149 stantibus,
375 1104 469 1140 Pius
495 1104 550 1140 IX
576 1102 614 1138 in
641 1102 789 1149 templo
816 1101 1098 1149 Apostolorum

143 1160 317 1208 Principi
344 1170 474 1202 sacro,
503 1159 606 1195 inter
633 1157 847 1193 Missarum
875 1155 1097 1198 sollemnia,

144 1216 404 1264 apostolicam
431 1214 617 1250 attollens
643 1223 783 1248 vocem
802 1240 810 1255 ,
837 1211 969 1247 divino
1001 1210 1099 1258 aspi-

146 1275 258 1308 rante
295 1270 520 1314 Paraclito,
555 1269 761 1305 decretum
803 1265 1101 1314 pronuntiavit,

145 1328 350 1371 definiens,
377 1325 630 1364 Doctrinam,
653 1336 752 1372 qaae
781 1325 883 1359 cenet
910 1320 1103 1359 Beatissi-

145 1397 248 1421 mam
277 1383 483 1431 Virgyincm
508 1381 695 1417 Mariam
723 1380 764 1416 in
781 1379 911 1428 primo
937 1376 1104 1414 instanti

144 1451 238 1476 saac
266 1437 541 1486 Conceptionis
559 1436 695 1483 faisse
714 1433 913 1482 singulari
932 1432 1105 1480 omnipo-

146 1494 262 1531 tentis
288 1493 362 1530 Dei
387 1491 526 1540 qratia
553 1493 588 1528 ct
611 1489 843 1540 priuilegio,
864 1488 1010 1525 intuita
1030 1499 1104 1524 mc-

147 1549 315 1585 ritoram
336 1546 490 1585 Christi
509 1545 600 1583 Iesu
619 1543 846 1582 salvatoris
861 1542 1027 1579 humani
1043 1554 1105 1590 yc-

147 1602 279 1645 neris,
307 1603 355 1638 ab
382 1600 486 1638 omni
520 1598 715 1647 originali
750 1598 837 1634 labe
867 1608 1107 1645 praeserva-

149 1659 244 1700 iam,
261 1657 480 1698 immunem,
499 1666 578 1691 csse
594 1666 620 1690 a
635 1653 718 1689 Deo
738 1652 971 1695 revelatam,
990 1653 1106 1699 atque

149 1711 297 1747 iccirco
325 1711 374 1747 ab
403 1709 578 1746 omnibus
595 1707 788 1756 fidelibus
809 1705 992 1753 firmiter
1018 1716 1106 1741 con-

148 1767 374 1813 stanterque
402 1762 642 1800 credendam
656 1765 682 1797 1.

197 1819 297 1855 Tum
323 1818 502 1866 sequenti
530 1816 592 1853 die
614 1815 819 1852 advocatis
837 1825 918 1850 una
938 1825 1026 1850 cum
1047 1825 1107 1850 sa-

152 1885 219 1909 cro
246 1872 516 1911 Cardinalium
542 1870 719 1917 Collegio
737 1869 919 1905 omnibus
945 1869 1106 1916 Episco-

153 1928 212 1975 pis
238 1928 273 1963 in
294 1925 538 1964 Consistorio
557 1928 714 1961 secreto
734 1923 772 1958 in
787 1922 974 1958 Vaticani
995 1921 1107 1965 aede,

153 1981 335 2029 apposita
353 1980 603 2021 allocutione,
623 1989 724 2026 quae
744 1977 881 2024 incipit
899 1976 1109 2023 Singulari

152 2034 484 2083 qaaclam,omnia
511 2035 657 2076 fausta,
684 2032 816 2068 felicia
843 2042 890 2067 ac
916 2030 1110 2066 salutaria

154 2089 211 2125 eis
239 2091 425 2136 precatus
451 2091 529 2130 cst,
549 2090 665 2134 atque
694 2097 796 2121 novo
823 2085 966 2121 robore
986 2084 1111 2120 muni-

155 2144 212 2179 vit
227 2142 276 2179 ad
295 2141 563 2190 quaerendam
583 2139 885 2176 commissarum
904 2138 1033 2174 ovium
1051 2149 1111 2174 sa-

156 2198 293 2239 lutem,
319 2200 361 2232 et
386 2195 593 2231 Ecclesiae
621 2204 781 2230 causam
811 2194 849 2228 in
877 2196 990 2228 tanta
1016 2196 1111 2228 tem-

158 2262 295 2299 porum
323 2249 540 2297 asperitate
559 2248 737 2284 animose
756 2258 803 2284 ac
822 2247 979 2283 fortiter
998 2247 1111 2283 susti-

159 2305 328 2342 nendam
349 2303 539 2341 adversus
557 2306 764 2349 serpentes
782 2312 953 2338 errores.
976 2302 1018 2337 In
1036 2313 1114 2349 qua

159 2360 394 2396 allocutione
422 2358 529 2396 Cleri
556 2356 738 2393 catholici
765 2355 902 2392 laudes
929 2357 1112 2392 recitavit

158 2414 409 2462 sequentibus
436 2412 581 2449 verbis:
609 2425 629 2445 «
649 2411 930 2447 Immortaliter
957 2411 1109 2457 quidem

160 2469 401 2516 gaudemus,
429 2466 665 2504 catholicum
692 2465 852 2503 Clcrum
880 2464 973 2500 nihil
1002 2477 1112 2512 prae-

162 2523 400 2564 termittere,
423 2521 517 2557 nihil
546 2520 819 2557 molestiarum
846 2519 1052 2566 defugere,
1071 2523 1114 2555 ut

163 2577 290 2613 officio
320 2589 388 2613 suo
413 2587 460 2613 ac
480 2575 634 2612 muneri
654 2575 854 2611 cumulate
873 2574 1112 2615 satisfaciam

162 2637 276 2680 atquc
304 2632 402 2668 adeo
437 2642 514 2667 non
549 2631 769 2678 asperitate
801 2634 842 2666 et
869 2628 1113 2674 longitudine

163 2686 330 2728 itineris,
351 2698 427 2721 non
455 2686 533 2721 ullo
561 2684 902 2721 incommodorum
923 2687 1029 2719 metu
1057 2694 1114 2718 rc-

167 2740 336 2781 tardari‚
363 2739 570 2787 quominus
599 2738 782 2785 regiones
809 2738 1011 2785 pertingat
1040 2741 1116 2772 ter-

166 2805 298 2830 rarum
327 2794 523 2841 marisque
553 2797 681 2829 tractu
708 2791 1051 2833 disiunctissimas,
1074 2796 1113 2827 ut

165 2849 354 2883 efferatas
388 2848 438 2883 ibi
477 2851 616 2894 gentes
650 2846 699 2883 ad
727 2846 1041 2887 humanitatem,
1076 2850 1115 2881 et

167 2901 407 2937 christianae
436 2901 533 2949 legis
559 2901 808 2948 disciplinam
827 2900 1040 2937 salubriter
1062 2899 1115 2934 in-

168 2955 325 2998 stituat3
346 2954 563 3001 gaudemus
584 2955 736 3001 pariter
753 2955 911 2992 Clcrum
933 2954 1059 3001 ipsum
1081 2953 1115 2988 in

170 3009 399 3045 teterrimae
420 3009 492 3044 luis
512 3009 752 3053 calamitate,
767 3019 866 3056 quae
887 3012 943 3044 tot
961 3006 1118 3055 oppida,

171 3067 225 3098 tot
251 3062 590 3110 frequentissimas
616 3063 732 3099 urbes
761 3062 993 3104 funestavit,
1023 3061 1119 3098 adeo

171 3117 354 3152 alacriter
381 3117 548 3153 obivisse
568 3117 762 3166 quaelibet
780 3117 959 3153 caritatis
977 3115 1119 3159 officia,

220 3217 225 3236 ¹
250 3218 340 3248 {lulla
362 3217 541 3258 meffabili-s·
560 3217 660 3255 Deus,
680 3217 729 3249 die
749 3216 766 3248 8
786 3216 962 3250 decembris
986 3215 1083 3248 1854.

1140 251 1228 275 rum
1256 239 1437 286 pulcrum
1464 238 1538 274 sibi
1565 249 1612 274 ac
1636 238 1825 274 decorum
1848 238 2098 275 existimave-

1142 294 1208 329 rit.
1227 293 1315 334 Quo
1343 302 1441 328 sane
1469 297 1707 338 argumento
1735 292 1863 339 magis
1890 291 2099 336 constabit,

1141 346 1339 383 catholica
1364 346 1403 381 in
1430 346 1628 389 Ecclesia,
1648 356 1749 393 quae
1775 345 1892 383 unice
1910 357 2010 383 vera
2026 349 2100 389 est,

1141 400 1405 436 inextinctum
1425 400 1569 436 ardere
1590 399 1900 447 pulcherrimum
1919 399 2101 436 caritatis

1143 455 1292 501 ignem,
1312 466 1424 501 quem
1454 454 1634 491 Christus
1660 454 1771 489 venit
1789 454 1947 491 mittere
1965 455 2005 490 in
2024 458 2102 490 ter-

1145 519 1230 543 ram
1256 512 1299 544 ut
1325 507 1581 544 accendatur.
1603 507 1783 542 Vidimus
1811 508 1915 543 enim
1943 507 2100 555 religio-

1146 573 1210 599 sas
1225 563 1413 600 mulieres
1428 562 1468 598 in
1483 561 1707 598 adiutandis
1730 560 1866 608 aegris
1879 573 1971 598 cum
1984 562 2100 598 Clero

1146 620 1340 661 certasse,
1359 628 1485 664 neque
1511 615 1653 652 mortis
1679 615 1869 662 adspectu
1895 615 2014 652 fuisse
2039 615 2102 652 de-

1148 671 1311 708 territas
1331 699 1339 714 ,
1377 681 1494 718 quam
1534 670 1748 717 pleraeque
1782 669 2102 714 constantissime

1147 724 1454 772 oppetiverunt:
1482 724 1594 759 cuius
1619 723 1833 759 inusitatae
1863 722 2107 759 fortitudinis

1148 779 1330 826 exemplo
1366 778 1421 813 illi
1446 778 1521 825 ipsi
1552 777 1814 824 obstupefacti
1846 776 2106 813 admiratione

1149 836 1254 876 sunt,
1271 833 1336 880 qui
1353 843 1378 868 a
1395 832 1592 868 catholica
1609 831 1686 867 fide
1704 830 1988 868 dissentiunt».
2007 831 2108 867 Tan-

1149 887 1238 923 dem
1266 887 1324 922 1v⁰
1344 885 1430 922 idus
1457 885 1632 922 eiusdem
1660 884 1808 921 mensis
1824 888 1941 921 extra
1957 884 2107 921 Urbem

1150 941 1214 977 via
1240 940 1414 977 Ostiensi
1439 951 1519 976 una
1545 951 1634 976 cum
1659 939 1936 976 Cardinalibus
1961 942 2003 975 et
2020 938 2109 986 Epi-

1150 994 1279 1042 scopis
1313 994 1361 1031 ad
1389 994 1525 1030 Sancti
1552 993 1664 1030 Pauli
1697 993 1867 1041 apostoli
1895 992 2108 1029 Basilicam

1151 1048 1409 1086 dedicandam
1437 1048 1627 1096 per-rexit.

1197 1103 1255 1140 60.
1265 1102 1471 1138 Ecclesiae
1484 1103 1613 1138 statas
1629 1100 1670 1138 in
1680 1099 1844 1147 Anglia,
1855 1102 1891 1137 et
1906 1099 2109 1138 Ecclesia-

1152 1158 1279 1194 sticae
1293 1155 1553 1193 hierarchiae
1563 1155 1761 1192 restitutio
1772 1155 2109 1198 (an.1850)—Cum

1154 1223 1313 1259 semper
1339 1213 1378 1247 in
1406 1211 1489 1248 dies
1517 1211 1656 1257 religio
1685 1209 1883 1248 catholica
1907 1210 1946 1246 in
1963 1211 2112 1258 Anglia

1156 1269 1468 1320 progrederetur
1488 1271 1514 1312 1,
1537 1266 1630 1302 Pius
1648 1266 1998 1316 Pp.IX‚Gregorii
2015 1268 2109 1306 XVI

1154 1336 1375 1369 successor,
1395 1325 1457 1362 vel
1477 1326 1524 1362 ab
1544 1326 1626 1371 ipso
1647 1326 1703 1361 sui
1725 1324 1985 1361 Pontificatus
1998 1337 2110 1362 exor-

1154 1382 1217 1418 dio
1233 1382 1304 1418 sibi
1316 1381 1622 1429 proposuitopus
1632 1384 1711 1416 tarn
1723 1380 1824 1416 bene
1839 1391 1862 1416 a
1878 1393 2111 1428 precessore

1156 1441 1337 1484 coeptum
1350 1436 1545 1484 prosequi,
1559 1439 1597 1472 et
1613 1435 1661 1472 ad
1677 1434 1852 1471 fidelium
1863 1435 2110 1482 spiritualem

1155 1492 1366 1529 utilitatem
1378 1490 1415 1527 in
1430 1503 1476 1528 eo
1491 1502 1614 1538 regno
1627 1490 1754 1537 magis
1774 1490 1946 1538 quotidie
1965 1501 2112 1539 augen-

1157 1547 1247 1583 dam
1273 1557 1344 1583 sua
1360 1546 1600 1593 impensiora
1634 1544 1765 1581 studia
1782 1555 1987 1582 revocare.
2010 1546 2112 1588 Qua-

1159 1600 1630 1648 propteruniversum,ut
1645 1611 1748 1635 0000
1764 1599 1886 1642 est,in
1897 1599 2044 1647 Anglia
2057 1602 2113 1637 rei

1159 1655 1376 1692 catholicae
1387 1658 1532 1690 statum
1549 1653 1760 1700 diligenter
1775 1652 2046 1697 considerans,
2058 1659 2115 1691 at·

1159 1722 1232 1759 que
1252 1710 1384 1746 animo
1406 1712 1592 1757 repetens
1610 1718 1872 1755 permagnum
1899 1708 2110 1746 catholico-

1160 1777 1248 1801 rum
1261 1775 1484 1807 numerum,
1495 1774 1569 1799 nec
1585 1774 1661 1799 non
1677 1765 1900 1809 temporum
1912 1773 1960 1799 ac
1980 1775 2115 1800 rerum

1161 1819 1362 1861 adiuncta,
1378 1828 1479 1865 quae
1496 1828 1573 1852 non
1590 1816 1772 1853 sinebant
1788 1814 1932 1853 diutius
1947 1817 2116 1864 Angliae

1162 1872 1380 1909 catholicos
1400 1882 1424 1907 a
1441 1871 1618 1907 Vicariis
1636 1870 1874 1918 Apostolicis
1888 1870 2116 1918 guber-narn

1163 1939 1233 1974 pro
1260 1930 1370 1963 certo
1392 1925 1526 1962 habuit
1547 1925 1665 1961 talem
1685 1925 1779 1961 inibi
1802 1935 1936 1962 rerum
1953 1935 2119 1962 conver-

1163 1981 1313 2017 sionem
1330 1980 1477 2016 factam
1493 1990 1597 2022 esse,
1617 1982 1661 2015 ut
1675 1979 1867 2016 ordinarii
1882 1979 2118 2027 episcopalis

1163 2034 1368 2083 regiminis
1394 2034 1567 2069 formam
1594 2033 1812 2080 flagitaret.
1832 2033 2014 2069 Accessit
2044 2033 2116 2076 his,

1163 2089 1332 2136 Angliae
1359 2089 1464 2136 ipsos
1481 2088 1664 2124 Vicarios
1683 2088 1933 2136 Apostolicos
1952 2087 1989 2123 id
2003 2098 2027 2124 a
2041 2087 2116 2124 Ro-

1164 2155 1283 2180 mano
1304 2144 1497 2180 Pontifice
1514 2143 1712 2179 communi
1730 2143 1920 2190 suffragio
1939 2141 2115 2189 petiisse,

1165 2197 1386 2244 permultos
1411 2200 1491 2232 tam
1522 2196 1666 2239 cleros,
1693 2206 1809 2243 quam
1829 2195 1950 2232 laicos
1967 2195 2116 2232 virtute

1164 2263 1208 2289 ac
1231 2262 1380 2299 genere
1397 2253 1650 2298 praestantes
1673 2250 1794 2294 viros,
1814 2249 1886 2286 hoc
1907 2250 2011 2287 idem
2029 2262 2117 2298 pre-

1163 2310 1273 2343 catos
1287 2317 1389 2348 esse,
1400 2305 1573 2352 aliosque
1584 2304 1754 2349 Angliae
1770 2303 1986 2341 catholicos
2001 2305 2117 2352 longe

1165 2360 1354 2408 plurimos
1373 2358 1410 2394 id
1430 2359 1467 2394 in
1486 2358 1590 2394 votis
1608 2358 1805 2394 habuisse.
1825 2358 1896 2395 His
1921 2358 1969 2396 de
1988 2360 2120 2397 causis

1163 2414 1200 2449 in
1236 2413 1380 2460 Anglia
1394 2442 1402 2456 ,
1431 2424 1572 2460 nempe
1606 2413 1642 2447 iu
1679 2412 1764 2460 ipsa
1798 2413 2118 2450 Protestantismi

1163 2467 1272 2511 sede,
1292 2470 1373 2504 toto
1393 2467 1499 2503 Orbe
1519 2466 1690 2503 mirante
1709 2477 1756 2503 ac
1773 2466 1999 2514 plaudente,
2015 2478 2118 2504 anno

1166 2523 1344 2565 1850,1110
1355 2521 1507 2558 calend.
1519 2521 1692 2558 octobris
1701 2520 1795 2557 Pius
1811 2522 1865 2557 lX
1881 2522 2118 2559 ecclesiasti-

1165 2588 1251 2613 cam
1265 2576 1528 2613 hierarchiam
1541 2575 1858 2612 instituitlitteris
1872 2576 2115 2623 apostolicis,

1165 2641 1330 2677 quarum
1359 2630 1513 2665 initium
1542 2632 1602 2665 est
1632 2629 1879 2665 Universalis
1899 2629 2119 2666 Ecclesiae.

1167 2684 1256 2720 Sodi
1273 2683 1698 2720 Westmonasteriensi
1713 2683 2044 2731 metropoliticam
2064 2683 2119 2720 di-

1167 2739 1360 2784 gnitatem
1397 2737 1584 2773 adtribuit
1618 2738 1730 2784 eique
1767 2737 1972 2774 duodecim
2007 2737 2122 2775 sedes

1167 2794 1441 2838 suffraganeas
1460 2791 1640 2835 subiecit,
1659 2803 1801 2839 nempe
1822 2791 2119 2828 Southwarcen-

1167 2857 1263 2888 sem,
1276 2844 1633 2892 Hagulstadensem
1643 2845 2035 2888 ,Novocastrensem,
2049 2845 2119 2882 Be-

1169 2899 1442 2936 verlacensem
1462 2928 1470 2941 ,
1499 2899 1835 2946 Liverpolitauam
1854 2927 1862 2940 ,
1895 2898 2118 2935 Salforden—

1168 2964 1249 2988 sem
1274 2982 1282 2995 ,
1309 2953 1598 3001 Salopiensom,
1627 2953 1943 3001 Neoportensem
1972 2956 2011 2990 et
2038 2953 2120 2989 Me-

1170 3018 1311 3049 ncvcn,
1341 3007 1657 3048 Cliftonicnscni,
1688 3007 1998 3055 Plymuteusem.
2025 3005 2117 3042 Not—

1171 3060 1512 3106 tinghamcusem,
1558 3061 1953 3109 ssirmingamiensem
1973 3090 1981 3104 ,
2020 3060 2118 3096 Nor-

1219 3215 1226 3235 ¹
1248 3216 1316 3251 Vid.
1335 3227 1366 3258 μ.
1388 3217 1451 3250 349
1469 3228 1516 3261 sq.
