2241 3473
257 134 284 172 6
731 144 884 172 EPOCHA
912 144 938 171 Ι.
967 144 995 170 Α
1022 143 1270 170 NATIVITATE
1299 144 1389 171 IESV
1418 143 1577 171 CHRISTI

207 219 484 257 nonnunquam
505 207 624 244 nobili
644 207 880 244 auctoritate
894 208 1082 255 carperet3
1096 206 1154 243 in-

206 262 289 299 vidi
308 273 473 311 quoque,
485 261 585 309 quod
606 260 825 298 confluente
846 260 895 297 ad
915 271 1004 297 eum
1023 259 1152 297 multi-

205 315 350 361 tudine,
361 314 433 364 ipsi
450 314 730 363 quodammodo
747 313 890 362 despici
904 313 1151 359 viderentur,

205 368 400 406 salutares
432 367 728 417 praedicationis
748 367 832 404 eius
852 366 1003 404 fructus
1022 367 1148 416 impe-

203 421 304 468 dire,
325 421 553 471 plebemque
582 420 621 457 in
643 432 735 458 eum
754 420 950 458 concitare
970 420 1148 458 multifa-

203 474 271 512 riis
298 474 422 512 modis
451 475 700 511 studuerunt:
727 474 782 511 Eo
804 475 958 512 demum
977 474 1148 523 ipsorum

203 527 333 565 odium
353 527 553 577 processit,
574 530 619 565 ut
637 528 676 564 in
698 527 971 577 Redemptoris
989 527 1149 565 humani

201 581 354 630 generis
384 581 688 619 destructionem
709 581 996 630 conspirantes,
1017 581 1146 618 consi—

200 634 293 672 lium
316 635 362 671 de
382 646 426 671 eo
441 633 708 672 interficiendo
724 634 876 684 saepius
891 634 1146 672 inierint.Sed

201 688 365 725 necdum
387 690 554 725 venerat
573 688 762 738 passionis
778 689 862 726 eius
879 690 919 726 et
933 688 1070 726 mortis
1085 688 1147 725 ho-

199 752 257 787 ra,
277 753 300 778 a
318 741 483 779 Daniele
502 742 693 790 propheta
711 742 909 791 praedicta
927 741 951 779 ¹.

251 794 360 832 Haec
381 794 519 832 ultima
538 795 634 833 hora
653 808 740 833 cum
763 796 950 841 instaret,
969 794 1146 832 Christus

200 847 308 885 Iesus
336 860 427 886 cum
455 849 649 898 Apostolis
679 851 760 887 suis
784 848 1076 898 Hierosolymas
1096 847 1143 885 ad

198 900 341 940 festum
360 901 566 940 Paschatis
584 903 819 952 properavit.
837 902 922 940 Illic
941 902 1065 952 prima
1084 901 1144 938 die

197 967 435 1004 azymorum,
455 956 579 1006 pridie
598 957 736 994 mortis
756 968 861 1003 suae,
878 967 965 993 cum
984 957 1146 1004 Aposto-

196 1008 244 1046 lis
264 1020 411 1058 agnum
431 1009 655 1059 paschalem
681 1010 870 1056 comedit,
892 1008 1143 1056 ultimamque

195 1074 354 1101 coenam
374 1063 558 1113 sumpsit,
577 1064 616 1101 in
637 1076 713 1113 qua
732 1064 977 1102 adorandum
997 1065 1035 1100 et
1055 1063 1141 1099 ine-

196 1115 394 1154 narrabile
410 1129 459 1155 ss.
475 1117 746 1156 Eucharistiae
767 1118 1067 1155 Sacramentum
1088 1115 1143 1152 in-

194 1169 334 1208 stituit.
355 1170 595 1209 Promiserat
614 1172 755 1221 quippe
777 1171 877 1218 suis,
897 1171 1080 1208 daturum
1100 1180 1140 1206 se

194 1222 250 1261 eis
279 1223 318 1261 in
348 1224 476 1262 cibum
505 1227 544 1262 et
572 1229 702 1274 potum
718 1255 727 1271 ,
748 1237 823 1262 non
849 1224 966 1273 quale
986 1223 1076 1261 olim
1098 1223 1139 1260 1-

195 1276 363 1316 sraelitis
383 1290 525 1316 manna
545 1278 700 1327 pluerat
719 1278 759 1316 in
781 1279 947 1322 deserto,
965 1278 1030 1314 sed
1051 1288 1140 1326 pro-

195 1330 319 1380 priam
349 1343 508 1369 carnem
538 1334 578 1370 et
605 1331 837 1381 sanguinem
855 1329 880 1369 ⁸².
911 1331 1019 1369 Haec
1045 1342 1137 1379 pro-

197 1384 316 1422 missa
344 1384 383 1422 in
415 1386 554 1423 ultima
583 1397 706 1424 coena
725 1384 913 1435 implevit.
936 1383 1138 1432 Accipiens

192 1437 294 1475 enim
323 1450 486 1487 panem,
505 1439 655 1489 gratias
683 1439 764 1489 egit
779 1469 788 1485 ,
809 1438 928 1488 fregit
958 1440 998 1475 et
1018 1437 1136 1474 dixit:

192 1491 280 1529 Hoc
299 1498 361 1530 est
377 1504 525 1542 corpus
544 1504 693 1538 meum,
713 1503 867 1530 omnem
897 1491 1030 1529 eodem
1051 1502 1136 1527 mo·-

192 1547 323 1583 mento
361 1547 617 1584 substantiam
652 1546 762 1596 panis
794 1546 1061 1583 transmutans
1096 1544 1135 1581 in

191 1599 388 1649 propriam
417 1612 594 1646 carnem,
614 1611 729 1649 quam
757 1600 826 1637 sub
845 1599 1047 1648 speciebus
1067 1609 1134 1646 pa-

191 1652 251 1690 nis
279 1654 474 1703 Apostolis
504 1666 595 1692 mox
621 1654 726 1691 dedit
745 1652 992 1703 gustandam.
1015 1651 1134 1688 Simi-

189 1705 280 1744 liter
313 1710 472 1757 accepto
509 1707 628 1745 calice
645 1737 654 1754 ,
683 1718 835 1744 omnem
876 1704 1132 1743 substantiam

189 1759 271 1797 vini
300 1761 495 1799 convertit
524 1761 562 1798 in
591 1761 820 1810 sanguinem
838 1771 970 1805 suum,
991 1758 1131 1796 dicens:

188 1814 269 1851 Hic
287 1819 350 1852 est
364 1815 537 1863 sanquis
550 1825 664 1852 meus
680 1815 777 1851 novi
792 1814 1059 1851 testamenti...
1082 1813 1133 1849 bc·-

188 1867 268 1905 bz’te
287 1879 338 1906 ex
357 1879 400 1905 eo
429 1880 568 1906 omnes
589 1865 614 1905 ³.
637 1867 831 1917 Apostolis
851 1867 929 1905 suis
949 1867 1052 1904 idem
1072 1865 1128 1903 fa-

186 1920 320 1967 ciendi,
341 1922 444 1971 quod
463 1922 547 1971 ipse
567 1921 736 1966 fecerat,
762 1921 954 1970 potestate
975 1919 1130 1965 tradita,

185 1974 274 2012 Hoc
291 1976 417 2025 facite
442 1977 488 2013 in
508 1986 641 2012 meam
660 1975 1085 2012 commemorationem
1103 1972 1129 2019 ⁴,

184 2027 298 2077 ipsos,
320 2040 531 2077 eorumque
552 2028 745 2078 legitimos
761 2027 799 2064 in
816 2026 1033 2065 sacerdotio
1048 2038 1132 2064 suc-

184 2092 366 2130 cessores,
387 2094 436 2121 ss.
457 2081 740 2128 Eucharistiae,
760 2080 996 2119 sacramenti
1013 2080 1129 2117 simul

184 2136 225 2172 et
252 2135 353 2185 iugis
381 2136 421 2173 in
441 2135 558 2174 Nova
580 2135 686 2185 Lege
712 2134 913 2181 sacrificii,
933 2133 1130 2172 ministros

185 2189 389 2227 constituit
417 2187 442 2227 ⁵.

235 2242 344 2280 Exiit
363 2243 452 2280 inde
474 2242 654 2280 Christus
673 2254 761 2280 cum
776 2241 973 2291 Apostolis
989 2241 1027 2278 in
1045 2241 1129 2278 hor-

182 2297 265 2333 tum
287 2296 503 2334 Olivarum.
529 2295 602 2334 Hic
621 2307 710 2334 eum
730 2298 904 2334 orantem
926 2297 964 2333 et
984 2294 1128 2344 passio-

182 2349 242 2387 nis
265 2349 425 2387 calicem
446 2349 492 2387 de
513 2361 630 2387 manu
652 2349 782 2387 Patris
803 2349 851 2387 ad
871 2350 1043 2386 nostram
1064 2360 1127 2386 re-

182 2403 441 2452 demptionem
462 2405 732 2452 acceptantem
745 2433 754 2449 ,
774 2401 936 2440 tradidit
964 2402 1126 2440 armatis

181 2456 412 2495 satellitibus
441 2456 558 2494 Iudas
577 2455 802 2502 Iscariotes,
824 2467 922 2493 unus
948 2467 967 2492 o
988 2455 1125 2493 duode-

181 2509 256 2547 cim
284 2509 500 2560 Apostolis3
530 2509 596 2558 qui
630 2509 784 2547 sordida
818 2509 913 2546 lucri
945 2509 1125 2557 cupidine

179 2563 379 2613 abreptus,
398 2563 560 2613 triginta
581 2563 779 2612 argenteis
800 2563 983 2600 Divinum
1005 2562 1123 2612 Magi-

180 2619 306 2654 strum
327 2617 543 2655 senioribus
560 2616 691 2667 populi
708 2619 748 2654 et
762 2616 1007 2655 sacerdotum
1024 2618 1124 2665 prin-

178 2669 327 2719 cipibus
356 2670 578 2719 prodiderat
609 2668 636 2707 ⁶.
667 2670 774 2708 Iesus
803 2681 827 2707 a
860 2669 1019 2707 militari
1049 2682 1116 2707 co-

218 2776 226 2797 ¹
245 2777 284 2807 ca
312 2802 316 2806 .
334 2776 382 2807 lx.

215 2817 229 2838 ‘²
245 2785 341 2849 Paiii‘s
361 2826 455 2858 quem
477 2826 533 2858 eqo
549 2817 639 2854 dabo,
662 2826 740 2849 caro
758 2826 828 2848 mea
851 2819 896 2847 est
920 2825 981 2857 pro
1005 2816 1117 2848 mundi

176 2861 279 2891 vim...
299 2859 380 2892 Caro
397 2868 467 2889 mea
485 2869 557 2890 vvere
573 2863 617 2890 est
633 2859 730 2898 cibus,
746 2862 775 2890 et
791 2858 920 2898 sanquis
938 2868 1026 2889 meus
1044 2868 1116 2890 vere

175 2904 222 2933 est
235 2903 350 2941 potuim
369 2901 449 2931 ioan.
467 2901 512 2935 Vi,
529 2900 633 2931 48-59.

214 2944 228 2963 ³
251 2944 288 2973 ci·
305 2943 406 2974 naun.
434 2943 540 2979 xxvi,
563 2942 673 2980 *ziz-2&
696 2942 786 2973 nare.
812 2941 886 2979 x1v,
911 2941 1019 2979 πέμ
1045 2944 1112 2975 Luc.
1161 2956 1185 2959 --

177 2983 268 3024 xxm,
288 2983 391 3021 194³.oe
411 2983 478 3014 lad
495 2983 562 3016 Cor.
581 2984 630 3021 xl,
646 2983 694 3015 Ἡ.

214 3026 227 3048 ⁴
246 3027 314 3057 Luc.
331 3025 424 3063 xxn,
444 3025 494 3062 tlh
512 3025 523 3055 Ι
539 3025 579 3056 osi
596 3026 667 3056 Cor.
684 3025 735 3061 XI,
750 3024 797 3056 22.

213 3068 227 3089 5
250 3069 445 3097 Constantem
471 3071 711 3106 perpetuamque
729 3067 884 3098 Ecclesiam
901 3066 1072 3099 doctrinam
1086 3072 1113 3099 ‹it

173 3109 365 3140 traditionem
382 3107 420 3138 dc
437 3118 476 3138 ss.
497 3109 688 3139 Eucharistia
705 3112 809 3139 contra
827 3112 991 3140 novatores
1009 3110 1110 3141 [lct'cn-

174 3151 283 3182 «ierunt
299 3150 382 3181 card.
401 3150 588 3187 licliarniin.,
605 3150 901 3182 (iuntrucetas-iarum
915 3154 935 3182 t.
947 3152 987 3189 11;
1005 3155 1112 3182 auctor

173 3193 286 3233 operis,
304 3191 346 3223 La
359 3191 541 3232 perpatuit&
556 3191 592 3222 dc
609 3192 639 3222 Ιιι
656 3191 729 3227 1⁸01,-
748 3192 808 3222 alii.

215 3235 228 3257 6
252 3234 353 3266 Manli.
381 3234 486 3272 xxm
506 3234 595 3264 Marc.
617 3233 697 3272 x1v;
715 3235 780 3264 Luc.
801 3234 896 3274 xxm
915 3236 995 3265 loun.
1014 3233 1120 3267 xviii.

1193 206 1305 244 horte
1333 207 1594 256 apprehensus
1623 207 1740 255 atque
1767 206 1915 255 ligatus
1931 235 1941 253 ,
1969 205 2136 255 primum

1193 259 1333 298 ductus
1363 263 1422 298 est
1450 260 1499 297 ad
1526 270 1722 297 summum
1749 259 1990 297 sacerdotem
2012 260 2052 297 et
2070 259 2139 296 Iu-

1193 313 1380 351 daeorum
1399 313 1621 359 sanhedrin3
1642 313 1708 350 ubi
1726 312 1896 362 colaphis
1912 324 2060 359 caesus,
2077 324 2140 361 op-

1191 366 1356 416 probriis
1384 368 1602 411 saturatus,
1633 366 1743 414 quasi
1771 366 1954 403 seductor
1981 368 2024 403 et
2041 365 2139 403 blas-

1191 420 1355 469 phemus
1385 422 1608 466 accusatus,
1628 421 1668 456 et
1694 419 1832 456 mortis
1857 430 1948 457 reus
1968 418 2139 457 declara-

1191 476 1344 564 tuslffig.
1366 526 1413 564 ad
1442 525 1617 563 tribunal
1635 525 1768 562 Pontii
1787 525 1920 573 Pilati,
1941 526 2136 564 Romano-

1186 591 1274 617 rum
1303 580 1457 617 nomine
1486 579 1673 623 Iudaeae,
1693 589 1791 627 quae
1810 579 1889 616 iam
1909 590 2002 629 rege
2021 590 2135 617 care-

1188 633 1254 670 bat
1273 633 1363 671 etin
1379 632 1621 682 provinciam
1632 632 1851 669 Romanam
1862 635 1948 670 erat
1963 633 2134 680 redacta,

1187 686 1463 736 procuratoris,
1483 687 1711 735 perductus,
1733 684 1934 723 seditionis
1949 686 1991 723 et
2003 685 2134 724 laesae

1187 740 1401 777 maiestatis
1430 740 1636 776 incusatus
1666 738 1751 777 fuit.
1781 739 1956 786 Pilatus,
1985 738 2133 776 etsivin-

1188 793 1404 831 nocentiam
1424 792 1505 830 eius
1526 793 1644 841 probe
1659 792 1833 830 novisset
1848 795 1888 830 et
1903 791 2034 842 palam
2049 803 2133 841 pro-

1185 846 1373 893 fiteretur,
1387 845 1636 883 nihilominus
1651 846 1784 895 populi
1799 845 2036 884 clamoribus
2051 857 2134 894 per-

1184 900 1357 946 territus,
1379 900 1509 937 Iesum
1528 898 1696 948 flagellis
1712 899 1888 945 subiecit,
1904 900 2133 937 barbarum-

1184 965 1257 1002 que
1278 953 1317 989 in
1338 953 1493 990 modum
1512 964 1689 1000 caesum,
1710 952 1982 991 excruciatum
2000 954 2041 990 et
2059 952 2134 1002 spi-

1184 1007 1244 1044 nis
1265 1009 1490 1044 coronatum
1505 1037 1515 1054 ,
1535 1005 1674 1044 infami
1693 1007 1822 1044 crucis
1842 1006 2027 1056 supplicio
2046 1017 2131 1044 con-

1185 1060 1387 1097 demnavit
1408 1059 1435 1097 ¹.

1227 1114 1334 1151 Iesus
1345 1113 1384 1150 in
1396 1112 1521 1150 medio
1533 1114 1701 1152 duorum
1711 1113 1908 1151 latronum
1918 1112 2130 1152 crucifixus

1182 1178 1269 1203 cum
1290 1166 1430 1214 iniquis
1450 1170 1489 1204 et
1507 1167 1708 1205 sceleratis
1723 1169 1942 1216 reputatus,
1957 1179 1982 1205 a
1995 1167 2129 1216 planta

1180 1220 1286 1269 pedis
1307 1232 1428 1269 usque
1449 1220 1499 1258 ad
1518 1221 1708 1259 verticem
1728 1222 1888 1270 propter
1902 1220 2128 1270 iniquitates

1181 1276 1333 1311 nostras
1355 1274 1595 1322 vulneratus,
1616 1274 1708 1313 felle
1728 1277 1767 1312 et
1786 1276 1897 1312 aceto
1916 1276 2085 1324 potatus,
2105 1286 2126 1312 e

1180 1327 1284 1376 ligno
1301 1327 1428 1365 crucis
1443 1331 1650 1366 aeternum
1662 1329 1822 1366 Patrem
1837 1340 1906 1377 pro
1922 1327 2030 1366 nobis
2043 1339 2129 1377 pre-

1179 1382 1288 1418 catus
1320 1383 1400 1428 est3
1421 1384 1583 1430 peccata
1601 1384 1734 1420 nostra
1753 1382 1944 1431 sanguine
1963 1393 2033 1419 suo
2052 1393 2125 1420 ex-

1180 1433 1323 1482 piavit,
1343 1436 1382 1472 et
1400 1446 1470 1484 pro
1491 1436 1638 1474 eisdem
1658 1433 1898 1485 piacularem
1925 1435 2125 1473 vict-imam

1178 1499 1218 1524 se
1247 1488 1399 1525 obtulit.
1430 1488 1555 1538 Opere
1584 1490 1741 1527 demum
1761 1519 1770 1536 ,
1790 1489 1838 1527 ad
1859 1489 1959 1538 quod
1984 1488 2125 1527 missus

1177 1540 1319 1587 fuerat,
1337 1545 1620 1590 consummato,
1636 1542 1817 1592 spiritum
1837 1543 1877 1580 in
1892 1552 2034 1580 manus
2053 1542 2127 1581 Pa-

1177 1595 1247 1631 tris
1275 1594 1359 1641 sui,
1388 1595 1574 1634 inclinato
1603 1596 1754 1647 capite,
1783 1595 1924 1634 emisit.
1945 1596 1997 1634 Et
2016 1607 2124 1643 ecce,

1177 1648 1233 1685 sol
1253 1648 1484 1687 obscuratus
1505 1653 1575 1697 est,
1594 1651 1781 1688 tenebrae
1800 1649 1931 1688 factae
1951 1651 2044 1687 sunt
2063 1661 2124 1687 su-

1176 1713 1244 1750 per
1262 1704 1434 1749 terram3
1455 1706 1560 1741 terra
1579 1706 1685 1742 mota
1705 1707 1782 1751 est;
1803 1703 1934 1741 velum
1963 1702 2122 1752 templi,

1175 1755 1279 1804 quod
1301 1755 1447 1795 Sancta
1468 1761 1690 1795 sanctorum
1712 1758 1760 1795 ab
1780 1756 1902 1794 oculis
1917 1756 2027 1806 vulgi
2047 1757 2122 1794 ab-

1175 1809 1401 1856 scondebat,
1423 1810 1461 1847 in
1483 1811 1579 1849 duas
1599 1813 1731 1860 partes
1750 1811 1916 1849 scissum
1934 1812 2014 1857 est3
2034 1821 2121 1848 mo-

1175 1865 1361 1900 numenta
1389 1868 1527 1912 aperta
1546 1869 1649 1912 sunt;
1670 1865 1812 1902 mortui
1834 1876 1854 1902 e
1875 1863 2066 1913 sepulcris
2085 1876 2121 1901 e-

1175 1916 1311 1965 gressi,
1340 1917 1471 1955 multis
1492 1921 1778 1967 apparuerunt3
1797 1919 1957 1966 totaque
1976 1919 2119 1955 natura

1174 1969 1344 2007 auctoris
1363 1971 1422 2007 sui
1442 1972 1621 2020 passione
1638 1971 1874 2009 commoveri
1893 1970 1979 2009 visa
1998 1973 2058 2010 est
2072 1976 2100 2009 2.

1227 2022 1271 2059 In
1291 2023 1362 2060 hoc
1380 2024 1567 2072 passionis
1586 2027 1760 2074 tempore
1780 2024 1950 2063 maxime
1972 2036 2013 2063 se
2033 2036 2121 2074 pro-

1173 2075 1354 2114 diderunt
1391 2078 1638 2116 admirabiles
1651 2108 1660 2124 ,
1693 2090 1924 2128 prorsusque
1959 2077 2116 2117 divinae

1173 2129 1317 2167 Christi
1339 2130 1517 2169 virtutes.
1536 2132 1691 2174 Quanta
1711 2132 1856 2183 quippe
1875 2132 1915 2169 in
1930 2143 1975 2170 eo
1990 2132 2115 2170 humi-

1172 2183 1281 2220 litas!
1300 2183 1364 2232 qui
1385 2184 1514 2223 ventis
1534 2189 1575 2223 et
1593 2186 1694 2223 mari
1710 2186 1939 2235 imperabat,
1954 2185 2115 2224 funibus

1172 2236 1335 2285 ligatur,
1357 2239 1631 2286 prosternitur,
1650 2238 1841 2286 illuditur,
1863 2239 2058 2286 caeditur,
2076 2241 2117 2277 et

1171 2290 1321 2327 nullum
1351 2291 1615 2339 querimoniae
1649 2292 1806 2343 signum
1835 2291 1926 2331 edit.
1956 2292 2114 2334 Quanta

1171 2344 1341 2382 charitas
1359 2345 1366 2381 ἕ
1389 2345 1524 2383 Iudam
1547 2346 1784 2395 proditorem
1804 2346 1993 2384 benevolo
2014 2346 2114 2384 ami-

1170 2398 1284 2435 citiae
1328 2398 1459 2436 osculo
1498 2399 1662 2449 excipit3
1691 2412 1759 2450 pro
1789 2399 2112 2449 crucifigentibus

1170 2454 1379 2489 aeternum
1409 2453 1568 2491 Patrem
1597 2456 1695 2491 orat:
1718 2454 1857 2499 Pater,
1875 2453 2038 2491 dimitte
2057 2455 2111 2492 z'l-

1172 2506 1242 2542 Zz's:
1264 2517 1350 2543 ozon
1370 2507 1480 2544 enim
1496 2509 1635 2545 sciunt
1649 2507 1750 2557 quid
1763 2508 1940 2556 faciunt.
1957 2506 2112 2548 Quanta

1171 2559 1429 2596 mansuetudo
1456 2564 1496 2597 et
1521 2560 1639 2598 animi
1660 2561 1866 2598 fortitudo!
1897 2560 1946 2599 ad
1965 2559 2110 2599 infame

1171 2612 1308 2649 mortis
1338 2613 1570 2662 supplicium
1591 2615 1754 2664 rapitur,
1774 2616 1813 2652 et
1832 2614 1935 2652 sicut
1955 2613 2041 2652 ovis
2060 2615 2108 2652 ad

1166 2666 1394 2703 occisionem
1430 2668 1552 2713 vadit,
1580 2670 1620 2705 et
1653 2669 1776 2717 quasi
1801 2679 1940 2717 aquus
1968 2679 2108 2706 coram

1165 2719 1353 2756 tondente
1380 2731 1420 2757 se
1448 2722 1694 2760 obmutescit.
1717 2721 1903 2770 Moritur,
1921 2722 1960 2760 et
1978 2722 2104 2759 morte

1162 2784 1234 2810 sua
1262 2773 1474 2811 humanum
1503 2787 1627 2824 genus
1658 2775 1825 2822 redimit,
1854 2775 2005 2824 peccati
2033 2785 2102 2813 re-

1161 2838 1277 2874 gnum
1299 2827 1477 2874 destruit,
1498 2831 1536 2865 ct
1557 2840 1699 2866 novum
1719 2829 1821 2867 inter
1840 2829 1967 2866 Deum
1982 2829 2022 2866 et
2038 2828 2101 2866 ho-

1161 2880 1302 2917 minem
1316 2879 1448 2919 foedus
1465 2882 1651 2920 effusione
1672 2883 1875 2932 sanguinis
1895 2881 1955 2920 sui
1967 2880 2060 2920 ferit
2074 2880 2101 2920 ³.

1201 2985 1209 3006 ¹
1229 2986 1294 3016 Loc.
1312 2987 1360 3017 cit.

1198 3026 1211 3046 '2
1234 3028 1334 3058 Mattii.
1360 3027 1499 3065 xwi
1514 3031 1604 3061 Marc.
1618 3029 1689 3068 XV;
1704 3031 1772 3062 Luc.
1784 3029 1906 3068 XX111;
1918 3029 2096 3063 loan.X1X.

1197 3069 1210 3087 ³⁵
1233 3069 1253 3098 t
1276 3069 1403 3100 diversis
1425 3073 1582 3103 sententiis
1606 3073 1643 3103 d(-
1665 3080 1745 3103 anno
1762 3073 1868 3102 mortis
1885 3072 1996 3104 Christi
2013 3081 2098 3104 com-

1155 3118 1275 3140 munior
1288 3114 1316 3141 et
1331 3113 1520 3144 verisimilior
1533 3123 1569 3144 ea
1581 3117 1636 3150 cst,
1651 3123 1729 3153 quae
1758 3113 1840 3150 dicit,
1859 3114 2011 3145 Christum
2027 3123 2097 3146 esse

1153 3157 1305 3182 mortuum
1322 3162 1400 3183 :inno
1417 3156 1526 3185 aetatis
1542 3165 1615 3186 suae
1630 3155 1680 3193 33,
1697 3163 1788 3185 :ierac
1804 3155 1945 3197 vulgaris
1959 3155 2016 3194 29,
2034 3156 2097 3188 Ro-

1152 3201 1219 3223 man
1241 3194 1382 3225 conditae
1401 3195 1468 3227 732.
1484 3198 1520 3227 Ct'
1534 3197 1623 3235 Berti,
1641 3196 1716 3228 mse.
1733 3196 1804 3227 eccl.
1823 3197 1899 3229 diss.
1915 3195 1971 3235 VI,
1994 3205 2025 3231 n.
2039 3196 2092 3237 41;

1152 3235 1173 3267 l.
1189 3236 1219 3266 B.
1239 3236 1350 3273 Palma,
1367 3237 1518 3270 Praelect.
1537 3238 1608 3270 nise.
1625 3238 1698 3270 eccl.
1715 3241 1734 3270 t.
1750 3239 1771 3279 1,
1786 3242 1862 3278 part.
1880 3239 1902 3279 Ι,
1918 3247 1943 3271 c.
1959 3238 1988 3270 2.
