2241 3473
463 143 603 173 VSQVE
626 144 680 171 AD
699 143 917 171 PVBLICAM
938 142 1087 170 RERVM
1107 143 1150 183 IN
1171 143 1340 172 GALLIIS
1359 144 1684 173 SVBVERSIONEM

102 217 257 260 ducem,
272 216 427 265 Iosephi
440 216 624 258 fratrem,
634 216 902 263 Hispanorum
913 226 1048 262 regem

102 274 359 318 agnosceret,
385 269 546 306 dissidia
572 269 620 306 de
648 269 816 312 Parma,
844 268 1050 305 Placentia

99 331 143 362 et
166 324 353 362 Comaclo
373 335 396 360 a
415 324 572 360 selectis
590 323 793 370 utriusque
814 322 938 369 partis
959 323 1050 358 vii-is

102 388 173 425 pro
207 377 406 413 rationum
440 384 479 413 et
504 382 848 412 monumentorum
876 376 1049 421 pondere

101 440 150 467 ac
163 431 413 477 praestantia
428 435 776 477 componerentur.
792 429 978 465 Clemens
994 429 1051 464 his

101 483 386 520 conditionibus
420 484 590 520 assensit
620 481 835 518 secundum
870 492 1050 517 normam

99 537 400 574 constitutionis
431 536 646 574 Clementis
672 535 706 568 V
736 535 939 570 caventis:
969 548 988 568 «
1008 536 1048 571 Si

101 601 216 638 quem
235 602 412 627 summus
431 590 614 626 Pontifex
631 588 702 624 sub
722 588 832 623 titulo
848 587 1053 624 cuiuslibet

100 643 306 691 dignitatis
332 656 381 680 ex
409 648 520 680 certa
548 642 730 682 scientia,
753 641 890 683 verbo,
910 642 1051 676 consti-

101 698 254 734 tutione
287 698 350 734 vel
387 697 528 734 litteris
559 694 760 736 nominet,
792 694 959 730 honoret
984 706 1051 731 seu

101 751 239 799 quovis
264 751 341 788 alio
368 750 481 787 modo
509 755 667 791 tractet,
686 759 757 794 per
776 748 848 783 lioe
868 747 906 783 in
926 748 1050 794 digni-

101 810 183 841 tate
211 804 277 840 illa
303 805 429 851 ipsum
457 803 679 851 approbare
708 812 787 836 non
806 801 1053 848 intelligatur

103 862 171 894 aut
197 857 405 906 quidquam
424 858 461 894 ei
481 858 655 893 tribuere
676 855 764 891 novi
785 855 881 890 iuris
895 869 928 889 ».
952 855 1053 891 lose-

101 911 178 959 pho
206 912 219 948 1
247 922 311 947 an.
338 912 426 948 1711
447 911 647 952 defuncto,
668 910 886 955 imperator
903 909 1052 944 electus

101 968 162 1001 est
179 965 348 1002 Carolus
366 965 436 1007 VI,
454 965 538 1001 eius
557 964 696 1005 frater,
715 962 778 1009 qui
796 962 1051 998 concordiam

103 1029 192 1054 cum
223 1018 272 1054 R.
303 1018 494 1055 Pontifice
520 1017 737 1064 integravit
762 1015 948 1062 huiusque
975 1016 1052 1052 elo-

103 1072 212 1119 gium
238 1073 396 1109 meruit.

149 1124 256 1162 Idem
276 1125 461 1162 Pontifex
481 1137 603 1173 aegre
624 1125 711 1162 tulit
728 1123 961 1171 dignitatem
977 1124 1052 1161 ele-

101 1178 1052 1227 eterisimperiiconcessamhaereticoduciHan-

101 1234 328 1276 noverensi,
345 1238 384 1269 et
399 1232 552 1279 imperii
567 1233 786 1268 consultum
803 1242 852 1267 ea
867 1231 914 1267 de
930 1243 973 1267 re
988 1232 1052 1267 da-

102 1292 199 1330 tum,
219 1298 292 1323 ceu
311 1286 492 1333 religioni
509 1286 730 1322 catholicae
746 1291 786 1321 et
800 1285 1052 1332 Apostolieae

102 1340 218 1377 Sedis
244 1340 395 1377 iuribus
422 1340 649 1382 adversum,
677 1339 926 1385 improbavit.
956 1340 1052 1375 Gra-

101 1399 194 1432 vate
221 1395 341 1431 etiam
362 1395 460 1439 tulit,
486 1393 735 1430 Fridericum
755 1393 818 1435 111,
839 1393 1052 1429 electorem

102 1448 470 1495 Brandeburgicum
487 1477 496 1491 ,
523 1459 571 1483 ex
602 1447 860 1495 imperatoris
886 1452 925 1482 et
952 1448 1054 1493 prin-

104 1502 236 1550 cipum
256 1513 453 1538 consensu
471 1502 704 1537 Borussiam
724 1501 762 1536 in
782 1512 950 1547 regnum
970 1513 1055 1538 ere-

102 1556 222 1598 xisse,
249 1555 399 1603 sibique
427 1555 599 1601 insignia
625 1561 665 1590 et
690 1555 846 1590 titulum
865 1555 973 1600 regis
996 1566 1055 1590 ar-

106 1619 286 1656 rogasse;
316 1608 417 1655 quod
435 1609 598 1652 factum,
618 1613 802 1654 tanquam
823 1607 1055 1644 iniuriosum

104 1661 362 1710 Apostolicae
394 1661 487 1698 Sedi
519 1668 560 1697 et
585 1661 710 1697 ordini
737 1660 954 1696 Teutonico
972 1690 980 1704 ‚
1009 1662 1056 1697 ad

104 1726 221 1763 quem
236 1715 398 1762 antiquo
413 1715 497 1751 iure
515 1715 704 1750 Borussia
719 1714 958 1762 pertinebat,
974 1720 1056 1750 tum

105 1768 145 1804 in
172 1768 444 1806 Cardinalium
478 1768 712 1804 consistorio
741 1773 821 1804 tum
849 1768 886 1803 in
914 1768 1057 1804 litteris

106 1821 156 1857 ad
177 1821 414 1858 christianos
433 1821 632 1868 principes
647 1822 898 1869 improbavit.
916 1821 1059 1857 Partes

107 1875 304 1912 Friderici
331 1876 501 1922 Augusti
530 1876 575 1918 II,
602 1876 787 1912 electoris
806 1876 1003 1912 Saxoniae
1020 1881 1059 1911 et

107 1929 216 1975 regis
241 1929 446 1972 Poloniae,
470 1941 542 1976 pro
562 1928 710 1964 viribus
727 1929 900 1965 defendit
918 1934 1058 1965 contra

100 1983 299 2020 -Carolum
325 1983 413 2026 XII,
442 1994 578 2029 regem
606 1983 839 2027 Suecorum,
864 1984 928 2030 qui
947 1983 1058 2018 Polo-

106 2048 177 2073 nos
193 2037 241 2072 ad
256 2036 519 2073 deiiciendum
535 2038 820 2083 Augustum,et
835 2037 1058 2085 eligendum

106 2091 346 2127 Stanislaum
385 2091 632 2138 Leczinsl<y‚
664 2091 883 2137 palatinum
911 2092 1057 2127 Posna-

107 2145 216 2189 niae,
244 2144 457 2188 excitabat,
485 2149 524 2180 et
551 2144 757 2180 Poloniam
786 2145 823 2180 in
843 2146 987 2182 bellum
1008 2145 1060 2181 ci—

107 2198 186 2235 vile
203 2227 212 2242 ‚
240 2199 340 2246 quod
368 2198 483 2234 annis
509 2199 643 2234 multis
668 2199 843 2242 duravit,
873 2200 1075 2235 coniecit.-

108 2252 248 2288 Iaeobo
266 2253 539 2299 Il‚Anglorum
555 2253 654 2299 regi,
666 2252 1058 2299 proptercatliolicae

109 2306 313 2353 religionis
346 2305 516 2342 studium
543 2306 593 2343 ab
620 2307 761 2353 Anglis
787 2307 914 2343 eiecto
950 2312 990 2343 et
1020 2307 1058 2342 in

107 2359 236 2396 Gallia
262 2360 385 2403 exuli,
411 2361 543 2408 ampla
569 2372 737 2397 munera
763 2361 869 2397 misit
895 2361 1057 2408 eiusque

108 2424 212 2449 anno
234 2414 324 2451 1701
345 2415 489 2450 mortui
508 2414 664 2450 viduam
685 2415 858 2450 Mariam
877 2421 918 2451 et
934 2415 1057 2451 filium

110 2467 294 2503 Iacobum
322 2467 495 2503 Walliae
521 2469 740 2515 principem
765 2480 909 2515 magno
929 2469 1057 2504 studio

113 2521 347 2568 complexus
377 2527 463 2565 est,
493 2521 583 2557 huic
609 2528 920 2558 consentaneam
947 2523 1056 2568 regio

108 2575 249 2622 generi
283 2575 569 2611 institutionem
597 2576 831 2623 nuptiasque
859 2588 946 2612 cum
973 2576 1058 2613 Cle-

111 2629 303 2672 mentina,
330 2628 437 2674 regis
463 2628 652 2665 Poloniae
680 2641 701 2665 e
720 2630 800 2665 filio
819 2635 952 2676 nepte,
971 2640 1059 2675 pro-

109 2682 279 2726 curavit,
308 2688 347 2717 et
372 2681 519 2729 nuptis,
548 2689 709 2728 praeter
727 2682 888 2729 dignum
907 2683 1058 2718 Romae

111 2735 300 2782 palatium
313 2764 320 2779 ,
331 2728 504 2771 annuum
522 2735 651 2778 12‚000
667 2747 882 2772 aureorum
894 2747 1060 2783 proven—

110 2795 193 2825 tum
220 2800 270 2825 ex
295 2789 453 2825 aerario
473 2790 708 2835 Apostolico
735 2790 903 2836 largitus
930 2794 1003 2825 est.

158 2842 288 2884 Quum
307 2843 502 2879 Achemet
519 2842 741 2878 Turcarum
762 2845 942 2879 sultanus
957 2853 1059 2878 anno

112 2897 204 2932 1715
230 2896 376 2933 bellum
404 2901 543 2932 contra
569 2896 806 2932 christianos
831 2896 1059 2943 principes,

111 2951 351 2998 praesertim
375 2955 514 2986 contra
532 2949 708 2985 Venetos
727 2950 764 2985 in
786 2949 1060 2996 Peloponneso

112 3009 153 3040 et
178 3005 390 3051 Hungaros
417 3004 702 3047 instaurasset,
729 3003 913 3040 Clemens
938 3003 992 3039 XI
1021 3009 1060 3040 et

112 3057 255 3094 litteris
282 3063 321 3094 et
345 3057 609 3104 legationibus
634 3068 728 3092 usus
763 3062 838 3100 est,
856 3061 900 3092 ut
919 3057 1061 3104 princi-

115 3121 184 3157 pes
209 3112 439 3159 Europaeos
466 3111 514 3147 ad
543 3110 820 3157 coniungenda
838 3121 952 3146 arma
970 3122 1059 3147 con-

115 3169 178 3200 tra
192 3176 442 3202 communem
458 3165 610 3201 hostem
626 3164 728 3200 etad
744 3164 1057 3200 conservandam

115 3228 139 3253 a
175 3217 266 3266 iugo
301 3219 580 3256 Ottomannico
614 3219 815 3266 Europam
849 3219 1057 3256 excitaret.

329 3282 577 3323 WOVTERS
587 3313 596 3331 ,
629 3282 681 3322 11.

1914 131 1994 171 249

1098 212 1400 250 Consoederatis
1429 212 1663 259 imperatori
1680 212 1824 250 Carolo
1845 212 1897 248 Vl
1916 216 1957 249 et
1973 214 2051 251 Ve-

1100 267 1199 302 netis
1214 266 1393 313 ingentia
1408 267 1666 313 pecuniarum
1675 267 1891 303 etmilitum
1903 267 2052 304 auxilia

1102 320 1342 368 procuravit.
1371 322 1487 355 Anno
1520 321 1612 357 1716
1630 321 1847 368 Eugenius,
1869 321 2053 368 princeps

1101 374 1320 417 sabaudus,
1349 374 1550 410 Austriaci
1574 375 1775 411 exercitus
1792 375 1884 418 dux,
1901 374 2051 421 ingenti

1102 428 1252 475 praelio
1280 427 1383 474 apud
1407 427 1762 464 Petrovaradinum
1785 429 1939 465 Tureas
1957 429 2053 466 vicit

1101 488 1140 518 et
1154 494 1277 529 usque
1293 481 1341 516 ad
1358 482 1668 517 internecionem
1687 482 1923 529 profligavit.
1937 484 2050 519 Anno

1101 535 1279 583 sequenti
1309 534 1410 570 idem
1440 535 1642 580 Eugenius
1661 536 1829 571 alteram
1848 535 1894 572 de
1914 536 2053 573 iisdem

1103 590 1309 625 victoriam
1331 587 1465 623 retulit
1488 587 1590 634 apud
1609 588 1855 632 Taurunum,
1873 589 1939 625 ubi
1957 590 2055 626 Tur-

1103 653 1240 678 earum
1271 642 1431 677 circiter
1463 641 1597 684 30‚000
1624 651 1744 677 caesa
1766 648 1885 686 sunt,
1913 643 2055 690 ingens

1102 696 1350 742 captivorum
1383 705 1572 730 numerus
1594 723 1602 736 ,
1629 695 1830 730 aerarium
1850 724 1858 739 ,
1884 696 2057 742 plurima

1103 749 1246 786 vexilla
1281 753 1321 785 et
1353 751 1552 783 tormenta
1578 747 1719 783 bellica
1750 749 1787 783 in
1819 753 2053 794 potestatem

1102 802 1420 841 Christianorum
1436 807 1644 836 venerunt.
1658 800 1753 836 Post
1767 812 1867 848 quae
1886 802 2054 840 Aelimet

1104 867 1242 904 pacem
1271 853 1500 902 postulavit,
1520 864 1619 900 quae
1638 864 1739 889 anno
1757 855 1846 891 1718
1865 855 1967 891 iuter
1986 857 2054 891 im-

1105 917 1346 957 peratorem,
1375 907 1551 943 Venetos
1573 911 1611 942 et
1630 907 1829 943 sultanum
1847 909 2055 945 conciliata

1103 965 1176 1000 fuit
1191 963 1350 999 foedere
1366 961 1695 997 Passarovitzico.
1717 961 1867 997 Invicta
1885 963 2056 1009 Eugenii

1105 1018 1292 1065 principis
1310 1016 1435 1051 virtus
1456 1026 1479 1050 a
1497 1015 1700 1051 Clemente
1720 1014 1790 1061 Pp.
1809 1026 1887 1050 non
1904 1020 2055 1052 tantum

1104 1072 1280 1108 laudibus
1307 1070 1509 1106 celebrata
1535 1068 1620 1112 fuit,
1647 1068 1717 1104 sed
1743 1069 1863 1104 etiam
1883 1070 2000 1115 galea
2018 1075 2057 1106 et

1103 1124 1448 1169 ense,solemniter
1466 1122 1901 1165 benedictis‚cumulata
1919 1135 2056 1159 secun-

1103 1181 1194 1216 dum
1235 1189 1390 1214 merem
1409 1205 1417 1221 ‚
1444 1187 1518 1224 quo
1548 1177 1632 1211 RR.
1670 1176 1882 1212 Pontifices
1913 1187 2058 1214 ornare

1106 1235 1398 1270 consueverunt
1416 1229 1602 1277 egregios
1620 1229 1740 1266 duces
1758 1234 1798 1266 et
1815 1229 2057 1268 christianae

1108 1287 1347 1334 reipublicae
1374 1284 1616 1320 defensores.

1155 1342 1324 1377 Praeter
1344 1339 1443 1374 haee
1463 1338 1646 1374 Clemens
1663 1338 1717 1373 XI
1738 1338 1953 1375 catholicae
1969 1339 2059 1376 fidei

1109 1408 1179 1444 per
1205 1405 1343 1430 omnes
1357 1392 1476 1428 etiam
1492 1391 1779 1428 remotissimas
1797 1393 1903 1429 orbis
1922 1394 2060 1440 plagas

1110 1447 1391 1498 propagandae
1409 1474 1417 1489 ‚
1445 1445 1681 1481 muniendae
1716 1457 1763 1481 ac
1790 1446 2060 1484 defendendae

1109 1504 1326 1540 indefessus
1355 1499 1550 1543 incubuit;
1578 1499 1871 1535 haeretieorum
1897 1512 1994 1537 vero
2021 1506 2062 1538 et

1110 1555 1451 1593 schismaticorum
1480 1557 1620 1588 contra
1645 1552 1869 1589 Cailiolicos
1896 1554 2059 1589 molimi-

1112 1623 1162 1647 na
1190 1611 1229 1645 in
1255 1607 1483 1650 Germania,
1504 1606 1726 1649 Hellandia,
1745 1606 1885 1650 Gallia,
1901 1608 2061 1654 Anglia,

1112 1667 1242 1712 Syria,
1262 1661 1469 1698 Moscovia
1487 1665 1527 1696 et
1545 1660 1635 1695 alibi
1655 1660 1875 1706 praevertit
1892 1665 1932 1697 et
1948 1661 2061 1698 irrita

1112 1717 1290 1754 reddidit.
1325 1717 1367 1751 In
1395 1714 1667 1762 pacificatione
1696 1713 1939 1761 Ryswieensi
1958 1743 1966 1758 ‚
1993 1726 2060 1750 an.

1117 1773 1202 1809 1697
1220 1772 1321 1806 inter
1340 1770 1640 1816 imperatorem,
1662 1767 1885 1814 imperium,
1901 1768 2065 1811 Helian--

1111 1827 1229 1869 diam,
1256 1823 1422 1866 Galliae,
1451 1821 1621 1868 Angliae
1649 1827 1687 1856 et
1707 1821 1923 1866 Hispaniae
1943 1834 2061 1870 reges

1111 1881 1222 1923 inita,
1250 1878 1445 1917 sancitum
1473 1877 1617 1918 fuerat,
1645 1879 1689 1910 ut
1708 1874 1845 1922 religio
1865 1875 2063 1912 catholica

1109 1935 1148 1970 in
1175 1932 1333 1979 imperii
1361 1928 1574 1978 provinciis
1599 1928 1785 1974 deinceps
1803 1935 1986 1965 maneret
2005 1931 2061 1965 in-

1112 1993 1227 2034 tegi-a
1254 1986 1293 2020 in
1320 1996 1366 2020 eo
1393 1988 1513 2026 statu,
1541 1993 1614 2029 quo
1643 1987 1735 2017 tunc
1761 1981 1936 2028 vigebat.
1958 1983 2060 2019 Hae-

1114 2041 1226 2078 retici
1252 2050 1348 2075 vero
1376 2037 1416 2073 in
1442 2035 1659 2072 Germania
1684 2036 1968 2082 imperatorem
1993 2037 2063 2072 im-

1112 2095 1234 2142 probe
1269 2090 1536 2128 sollicitabant
1570 2089 1619 2125 ad
1645 2089 1916 2137 abrogandum
1943 2089 2060 2126 istum

1112 2146 1396 2196 pacificationis
1423 2144 1648 2180 articulum.
1677 2143 1827 2178 Eorum
1854 2143 2061 2180 conatibus

1111 2202 1279 2249 impigre
1306 2199 1451 2235 restitit
1478 2197 1674 2233 Pontifex.
1705 2196 1745 2232 Id
1771 2196 1898 2243 ipsum
1926 2201 1965 2232 et
1984 2197 2062 2233 alia

1112 2257 1226 2303 plura
1252 2254 1291 2289 in
1319 2252 1603 2289 detrimentum
1623 2250 1840 2286 catholicae
1859 2249 1916 2286 rei
1937 2255 2063 2286 tenta-

1110 2315 1203 2346 runt
1234 2306 1429 2344 haeretici
1457 2306 1496 2340 in
1524 2304 1693 2340 comitiis
1711 2332 1719 2347 ‚
1747 2314 1849 2339 anno
1878 2304 1968 2339 1713
1995 2304 2064 2340 Ul-

1109 2363 1265 2400 traiecti
1289 2363 1391 2397 inter
1412 2359 1611 2407 principes
1626 2359 1856 2405 Europaeos
1871 2357 2063 2395 institutis

1109 2417 1156 2452 ad
1187 2414 1460 2453 stabiliendam
1488 2414 1592 2449 inter
1618 2424 1659 2448 se
1688 2411 1953 2447 concordiam.
1979 2412 2060 2448 Illic

1109 2472 1229 2508 etiam
1256 2470 1457 2509 Clemens,
1483 2472 1565 2503 tum
1594 2465 1736 2502 litteris
1755 2464 1804 2500 ad
1822 2465 2062 2502 orthodoxos

1111 2524 1313 2572 principes
1348 2528 1429 2557 tum
1457 2520 1657 2567 legatione
1684 2519 1731 2554 ad
1758 2518 1843 2564 ipsa
1872 2519 2059 2564 comitia,

1110 2579 1266 2614 illorum
1292 2576 1494 2611 molimina
1513 2573 1645 2609 inania
1664 2571 1846 2608 reddidit.
1865 2574 1980 2607 Anno
1999 2584 2059 2609 se-

1110 2631 1241 2679 quenti
1256 2631 1294 2665 in
1310 2629 1477 2665 comitiis
1488 2626 1730 2662 Badensibus
1746 2636 1816 2672 pro
1826 2625 2063 2662 stabilienda

1111 2697 1207 2733 pace
1237 2685 1340 2719 inter
1366 2681 1605 2717 Ludovicum
1636 2679 1728 2714 XIV
1755 2689 1890 2725 regem
1908 2679 2060 2716 Galliae

1110 2743 1148 2775 et
1175 2737 1360 2776 Cat-olum
1389 2736 1439 2771 Vl
1468 2736 1747 2780 imperatorem
1780 2731 1936 2775 habitis,
1963 2731 2062 2768 Pon-

1112 2792 1210 2828 tiFex
1228 2801 1349 2837 opera
1369 2787 1565 2824 Dominici
1586 2785 1828 2828 Passionaei,
1845 2785 1967 2831 legati
1986 2787 2060 2830 sui,

1111 2856 1236 2880 novos
1268 2842 1562 2879 haereticorum
1594 2843 1760 2874 conatus
1785 2839 1989 2884 repressit.
2018 2840 2061 2875 In

1110 2899 1185 2934 hac
1203 2895 1478 2944 pacificatione
1497 2904 1573 2928 non
1589 2892 1716 2928 selum
1732 2892 1954 2928 confirmati
1968 2899 2060 2928 sunt

1112 2951 1267 2988 articuli
1294 2948 1571 2996 Ryswicenses
1588 2974 1596 2988 ,
1623 2945 1692 2982 sed
1718 2946 1837 2981 etiam
1863 2945 2060 2982 Clementi

1112 3005 1410 3050 archiepiscopo
1448 3000 1672 3036 Coloniensi
1709 3003 1748 3035 et
1787 2998 2059 3034 Maximiliano

1112 3055 1358 3094 Emmanueli
1373 3054 1577 3100 utriusque
1592 3053 1789 3088 Bavariae
1801 3051 1905 3094 duci,
1917 3052 1956 3087 S.
1969 3052 2016 3087 R.
2031 3053 2058 3087 l.

1114 3110 1350 3158 principibus
1378 3107 1629 3150 electoribus,
1656 3106 1823 3154 pristina
1841 3106 1929 3141 iura
1946 3107 2061 3141 resti-

1114 3170 1215 3207 tuta;
1243 3173 1513 3210 quaecumque
1533 3161 1740 3196 occasione
1758 3159 1848 3195 belli
1869 3158 1907 3194 in
1925 3158 2057 3194 catho-

1111 3219 1227 3254 licam
1253 3216 1486 3264 religionem
1505 3243 1513 3259 ‚
1541 3213 1744 3251 Ecclesiae
1767 3213 1992 3250 libertatem
2019 3219 2060 3248 et

1793 3276 1843 3315 17
