2241 3473
770 107 898 137 stvss
925 107 979 134 AD
1009 106 1202 134 AETATEM
1231 109 1377 136 CAROLI
1407 109 1450 136 M.

125 171 266 215 vertit,
286 172 326 208 et
344 172 432 220 post
447 170 660 207 triennium
674 200 683 214 ‚
705 182 808 208 anno
829 182 965 219 nempe
984 170 1074 215 652,

125 226 278 272 martyr
297 223 478 260 occubuit
503 221 525 260 ¹.
542 224 653 260 Anno
672 223 750 260 696
771 223 995 261 Emmerani
1017 235 1076 259 ve-

126 276 244 324 stigia
265 278 492 324 prosecutus
513 279 573 313 cst
593 288 621 312 s.
644 276 845 324 Rupertus
873 275 1074 323 episcopus

126 328 442 372 Wormatiensis,
459 329 524 376 qui
548 340 571 365 a
586 329 795 365 Theodone
815 329 851 365 II
872 329 969 364 duce
989 339 1076 364 evo-

125 383 251 424 catus,
267 381 303 417 iu
323 381 535 418 Bavariam
552 381 749 430 profectus
765 382 836 424 est,
854 380 979 428 ipsum
1001 381 1074 416 du-

125 444 209 470 cem
237 437 439 481 totamque
477 434 562 471 eius
603 433 790 470 familiam
830 432 1044 481 baptizavit
1064 461 1073 476 ,

124 486 295 523 maximo
317 498 404 522 cum
427 487 554 523 fructu
581 485 868 534 superstitionis
896 485 1074 521 ethnicae

122 540 163 575 et
182 538 386 576 haereseos
407 539 592 587 reliquias
618 537 841 581 debellavit,
862 537 1077 574 exstructis

123 602 145 627 e
165 592 312 628 veteris
329 592 517 629 Iuvaviae
538 591 743 628 ruderibus
771 590 936 627 ecclesia
957 592 1075 636 atque

124 645 362 681 monasterio
383 644 596 691 virginum,
618 643 864 691 episcopatus
884 645 923 678 et
944 642 1077 678 civita-

125 697 175 733 tis
194 696 504 745 Salisburgeusis
526 696 780 732 fundamenta
801 695 940 743 posuit,
962 693 1075 731 obiit-

125 760 198 796 que
219 750 365 786 secund
375 761 435 786 um
453 749 549 786 alios
565 760 625 785 an.
640 748 728 792 718,
745 747 956 785 secundum
981 746 1077 783 alios

126 801 275 849 aliquot
304 802 414 839 annis
443 802 530 850 post
550 799 576 838 ².
606 800 796 837 Defuncto
825 811 854 836 s,
878 800 1076 847 Ruperto,

126 855 339 902 apostolica
366 854 546 891 missione
574 853 611 889 in
632 853 802 890 Bavaria
832 852 990 889 functus
1018 853 1078 888 est

126 917 156 943 s.
178 907 454 949 Corbinianus,
477 905 728 944 Carnotensis
757 905 970 941 monachus
984 933 993 950 ,
1013 904 1076 952 qui

126 959 175 996 ad
196 959 475 1008 extirpandum
505 971 525 995 e
551 957 718 995 Bavaria
746 957 1017 994 ethnicismum
1039 959 1078 993 et

127 1012 396 1049 stabiliendam
424 1012 462 1048 in
493 1023 539 1048 ca
572 1010 689 1047 fidem
723 1009 976 1047 christianam
998 1009 1078 1058 plu-

128 1064 269 1101 rimum
300 1064 469 1101 contulit
487 1093 496 1109 ‚
518 1064 573 1100 uti
596 1074 686 1099 mox
708 1062 891 1099 dicemus.

181 1117 233 1154 In
253 1116 595 1154 Franconm-In
615 1115 852 1160 Franconia,
872 1127 942 1152 seu
959 1114 1079 1152 Fran-

128 1169 189 1207 cia
207 1169 400 1214 orientali,
421 1169 555 1206 Fidem
576 1167 819 1216 praedicavit
835 1179 862 1205 s.
882 1167 1078 1212 Kilianus,

128 1222 283 1260 natione
304 1223 505 1260 Hibernus
524 1224 563 1258 et
584 1220 818 1269 professione
845 1220 1077 1266 monachus3

128 1275 195 1323 qui
230 1274 468 1323 propagandi
494 1273 698 1321 Evangelii
728 1273 856 1310 studio
883 1273 1078 1322 flagrans,

128 1339 218 1364 cum
253 1327 501 1365 Kolomanno
530 1327 758 1375 presbytero
787 1329 827 1362 et
857 1325 1078 1362 Totmanno

127 1381 289 1417 diacono
309 1392 359 1417 ex
376 1379 567 1416 Hibernia
585 1379 691 1416 venit
707 1378 746 1415 in
764 1379 966 1427 regionem
983 1378 1078 1415 Her-

127 1433 365 1481 bipolensem
386 1444 454 1469 seu
467 1432 857 1480 wirceburgensem,
870 1431 932 1468 ubi
944 1442 1082 1479 regna-

128 1486 196 1522 bat
211 1486 425 1522 Gosbertus
441 1485 519 1522 dux
530 1515 538 1529 ,
554 1485 618 1533 qui
636 1496 713 1521 una
728 1496 815 1521 cum
836 1484 989 1521 subdito
1007 1483 1080 1520 sibi

128 1537 270 1586 populo
290 1538 395 1575 idola
405 1537 568 1575 colebat.
582 1537 765 1574 Kilianus
778 1548 866 1573 cum
883 1536 996 1574 sociis
1006 1537 1082 1573 Ro-

128 1601 231 1627 mam
252 1590 449 1639 profectus
466 1592 545 1635 est,
564 1590 631 1627 ubi
651 1601 674 1626 a
693 1589 848 1626 Conone
869 1589 938 1637 Pp.
963 1600 1081 1637 prae-

128 1643 280 1680 dicandi
290 1643 552 1692 Evangelium
572 1643 674 1680 inter
685 1641 857 1679 Francos
873 1641 1082 1678 orientales

128 1698 322 1744 potestate
363 1696 577 1733 instructus
602 1725 611 1741 ,
653 1694 893 1742 Herbipolim
940 1693 1082 1739 rediit,

130 1749 255 1796 ipsum
275 1749 410 1786 ducem
424 1748 662 1786 Gosbertum
683 1749 721 1784 et
744 1747 918 1784 subditos
940 1758 1083 1794 magna

130 1813 180 1838 ex
199 1803 310 1850 parte
333 1802 380 1838 ad
400 1801 485 1838 veri
506 1801 576 1838 Dei
598 1801 749 1838 cultum
770 1799 976 1837 convertit,
996 1800 1079 1835 An-

130 1866 179 1891 no
195 1866 288 1891 vero
308 1854 399 1898 689,
420 1866 540 1902 quum
561 1855 699 1890 ducem
721 1853 768 1889 de
789 1852 976 1889 solvendo
998 1863 1084 1888 con-

129 1906 236 1956 iugio
255 1918 344 1944 cum
364 1907 545 1950 Geilana,
568 1905 701 1943 fratris
723 1905 785 1941 sui
813 1904 934 1941 vidua
963 1904 1059 1941 inito
1073 1934 1082 1949 ,

128 1959 364 2002 monuisset,
386 1959 502 1996 huius
522 1959 692 1996 feminae
712 1957 876 2003 insidiis,
901 1957 998 1994 duce
1020 1958 1082 1994 ab·

127 2015 259 2058 sente,
280 2023 309 2049 s.
331 2011 514 2049 Kilianus
535 2023 624 2049 cum
646 2010 760 2048 sociis
789 2010 870 2047 suis
895 2010 994 2047 clam
1016 2009 1080 2046 in-

131 2065 320 2103 terfectus
342 2068 401 2102 est
416 2063 444 2102 ³.

182 2118 235 2155 In
254 2117 622 2154 Frz'sz'a—-Illorum
636 2117 673 2153 in
690 2115 946 2165 propagando
957 2115 1084 2152 Evan-

131 2171 234 2219 gelio
262 2170 437 2207 studium
465 2170 689 2208 aemulatus
718 2171 778 2205 est
807 2180 836 2205 s.
854 2168 1084 2204 &villibror-

132 2224 215 2268 dus,
235 2223 455 2260 Frisiorum
483 2222 692 2271 apostolus3
722 2220 786 2269 qui
817 2220 945 2268 patria
977 2219 1083 2257 Nor-

132 2276 316 2313 thumber
344 2278 384 2313 et
413 2275 648 2324 professione
681 2274 894 2310 monachus
932 2284 978 2310 ac
994 2284 1084 2321 pre-

132 2329 279 2376 sbyter,
312 2339 411 2366 anno
439 2328 530 2373 690,
564 2339 652 2364 cum
687 2327 732 2363 11
755 2325 952 2363 monachis
972 2324 1085 2363 sociis

132 2392 179 2418 ex
202 2381 390 2418 Hibernia
407 2380 566 2418 transiit
585 2380 624 2416 in
645 2379 826 2424 Frisiam‚
841 2380 882 2415 ut
893 2390 993 2426 quae
1013 2390 1084 2415 an-

133 2436 200 2470 tea
218 2444 248 2471 s.
270 2433 481 2470 Wilfm‘dus
502 2444 569 2481 pro
599 2432 814 2469 Frisiorum
834 2431 1086 2468 conversione

133 2486 334 2535 inceperat
354 2484 382 2530 ⁴,
407 2485 625 2533 perficeret.
652 2484 768 2521 Frisii
797 2487 892 2521 tunc
926 2483 1086 2520 univer-

134 2550 216 2576 sam
237 2538 443 2575 Bataviam
462 2538 694 2575 incolebant.
716 2536 875 2584 Pipinus
890 2536 1086 2573 Heristal-

134 2591 207 2637 lus,
227 2590 468 2628 Francorum
481 2592 555 2628 dux
579 2592 618 2627 et
634 2589 906 2634 maiordomus,
920 2588 988 2637 qui
999 2601 1086 2636 pau-

133 2644 170 2680 lo
204 2647 295 2680 ante
330 2643 538 2680 Rathbodo
573 2642 784 2679 Frisiorum
823 2641 913 2679 duci
933 2644 1084 2690 partem

134 2696 285 2733 Frisiae
319 2695 555 2739 citeriorem,
585 2695 748 2742 positam
774 2695 955 2731 Rhenum
984 2694 1088 2731 inter

135 2750 175 2786 et
193 2748 357 2792 Mosam,
377 2747 496 2784 armis
515 2747 765 2795 eripuerat,s.
782 2747 1087 2785 Willibrordum

136 2803 176 2838 et
195 2801 318 2838 socios
337 2800 418 2837 cius
439 2799 583 2848 optime
603 2799 767 2847 excepit,
797 2801 836 2836 et
854 2799 893 2835 in
914 2799 1088 2837 subiecta

135 2853 206 2891 sibi
215 2851 609 2899 FrisiaEvangelium
620 2851 914 2899 praedicaturos
925 2852 965 2888 in
976 2863 1086 2889 suam

136 2906 252 2943 fidem
272 2905 430 2953 recepit.
453 2904 569 2941 Brevi
592 2906 764 2951 tempore
784 2904 980 2941 maximus
996 2904 1087 2941 eth-

136 2959 310 2996 nicorum
319 2969 502 2995 numerus
513 2956 705 2993 Ecclesiae
715 2955 859 2993 Christi
870 2957 1088 3005 adscriptus

177 3062 188 3084 ¹
205 3062 342 3093 Bolland.
356 3061 423 3093 Act.
441 3060 494 3093 SS.
510 3060 549 3091 22
566 3063 643 3098 sept.

177 3103 192 3124 ‘2
207 3103 280 3134 ibid.
295 3102 334 3133 ⁶27
352 3103 464 3133 martii.

178 3144 282 3175 31ὺί(1.
298 3144 316 3175 8
333 3145 383 3175 iul.
404 3161 439 3166 -
462 3143 475 3166 4
494 3142 555 3173 Vid.
575 3151 603 3182 p.
620 3141 686 3171 179.

1945 99 2020 137 187

1120 173 1189 209 est.
1213 172 1290 208 Pro
1311 173 1371 209 his
1392 185 1419 209 s.
1441 172 1685 218 Suitbertus,
1706 184 1804 210 unus
1825 185 1846 211 e
1866 174 2071 213 duodecim

1120 224 1200 261 illis
1220 224 1327 262 Fidei
1351 225 1626 273 praeconibus,
1647 225 1850 274 episcopus
1870 228 2073 266 ordinatus

1123 276 1206 319 fuitz
1233 278 1297 325 qni
1329 280 1459 314 tamen
1491 278 1730 326 propagandi
1753 279 1918 317 ulterius
1937 280 2072 318 Fidem

1120 330 1313 366 desiderio
1347 329 1553 375 incensus,
1580 342 1621 368 se
1655 331 1822 369 contulit
1850 332 1897 369 ad
1919 333 2071 370 Boruc-

1118 382 1281 425 marios,
1302 383 1427 429 ripam
1448 383 1674 420 orientalem
1696 384 1823 421 Rheni
1842 385 1946 422 inter
1960 384 2073 423 Colo-

1120 434 1223 470 niam
1245 437 1285 470 et
1312 434 1493 471 Hassiam
1514 436 1739 482 incolentes,
1759 437 1978 486 multosque
2003 450 2072 475 eo-

1120 497 1206 522 rum
1227 487 1434 523 convertit.
1447 488 1499 523 At
1519 488 1632 536 paulo
1655 491 1739 537 post
1758 489 2032 528 Boructuariis
2053 503 2074 528 e

1119 539 1275 575 sedibus
1310 540 1390 575 suis
1424 550 1447 575 a
1475 540 1695 578 Saxonibus
1724 541 1872 587 eiectis,
1901 554 1930 580 s.
1963 543 2075 580 Suit-

1119 591 1256 628 bertus
1289 602 1329 627 se
1368 592 1515 639 recepit
1544 593 1582 628 in
1604 595 1894 641 monasterium,
1910 596 2010 643 quod
2031 596 2072 633 in

1120 643 1312 680 Caesarea
1333 642 1665 693 (Kaz'serswerth)
1686 647 1812 684 Rheni
1832 647 1960 685 insula
1977 660 2072 686 con-

1120 695 1230 740 didit,
1251 696 1380 743 ibique
1401 707 1463 732 an.
1485 697 1562 733 713
1585 698 1700 735 beato
1714 698 1788 736 fine
1809 701 1962 747 quievit
1982 700 2006 739 ¹.

1174 748 1329 784 Interea
1367 747 1644 786 Willibrordus
1675 762 1762 788 cum
1779 753 1939 800 reliquis
1959 753 2074 791 sociis

1121 800 1413 837 conversionem
1434 800 1649 838 Frisiorum
1663 802 1826 852 impigre
1846 807 1885 842 et
1904 806 2074 844 feliciter

1121 852 1377 890 continuavit.
1412 853 1580 890 Romam
1619 855 1816 902 profectus
1845 869 1905 896 an.
1942 858 2019 896 696
2049 871 2072 896 a

1121 905 1257 953 Sergio
1292 906 1361 952 Pp.
1397 906 1709 954 archiepiscopus
1744 909 1958 947 Frisiorum
1979 923 2073 948 con-

1121 961 1296 995 secratus
1317 960 1357 994 et
1376 958 1492 1006 pallio
1509 959 1716 1006 insignitus
1736 960 1822 999 fuit.
1841 962 1884 998 In
1904 963 2073 1001 Frisiam

1121 1011 1260 1054 redux,
1293 1011 1423 1047 sedem
1458 1022 1569 1048 suam
1598 1011 1688 1049 fixit
1721 1013 1943 1062 Ultraiecti,
1973 1017 2074 1053 unde

1122 1075 1191 1112 per
1211 1063 1261 1100 50
1277 1063 1434 1100 circiter
1453 1063 1754 1111 praedicationis
1774 1078 1868 1103 suae
1890 1079 2010 1106 annos
2025 1069 2079 1106 fe-

1123 1128 1164 1153 re
1186 1127 1320 1153 omnes
1340 1115 1490 1153 Frisiae
1510 1116 1669 1163 incolas,
1690 1118 1852 1156 Francis
1872 1121 2074 1167 subiectos,

1122 1169 1170 1206 ad
1191 1168 1306 1206 fidem
1328 1169 1582 1206 christianam
1604 1170 1787 1217 perduxit
1801 1169 1829 1216 ²,
1849 1174 1890 1209 et
1910 1173 1974 1210 ubi
1995 1185 2078 1222 per·

1122 1222 1268 1259 mansit
1285 1232 1407 1269 usque
1428 1222 1475 1258 ad
1497 1222 1645 1259 obitum
1666 1235 1778 1260 suum
1801 1223 1926 1274 (738).

1176 1274 1410 1311 Rathbodus
1431 1286 1522 1311 vero
1554 1274 1716 1323 eiusque
1745 1276 1902 1323 subditi,
1922 1277 1960 1314 in
1977 1289 2078 1326 quo—

1123 1338 1211 1364 rum
1243 1330 1371 1364 terras
1400 1327 1520 1364 etiam
1552 1328 1709 1365 transiit
1737 1339 1765 1366 s.
1783 1329 2079 1376 Willibrordus,

1123 1379 1404 1428 praedicationi
1429 1380 1512 1417 eius
1533 1392 1650 1417 aures
1671 1381 1908 1420 clauserunt.
1929 1383 2079 1420 Simili-

1123 1438 1183 1469 ter
1199 1432 1418 1479 Ungendus
1438 1444 1509 1470 rex
1527 1433 1738 1480 Danorum‚
1755 1435 1803 1472 ad
1819 1447 1914 1483 quos
1929 1436 2080 1484 pariter

1125 1497 1166 1522 se
1187 1485 1352 1522 contulit
1373 1487 1531 1522 sanctus
1551 1497 1694 1534 praeco
1707 1516 1715 1531 ,
1736 1488 1942 1525 veritatem
1964 1500 2080 1526 evan-

1125 1537 1291 1585 gelicam
1306 1538 1467 1586 respuit.
1479 1538 1532 1575 At
1546 1550 1575 1576 s.
1584 1539 1866 1583 Wulfrannus,
1878 1541 2080 1589 episcopus

1124 1590 1360 1628 Senonensis
1382 1591 1420 1627 in
1443 1591 1584 1636 Gallia,
1608 1591 1674 1639 qui
1695 1604 1723 1629 s.
1744 1593 1995 1631 Willibrordi
2015 1593 2080 1631 fa-

1126 1654 1189 1680 ma
1218 1643 1416 1681 excitatus
1451 1643 1532 1680 sedi
1565 1655 1658 1681 suae
1690 1645 1941 1683 renunciavit
1972 1648 2013 1683 et
2041 1646 2080 1683 in

1126 1695 1311 1732 ditionem
1324 1696 1524 1733 Rathbodi
1541 1695 1650 1734 ducis
1661 1697 1917 1746 Evangelium
1932 1699 2084 1747 praedi-

1126 1750 1288 1785 caturus
1309 1748 1423 1793 abiit,
1443 1748 1646 1786 meliorem
1671 1762 1892 1788 successum
1918 1751 2080 1797 habuit3

1127 1813 1216 1838 nam
1236 1801 1436 1838 Rathbodi
1460 1801 1585 1838 filium
1610 1802 1784 1850 aliosque
1811 1803 1957 1842 multos
1985 1816 2080 1841 con-

1127 1854 1247 1891 vertit
1267 1855 1307 1890 et
1325 1853 1560 1902 baptizavit:
1582 1857 1667 1902 post
1686 1867 1805 1893 annos
1835 1867 1929 1893 vero
1960 1856 2078 1904 quin-

1126 1919 1199 1955 que
1220 1917 1249 1943 s.
1264 1906 1527 1943 Wulfrannus
1543 1906 1583 1943 in
1603 1907 1772 1945 Galliam
1792 1909 1931 1953 redux,
1950 1908 1989 1945 in
2005 1921 2083 1946 mo-

1129 1958 1298 1996 nasterio
1314 1959 1606 1996 Fontanellensi
1622 1959 1718 1997 obiit
1738 1973 1798 1998 an.
1811 1961 1888 1998 720
1904 1959 1931 1998 3.
1948 1962 2079 1998 Rath-

1126 2012 1224 2049 bodo
1245 2012 1352 2055 duce,
1368 2011 1436 2059 qui
1457 2011 1580 2048 divini
1596 2013 1705 2049 verbi
1722 2013 2002 2060 praedicationi
2022 2026 2079 2051 re·

1126 2064 1238 2109 stitit,
1256 2076 1317 2101 an.
1339 2064 1416 2101 719
1437 2064 1628 2101 exstincto
1641 2094 1650 2110 ,
1666 2065 1877 2103 christiana
1896 2066 1993 2104 fides
2011 2078 2083 2116 per

1127 2129 1280 2154 omnem
1295 2116 1465 2153 Frisiam
1484 2116 1607 2154 libere
1629 2121 1841 2167 propagata
1858 2118 1933 2156 fuit
1951 2118 1977 2156 4.

1206 2171 1241 2207 2.
1254 2170 1376 2206 Fe'm's
1387 2169 1565 2206 schisma
1571 2170 1664 2207 ta'sIs
1671 2172 1832 2208 trz'ensz's
1846 2170 2084 2221 (an.698)-

1127 2223 1282 2260 Interea
1301 2222 1426 2270 Sergii
1447 2222 1517 2270 Pp.
1539 2222 1733 2260 industria
1762 2226 1880 2272 atque
1909 2224 2082 2271 pruden-

1126 2276 1184 2313 tia
1199 2275 1382 2312 Istriense
1403 2275 1572 2312 schisma
1591 2276 1829 2313 exstinctum
1848 2278 1908 2314 est
1918 2275 1944 2322 ⁵,
1962 2278 2000 2314 et
2014 2288 2082 2313 ec·-

1128 2328 1247 2365 clesia
1280 2327 1554 2375 Aquileiensis,
1588 2339 1689 2376 quae
1718 2325 1854 2366 Trium
1875 2328 2082 2377 Capitulo-

1127 2393 1214 2418 rum
1233 2382 1273 2418 et
1292 2380 1455 2418 Concilii
1473 2380 1509 2417 V
1529 2392 1646 2418 causa
1665 2382 1712 2418 ab
1733 2381 1845 2418 annis
1868 2381 1948 2418 fere
1967 2381 2042 2418 150
2061 2393 2086 2418 a

1129 2435 1308 2470 Romana
1327 2433 1492 2480 aliisque
1519 2433 1689 2471 ecclesiis
1709 2446 1750 2471 se
1771 2433 2012 2478 dissociarat,
2035 2432 2085 2470 ad

1128 2486 1332 2535 pristinam
1352 2497 1442 2522 cum
1456 2485 1593 2522 iisdem
1608 2486 1918 2523 communionem
1929 2483 2083 2522 rediitss.

1183 2540 1245 2577 43.
1255 2538 1369 2576 Scotz'
1381 2539 1490 2574 ritus
1510 2549 1703 2576 romanos
1717 2540 1927 2586 recipiunt
1940 2558 1990 2566 —
2007 2537 2088 2575 Cir-

1130 2604 1175 2629 ca
1203 2591 1307 2628 idem
1338 2592 1491 2639 tempus
1517 2591 1678 2628 Hiberni
1707 2593 1746 2628 et
1766 2590 1870 2628 Picti
1889 2602 1956 2628 seu
1978 2589 2086 2628 Scoti

1130 2644 1228 2682 ritus
1247 2655 1428 2681 romanos
1443 2645 1678 2692 receperunt
1693 2641 1719 2680 ⁷.
1736 2643 1799 2680 Illi
1819 2642 2003 2691 quippein
2023 2654 2087 2679 ce-

1131 2697 1315 2734 lebrando
1346 2696 1552 2742 Paschate,
1581 2696 1619 2732 in
1640 2695 1890 2733 aedificandis
1911 2694 2084 2733 ecclesiis

1171 2812 1181 2833 ¹
1206 2812 1345 2843 Bolland.
1365 2811 1446 2842 Acta
1462 2809 1515 2841 SS.
1537 2808 1547 2839 l
1567 2809 1678 2840 martii.

1170 2853 1184 2874 ’ἐ
1201 2854 1316 2884 Alcuin.
1340 2851 1409 2882 Vita
1426 2860 1449 2881 s.
1471 2849 1686 2888 Willibrordz‘3
1703 2849 1860 2886 Mabillon,
1877 2848 1966 2881 Acta.
1984 2849 2085 2879 Bene-

1130 2893 1202 2925 dict.
1218 2903 1294 2924 sess.
1311 2894 1361 2930 111,
1379 2896 1457 2930 part.
1475 2892 1494 2927 Ι;
1511 2894 1540 2921 et
1557 2890 1697 2922 Annales
1712 2889 1871 2923 Benedici.
1890 2894 1910 2921 t.
1926 2891 1946 2928 Ι,
1964 2890 1982 2921 1.
2002 2889 2052 2922 18.

1170 2936 1184 2956 3
1200 2933 1356 2967 Bouana,
1373 2932 1453 2964 Acta
1470 2931 1521 2962 SS.
1539 2931 1578 2962 ⁶20
1593 2934 1683 2962 mart.

1170 2976 1183 2998 ⁴
1201 2976 1315 3006 Alcnin.
1345 2973 1414 3005 Vita
1439 2972 1468 3003 S.
1499 2971 1693 3003 willibrord.
1708 2983 1715 3011 ;
1732 2972 1876 3003 Mabilion
1893 2997 1900 3010 ‚
1928 2973 2008 3002 Acla
2032 2968 2085 3002 SS.

1133 3017 1164 3049 O.
1183 3017 1212 3047 S.
1231 3016 1264 3046 B.
1282 3018 1355 3045 sect.
1373 3015 1420 3048 ΙΙΙ,
1435 3016 1512 3051 part.
1531 3014 1554 3044 1.

1170 3059 1184 3080 ⁵
1201 3056 1265 3086 vm.
1283 3065 1310 3094 ρ.
1329 3054 1469 3085 154455.

1169 3099 1183 3120 6
1198 3097 1298 3132 Noris,
1314 3095 1398 3125 Diss.
1411 3093 1448 3124 cle
1461 3093 1582 3133 synodo
1603 3093 1635 3132 V,
1652 3103 1677 3125 c.
1691 3095 1717 3133 93
1733 3096 1818 3136 Pagi,
1840 3094 1957 3127 Crilica
1974 3093 2012 3124 ad
2033 3101 2084 3123 an.

1131 3137 1199 3169 698.
1213 3155 1251 3159 —
1264 3137 1277 3159 7
1290 3136 1355 3166 Vid.
1372 3145 1400 3175 p.
1422 3134 1490 3166 179.
