2241 3473
603 166 729 197 VSQVE
757 166 809 193 An
838 165 1137 193 PONTIFICATVM
1164 167 1195 193 S.
1216 165 1411 194 GREGORH
1438 165 1511 193 vu.

105 233 341 281 Sequimur,
358 231 580 278 recepimus
596 235 633 267 et
645 231 879 279 probamus.
895 230 978 268 Act.
1000 227 1045 266 3⁸

102 285 225 322 lectae
244 286 336 320 sunt
357 282 508 320 litterae
530 283 707 321 'I‘liarasii
730 283 976 332 patriarchae
997 283 1045 320 ad

102 341 274 376 caeteros
294 336 463 373 Orientis
486 337 738 385 patriarchas,
759 337 972 385 horumque
991 348 1048 373 re-

102 390 340 440 sponsiones,
361 392 399 426 et
419 390 580 439 episcopi
603 390 741 438 plures,
758 389 822 436 qui
839 389 933 437 lapsi
961 389 1045 426 fue-

103 446 203 488 rant,
219 443 255 479 in
277 443 386 479 sedes
407 454 498 480 suas
519 443 688 480 restituti
711 444 810 479 sunt.
828 442 912 479 Aet.
931 441 975 478 -la
996 447 1049 478 te-

102 496 283 533 stimonia
304 496 402 532 hene
423 495 546 533 multa
566 507 586 532 e
607 507 655 532 ss.
678 494 886 542 Scripturis
907 497 945 531 et
967 495 1046 531 Pa-

101 549 226 586 tribus
237 549 387 597 prolata
405 551 494 586 sunt
510 549 556 585 ad
574 547 812 596 probandum
829 546 1046 594 legitimum

101 614 151 639 ss.
190 602 408 649 Imaginum
447 602 594 639 cultum
612 614 620 645 3
658 600 908 637 anathemata
945 599 1048 636 dicta

101 655 138 692 iu
158 655 371 692 haereticos
383 654 654 697 Iconoelastas,
669 658 707 690 et
724 653 827 690 edita
841 653 948 690 Fidei
967 664 1046 700 pro-

103 708 238 753 fessio,
259 708 319 745 cui
341 707 482 756 singuli
503 706 666 754 episcopi
698 709 784 754 post
805 706 1047 754 Apostolicae

101 762 211 800 Sedis
229 761 377 809 legatos
397 761 719 808 subscripserunt.
741 760 826 797 Act.
844 758 890 797 [)“”ι
906 759 1047 808 proba-

101 819 184 852 tum
212 819 293 859 est,
323 813 578 850 Iconoelastas
607 812 795 850 haeresim
825 812 996 850 hausisse
1025 823 1048 848 a

102 866 524 912 1udaeis‚Manichaeis,
545 866 748 903 saracenis
769 865 941 913 aliisque.
960 866 1046 902 Aet.

101 919 143 956 (Ψ
163 924 252 958 acta
280 919 583 968 pseudo-synodi
616 919 680 968 Cp.
702 919 773 956 sub
794 918 1047 956 Constantino

102 975 345 1023 Copronymo
365 972 520 1009 habitae
541 972 755 1021 proscripta
775 973 876 1008 sunt.
898 973 985 1009 Act.
1002 972 1048 1008 7³

102 1038 168 1064 sex
189 1026 462 1075 praecedentia
483 1025 647 1062 concilia
667 1025 939 1069 oecumenica,
964 1037 1050 1061 eon-

100 1080 258 1117 firmata
288 1081 398 1125 sunt,
429 1082 468 1116 et
496 1078 719 1124 definitum,
740 1089 787 1116 ss.
810 1078 1048 1127 Imaginibus

101 1132 346 1170 honorariam
368 1132 650 1178 adorationem,
668 1143 741 1168 non
763 1135 892 1168 tamen
913 1143 1047 1168 veram

103 1186 259 1224 latriam
277 1197 360 1223 esse
375 1185 646 1222 exhibendam.
666 1197 688 1221 «
701 1185 769 1222 His
785 1184 840 1222 ita
855 1196 895 1221 se
909 1185 1049 1221 haben-

100 1239 216 1285 tibus,
245 1238 371 1287 inquit
398 1238 590 1287 synodus,
617 1238 802 1286 regiaque
830 1238 1048 1275 incedentes

102 1293 180 1337 via,
195 1296 235 1329 et
249 1294 450 1340 sequentes
467 1291 653 1329 divinitus
668 1291 898 1339 inspiratum
914 1291 1046 1329 ss.PP.

103 1349 326 1383 nostrorum
347 1344 618 1393 magisterium
638 1356 682 1382 ac
703 1344 913 1382 catholicae
932 1344 1048 1381 tradi-

101 1399 246 1436 tionem
263 1398 471 1443 Ecclesiae,
486 1397 694 1435 definimus
714 1398 751 1434 in
774 1397 877 1435 omni
893 1398 1048 1435 certitu-

101 1453 189 1489 dine
210 1455 250 1489 et
267 1451 479 1500 diligentia,
495 1451 594 1488 sieut
610 1451 779 1499 figuram
797 1451 986 1500 pretiosae
1002 1463 1046 1488 ac

101 1504 268 1542 vivifieae
279 1504 483 1550 Crucis,ita
493 1504 736 1555 venerabiles
746 1516 790 1542 ac
802 1505 1047 1553 ss.Imagines

101 1558 387 1607 proponendas,
408 1560 488 1595 tam
511 1570 610 1607 quae
634 1558 681 1595 de
700 1557 891 1595 coloribus
914 1560 953 1595 et
976 1560 1047 1596 tes-

103 1611 220 1657 sellis,
240 1623 354 1660 quam
376 1623 476 1659 quae
497 1623 544 1648 ex
561 1611 637 1648 alia
655 1611 856 1649 materia...
874 1611 1046 1649 Maxime

101 1664 316 1713 Imaginem
346 1664 501 1702 Domini
531 1664 602 1701 Dei
631 1668 671 1702 et
690 1664 907 1703 Salvatoris
927 1666 1046 1702 nostri

101 1718 186 1755 Iesu
207 1717 364 1763 Christi,
386 1718 474 1755 dein
495 1718 750 1756 intemeratae
771 1719 958 1755 Dominae
978 1731 1047 1756 no—

103 1775 207 1810 strae
227 1774 386 1809 sanctae
407 1771 477 1808 Dei
499 1771 721 1818 Genitricis,
741 1772 1047 1809 venerandorum

104 1824 345 1873 Angelorum
363 1827 402 1861 et
417 1824 590 1861 omnium
606 1825 739 1862 Ssrum
762 1825 946 1862 virorum.
962 1825 1046 1867 Quo

103 1878 252 1916 scilicet
270 1889 339 1926 per
358 1877 456 1914 hanc
476 1878 691 1927 imaginum
711 1878 905 1927 pictarum
921 1878 1046 1927 inspe-

102 1931 282 1977 ctionem,
302 1942 434 1968 omnes
456 1932 522 1980 qui
545 1931 873 1979 contemplantur,
893 1933 941 1969 ad
960 1944 1047 1980 pre-

102 1987 326 2034 totyporum
341 1984 567 2021 memoriam
583 1987 622 2022 et
637 1984 870 2022 desiderium
887 1986 1048 2023 veniant

102 2038 253 2086 illisque
281 2037 552 2075 salutationem
580 2040 619 2075 et
638 2038 885 2076 honorariam
908 2039 1048 2076 adora-

103 2091 248 2128 tionem
278 2091 512 2137 exhibeant,
542 2103 616 2128 non
636 2095 767 2129 tamen
788 2103 886 2140 quae
906 2104 1047 2130 secun-

105 2145 194 2181 dum
215 2143 331 2181 fidem
352 2146 424 2190 est,
444 2155 578 2182 veram
598 2145 754 2182 latriam
768 2175 777 2191 ,
798 2157 896 2193 quae
926 2146 1047 2183 solum

105 2197 260 2235 divinae
283 2200 447 2234 naturae
469 2199 675 2246 competit3
695 2198 750 2236 ita
771 2201 814 2237 ut
833 2199 927 2245 istis,
948 2199 1049 2236 sicut

104 2250 253 2299 figurae
274 2251 464 2299 pretiosae
484 2255 523 2287 et
541 2251 717 2289 vivificae
734 2252 868 2290 Crucis
885 2255 923 2289 et
938 2264 986 2290 ss.
1004 2253 1050 2289 E-

106 2303 296 2351 vangeliis
317 2307 356 2340 et
375 2304 538 2352 reliquis
559 2305 677 2342 sacris
697 2306 973 2352 monumentis,
995 2305 1050 2342 in-

107 2368 310 2394 censorum
336 2360 374 2394 et
403 2357 593 2394 luminum
623 2358 766 2395 oblatio
797 2359 843 2396 ad
865 2359 1048 2396 honorem

108 2410 246 2446 harum
267 2410 510 2448 efficiendum
532 2411 783 2458 exhibeatur,
804 2413 1049 2460 quemadmo-

107 2463 195 2499 dum
227 2466 266 2500 et
285 2464 454 2511 antiquis
474 2464 558 2512 piae
578 2465 869 2503 consuetudinis
890 2469 986 2503 erat.
1009 2466 1048 2503 1-

107 2514 274 2565 maginis
307 2516 409 2553 enim
443 2517 564 2554 honor
589 2518 637 2555 ad
667 2518 911 2568 primitivum
936 2522 1048 2557 tran-

105 2569 192 2607 sit...
212 2581 248 2606 ».

159 2623 371 2660 Praeterea
404 2623 607 2660 concilium
637 2624 758 2662 edidit
784 2625 836 2663 22
855 2638 1021 2664 canones
1040 2657 1048 2673 ,

104 2678 320 2724 spectantes
337 2675 579 2724 potissimum
592 2678 639 2714 ad
656 2689 737 2715 rem
750 2679 1047 2727 hierarchicam,

105 2729 326 2779 liturgieam
359 2732 398 2765 et
419 2729 704 2777 disciplinarem
728 2730 751 2768 ¹.
774 2732 923 2773 Quibus
943 2734 1050 2771 abso-

107 2782 212 2828 lutis,
232 2781 398 2831 episcopi
421 2782 468 2818 ab
489 2783 663 2830 augustis
684 2785 813 2822 vocati
842 2788 934 2823 sunt
952 2787 1049 2824 Con—

107 2835 411 2884 stantinopolim,
434 2835 494 2871 ubi
513 2835 673 2872 solemni
691 2838 769 2874 ritu
786 2839 888 2875 inter
903 2839 1049 2878 effusas

107 2888 406 2926 acclamationes
436 2887 586 2924 concilii
609 2889 766 2927 decreta
786 2891 950 2929 recitata
971 2892 1050 2930 fue-

109 2946 210 2979 runt.
232 2942 442 2978 'I‘harasius
460 2942 524 2989 Cp.
537 2942 919 2989 patriarchalitteras
934 2946 1050 2994 serip-

108 2994 158 3032 sit
179 2995 226 3032 ad
247 2994 488 3032 Hadrianum
506 2994 574 3042 Pp.
591 2998 633 3031 ut
649 3007 738 3032 eum
755 2997 801 3033 de
821 2998 972 3035 concilii
990 3010 1050 3047 ge-

107 3047 178 3085 stis
192 3052 231 3086 et
242 3048 492 3085 consensione
505 3047 542 3084 iu
556 3047 734 3093 dogma,a
745 3050 934 3087 I'ontifice
946 3063 1051 3099 prae-

110 3100 293 3147 dicatum,
313 3101 518 3139 certiorem
543 3102 731 3139 redderet.
761 3103 942 3142 Pontifex
965 3109 1050 3153 post

152 3230 160 3250 ¹
179 3231 289 3269 Labbe,
307 3231 427 3264 Concil.
445 3235 464 3262 t.
483 3230 542 3261 VII.

1899 153 1974 192 211

1090 229 1305 278 legatorum
1321 241 1478 268 suorum
1498 229 1680 276 reditum,
1695 228 1844 266 concilii
1861 232 1950 267 acta
1966 241 2030 267 su-

1090 283 1214 330 scepit
1233 285 1272 321 ct
1291 296 1312 320 e
1331 295 1472 332 gracco
1492 283 1530 320 in
1553 282 1719 320 latinum
1740 281 1839 319 verti
1859 282 1971 320 iussit
1989 281 2012 321 ¹.

1143 336 1206 373 Sic
1227 337 1482 385 regnantibus
1503 336 1755 374 Constantino
1775 338 1815 372 et
1836 336 1960 381 Irene,
1981 347 2030 373 ss.

1092 389 1308 437 Imaginum
1330 389 1456 427 cultus
1477 390 1515 426 in
1535 389 1689 426 Oriente
1710 389 1916 426 restitutus
1937 388 2031 435 fuit3

1091 443 1157 478 sed
1174 442 1212 478 in
1224 442 1445 487 Occidente,
1462 454 1596 491 nempe
1612 442 1649 479 in
1666 441 1816 487 Galliis,
1831 442 2032 479 occasione

1091 494 1205 531 huius
1228 494 1380 532 concilii
1402 506 1543 544 graves
1563 495 1860 544 disceptationes
1880 495 2032 533 excita-

1090 550 1156 584 tae
1173 550 1273 584 sunt.

1143 600 1179 636 8.
1200 597 1320 637 Libri
1337 600 1525 637 Carolim'
1538 605 1578 637 et
1590 601 1771 649 synodus
1787 602 2032 650 Francofor-

1091 652 1352 694 (Hermes—Qu
1360 665 1422 689 um
1432 653 1596 701 primum
1610 654 1758 691 concilii
1773 655 1807 692 N
1812 655 1934 692 icaeni
1947 657 2034 692 acta

1092 705 1140 742 ad
1162 705 1294 743 Gallos
1314 706 1445 744 adlata
1464 709 1568 752 sunt,
1585 707 1695 744 multi
1712 707 1845 744 offensi
1863 708 2034 753 fuerunt,

1092 770 1137 795 ae
1163 759 1194 796 si
1224 759 1261 795 in
1293 758 1358 795 illo
1379 771 1453 796 non
1474 759 1665 797 relativus
1684 760 1750 797 sed
1770 761 1972 799 absolutus
1991 763 2030 798 et

1093 812 1231 863 latriae
1251 811 1392 856 cultus,
1412 812 1482 849 soli
1502 812 1582 849 Deo
1603 813 1755 850 debitus
1775 826 1822 851 ss.
1845 814 2034 862 Imagini-

1092 865 1163 902 bus
1180 865 1315 902 fuisset
1327 868 1508 903 assertus.
1521 866 1707 903 Provenit
1722 867 1784 903 hic
1796 867 2032 904 Francorum

1091 929 1200 955 error
1219 920 1305 955 tum
1326 930 1346 955 e
1371 918 1474 955 mala
1497 920 1674 956 actorum
1689 919 1840 956 concilii
1855 920 2032 967 Nieaeni,

1092 971 1153 1008 cui
1173 972 1302 1009 nullus
1323 983 1459 1009 eorum
1480 971 1726 1018 interfuerat,
1743 973 1919 1010 versione
1937 974 2032 1011 lati-

1092 1036 1155 1070 na,
1174 1024 1421 1074 pluriumque
1437 1025 1628 1062 factorum
1643 1025 1969 1073 ignorantia,tum
1985 1039 2032 1064 ex

1092 1078 1272 1126 ambiguo
1303 1078 1488 1115 vocabulo
1522 1079 1775 1116 adorationis
1807 1079 1844 1116 in
1873 1079 2034 1117 concilio

1092 1130 1263 1168 Nieaeno
1283 1143 1307 1169 a
1327 1132 1487 1169 Graccis
1507 1133 1703 1180 usurpato,
1724 1143 1797 1180 quo
1817 1132 1856 1169 hi
1875 1144 1950 1169 non
1973 1145 2034 1169 ve-

1092 1196 1175 1221 ram
1205 1185 1374 1229 latriam,
1396 1185 1463 1222 sed
1483 1185 1759 1223 salutationem
1780 1188 1819 1222 et
1835 1185 2034 1223 adoratio-

1091 1249 1178 1274 nem
1199 1238 1446 1276 honorariam
1468 1238 1755 1287 intelligebant,
1777 1238 1831 1276 uti
1853 1251 2034 1288 expresse

1092 1291 1353 1329 distinxerunt
1380 1292 1419 1329 in
1448 1304 1518 1330 suo
1548 1293 1703 1330 decreto
1723 1303 1789 1329 seu
1809 1291 2034 1330 definitione

1093 1344 1325 1391 dogmatica.

1142 1398 1258 1434 Brevi
1275 1399 1360 1446 post
1373 1396 1484 1448 (790)
1498 1400 1658 1436 auctore
1674 1410 1869 1447 anonymo
1884 1399 1990 1446 prodi
1997 1411 2034 1436 e-

1090 1453 1184 1489 runt
1210 1451 1298 1489 libri
1319 1454 1355 1497 4,
1375 1451 1467 1489 dicti
1492 1452 1686 1497 Carolz'm',
1706 1453 1808 1500 quod
1829 1452 1957 1490 Caroli
1979 1452 2031 1490 M.

1092 1505 1244 1542 nomine
1265 1507 1304 1542 et
1323 1504 1452 1542 forsan
1472 1505 1631 1542 hortatu
1652 1504 1796 1543 fuerint
1825 1506 1919 1542 editi
1939 1504 1969 1544 ².
1989 1507 2034 1543 In

1089 1558 1135 1595 iis
1164 1558 1316 1595 concilii
1344 1558 1508 1596 Nieaeni
1538 1559 1626 1596 acta
1654 1559 1703 1596 ad
1739 1559 2034 1597 immoderatam

1091 1611 1220 1648 crisim
1256 1623 1536 1661 censuramque
1575 1611 1835 1661 exigebantur
1869 1614 1908 1650 et
1945 1612 2032 1661 plus

1089 1676 1213 1712 aequo
1234 1665 1613 1714 perstringebantur,
1635 1665 1745 1714 quasi
1761 1666 1962 1703 absolutus
1979 1678 2032 1704 ss.

1089 1718 1308 1766 Imaginum
1336 1718 1462 1756 cultus
1489 1719 1529 1756 in
1548 1718 1685 1755 iisdem
1707 1718 1808 1756 foret
1833 1719 2030 1767 praescri-

1088 1776 1186 1819 ptus.
1209 1771 1471 1821 Disputabant
1490 1774 1622 1809 autem
1642 1771 1786 1809 Franci
1807 1772 1852 1809 de
1867 1771 2030 1810 concilio

1088 1823 1261 1862 Nieaeno
1298 1837 1372 1862 non
1401 1828 1585 1874 tanquam
1614 1826 1661 1862 de
1690 1825 1935 1862 oecumenica
1964 1826 2031 1863 sed

1088 1877 1272 1915 nationali
1302 1878 1540 1916 Graecorum
1560 1878 1707 1926 synodo
1720 1907 1729 1925 ,
1749 1879 1852 1926 quod
1873 1878 1940 1915 vix
1961 1878 2032 1916 ulli

1088 1931 1255 1979 episcopi
1283 1931 1412 1969 Latini
1439 1931 1474 1968 ei
1494 1930 1787 1978 interfuissent,
1806 1934 1844 1969 et
1864 1931 2033 1969 Hadria-

1092 1996 1162 2022 nus
1192 1985 1262 2033 Pp.
1284 1984 1380 2022 illud
1402 1986 1567 2022 necdum
1590 1984 1767 2023 sollemni
1787 1984 1886 2031 ritu,
1907 1985 2035 2023 missis

1092 2038 1140 2075 ad
1161 2037 1383 2075 universam
1400 2038 1616 2076 Ecclesiam
1634 2038 1795 2083 litteris,
1812 2037 2033 2076 confirmas-

1091 2093 1161 2137 set,
1177 2094 1246 2128 aut
1268 2094 1311 2129 ut
1339 2091 1631 2129 oecumenicum
1659 2091 1865 2129 concilium
1890 2103 2033 2141 propo-

1091 2144 1243 2182 suisset.

1144 2198 1303 2235 Carolus
1339 2197 1392 2235 M.
1423 2198 1470 2235 ad
1499 2198 1691 2235 sedandas
1727 2200 2033 2246 controversias,

1092 2251 1290 2288 occasione
1311 2251 1460 2288 concilii
1477 2251 1641 2289 Nieaeni
1656 2254 1695 2288 et
1710 2252 1914 2290 haereseos
1929 2254 2030 2290 Ado-

1092 2304 1333 2353 ptianorum,
1356 2305 1402 2342 de
1431 2316 1508 2352 qua
1535 2317 1623 2342 mox
1652 2305 1841 2352 dicemus,
1862 2308 2033 2352 exortas,

1091 2369 1152 2395 an.
1171 2358 1248 2395 794
1269 2370 1517 2395 numerosam
1545 2358 1813 2407 episcoporum
1841 2360 2032 2407 synodum

1091 2423 1139 2448 ex
1159 2411 1340 2448 universo
1362 2423 1481 2460 regno
1496 2423 1566 2449 suo
1583 2411 1839 2460 congregavit
1854 2412 2028 2449 Franco-

1090 2464 1238 2501 sordiae
1261 2465 1309 2501 ad
1330 2464 1524 2502 Moenum.
1541 2465 1645 2501 Editi
1664 2464 1704 2501 in
1725 2477 1770 2501 ea
1786 2467 1875 2502 sunt
1891 2465 1940 2502 56
1957 2477 2028 2502 ca-

1093 2529 1229 2562 nones3
1269 2529 1435 2566 quorum
1468 2517 1506 2554 1Ο
1536 2518 1722 2555 damnata
1751 2518 1826 2554 fult
1854 2518 2030 2555 haeresis

1090 2570 1423 2618 Adoptianorum3
1443 2571 1487 2608 2Ο
1514 2571 1720 2620 reprobata
1749 2570 1822 2607 fuit
1851 2571 2031 2608 doctrina

1091 2635 1225 2661 eorum
1240 2654 1249 2668 ,
1269 2624 1334 2671 qui
1355 2637 1402 2662 ss.
1421 2624 1681 2672 Imaginibus,
1699 2634 1862 2671 eamque
1885 2635 1929 2661 ac
1947 2624 2035 2661 Dei-

1091 2676 1186 2714 ficae
1217 2675 1422 2723 Trinitati,
1443 2676 1705 2714 adorationem
1732 2676 2030 2724 impendendam

1090 2730 1288 2777 dicebant3
1316 2742 1433 2779 quam
1462 2729 1680 2768 doctrinam
1698 2729 1838 2767 Patres
1857 2729 2030 2768 Franco-

1132 2862 1143 2882 1
1164 2862 1200 2893 Cf
1226 2863 1258 2892 Α.
1298 2859 1470 2891 Muzzarelli
1488 2883 1495 2896 ,
1526 2858 1571 2889 De
1605 2858 1806 2890 auctoritate
1828 2860 1869 2891 R.
1898 2861 2036 2901 Pontis.

1091 2904 1168 2941 t.11,
1191 2913 1215 2933 c.
1237 2903 1288 2939 11;
1314 2903 1334 2932 1.
1365 2903 1397 2931 Β.
1425 2899 1550 2939 Palma,
1574 2900 1728 2932 Praelect.
1752 2900 1828 2932 Ilisl.
1858 2902 1931 2934 ecel.
1958 2904 2036 2942 t.11,

1101 2949 1168 2976 mrt.
1187 2945 1222 2978 ΙΙ,
1239 2954 1264 2974 c.
1281 2942 1343 2973 ⁹2³3.

1093 2956 1101 2985 l
1133 2986 1147 3006 ἢ
1165 2986 1326 3023 Disputant
1345 2982 1468 3018 cruditi,
1483 2983 1551 3021 quis
1569 2983 1658 3013 suerit
1674 2986 1781 3014 auctor
1798 2983 1954 3015 librorum
1974 2983 2035 3016 Ca-

1093 3027 1283 3058 rehum-um.
1308 3024 1429 3054 Videsis
1448 3024 1546 3054 Natai.
1563 3024 1646 3054 Alex.
1670 3024 1748 3056 Ilist.
1763 3025 1838 3059 eccl,
1856 3035 1938 3056 saec.
1955 3026 2034 3066 VIII,

1095 3070 1167 3098 diss.
1185 3068 1217 3105 ss;
1236 3068 1369 3096 Gretscr.
1388 3064 1528 3095 Historia
1544 3074 1566 3096 s,
1589 3064 1715 3103 Crucis,
1733 3070 1811 3105 part.
1829 3067 1863 3104 113
1881 3069 1918 3097 Le
1936 3068 2036 3105 ceint,

1093 3109 1232 3141 Annales·
1256 3107 1294 3137 ad
1318 3116 1365 3136 an.
1393 3105 1463 3135 ΨΜ.
1486 3107 1593 3137 Libros
1620 3107 1688 3137 iilos
1716 3108 1814 3146 primo
1839 3109 1918 3147 typis
1941 3108 2036 3139 edidit

1095 3160 1142 3180 an.
1162 3149 1239 3179 1519
1258 3149 1386 3177 Ioannes
1403 3148 1503 3177 Tilius.
1519 3148 1555 3178 ef
1567 3149 1598 3178 II.
1613 3149 1636 3178 J.
1651 3149 1748 3184 Fioss,
1766 3148 1808 3179 De
1823 3151 1968 3189 suspecta
1985 3149 2036 3180 Lt-

1095 3191 1223 3221 brurum
1251 3188 1478 3220 Carolt‘norum
1500 3197 1518 3219 α
1542 3189 1661 3221 Ioanne
1686 3189 1763 3222 Tillo
1791 3188 1950 3222 editorum
1975 3189 2037 3231 fide

1094 3230 1339 3269 σωηηιειιιαιιύ,
1355 3230 1480 3262 nonnae
1497 3229 1585 3261 1860.
