2241 3473
507 171 644 203 VSQVE
666 175 721 202 AD
742 174 959 204 PVBLICAM
980 173 1128 202 RERVM
1150 173 1193 202 ΙΝ
1214 174 1384 204 GALLIIS
1402 172 1728 203 SVBVERSIONEM

149 246 314 289 semem,
343 245 406 294 qui
434 251 473 283 et
499 246 581 295 ipse
607 251 693 284 erat
718 247 932 284 Maronita.
962 246 1095 282 Maro-

148 301 268 343 nitae‚
296 311 374 336 non
401 300 649 338 obstantibus
676 305 899 348 temporum
926 299 1093 342 iniuriis,

148 354 187 390 in
212 354 287 390 fide
315 353 509 391 catholica
534 359 573 400 et
599 355 637 390 in
663 355 807 391 unione
836 365 922 390 cum
950 354 997 389 R.
1025 354 1096 390 Ec-

146 407 270 444 clesia
302 417 394 443 raro
427 408 672 445 constantiae
706 407 888 455 exemplo
915 417 1097 453 perseve-

145 464 301 496 rarunt.
329 461 475 498 Eorum
505 462 637 498 clerici
670 461 845 508 plerique
879 460 1029 496 Romae
1056 460 1093 496 in

146 513 329 562 collegio,
355 515 455 562 quod
483 515 534 551 ibi
560 515 609 551 ab
635 526 699 550 an.
721 514 812 551 1584
829 513 988 556 habent,
1008 524 1110 550 eru·.

145 565 318 611 diuntur‚
339 567 479 604 deinde
498 569 537 604 in
555 568 726 615 patriam
746 565 1014 603 remittuntur.
1035 566 1095 601 Li-

147 621 319 669 turgiam
347 625 387 657 et
414 621 512 657 ritus
538 620 719 668 proprios
751 620 899 656 habent
916 647 925 662 ‚
953 620 989 654 in
1016 619 1095 666 qui-

147 673 217 710 bus
235 675 473 723 peragendis
486 675 621 722 lingua
639 674 798 721 antiqua
811 673 968 721 syriaca
984 677 1095 709 utun-

147 731 225 764 tur.
246 727 414 765 Praeter
433 729 582 765 clerum
603 728 826 774 indigenam
849 727 994 764 habent
1008 726 1095 762 mis-

144 781 340 819 sionarios
367 793 601 830 europaeos.
629 781 851 829 Praecipua
877 792 1012 818 eorum
1038 791 1096 817 se-

145 834 214 872 des
245 840 306 872 est
336 836 534 880 Libanus,
565 835 675 872 cuius
714 839 870 882 partem
909 835 1093 871 Kesruan

145 888 291 925 dictam
316 890 389 936 ipsi
416 891 485 926 soli
505 890 692 926 incolunt.
712 889 767 924 Ibi
794 889 832 924 in
851 889 1095 926 monasterio

144 942 348 979 Cannobin
376 943 522 980 residet
547 954 757 991 supremus
783 954 920 979 eorum
947 943 1096 990 episco-

143 1006 241 1043 pus,
273 997 337 1044 qui
374 997 528 1033 titulum
562 995 818 1044 patriarchae
858 996 1096 1033 Antiocheni

141 1049 258 1095 gerit,
274 1054 314 1086 et
331 1062 488 1098 semper
507 1061 530 1086 a
548 1050 595 1086 R.
615 1048 806 1085 Pontifice
827 1049 1093 1086 constituitur.

143 1102 265 1140 Plura
290 1115 428 1141 eorum
456 1104 578 1140 millia
604 1104 752 1151 degunt
778 1103 816 1139 in
834 1103 880 1141 80
900 1103 1012 1150 pagis
1035 1114 1095 1139 re-

143 1157 270 1204 gionis
298 1159 489 1195 Libanum
517 1157 849 1195 circumiacentis.
870 1157 1004 1200 Iidem,
1027 1157 1096 1194 sed

143 1211 296 1248 modico
341 1223 507 1249 numero
526 1241 534 1257 ‚
579 1212 834 1261 reperiuntur
877 1211 1063 1247 Damasci
1085 1241 1093 1255 ‚

141 1266 284 1315 Aleppi
310 1278 380 1303 seu
406 1268 601 1311 Beroeae,
625 1267 776 1314 Tripoli
805 1265 1094 1303 Palaestinensi

142 1323 183 1355 et
209 1320 248 1355 in
275 1320 403 1357 insula
429 1322 574 1370 Cypro.
593 1321 652 1356 Ad
672 1320 929 1368 corrigendos
948 1321 1096 1369 aliquot

141 1373 298 1419 abusus,
323 1376 387 1423 qui
415 1376 522 1413 circa
547 1375 788 1422 disciplinam
817 1375 919 1423 apud
946 1386 1014 1412 eos
1040 1376 1093 1411 in-

140 1429 377 1474 valuerant,
410 1431 593 1467 Clemens
626 1430 698 1465 XII
726 1429 774 1465 ad
806 1429 964 1466 eosdem
992 1430 1094 1466 able-

140 1482 250 1529 gavit
268 1483 510 1530 praedictum
529 1485 807 1526 Assemanum,
834 1483 942 1519 cuius
970 1484 1094 1519 consi-

140 1535 191 1571 lio
218 1547 320 1573 anno
349 1537 441 1574 1736
467 1537 639 1584 synodus
665 1541 913 1583 congregata
938 1541 1011 1573 est.
1036 1538 1093 1573 In-

141 1589 380 1634 terruerunt,
401 1595 562 1638 praeter
581 1591 806 1637 ablegatum
819 1591 1091 1637 apostolicum,

141 1643 320 1680 Gazenus
352 1645 606 1692 patriarcha,
635 1644 679 1680 14
710 1643 885 1691 episcopi
919 1644 1093 1680 Maroni-

141 1699 219 1740 tae,
246 1696 320 1732 duo
349 1698 439 1745 Syri
458 1726 466 1741 ‚
493 1698 655 1734 totidem
691 1697 883 1741 Armeni,
913 1697 1090 1742 abbates,

141 1750 372 1786 sacerdotes
397 1754 437 1787 et
462 1751 702 1787 missionarii
737 1751 883 1798 plures.
912 1750 1093 1798 Proposi-

142 1803 192 1839 tis
226 1807 268 1840 et
300 1805 471 1851 receptis
505 1804 838 1852 Congregationis
871 1804 918 1840 de
946 1804 1092 1851 Propa-

141 1856 273 1903 ganda
298 1857 395 1894 Fide
422 1857 606 1901 decretis,
635 1868 733 1905 quae
761 1858 967 1904 ablegatus
992 1859 1092 1895 fere-

141 1909 208 1946 bat
228 1939 236 1953 ,
262 1910 377 1947 varia
403 1912 617 1947 constituta
642 1915 733 1946 sunt
758 1911 804 1947 de
830 1922 997 1947 numero
1016 1940 1024 1955 ‚
1051 1912 1092 1948 li-

140 1963 297 2000 mitibus
323 1968 364 2000 et
388 1964 579 2000 divisione
605 1963 852 2008 dioeceseon,
872 1963 920 2000 de
947 1966 1092 2001 contri·

139 2016 298 2054 butione
313 2017 476 2065 erogari
491 2017 608 2054 solita
621 2017 815 2065 episcopis
828 2018 866 2053 in
884 2018 1091 2057 collatione

141 2082 195 2107 ss.
223 2071 416 2107 Ordinum
443 2075 483 2108 et
508 2071 778 2108 distributione
806 2071 1010 2116 Oleorum,
1028 2072 1092 2109 de-

138 2135 213 2172 que
240 2124 326 2161 aliis
345 2125 393 2161 ad
411 2124 723 2162 ecclesiasticum
746 2136 816 2173 pro
834 2125 910 2161 ista
927 2126 1090 2173 regione

138 2179 342 2225 negotium
361 2179 644 2226 spectantibus.
665 2179 809 2227 Synodi
830 2183 934 2223 acta,
953 2180 1001 2216 ab
1019 2181 1090 2217 As-

138 2242 303 2268 semano
330 2233 497 2269 collecta
523 2236 563 2269 et
588 2233 824 2280 conscripta,
851 2233 1089 2271 Benedictus

139 2284 210 2332 Pp.
230 2286 324 2322 XIV
351 2298 453 2323 anno
482 2287 569 2323 1741
598 2287 846 2334 approbavit,
866 2298 1088 2335 novumque

134 2339 361 2386 ablegatum
399 2340 449 2376 ad
482 2341 705 2377 Maronitas
745 2340 983 2385 destinavit,
1024 2342 1088 2389 qui

138 2394 367 2430 eorumdem
401 2393 652 2431 decretorum
689 2394 995 2442 exequutionem
1024 2407 1089 2431 cu-

138 2451 251 2484 raret
276 2450 302 2482 1.

184 2502 225 2538 ln
253 2501 442 2547 Albania,
470 2513 569 2550 quae
595 2506 657 2539 est
683 2503 892 2550 provincia
917 2503 1086 2541 Turciae

138 2566 362 2603 europaeae
383 2585 391 2600 ‚
432 2556 536 2592 inter
575 2556 852 2592 Macedoniam
890 2561 931 2593 et
977 2569 1085 2595 mare

137 2609 385 2646 Adriaticum
412 2610 502 2654 sita,
521 2620 624 2646 anno
651 2610 742 2647 1703
769 2609 960 2657 synodum
987 2611 1087 2648 cele-

137 2663 268 2700 bravit
295 2664 526 2700 Vincentius
563 2663 789 2711 Zmajevic,
825 2664 1088 2712 archiepisco-

136 2728 208 2765 pus
232 2718 520 2761 Antibarensis,
539 2718 659 2754 totius
685 2718 852 2754 Serviae
879 2719 1028 2764 primas
1047 2724 1087 2756 et

137 2771 376 2819 apostolicus
403 2771 666 2807 ecclesiarum
695 2771 872 2807 Moesiae
900 2782 948 2807 ac
975 2772 1086 2820 Epiri

135 2824 341 2860 Visitator.
359 2824 627 2861 Interfuerunt
645 2829 806 2872 praeter
825 2824 1084 2862 Visitatorem

134 2878 393 2925 apostolicum
411 2907 420 2922 ,
446 2878 582 2926 synodi
610 2878 831 2925 praesidem
849 2905 858 2920 ‚
891 2878 1087 2926 archiepi-

134 2932 242 2979 scopi
268 2932 572 2980 Dyrrachiensis
590 2936 630 2968 et
649 2931 887 2978 Scopiensis‚
907 2933 1083 2981 episcopi

135 2987 360 3035 Sappensis,
382 2986 616 3029 Scotrensis‚
637 2985 861 3022 Alexiensis
879 2990 918 3022 et
945 2986 1086 3024 Polen-

135 3040 201 3085 sis,
221 3045 338 3088 atque
358 3040 552 3088 praefecti
571 3039 803 3076 Missionum
823 3040 1084 3079 Macedoniae

137 3098 178 3131 et
202 3094 407 3132 Albaniae.
428 3094 557 3130 Multa
581 3094 683 3130 bono
701 3094 962 3131 ecclesiarum
981 3094 1020 3131 in
1038 3095 1083 3132 iis

186 3209 197 3231 ¹
219 3204 373 3249 Synodus
385 3206 609 3250 provincialis
624 3206 774 3240 nationis
789 3206 1085 3249 Syrorum-Maro-

138 3252 308 3291 nitarum,
328 3253 443 3286 Romae
462 3252 562 3293 1820,
584 3252 685 3285 In-40.

1962 160 2042 201 269

1146 245 1264 282 terris
1289 248 1510 292 opportuna
1537 243 1700 280 fuerunt
1727 241 1904 286 decreta,
1929 244 2094 288 scilicet,

1145 298 1192 335 de
1221 298 1374 335 ratione
1401 295 1695 345 praedicandae
1714 324 1723 340 ‚
1751 297 2032 343 propagandae
2059 302 2097 336 et

1145 351 1443 389 conservandae
1474 351 1582 387 Fidei
1610 351 1714 386 inter
1732 349 1886 386 'I'urcas
1903 354 1944 387 ct
1960 351 2099 389 haere-

1145 407 1260 450 ticos,
1289 405 1337 441 de
1364 404 1637 441 sacramentis
1663 407 1705 440 et
1733 403 1850 440 rebus
1875 405 2022 450 sacris,
2049 405 2096 442 de

1146 460 1384 497 clericorum
1417 458 1590 494 moribus
1618 461 1658 494 et
1695 456 1944 504 corrigendis
1977 459 2098 496 certis

1145 513 1342 550 abusibus.
1369 511 1475 548 Inter
1505 511 1585 547 alia
1611 514 1775 546 cavetur
1793 538 1802 553 ‚
1838 521 1886 547 ne
1919 511 2099 549 infideles

1145 570 1212 602 aut
1237 564 1476 602 schismatici
1503 568 1758 600 assumantur
1777 564 1815 599 in
1838 564 2017 610 patrinos
2035 566 2101 602 ba-

1146 619 1290 666 ptismi;
1318 629 1367 654 ne
1394 617 1581 664 deinceps
1609 617 1802 653 toleretur
1829 618 1994 661 abusus,
2021 630 2098 666 quo

1145 671 1268 708 adulti
1296 682 1371 707 non
1399 670 1474 706 nisi
1502 673 1588 717 post
1614 670 1658 706 16
1678 697 1686 713 ,
1714 669 1758 707 18
1785 675 1853 706 aut
1886 671 1932 709 20
1958 672 2100 708 aetatis

1144 735 1270 761 annos
1298 725 1347 762 ad
1375 726 1682 761 Sacramentum
1703 725 1971 771 poenitentiae
1990 737 2101 763 acce-

1145 778 1302 816 debant.
1323 780 1468 814 Actum
1496 778 1617 814 etiam
1646 782 1707 813 est
1724 777 1772 814 de
1794 778 1978 815 limitibus
1997 779 2100 816 dioe-

1146 843 1290 869 ceseon
1310 860 1318 876 ‚
1353 832 1400 868 de
1433 831 1571 879 quibus
1605 834 1694 867 erat
1729 833 2027 877 controversia,
2060 837 2100 870 et

1146 890 1258 922 certa
1291 885 1458 933 singulis
1501 885 1590 921 loca
1622 889 1776 920 asserta
1807 889 1909 921 sunt.
1952 886 2100 935 Synodi

1145 939 1309 977 decreta
1335 939 1479 976 iudicio
1505 937 1720 976 Clementis
1746 939 1815 981 XI,
1835 944 1927 976 tunc
1950 943 2103 988 tempo-

1147 994 1201 1030 ris
1227 994 1376 1041 Papae,
1406 992 1586 1030 submisit
1611 991 1811 1038 Zmajevic
1837 993 2102 1041 archiepisco-

1146 1059 1244 1094 pus,
1280 1047 1471 1095 simulque
1514 1045 1749 1082 Pontificem
1785 1045 1917 1083 docuit
1951 1051 2100 1084 statum

1145 1101 1409 1149 ecclesiarum
1438 1111 1647 1147 moresque
1683 1100 1915 1147 populorum
1943 1101 1981 1136 in
2015 1100 2100 1138 istis

1146 1155 1257 1191 locis.
1284 1155 1469 1192 Clemens
1496 1155 1552 1190 XI
1580 1157 1736 1197 cuncta,
1760 1164 1860 1201 quae
1888 1154 1924 1190 in
1952 1154 2101 1203 synodo

1148 1213 1239 1245 acta
1264 1209 1428 1246 fuerant
1445 1238 1453 1253 ,
1480 1207 1676 1256 probavit.
1704 1208 1834 1255 thue
1862 1207 2005 1244 ibidem
2040 1218 2103 1244 ca·-

1148 1262 1319 1299 tholicae
1350 1262 1440 1298 fidei
1472 1266 1513 1298 et
1543 1261 1842 1298 ecclesiasticae
1868 1261 2100 1309 disciplinae

1147 1315 1441 1352 conservationi
1467 1326 1514 1352 ac
1546 1315 1824 1362 propagationi
1858 1315 2101 1362 praesidium

1146 1368 1351 1411 adiiceret,
1369 1369 1684 1405 adolescentibus
1703 1368 1816 1404 istius
1833 1368 2004 1404 nationis
2023 1368 2100 1404 Ro-

1145 1433 1236 1459 mae
1254 1423 1294 1458 in
1314 1423 1481 1470 collegio
1500 1422 1548 1459 de
1567 1421 1834 1469 Propaganda
1853 1421 1950 1458 Fide
1970 1422 2099 1458 locum

1145 1480 1186 1512 et
1205 1487 1424 1523 congruam
1444 1476 1574 1513 dotem
1594 1475 1814 1519 constituit,
1833 1480 2024 1523 quatenus
2042 1475 2099 1512 sic

1146 1530 1367 1567 orthodoxa
1395 1529 1577 1566 doctrina
1601 1534 1642 1566 et
1668 1534 1781 1566 recta
1813 1529 2018 1577 disciplina
2044 1529 2101 1566 in-

1145 1583 1292 1627 stituti,
1319 1584 1460 1621 deinde
1489 1583 1592 1631 apud
1619 1594 1710 1619 suos
1736 1593 1850 1619 sacro
1877 1583 2098 1620 ministerio

1144 1637 1406 1684 fungerentur
1431 1640 1458 1670 1.

1191 1692 1252 1728 48.
1271 1691 1596 1728 Christianorum
1609 1692 1736 1727 statas
1755 1690 1796 1726 in
1816 1690 1981 1732 Tur-cia,
1999 1691 2099 1728 Per-

1143 1744 1227 1781 side
1254 1747 1290 1781 et
1314 1744 1519 1792 Africa-
1536 1744 1626 1780 Non
1653 1748 1808 1781 tantum
1834 1745 1873 1780 in
1899 1745 2071 1782 Albania
2087 1774 2096 1790 ‚

1144 1798 1212 1834 sed
1239 1799 1279 1833 in
1306 1799 1394 1834 aliis
1420 1798 1542 1835 etiam
1569 1798 1739 1835 Turciae
1759 1809 1983 1846 europaeae
2010 1811 2099 1847 pro-

1143 1851 1296 1895 vinciis,
1316 1851 1571 1895 Macedonia,
1591 1852 1751 1896 Bosnia,
1772 1851 1978 1898 Bulgaria.
1999 1852 2099 1888 Mol-

1143 1904 1272 1949 davia,
1300 1905 1542 1949 &Vallachia,
1571 1905 1731 1948 Servia‚
1758 1905 1889 1950 lania,
1915 1905 2096 1950 Livadia,

1144 1959 1287 1996 Morea
1312 1966 1353 1996 et
1378 1959 1417 1994 in
1444 1959 1580 1995 insulis
1604 1959 1879 2007 Archipelagi,
1907 1970 2093 1996 numero-

1142 2012 1287 2049 sissimi
1334 2016 1451 2049 erant
1488 2013 1733 2057 Christiani,
1780 2024 1946 2061 quorum
1983 2013 2097 2049 multi

1143 2070 1260 2103 erant
1284 2066 1477 2104 Catholici
1495 2078 1564 2104 seu
1583 2078 1674 2103 cum
1693 2068 1833 2114 Apost.
1856 2066 1959 2103 Sede
1981 2066 2094 2109 uniti,

1143 2120 1279 2168 reliqui
1312 2124 1381 2157 aut
1411 2120 1624 2157 schismate
1652 2131 1800 2167 graeco
1835 2123 1903 2156 aut
1937 2119 2095 2156 haeresi

1141 2175 1188 2211 ab
1214 2185 1264 2211 ea
1288 2174 1480 2222 separati.
1502 2176 1617 2210 Anno
1645 2175 1736 2211 1701
1754 2173 2094 2220 Constantinopoli

1142 2229 1228 2275 plus
1261 2238 1376 2276 quam
1413 2228 1544 2272 12‚000
1581 2228 1877 2265 Catholicorum
1910 2237 2097 2264 numera-

1142 2283 1298 2318 bantur.
1320 2282 1362 2318 In
1380 2282 1528 2318 Turcia
1546 2282 1714 2318 asiatica
1734 2281 2006 2318 Mahometani
2026 2292 2095 2317 nu-

1141 2346 1251 2372 mero
1277 2335 1520 2384 superabant
1544 2335 1808 2379 Christianos;
1833 2334 1872 2370 hi
1899 2338 2015 2371 erant
2039 2334 2095 2370 di-

1139 2400 1348 2426 versarum
1375 2389 1682 2433 confessionum,
1711 2387 1913 2432 catholici,
1939 2387 2092 2434 graeci,

1139 2443 1315 2488 armeni,
1342 2443 1561 2486 iacobitae‚
1589 2441 1817 2480 nestoriani.
1847 2441 1977 2478 Durus
2002 2446 2092 2478 erat

1139 2497 1452 2534 Christianorum
1494 2497 1533 2533 in
1568 2497 1684 2533 terris
1717 2495 1896 2532 Turcicis
1934 2499 2090 2540 status;

1138 2551 1356 2588 universim
1387 2552 1574 2598 gravibus
1608 2549 1764 2586 tributis
1796 2553 1837 2585 et
1870 2549 2093 2596 praefecto-

1139 2616 1226 2641 rum
1258 2606 1527 2642 exactionibus
1561 2603 1910 2652 opprimebantur;
1944 2603 2091 2640 Turca-

1139 2670 1226 2694 rum
1255 2659 1489 2706 procacitati
1515 2662 1554 2695 et
1579 2657 1853 2694 vexationibus
1887 2661 2004 2693 erant
2027 2657 2092 2693 ob-

1138 2713 1266 2758 noxii3
1292 2712 1497 2760 religionis
1522 2723 1616 2749 suae
1643 2711 1874 2763 exercitium
1899 2711 2023 2748 variis
2048 2712 2091 2748 li-

1138 2767 1295 2803 mitibus
1310 2767 1581 2809 constrictum;
1597 2765 1903 2802 Mahometanos
1922 2764 1970 2801 ad
1989 2765 2089 2801 chri-

1137 2821 1267 2858 stiana
1291 2832 1410 2858 sacra
1435 2823 1670 2856 convertere
1696 2819 1760 2856 vel
1794 2818 2004 2856 admittere
2030 2831 2090 2856 se-

1137 2886 1233 2912 vere
1273 2878 1362 2912 erat
1405 2873 1670 2910 interdictum.
1709 2872 1811 2908 Hinc
1852 2872 2089 2910 missionarii

1138 2928 1332 2971 catholici,
1360 2939 1431 2974 per
1457 2926 1666 2974 imperium
1693 2925 2016 2962 Ottomannicum
2035 2926 2089 2962 di-

1137 2982 1263 3029 spersi
1280 3009 1288 3024 ‚
1317 2991 1392 3016 non
1418 2980 1638 3016 Turcarum
1657 3007 1666 3023 ,
1692 2979 1762 3016 sed
1791 2979 2088 3016 haereticorum

1138 3039 1178 3072 et
1203 3034 1542 3070 schismaticorum
1563 3033 1813 3069 conversioni
1839 3044 2004 3080 operam
2021 3043 2089 3069 na-

1137 3089 1284 3125 vabant
1300 3115 1308 3131 ,
1337 3091 1452 3135 atque
1478 3086 1551 3123 hoc
1577 3090 1615 3124 et
1640 3086 1897 3134 praecedenti
1927 3087 2087 3124 sacculo

1186 3206 1194 3228 1
1217 3183 1340 3246 nansi,
1371 3204 1499 3239 Concu.
1524 3204 1693 3248 Supplem.
1716 3208 1739 3237 ι.
1766 3205 1872 3247 vl‚p.
1894 3202 1981 3244 2153
2001 3202 2087 3237 Poli-

1140 3254 1207 3286 dor.
1236 3252 1308 3286 Vita
1328 3250 1512 3286 Clementis
1530 3250 1587 3290 XI,
1609 3251 1633 3284 l.
1652 3250 1697 3291 ll,
1715 3260 1748 3294 p.
1771 3250 1845 3284 102.
