2241 3473
302 166 379 204 204

872 173 1026 200 EPOCHA
1054 172 1108 199 XI.
1138 171 1189 197 AB
1218 170 1356 198 INITIIS
1383 170 1561 198 LVTHERI

251 242 426 278 cerdotes
443 241 480 277 in
496 238 662 288 quodam
678 236 859 274 suburbio
872 235 1083 274 Parisiensi
1098 248 1189 273 con·
1236 234 1337 272 1624
1355 234 1496 273 comite
1516 234 1660 284 Joigny
1682 235 1842 284 eiusque
1863 247 1988 274 uxore
2002 237 2042 273 et
2062 234 2185 274 fratre

252 293 443 343 gregavit,
455 294 518 341 qui
535 305 554 328 e
571 291 804 340 patrimonio
822 290 883 326 vel
899 289 1048 338 peculio
1066 289 1189 326 vitam

251 358 458 396 pauperem
476 346 665 390 viverent,
681 346 718 380 et
734 344 804 381 sub
820 343 1088 391 episcoporum
1108 344 1192 380 obe-

253 400 399 437 dientia
420 397 635 435 ministeria
655 409 765 434 sacra
786 396 919 434 sedulo
946 401 1190 445 peragerent.

251 452 426 490 An.1631
441 451 585 488 Paulus
600 450 669 498 Pp.
682 450 717 487 V
731 450 1191 498 hancCongregationem

248 505 478 554 approbavit
497 505 567 542 sub
589 504 741 540 nomine
772 503 944 541 Oratorii
966 504 1071 550 Iesu,
1092 516 1191 552 quae

250 559 358 596 brevi
379 570 448 607 per
468 557 686 606 provincias
708 557 859 594 Galliae
886 562 1100 606 propagata
1120 560 1190 594 est.

247 612 377 653 Quum
393 611 530 648 deinde
548 614 632 659 post
646 610 865 648 fundatoris
886 611 1032 648 obitum
1051 609 1189 661 (1629)

246 666 339 703 socii
356 665 472 702 etiam
488 665 639 702 scholas
654 667 693 701 et
708 664 932 701 litterarum
949 665 1078 702 studia
1091 666 1191 712 apud

247 731 286 756 se
306 718 616 762 introduxerint,
639 717 781 755 multos
803 718 841 755 in
872 730 942 756 sua
962 718 1191 767 Congrega-

249 773 352 809 tione
372 773 595 809 habuerunt
614 771 721 808 viros
741 772 875 820 magni
897 772 1063 809 nominis
1087 771 1110 810 ¹.

302 826 362 863 Ad
383 827 566 874 parvulos
586 826 625 862 in
648 826 791 873 pietate
811 829 851 863 et
870 826 1097 862 litterarum
1119 837 1190 862 ru-

249 879 431 916 dimentis
464 879 724 917 instituendos
745 891 773 916 s.
796 879 980 927 Iosephus
1001 879 1191 917 Calasan-

250 934 348 971 ctius
386 933 566 970 fundavit
604 933 790 970 Ordinem
841 938 997 980 patrum
1032 933 1193 970 PIarum

250 986 492 1024 Scholarum.
515 988 551 1024 Is
572 986 687 1023 nobili
709 986 859 1023 familia
887 987 1112 1035 Aragoniae
1134 999 1195 1024 an.

252 1041 351 1078 1556
372 1043 500 1086 natus,
522 1043 721 1090 postquam
743 1040 782 1076 in
804 1040 932 1088 patria
963 1041 1132 1078 decanus
1154 1044 1194 1078 et

248 1094 418 1143 episcopi
450 1093 686 1143 Urgellitani
721 1094 894 1131 vicarius
923 1094 1129 1143 generalis,
1150 1107 1195 1132 e-

250 1148 476 1186 mendandis
506 1148 677 1185 moribus
710 1150 749 1185 et
782 1148 1050 1186 restituendae
1080 1149 1194 1186 disci-

251 1201 378 1251 plinae
398 1201 682 1239 ecclesiasticae
711 1201 988 1248 adlaborasset,
1009 1214 1071 1240 an.
1096 1203 1193 1240 1591

251 1257 416 1293 Romam
436 1255 633 1305 profectus
653 1256 729 1301 est,
749 1255 879 1303 ibique
899 1267 940 1293 se
960 1259 1086 1293 totum
1109 1256 1195 1305 pie-

250 1311 342 1347 tatis
362 1312 401 1347 et
416 1309 593 1347 caritatis
609 1309 789 1358 operibus
805 1309 1015 1347 dedicavit.
1032 1310 1115 1347 Illic
1132 1323 1193 1348 an.

252 1363 365 1410 1600,
385 1364 624 1412 approbante
642 1363 843 1400 Clemente
861 1362 930 1411 Pp.
945 1363 1054 1409 VIII,
1075 1365 1195 1401 adsci-

249 1418 300 1454 tis
319 1417 391 1454 sibi
411 1417 558 1466 aliquot
580 1416 834 1466 presbyteris,
856 1417 1041 1465 parvulos
1065 1418 1103 1454 in
1124 1418 1194 1455 lit-

249 1475 422 1508 terarum
461 1470 665 1508 elementis
698 1471 893 1507 instruere
931 1471 1127 1520 simulque
1148 1473 1196 1509 ad

249 1525 437 1573 pietatem
457 1524 669 1562 informare
690 1524 828 1572 coepit.
850 1525 923 1562 An.
948 1525 1082 1563 1617a
1099 1527 1198 1564 Pau-

250 1578 285 1615 lo
305 1579 341 1616 V
362 1578 600 1627 impetravit,
622 1580 666 1615 ut
685 1578 853 1616 societas
874 1590 944 1615 sua
964 1579 1002 1616 in
1024 1579 1197 1629 Congre-

248 1632 444 1681 gationem
466 1633 686 1681 regularem
721 1644 810 1669 cuni
831 1632 855 1669 3
878 1632 980 1670 votis
997 1634 1197 1678 „monasti-

249 1687 302 1723 cis
323 1686 387 1724 sed
408 1687 648 1734 simplicibus
669 1687 901 1723 mutaretur.
923 1686 1019 1724 Post
1038 1699 1159 1725 annos
1175 1688 1197 1724 4

249 1740 460 1788 Gregorius
477 1740 553 1777 XV
568 1752 654 1777 eam
667 1740 713 1777 ad
726 1740 957 1789 dignitatem
967 1740 1122 1778 Ordinis
1142 1754 1196 1778 re-

250 1793 376 1843 ligiosi
405 1806 492 1831 cum
522 1794 623 1832 votis
644 1793 881 1831 solemnibus
902 1794 1054 1842 evexit,
1076 1807 1196 1844 regu-

248 1847 383 1896 lasque
422 1860 444 1885 a
480 1848 641 1896 Iosepho
681 1848 914 1896 compositas
951 1849 1196 1897 approbavit.

249 1901 353 1938 Obiit
369 1902 553 1949 Iosephus
568 1901 834 1939 Calasanctius
854 1914 916 1939 an.
934 1902 1047 1948 1648,
1063 1907 1196 1952 postea

250 1967 273 1991 a
294 1955 503 1992 Benedicto
524 1955 619 1993 XIV
641 1955 745 1993 inter
766 1955 906 1992 Beatos
926 1959 965 1993 et
986 1969 1008 1994 a
1024 1956 1196 1995 Clemen-

250 2013 288 2045 te
309 2009 406 2046 XIII
428 2009 530 2047 inter
549 2009 713 2047 Sanctos
734 2009 895 2046 relatus.
920 2009 1012 2048 Eius
1034 2011 1193 2049 Institu-

250 2065 352 2108 tum,
374 2064 486 2100 cuius
506 2063 600 2100 socii
633 2074 839 2112 progressu
867 2064 1054 2113 temporis
1075 2065 1192 2102 etiam

249 2115 391 2154 latinas
420 2120 460 2155 et
480 2117 569 2154 hinc
590 2118 677 2154 inde
697 2117 800 2165 ipsas
821 2116 1105 2166 philosophicas
1125 2119 1195 2157 lit-

248 2172 353 2207 teras
373 2171 584 2208 tradendas
617 2174 888 2217 susceperunt,
923 2183 991 2219 per
1025 2172 1194 2220 Italiam,

248 2223 433 2270 Siciliam,
454 2225 688 2268 Sardiniam,
718 2224 946 2273 Hispaniam
967 2228 1005 2263 ct
1026 2226 1192 2264 Germa-

250 2277 353 2314 niam
375 2282 634 2327 propagatum
655 2278 729 2315 fuit
744 2275 769 2315 ².

305 2331 482 2369 Alterius
512 2331 836 2381 Congregationis
866 2330 978 2369 initia
1008 2345 1069 2372 an.
1095 2335 1195 2372 1624

250 2385 413 2423 Parisiis
434 2387 562 2435 posuit
577 2398 605 2424 s.
618 2384 846 2423 Vincentius
862 2385 908 2421 de
925 2386 1060 2425 Paulo.
1076 2388 1112 2426 Is
1127 2390 1195 2426 Po—

250 2439 303 2476 dii
324 2451 399 2476 non
421 2440 554 2488 procul
575 2440 622 2477 ab
643 2439 766 2487 Aquis
786 2439 976 2477 Tarbellis
1007 2442 1044 2477 in
1066 2443 1193 2489 Aqui-

249 2494 357 2530 tania
378 2494 515 2531 humili
537 2506 680 2542 genere
703 2496 814 2529 natus
832 2504 893 2529 an.
912 2493 1022 2540 1570,
1043 2495 1194 2534 litteras

250 2547 438 2585 humanas
456 2548 589 2596 Aquis,
610 2546 846 2595 theologicas
864 2545 1027 2584 Tolosae
1049 2550 1192 2587 didicit.

249 2600 475 2639 Sacerdotio
510 2601 682 2639 initiatus
703 2613 791 2638 cum
813 2611 872 2636 an.
899 2599 999 2637 16οὖ
1020 2602 1194 2641 Massilia

250 2655 396 2692 rediret
416 2655 614 2701 Tolosam,
635 2667 658 2692 a
679 2654 963 2691 mahometanis
994 2655 1192 2706 intercep-

250 2712 314 2745 tus
331 2713 370 2745 et
390 2709 428 2746 in
458 2708 630 2746 Africam
664 2708 855 2745 abductus
884 2710 954 2744 est.
991 2708 1084 2747 Inde
1106 2723 1191 2748 cum

251 2762 403 2799 domino
425 2776 506 2808 suo,
526 2775 640 2812 quem
658 2763 704 2800 ad
722 2760 953 2799 catholicam
976 2762 1087 2800 Iidem
1109 2777 1194 2801 eon-

251 2819 438 2861 verterat,
459 2817 664 2865 aufugiens
685 2817 721 2853 in
745 2815 913 2852 Galliam
935 2815 1060 2853 rediit.
1082 2818 1192 2855 Anno

253 2869 353 2907 1610
373 2883 396 2907 a
417 2871 615 2907 Ludovico
650 2882 742 2916 rege
777 2868 871 2907 XIII
894 2868 1099 2916 primarius
1127 2885 1193 2909 sa-
1213 2894 1214 2899 =

250 2935 406 2960 crorum
428 2924 608 2962 minister
629 2925 666 2961 in
688 2923 840 2960 Galliae
861 2922 1086 2961 triremibus
1109 2938 1193 2962 con·
1213 2950 1214 2953 =

249 2977 422 3023 stitutus,
443 2990 593 3015 summo
614 2979 752 3015 ardore
769 2981 807 3015 et
824 2976 922 3012 mira
943 2977 1106 3015 caritate
1128 2980 1192 3016 du·

251 3043 336 3067 cum
358 3034 397 3068 ct
419 3033 611 3081 remigum
645 3032 763 3070 saluti
800 3030 1059 3070 adlaboravit.
1083 3034 1194 3070 Anno

291 3137 299 3157 ¹
320 3137 436 3168 Παῦε-γι
451 3139 488 3168 dn,
505 3139 611 3177 (herisi,
633 3137 688 3169 Via
704 3138 746 3168 du
766 3136 922 3172 cardinal
938 3138 975 3169 de
990 3138 1129 3177 Berulle,
1144 3141 1195 3170 Ρη-

252 3179 293 3209 ris
317 3179 405 3217 1151oe
424 3182 538 3220 nvn-01,
556 3180 636 3211 llist.
653 3180 704 3210 des
723 3181 814 3211 (Πάν.
836 3183 931 3221 reliq,

292 3222 305 3240 ’ὲ
323 3223 492 3253 ¹›ils-xandvr
509 3232 525 3252 :i
542 3224 759 3261 (lonceptiOiie,
782 3222 851 3253 Vua
866 3217 1031 3264 s.'l‹›seplzi
1048 3222 1194 3256 calasan-

252 3263 457 3303 clii3llcly01,
477 3265 531 3305 01).
549 3264 601 3296 cil.
620 3269 639 3295 ῑ.
658 3265 704 3303 lV,
720 3274 747 3303 p.
765 3264 834 3295 2¹81.

1233 290 1273 325 et
1292 288 1472 337 episcopo
1493 288 1707 326 Parisiensi
1726 301 1838 337 opem
1857 288 2184 335 ferentibUS,Pa-

1235 341 1338 378 risiis
1358 341 1529 379 instituit
1548 341 1900 391 Congregationem
1923 344 2184 389 sacerdotum,

1234 394 1298 443 qui
1310 407 1442 432 sacras
1455 395 1656 433 missiones
1677 407 1744 445 per
1765 396 1916 434 Galliae
1936 409 2055 446 pagos
2076 407 2183 434 exer-

1236 450 1381 486 cerent.
1406 449 1514 486 Hanc
1548 449 1782 487 Societatem
1821 461 1883 487 an.
1920 450 2024 488 1632
2051 450 2184 488 Urba-

1236 514 1308 539 nus
1328 502 1423 540 VIII
1444 503 1674 551 approbavit
1694 503 1762 540 sub
1783 503 1937 540 nomine
1958 504 2184 553 Congrega-

1234 555 1352 593 tionis
1372 555 1580 594 Missionis.
1601 557 1698 594 Eius
1719 556 1809 594 socii
1839 557 1958 594 etIam
1978 557 2071 595 dicti
2091 559 2183 595 sunt

1235 609 1473 656 Lazaristae,
1494 622 1615 658 quum
1637 609 1821 659 primaria
1841 622 1975 647 eorum
1992 611 2101 649 sedes
2118 622 2184 648 es-

1235 667 1294 700 set
1315 663 1417 712 apud
1453 664 1667 701 Ecclesiam
1688 675 1718 701 s.
1740 663 1892 701 Lazari.
1925 664 2053 702 Erant
2071 664 2098 702 ii
2119 676 2185 702 sa-

1235 717 1426 764 cerdotes,
1455 717 1523 765 qui
1553 719 1639 765 post
1668 717 1763 754 duos
1793 717 2034 766 probationis
2061 729 2186 755 annos

1235 770 1259 807 3
1288 776 1383 807 vota
1411 771 1629 808 monastica
1658 770 1887 819 simpliciter
1929 770 2187 818 emittebant,

1237 824 1459 873 praeposito
1475 836 1545 862 suo
1561 824 1704 861 sudeti
1717 824 1937 862 functiones
1951 836 2094 872 sacras,
2109 837 2185 862 non

1236 877 1310 914 nisi
1332 878 1634 916 concedentibus
1652 877 1852 927 episcopis,
1869 879 2124 924 exercebant,
2145 878 2185 915 in

1239 930 1345 980 pagis
1367 931 1570 969 missiones
1591 943 1723 969 sacras
1756 931 2011 970 instituentes
2028 961 2037 978 ,
2057 944 2184 982 popu-

1237 985 1318 1021 lum
1340 985 1463 1023 sacris
1482 986 1726 1023 sermonibus
1747 985 1998 1032 instruentes,
2019 986 2067 1024 ad
2089 998 2185 1035 poe-

1239 1038 1443 1076 nitentiam
1472 1041 1511 1077 et
1545 1039 1825 1077 confessionem
1860 1040 2100 1086 afficientes,
2120 1039 2186 1077 di-

1238 1092 1410 1129 scordias
1427 1096 1713 1142 componentes,
1730 1092 1866 1142 egenis
1882 1096 1999 1142 atque
2020 1093 2186 1131 infirmis
2238 1089 2241 1104 ²

1238 1146 1456 1184 subsidium
1494 1146 1724 1184 adferentes.
1766 1147 2034 1196 Susceperunt
2070 1147 2186 1185 etiam

1240 1200 1440 1237 missiones
1461 1201 1510 1238 ad
1531 1201 1826 1250 propagandum
1849 1200 2115 1249 Evangelium
2135 1201 2188 1238 in-

1238 1255 1298 1291 ter
1331 1253 1520 1300 infideles,
1541 1255 1768 1292 nominatim
1789 1255 1828 1291 in
1848 1254 1952 1292 Sinis
1971 1284 1981 1301 ,
2007 1255 2056 1292 ad
2077 1254 2184 1292 redi-

1238 1308 1401 1345 mendos
1430 1307 1671 1346 Christianos
1699 1320 1718 1345 e
1740 1308 1933 1346 servitute
1966 1308 2185 1357 piratarum

1239 1361 1514 1399 Africanorum
1531 1392 1540 1408 ,
1553 1363 1601 1399 ad
1630 1362 1850 1411 dirigendas
1866 1361 2127 1411 paedagogias
2147 1366 2187 1399 et

1240 1415 1637 1464 seminaria.Propter
1652 1415 1804 1453 labores
1817 1419 1898 1453 tam
1909 1415 2101 1453 salutares
2113 1427 2187 1452 non

1240 1471 1394 1507 tantum
1414 1481 1483 1517 per
1503 1469 1672 1507 Galliam
1686 1499 1695 1516 ,
1715 1470 1782 1507 sed
1803 1469 1921 1507 etiam
1942 1481 2010 1518 per
2030 1470 2187 1507 Sabau-

1241 1522 1345 1560 diam
1361 1553 1370 1569 ,
1392 1523 1712 1569 Pedemontium,
1734 1523 1911 1561 Genuam
1929 1552 1938 1569 ‚
1960 1523 2187 1573 Hispaniam

1242 1574 1414 1624 aliasque
1438 1580 1566 1614 terras
1587 1577 1793 1626 propagati
1813 1579 1905 1614 sunt
1925 1575 1950 1614 ¹.

1299 1630 1439 1668 Iisdem
1457 1631 1699 1680 temporibus
1715 1630 1818 1668 Ordo
1834 1643 1863 1668 s.
1881 1629 2081 1668 Benedicti
2099 1642 2190 1668 non-

1240 1683 1368 1721 nullas
1390 1683 1690 1722 reformationes
1711 1684 1842 1731 subiit,
1863 1696 1884 1722 e
1904 1683 2042 1733 quibus
2070 1696 2188 1733 prae-

1241 1738 1483 1776 stantissima
1517 1742 1576 1776 est
1595 1750 1641 1776 ea
1657 1768 1666 1784 ,
1687 1750 1804 1787 quam
1825 1750 1886 1776 an.
1912 1737 2012 1776 1618
2042 1737 2190 1787 aliquot

1241 1791 1390 1829 cordati
1411 1792 1523 1830 huius
1543 1792 1700 1830 Ordinis
1721 1791 1898 1829 monachi
1918 1791 1957 1829 in
1979 1791 2106 1829 Gallia
2126 1791 2188 1829 ef-

1241 1844 1420 1883 fecerunt
1434 1847 1504 1884 sub
1521 1846 1675 1884 nomine
1692 1845 2017 1896 Congregationis
2032 1857 2061 1884 s.
2079 1844 2190 1883 Mau-

1241 1899 1294 1945 ri,
1316 1911 1510 1949 quamque
1531 1901 1620 1938 RR.
1641 1899 1853 1938 Pontifices
1879 1899 2091 1948 Gregorius
2111 1898 2189 1937 XV

1239 1956 1279 1990 et
1299 1953 1482 1991 Urbanus
1496 1953 1593 1991 VIII
1607 1954 1886 2003 approbarunt.
1904 1953 1997 1991 Eius
2006 1952 2099 1991 socii
2114 1965 2189 1990 non

1238 2007 1363 2044 solum
1383 2007 1616 2045 accuratiori
1637 2007 1798 2053 regulae
1814 2019 1842 2045 s.
1859 2006 2059 2045 Benedicti
2078 2018 2188 2044 exer-

1238 2061 1330 2098 citio
1350 2066 1389 2099 et
1412 2061 1590 2110 propriae
1607 2060 1928 2110 perfectioni,sed
1948 2061 2066 2098 etiam
2086 2059 2187 2098 alio-

1239 2125 1325 2151 rum
1349 2115 1465 2152 saluti
1488 2115 1775 2164 promovendae
1796 2114 2089 2152 adlaborabant.
2110 2113 2188 2151 Alii

1238 2168 1277 2204 in
1298 2169 1379 2206 suis
1400 2168 1573 2206 ecclesiis
1594 2168 1772 2206 divinum
1794 2169 1957 2206 verbum
1990 2167 2187 2217 praedica·

1237 2222 1343 2268 bant,
1356 2222 1617 2260 confessiones
1632 2222 1896 2271 excipiebant,
1909 2221 2085 2270 aliasque
2105 2221 2186 2258 fun-

1239 2275 1385 2314 ctiones
1405 2287 1536 2314 sacras
1570 2276 1751 2323 obibant3
1773 2275 1839 2313 alii
1860 2276 1899 2312 in
1922 2274 2188 2325 paedagogiis,

1237 2341 1337 2377 quae
1354 2329 1393 2366 in
1410 2330 1488 2367 suis
1504 2330 1751 2368 monasteriis
1771 2329 1990 2379 erigebant,
2008 2329 2186 2376 iuvenes,

1236 2384 1445 2432 praecipue
1467 2383 1880 2430 nobiles,erudiebant;
1893 2382 1962 2421 alii
1983 2382 2021 2420 in
2042 2381 2188 2421 scholis

1237 2436 1484 2475 inferioribus
1500 2437 1685 2486 parvulos
1701 2438 1737 2474 in
1753 2436 1978 2474 litterarum
1994 2436 2188 2474 rudimen-

1238 2491 1304 2535 tis,
1326 2494 1396 2528 aut
1418 2491 1453 2527 in
1476 2490 1744 2540 superioribus
1783 2491 1993 2529 monachos
2025 2492 2187 2540 tyrones

1237 2544 1273 2580 in
1296 2544 1506 2593 disciplinis
1527 2544 1801 2594 philosophicis
1817 2547 1856 2582 et
1873 2544 2107 2594 theologicis
2123 2543 2189 2581 in·-

1236 2599 1451 2635 struebant.
1492 2598 1604 2635 Unde
1644 2599 1787 2636 multos
1820 2599 1927 2636 viros
1966 2597 2189 2636 eruditione

1235 2652 1523 2697 celeberrimos,
1544 2652 1589 2689 de
1611 2652 1776 2690 historia
1795 2652 1998 2690 litteraria
2013 2681 2023 2698 ,
2056 2647 2187 2689 ecclc-

1236 2705 1407 2752 siastica‚
1428 2706 1641 2755 patristiea,
1664 2706 1917 2755 diplomatica
1942 2706 2086 2755 optime
2106 2716 2189 2742 me-

1237 2759 1331 2797 ritos
1347 2760 1452 2796 inter
1468 2772 1507 2797 se
1524 2760 1760 2797 habuerunt.
1779 2760 1886 2802 Quae
1910 2759 2186 2797 MaurInorum

1236 2813 1366 2850 studia
1386 2813 1651 2851 Benedictinis
1680 2814 1718 2850 in
1749 2813 1878 2851 Gallia
1915 2813 2012 2851 adeo
2042 2813 2186 2862 proba-

1238 2867 1391 2912 bantur,
1413 2868 1455 2904 ut
1475 2867 1658 2916 pleraque
1689 2868 1827 2904 horum
1862 2867 2105 2905 monasteria
2134 2865 2190 2903 illi

1238 2920 1471 2958 reformatae
1501 2921 1804 2970 Congregationi
1826 2921 2065 2959 accederent
2083 2918 2109 2958 ².

1292 2974 1461 3011 Parisios
1496 2975 1615 3012 etiam
1649 2976 1718 3012 sub
1752 2974 1899 3013 saeculi
1933 2974 2048 3013 huius
2076 2973 2191 3012 initia

1279 3099 1287 3120 ¹
1307 3102 1421 3141 Helymi,
1441 3101 1515 3132 [list.
1534 3100 1587 3131 (les
1606 3100 1698 3133 (h'slr'.
1715 3101 1809 3142 reliq.

1277 3142 1289 3162 ‘²
1307 3145 1402 3179 lhid.;
1422 3144 1527 3175 Gallia
1551 3142 1747 3180 christiana,
1774 3149 1793 3175 t.
1812 3143 1899 3181 Vl11;
1918 3144 1956 3174 Le
1972 3140 2053 3180 Cerf,
2069 3141 2191 3174 Biblio-

1214 3198 1215 3202 =
1238 3183 1349 3225 lhe'qne
1375 3186 1446 3216 hist.
1465 3188 1495 3216 el
1519 3186 1593 3216 crit.
1611 3185 1664 3215 des
1686 3189 1820 3216 auteurs
1836 3185 1874 3216 de
1897 3185 1928 3216 la
1951 3183 2191 3225 Conqreyalion

1237 3225 1311 3298 ‹loix-I.
1331 3226 1438 3264 J!‹111r;
1457 3228 1577 3264 iussin,
1595 3225 1675 3259 msc.
1695 3227 1753 3259 [ιιι.
1773 3226 1811 3259 de
1834 3227 1865 3258 la
1885 3225 2123 3267 Conqreyauon
2153 3224 2192 3257 de

1237 3278 1259 3298 S.
1279 3290 1284 3299 A
1311 3276 1383 3298 dur.
