2241 3473
545 216 672 247 VSQVE
701 216 754 243 AD
784 214 982 242 Excmlvm
1010 215 1168 243 IMPERII
1198 216 1478 243 OCCIDENTALIS

37 291 132 330 que,
152 277 269 316 sicuti
290 276 436 326 legitur
456 278 495 315 in
525 277 642 316 Libro
672 276 909 323 Pontificali,
940 282 988 314 ut

40 335 156 371 intra
175 332 376 368 actionem
398 330 608 380 Sacre'fiez'e'
626 331 835 368 diceretur
853 341 874 367 ‹<
895 341 986 366 san-

37 387 142 422 ctum
164 383 424 428 Sacrificium,
443 383 730 420 immacolatam
745 382 910 419 hostiam
930 380 986 417 ¹».

89 436 150 474 89.
175 436 523 473 ,Manichaeorum
540 434 876 483 de'lapsz'o-Idem
894 434 990 470 Pon-

35 488 136 527 tifex
158 488 300 525 multos
328 488 589 532 Manichacos,
609 487 676 535 qui
697 498 743 523 ex
766 486 901 523 Africa
916 486 991 522 Ro-

37 552 141 579 mam
162 540 439 588 confugerant,
463 541 511 577 ad
542 539 771 577 eiurandam
800 538 989 575 haeresim

39 593 223 643 perduxit
253 592 574 630 Manichaeorum
605 594 737 637 secta,
767 590 990 628 faventibus

39 645 336 683 Donatistarum
358 647 397 681 et
426 644 662 682 Arianorum
695 644 842 688 turbis,
872 642 992 691 priori

38 698 182 736 saeculi
207 697 260 734 IV
282 700 392 746 parte
410 697 595 734 latissime
616 708 657 733 se
679 707 746 744 per
767 696 990 732 Romanum

38 750 246 799 imperium
271 750 572 798 propagaverat,
588 749 684 786 adeo
707 750 750 785 ut
767 748 805 784 in
821 748 995 795 Mesopo·

38 802 174 848 tamia,
197 803 329 851 Syria,
351 801 593 846 Palaestina,
614 803 795 849 Aegypto
809 830 818 846 ,
838 799 970 837 Africa
985 828 994 845 ,

42 854 171 900 Italia,
181 854 308 891 Gallia
318 856 356 890 et
367 853 566 902 Hispania,
576 854 742 890 durante
752 853 825 889 hac
835 852 994 901 epocha,

42 907 365 945 Manichaeorum
388 909 524 942 coetus
550 906 772 943 existerent.
790 908 902 942 Anno
918 904 995 941 372

39 959 343 996 Valentinianus
356 958 371 995 1
388 958 602 1007 imperator
618 957 840 995 Occidentis
853 957 995 1005 aliique

40 1011 222 1060 deinceps
244 1012 502 1060 imperatores
523 1012 711 1048 adversus
740 1009 995 1047 Manichaeo-

41 1075 127 1101 rum
147 1067 312 1110 sectam,
334 1064 447 1101 cuius
466 1064 610 1112 placita
630 1065 669 1100 et
689 1062 840 1111 flagitia
860 1062 994 1109 reipu-

41 1116 167 1154 blicae
186 1119 275 1154 tam
296 1116 401 1152 civili
431 1127 550 1164 quam
571 1115 857 1153 ecclesiasticae
887 1117 999 1151 erant

46 1170 286 1219 perniciosa,
306 1180 462 1206 severas
496 1169 604 1217 leges
632 1168 851 1204 ediderunt.
881 1166 996 1204 Multi

48 1223 251 1271 praeterea
260 1221 467 1270 scriptores
476 1220 725 1258 ecclesiastici
732 1250 741 1266 ,
750 1220 902 1257 Marius
911 1219 998 1256 Vic-

42 1274 206 1320 torinus,
218 1274 330 1311 Titus
346 1274 548 1322 episcopus
565 1272 797 1317 Bostrensis‚
809 1272 997 1320 Didymus

44 1326 344 1372 Alexandrinus,
359 1326 592 1375 praesertim
607 1338 636 1363 s.
649 1326 893 1373 Augustinus
906 1324 997 1361 alii-

45 1391 141 1428 que,
161 1378 480 1416 Manichaeorum
505 1379 702 1416 doctrinas
732 1377 996 1414 confutarunt.

45 1432 125 1469 Per
138 1432 234 1469 haec
249 1432 378 1469 omnia
393 1432 578 1470 effectum
597 1435 669 1477 est,
683 1432 727 1468 ut
742 1430 1000 1468 sectariorum

45 1496 232 1522 numerus
252 1484 395 1533 passim
415 1485 669 1522 minueretur.
691 1483 880 1520 Vandalis
901 1481 1000 1519 Afri·

46 1548 132 1574 cam
152 1537 433 1585 occupantibus
447 1567 456 1583 ,
475 1536 697 1575 Manichaei
718 1536 806 1572 inde
833 1534 999 1583 aufuge-

46 1592 163 1626 runt:
198 1589 324 1635 multi,
354 1590 502 1627 Romae
531 1590 778 1638 praesertim,
808 1588 1001 1625 haeresim

51 1642 298 1688 abiurarunt3
319 1647 358 1678 et
378 1654 466 1680 cum
484 1642 623 1690 reliqui
638 1642 676 1679 in
694 1641 855 1690 imperio
871 1652 1004 1677 secun-

49 1694 142 1732 dum
163 1694 381 1744 principum
412 1696 519 1744 leges
547 1695 872 1742 reprimerentur,
897 1694 1003 1729 secta

48 1747 104 1784 ita
124 1747 317 1784 diminuta
339 1750 420 1795 est,
442 1752 484 1786 ut
512 1747 616 1784 circa
634 1747 752 1784 finem
773 1745 918 1783 saeculi
946 1745 1001 1783 VI

49 1799 199 1848 dilapsa
227 1799 288 1837 sit.
322 1799 468 1838 Postea
495 1811 648 1846 rursus,
681 1802 726 1836 ut
764 1798 1002 1844 videbimus,

50 1863 140 1889 eum
160 1852 313 1901 placitis
334 1852 596 1891 diversimode
617 1851 782 1889 mutatis
798 1853 838 1887 et
852 1851 925 1888 sub
942 1862 1006 1887 no-

51 1904 112 1942 vis
133 1904 370 1949 nominibuS,
390 1906 428 1942 in
449 1906 577 1942 lucem
596 1905 755 1941 emersit
775 1903 801 1941 2.

107 1956 171 1994 90.
195 1957 235 1994 S.
263 1955 418 2005 Cyrilli
443 1957 732 1995 Alexandrini
759 1957 891 1993 obitus
921 1954 1005 2005 (an.

52 2008 146 2059 444)
163 2009 263 2046 —S.
285 2011 415 2048 Leone
443 2010 714 2059 pontificatum
748 2010 922 2057 gerente,
944 2019 1004 2044 an.

53 2062 131 2098 444
151 2062 199 2099 ad
219 2062 481 2100 immortalem
503 2063 629 2099 vitam
647 2062 807 2099 transiit
823 2073 851 2098 s.
874 2060 1005 2108 Cyril-

54 2112 136 2160 lus,
155 2114 384 2162 patriarcha
414 2115 727 2160 Alexandrinus,
756 2114 819 2150 vir
847 2115 1006 2150 sanctus

54 2166 171 2204 simul
198 2169 238 2204 et
266 2169 456 2214 eruditus,
477 2167 692 2205 catholicae
720 2166 811 2203 fidei
831 2165 1007 2203 defensor

59 2218 258 2269 egregius,
277 2222 317 2257 et
337 2222 560 2266 haeresum,
580 2219 788 2269 praecipue
817 2218 1008 2256 nestoria-

57 2282 149 2318 nae,
177 2272 394 2312 debellator
414 2274 627 2311 acerrimus
643 2271 669 2310 ³.
691 2272 813 2309 Plura
849 2270 1009 2318 reliquit

58 2377 119 2408 cita
149 2380 346 2418 usurpatione
372 2377 537 2415 committi,
559 2376 659 2407 modis
686 2374 827 2406 omnibus
855 2373 1009 2405 constituo

60 2418 248 2455 submoveri,
266 2429 303 2450 ne
318 2418 466 2449 videlicet
483 2419 520 2449 de
537 2418 730 2456 singulorum
746 2419 945 2455 peccatorum
961 2423 1011 2454 ge-

59 2467 144 2497 nere,
160 2459 266 2490 libello
283 2461 400 2498 scripta
416 2460 569 2498 professio
585 2458 774 2497 publicetur:
792 2466 871 2486 carn
886 2460 1012 2486 reatus

59 2499 360 2531 conscientiarum
368 2500 520 2540 sufficiat
532 2500 616 2530 solis
627 2498 864 2529 sacerdotibus
875 2497 1012 2527 indica-

59 2549 100 2570 re
115 2541 327 2579 confessione
341 2547 476 2571 secreta
491 2552 518 2571 ι).
532 2542 573 2570 Ex
590 2549 650 2579 quo
667 2542 753 2578 patet
765 2537 877 2568 salsum
894 2537 1011 2575 profari

62 2589 127 2617 eos,
140 2582 191 2620 qui
206 2586 348 2612 asserunt
360 2583 468 2620 primis
484 2586 616 2621 quatuor
629 2580 786 2610 Ecclesiae
799 2578 931 2609 saeculis
945 2587 1013 2608 con-

62 2623 203 2652 suevisse
218 2621 323 2652 fideles
336 2623 530 2653 consessione
545 2621 667 2660 publica
680 2620 871 2650 manifestari
885 2623 1012 2657 peccata

61 2662 205 2692 mortalia
222 2664 314 2693 etiam
327 2663 464 2700 occulta;
477 2662 630 2702 siquidem
643 2670 667 2692 s,
683 2663 740 2691 Leo
755 2660 930 2690 huiusmodi
945 2668 1014 2689 con-

63 2702 229 2733 fessionem
255 2712 314 2733 uon
331 2703 527 2742 abrogasset,
544 2707 575 2733 ut
590 2701 912 2741 praesumptionem
930 2702 1014 2739 Apo-

64 2743 193 2774 stolicae
216 2743 342 2784 regulae
366 2744 564 2782 contrariam,
585 2745 612 2774 31
635 2743 742 2782 primis
759 2742 803 2772 rei
821 2741 1013 2772 Christianae

65 2784 198 2814 saeculis
215 2784 244 2814 in
262 2793 320 2814 usu
336 2784 453 2814 fuisset.

104 2823 116 2844 ¹
133 2825 225 2855 Recte
241 2825 374 2855 advertit
390 2824 478 2854 Card.
491 2825 586 2861 Bona,
598 2825 681 2855 Rer.
696 2823 834 2863 Liturq.
846 2823 864 2853 l.
879 2823 913 2859 11,
926 2832 951 2853 c.
966 2821 1014 2860 13,

65 2862 82 2904 β,
97 2864 126 2902 3,
141 2874 201 2896 non
218 2869 312 2895 totam
329 2866 500 2895 orationem
518 2865 571 2895 sed
587 2868 703 2895 tantum
717 2871 873 2903 postrema
886 2863 938 2893 illa
951 2872 1016 2893 ver-

66 2905 105 2935 ba
120 2914 143 2936 s.
159 2907 289 2936 Leonem
306 2906 421 2936 Canoni
435 2905 600 2935 addidisse.
614 2905 689 2935 Nam
703 2906 817 2936 Auctor
831 2904 1012 2937 Quaestio-

67 2954 154 2976 num
176 2947 365 2985 utriusque
393 2945 617 2982 Testamenti,
640 2946 691 2984 qui
708 2945 762 2976 fuit
779 2955 804 2976 s.
821 2947 920 2975 Leone
936 2946 1017 2974 anti-

69 2987 168 3025 quior,
191 2987 289 3026 ipsius
313 2988 462 3017 orationis
479 2987 663 3016 mentionem
679 2986 758 3016 fecit.
777 2985 863 3023 Quod
879 2987 903 3015 si
920 2986 1017 3015 resci-

69 3027 165 3057 visset
192 3028 343 3058 Pamelius
370 3036 485 3066 anceps
512 3027 595 3057 haud
618 3026 726 3056 fuisset
749 3026 1018 3065 Lituryicorum

1855 206 1930 244 133

1027 291 1144 328 opera
1164 279 1409 326 homiletica,
1436 279 1662 329 exegetica,
1691 280 1916 328 dogmatica
1943 283 1983 318 et

1027 332 1214 378 polemica
1227 362 1236 378 ,
1258 333 1360 371 iuter
1379 344 1480 381 quae
1502 333 1712 381 praecipua
1729 335 1822 370 sunt
1837 363 1846 379 ,
1866 332 1982 370 Com-

1030 386 1210 422 mentarii
1232 386 1269 421 in
1291 398 1318 423 s.
1341 385 1609 434 Scripturam,
1630 385 1824 423 Homiliae
1841 415 1851 432 ,
1870 388 1982 422 trac-

1030 439 1134 474 tatus
1155 438 1199 474 de
1219 449 1266 474 ss.
1289 438 1483 475 Trinitate
1505 441 1641 476 contra
1661 438 1850 484 Arianos,
1870 440 1982 475 trac-

1030 490 1135 526 tatus
1152 491 1197 526 de
1215 490 1485 527 lucarnatione
1501 494 1540 528 et
1551 490 1880 528 Anathematismi
1896 501 1983 527 con-

1030 543 1093 577 tra
1113 540 1352 587 Nestorium,
1374 546 1490 590 atque
1511 543 1600 580 libri
1623 543 1671 580 10
1691 544 1880 581 adversus
1908 543 1978 580 Iu-

1032 593 1178 630 lianum
1200 599 1418 642 apostatam
1443 594 1466 633 ¹.

1085 646 1148 684 91.
1166 646 1206 684 S.
1220 647 1406 684 Isidorus
1426 648 1697 686 etalii—Cum
1715 660 1743 686 s.
1758 648 1905 696 Cyrillo
1922 647 1987 694 fio,

1035 701 1201 735 ruerunt
1238 711 1266 736 s.
1298 699 1470 736 Isidorus
1508 701 1730 746 Pelusiota,
1759 701 1989 738 monachus-

1035 751 1144 788 cuius
1170 754 1379 799 supersunt
1405 752 1492 789 libri
1522 754 1546 791 5
1586 753 1850 801 Epistularum
1882 751 1918 800 ²3
1956 765 1988 790 s.

1036 803 1191 849 Petrus,
1204 807 1361 852 propter
1372 805 1612 852 eloquentiae
1625 805 1899 853 praestantiam
1914 806 1990 842 dic-

1034 859 1100 893 tus
1130 856 1407 904 chrysologus,
1434 858 1637 906 episcopus
1661 858 1990 902 Ravennatensis‚

1037 908 1101 956 qui
1121 909 1273 956 scripsit
1302 909 1506 947 Sermones
1531 910 1604 947 176
1625 912 1664 946 et
1692 910 1908 958 Epistolam
1937 911 1987 947 ad

1037 961 1352 998 haeresiarcham
1382 962 1656 1011 Eutychetem,
1694 974 1772 1010 qua
1805 963 1908 999 hunc
1937 963 1988 1000 ad

1037 1013 1239 1050 meliorem
1261 1017 1431 1052 mentem
1458 1026 1644 1052 revocare
1675 1017 1837 1051 conatus
1867 1018 1927 1052 est
1955 1014 1990 1061 ³3

1038 1078 1066 1103 s.
1086 1066 1311 1112 Eucherius,
1329 1079 1349 1103 6
1366 1069 1551 1105 monacho
1569 1067 1770 1104 Leriuensi
1787 1067 1987 1115 episcopus

1038 1119 1334 1166 Lugdunensis,
1364 1120 1429 1168 qui
1459 1124 1615 1168 praeter
1634 1120 1752 1156 libros
1781 1119 1826 1155 de
1855 1119 1989 1156 mundi

1039 1174 1327 1220 contemptu,et
1346 1173 1465 1209 eremi
1486 1173 1619 1217 laude,
1635 1172 1825 1219 quaedam
1845 1172 1989 1220 scripta

1038 1224 1241 1272 exegetica
1261 1224 1424 1273 reliquit
1443 1225 1479 1271 4;
1499 1237 1527 1263 3.
1556 1224 1755 1268 Hilarius,
1786 1224 1987 1272 episcopus

1041 1277 1281 1314 Arelatensis
1295 1307 1303 1323 ,
1324 1278 1392 1325 qui
1413 1281 1571 1327 praeter
1593 1277 1717 1314 vitam
1737 1288 1766 1314 s.
1798 1276 1990 1314 Honorati

1041 1329 1194 1377 scripsit
1206 1329 1396 1367 Homilias
1414 1331 1558 1376 varias,
1575 1330 1859 1378 expositionem
1874 1330 1994 1377 Sym-

1041 1381 1138 1427 boli,
1160 1382 1355 1430 Epistolas
1383 1385 1422 1421 et
1452 1383 1635 1421 Carmina
1664 1382 1700 1429 5;
1731 1394 1760 1419 S.
1782 1381 1994 1428 Maximus,

1041 1435 1517 1483 episcopusTaurinensis,
1538 1436 1669 1484 plures
1695 1435 1895 1483 elegantes
1916 1434 1997 1471 Ho-

1043 1487 1168 1524 milias
1188 1489 1407 1536 composuit
1421 1486 1449 1534 6;
1471 1489 1618 1526 Paulus
1630 1488 1803 1533 Orosius,
1824 1487 1990 1536 presby-

1043 1544 1104 1576 ter
1133 1539 1455 1586 Tarraconensis,
1481 1547 1640 1590 praeter
1673 1541 1794 1578 libros
1816 1541 1863 1577 de
1895 1539 1988 1576 Pri-

1044 1592 1364 1630 scillianistarum
1394 1598 1434 1630 et
1454 1594 1767 1642 Origenistarum
1797 1592 1994 1630 erroribus

1045 1647 1084 1681 et
1104 1646 1150 1682 de
1170 1645 1291 1682 libero
1312 1646 1475 1683 arbitrio
1505 1648 1641 1684 contra
1660 1645 1906 1694 Pelagianos,
1921 1644 1995 1682 edi-

1045 1697 1102 1734 dit
1130 1698 1393 1735 Historiarum
1425 1699 1545 1736 libros
1573 1700 1598 1735 7
1620 1711 1642 1735 a
1672 1699 1814 1735 mundo
1843 1697 1998 1734 condito

1046 1762 1166 1798 usque
1183 1751 1230 1787 ad
1247 1763 1395 1788 annum
1410 1754 1496 1799 post
1516 1752 1713 1789 Christum
1732 1753 1867 1787 natum
1884 1750 1961 1786 416
1971 1747 1999 1795 ⁷3

1046 1803 1197 1840 Marius
1227 1804 1438 1850 Mercator,
1456 1804 1521 1852 qui
1542 1806 1678 1840 contra
1705 1802 1938 1840 Caelestium
1962 1805 2002 1838 et

1048 1855 1242 1892 Iulianum
1270 1857 1518 1904 pelagianos,
1541 1860 1580 1893 et
1608 1858 1743 1892 contra
1767 1855 1998 1892 Nestorium

1046 1909 1187 1956 scripto
1205 1910 1373 1946 certavit
1388 1907 1415 1955 8;
1432 1910 1624 1953 Socrates,
1639 1907 1768 1956 patria
1779 1907 1858 1956 Cp.,
1870 1906 1999 1943 dictus

1047 1961 1322 2006 scholasticus,
1334 1962 1489 2009 scripsit
1500 1961 1697 1999 Historiae
1713 1958 2000 1996 ecclesiasticae

1048 2013 1166 2050 libros
1186 2014 1211 2050 7
1231 2015 1279 2051 ab
1300 2026 1361 2051 an.
1383 2014 1460 2051 306
1483 2026 1604 2062 usque
1633 2015 1680 2050 ad
1702 2012 1801 2058 4393
1818 2011 1999 2049 Hermias

1049 2066 1296 2112 Sozomenus,
1318 2067 1518 2113 Gazensis,
1535 2066 1748 2104 Historiam
1764 2063 2002 2101 ecclesiasti-

1048 2130 1132 2155 cam
1154 2119 1364 2156 adornavit
1392 2121 1440 2156 ab
1471 2132 1531 2157 an.
1561 2119 1639 2156 323
1669 2129 1788 2166 usque
1818 2117 1867 2154 ad
1896 2116 1996 2161 4393

1049 2171 1337 2217 Theodoretus,
1366 2173 1569 2221 episcopus
1587 2171 1797 2219 Cyrensis,
1825 2169 1892 2218 qui
1922 2168 2000 2205 ali-

1049 2225 1219 2272 quandiu
1257 2224 1439 2262 Nestorio
1475 2225 1763 2273 patrocinatus,
1793 2223 1931 2260 deinde
1965 2221 2004 2258 ei

1090 2371 1102 2392 ¹
1119 2371 1273 2409 Bolland„
1298 2373 1379 2403 Acta
1401 2370 1454 2403 SS.
1479 2371 1518 2402 ⁶28
1535 2372 1612 2410 ian.;
1635 2372 1806 2409 Tillemont‚
1825 2369 2000 2409 llle'moires¹

1050 2416 1070 2444 t.
1087 2414 1160 2443 XlV.
1179 2413 1282 2451 Opera
1297 2422 1319 2443 s.
1335 2413 1436 2452 Cyrilli
1454 2421 1567 2452 graece
1581 2416 1610 2443 et
1623 2413 1716 2443 latine
1730 2413 1824 2442 edidit
1841 2413 1862 2442 1.
1877 2411 2001 2449 Aubert,

1052 2455 1146 2484 Paris.
1173 2453 1261 2491 1638,
1287 2454 1305 2483 6
1328 2457 1349 2485 t.
1371 2455 1491 2491 in-t‘ol.;
1516 2454 1601 2484 card.
1628 2455 1711 2491 Mai,
1740 2453 1910 2491 Scriptor.
1935 2457 1998 2482 vet.

1052 2498 1072 2526 t.
1083 2496 1148 2542 yll,
1166 2495 1214 2531 lx,
1228 2494 1334 2534 Spica.
1348 2494 1482 2525 Roman.
1499 2499 1516 2525 t.
1534 2496 1581 2531 IV,
1599 2496 1632 2531 V,
1650 2496 1696 2529 VI,
1711 2494 1810 2524 Class.
1827 2497 1908 2525 auct.
1928 2496 1946 2524 t.
1965 2493 2000 2531 X;

1052 2537 1175 2620 Migtffdl
1180 2535 1235 2606 gt?
1234 2542 1251 2606 (1
1256 2536 1490 2613 :offpiaygcgecli
1503 2537 1585 2607 16111ῐὲ
1589 2537 1603 2613 ἶ
1613 2535 1801 2611 ITIi-lpgnxjirlllti
1808 2574 2006 2614 Mdmoires,

1052 2620 1073 2648 t.
1090 2619 1149 2648 XV.
1167 2616 1322 2656 Epistulae
1339 2618 1404 2647 eius
1422 2617 1602 2656 prodierunt
1618 2625 1730 2656 graece
1744 2619 1773 2645 et
1787 2616 1890 2654 latine,
1905 2616 2005 2646 Paris.

1059 2657 1149 2695 163&
1167 2659 1278 2697 Migne,
1297 2658 1357 2688 loc.
1373 2658 1425 2689 cit.
1443 2662 1460 2688 t.
1479 2659 1632 2688 LXXVIII.

1094 2700 1107 2720 3
1124 2700 1243 2736 Butler,
1266 2699 1344 2729 Vies
1370 2699 1411 2729 de
1439 2699 1497 2729 SS.
1522 2698 1541 2728 4
1567 2699 1648 2733 dec.;
1677 2697 1815 2735 Ceillier,
1843 2697 2006 2728 Biblioth.

1054 2744 1072 2772 t.
1090 2741 1163 2778 XIV,
1186 2749 1213 2779 p.
1239 2740 1285 2769 11.
1303 2741 1405 2778 Opera
1421 2749 1443 2769 s.
1462 2740 1540 2769 Petri
1558 2738 1691 2777 Chrysol.
1711 2737 1795 2768 edita
1818 2743 1889 2768 sunt
1904 2739 2007 2768 Venet.

1055 2781 1144 2853 1750,
1169 2785 1197 2811 et
1220 2781 1349 2851 Alqgust.
1366 2780 1452 2810 Vind.
1472 2779 1560 2817 1758,
1584 2780 1698 2817 iri-foi,
1725 2778 1849 2818 Migne,
1872 2778 2008 2810 Patrol.

1068 2823 1169 2858 acin„
1187 2826 1204 2851 t.
1218 2823 1238 2851 L
1267 2846 1272 2851 .

1096 2863 1109 2885 4
1126 2863 1239 2898 Butler,
1253 2861 1324 2892 ibid.
1340 2860 1375 2891 16
1392 2869 1472 2898 nov.;
1488 2860 1659 2896 Tillemont‚
1672 2859 1744 2890 ibid.
1762 2861 1889 2891 Exstant
1905 2859 2011 2900 Opera

1056 2905 1122 2935 eius
1139 2904 1169 2933 in
1186 2900 1665 2940 BimMax.PRLugdunM‘n
1682 2901 1794 2940 migne,
1815 2900 1929 2932 loccit.
1940 2905 1959 2931 t.
1976 2902 2006 2932 L.

1097 2945 1110 2967 5
1127 2944 1276 2980 Bouana,
1293 2943 1376 2973 Acca
1393 2941 1477 2972 5315
1490 2942 1559 2972 mai.
1574 2942 1675 2980 Opera
1688 2942 1754 2972 eius
1768 2941 1853 2972 edita
1866 2945 1936 2972 sunt
1949 2942 2011 2971 Ro·

1057 2994 1125 3016 mae
1142 2984 1232 3019 1731,
1249 2983 1325 3019 1η-8;
1344 2984 1453 3022 Migne,
1472 2981 1528 3011 loc.
1547 2982 1599 3013 cit.

1099 3027 1113 3048 6
1132 3024 1280 3060 Bouana,
1304 3022 1375 3053 ibid.
1392 3022 1432 3052 25
1449 3024 1510 3054 iun.
1527 3022 1627 3061 Opera
1644 3023 1710 3053 eius
1734 3023 1816 3053 edita
1838 3026 1909 3054 sunt
1924 3023 2012 3054 Rom.

68 3069 91 3098 t.
107 3067 129 3106 1,
143 3068 173 3098 in
189 3068 364 3098 definiendo
391 3071 489 3098 utrum
517 3076 553 3097 ea
585 3067 651 3096 sola
674 3067 779 3105 verba,
803 3075 842 3096 an
866 3068 1019 3106 integram
1061 3066 1150 3103 1781,
1167 3065 1284 3099 in-fol.;
1301 3064 1412 3102 Migne,
1429 3063 1484 3093 loc.
1502 3063 1556 3094 cic.
1572 3069 1589 3093 t.
1609 3064 1691 3094 LVll.

74 3108 244 3139 orationem
260 3110 319 3139 Leo
336 3110 445 3139 canoni
464 3108 626 3138 addiderit.

1101 3107 1115 3128 7
1134 3105 1228 3145 Lugd.
1246 3106 1351 3135 Batav.
1367 3103 1460 3141 1738,
1476 3107 1505 3133 et
1521 3104 1549 3133 in
1571 3103 1653 3135 Bibl.
1676 3103 1767 3134 Max.
1785 3103 1852 3135 PP.
1871 3103 2011 3144 Lugdun.

112 3146 128 3168 Ἰ
141 3147 311 3187 Tillemont,
334 3149 532 3186 Me'moires,
556 3151 576 3179 t.
598 3149 647 3183 IV;
666 3148 695 3176 L.
713 3147 863 3186 Alticotti,
880 3147 967 3179 Diss.
983 3149 1023 3179 de
1062 3151 1082 3178 t.
1100 3147 1145 3183 vt;
1163 3147 1274 3185 Migne,
1291 3145 1347 3174 loc.
1364 3144 1416 3175 cit.
1433 3148 1451 3174 t.
1469 3145 1570 3175 XXXI.

71 3188 227 3261 anatiffhet
241 3190 466 3262 nqgollhffiiglh.
484 3191 597 3221 nomae
614 3186 702 3225 1763,
719 3187 794 3219 iil-1».

166 3239 176 3261 1
201 3253 208 3261 .
221 3239 251 3270 p.
344 3240 359 3262 6
452 3255 459 3262 .

1105 3188 1118 3209 8
1135 3188 1236 3224 Opera
1252 3186 1317 3216 eius
1330 3184 1424 3215 edidit
1436 3186 1468 3216 R.
1486 3186 1516 3215 P.
1531 3185 1671 3225 Garnier,
1686 3186 1781 3216 Paris.
1797 3183 1891 3222 1673,
1905 3185 2011 3223 in-sol.;

1068 3227 1218 3259 Galland..
1234 3226 1316 3257 Bibl.
1335 3225 1401 3257 PP.
1419 3229 1435 3256 t.
1454 3226 1524 3264 vt113
1539 3226 1651 3266 Migue,
1669 3227 1728 3258 loc.
1742 3226 1793 3258 cit.
1810 3229 1830 3256 t.
1847 3226 1970 3260 XLVllI.
