2241 3473
1871 141 1948 179 207

1061 217 1317 265 Francorum,
1329 218 1382 256 uti
1396 217 1566 256 diximus
1578 215 1603 263 ¹,
1616 216 1711 254 obiit
1723 215 1878 254 an.768.
1887 215 2003 254 Morti

1062 271 1260 319 proximus
1286 283 1306 308 ο
1327 282 1529 320 procerum
1550 272 1590 308 et
1619 269 1889 319 episcoporum
1909 281 2004 306 con-

700 155 824 186 &SQVE
854 155 904 182 AD
933 154 1122 181 AETATEM
1152 154 1365 181 cAROLlnL

75 234 159 261 rem
179 223 355 266 duceret,
375 232 471 258 nevo
492 231 661 257 sororem
678 231 786 258 suam
801 219 962 257 Gisilam
979 219 1019 256 fi-

77 276 128 314 lio
146 273 336 313 Desiderii
354 274 390 310 in
405 273 690 311 matrimonium
703 273 903 311 traderent
912 273 932 310 ¹.
945 272 1018 310 Sed

75 327 246 366 amicitia
262 356 272 372 ‚
303 338 402 375 quae
437 327 537 364 inter
572 326 813 364 Desiderium
843 328 882 362 ct
909 336 1020 373 reges
1038 330 1041 356 t
1062 336 1173 361 sensu
1196 336 1360 373 rognum
1380 324 1482 362 inter
1502 325 1599 361 duos
1618 322 1717 360 filios
1731 333 1822 360 suos
1837 322 1892 360 ita
1905 322 2005 360 divi-

76 381 322 419 Francorum
352 384 443 417 tunc
469 380 682 425 existebat,
702 379 901 424 obstabat,
923 389 1019 426 quo·
1062 377 1124 422 sit,
1135 379 1176 414 ut
1189 377 1348 415 Carolus
1364 377 1622 422 Austrasiam,
1638 374 1877 422 Neustriam‚
1894 375 2003 413 Thu-

76 433 200 472 minus
220 433 258 470 hi
282 432 479 470 pontificis
501 433 700 481 praecibus
720 431 893 468 facerent
913 431 1017 468 satis.
1064 429 1227 477 ringiam
1247 459 1256 474 ‚
1285 430 1493 467 Bavariam
1522 433 1562 467 et
1588 432 1739 478 partem
1760 428 2005 478 Aquitaniae,

75 486 216 524 Contra
254 485 417 523 Carolus
435 515 444 529 ,
474 498 547 522 non
586 484 828 522 obstantibus
865 483 1020 521 monitis
1039 490 1040 502 ¹
1063 482 1375 520 Carolomannus
1392 483 1562 530 reliquas
1574 481 1792 530 provincias
1802 481 2005 531 acciperet.

74 538 288 583 pontificis,
306 551 367 576 an.
389 539 466 576 770
495 537 786 580 Himiltrudem‚
805 535 1019 583 legitimam
1063 534 1192 575 Quum
1214 535 1526 573 Carolomannus
1545 547 1604 572 an.
1621 535 1694 572 771
1713 535 1882 581 obiisset,
1897 534 2006 584 regni

71 592 288 640 coniugem,
310 591 542 640 repudiavit,
571 594 610 628 et
629 589 750 638 filiam
771 588 957 626 Desiderii
978 589 1017 624 in
1063 587 1144 624 eius
1161 599 1336 636 proceres
1361 587 1614 625 ecclesiastici
1635 590 1675 625 ct
1693 587 1781 626 laici
1801 587 1872 626 sibi
1888 587 2007 636 elege-

74 656 236 682 uxorem
257 646 416 693 accepit,
433 645 498 682 sed
517 655 616 681 anno
629 644 814 690 sequente
827 641 926 679 hanc
938 641 1021 678 abe·
1062 643 1153 676 runt
1164 640 1360 686 Carolum,
1373 640 1451 678 iam
1465 640 1703 687 Austrasiae,
1716 641 1937 690 regem,qui
1952 641 2007 678 sic

72 698 156 746 git,
186 700 225 735 et
257 698 364 735 illam
393 698 431 734 in
461 695 646 745 palatium
675 694 887 732 revocavit.
917 694 1021 732 Obiit
1064 692 1246 730 universa
1258 693 1502 731 Francorum
1515 692 2007 743 ditionesoluspotitusest.

73 751 294 799 Stephanus
315 751 368 787 III
397 749 576 786 kalendis
605 748 790 786 februarii
811 759 872 785 an.
894 747 982 784 772.

1063 746 1122 782 Ab
1143 745 1226 783 eius
1246 747 1383 783 aetate
1396 775 1405 792 ,
1430 747 1561 795 utpote
1581 746 1694 784 rebus
1714 747 1896 785 maximis
1915 747 2006 785 illu-

127 803 189 841 81.
225 803 360 840 Obitus
389 803 539 850 Pe'pz'nz'
570 803 739 851 reqz's—
757 801 914 850 Pipinus
948 811 1016 837 rex
1061 799 1144 845 stri,
1166 810 1306 836 novam
1334 800 1519 848 epocham
1539 799 1794 848 auspicamur.

119 909 126 930 ¹
146 908 257 946 Labbe,
273 907 330 940 loc.
347 907 397 938 cit.
416 917 443 947 p.
464 906 552 938 1716.

1095 904 1113 953 <¹
1132 904 1197 935 vid.
1215 914 1242 944 p.
1256 904 1327 936 206.

485 1170 913 1259 HISTORIAE
957 1170 1619 1257 ECCLESIASTICAE

713 1331 1061 1399 EPooHA
1099 1329 1389 1397 SEXTA

530 1491 563 1528 A
584 1489 788 1528 CAROLO
807 1489 858 1528 M.
880 1489 1054 1531 VSQVE
1075 1489 1144 1527 AD
1165 1488 1559 1528 PONTIFICATVM

719 1574 756 1612 S.
779 1573 1032 1612 GREGORII
1054 1573 1142 1610 VII.
1163 1572 1248 1611 AN.
1274 1573 1385 1611 1073.

400 1769 708 1796 PROOEMIVM

134 1867 178 1904 In
198 1864 444 1915 praecedenti
465 1865 612 1913 epocha
631 1863 812 1909 vidimus,
837 1864 1027 1912 quomodo

82 1920 224 1957 diversi
244 1918 387 1968 populi,
406 1917 471 1966 qui
491 1918 531 1954 in
551 1917 759 1954 Occidente
778 1917 928 1954 romani
947 1917 1024 1954 im-

81 1972 178 2021 perii
206 1972 424 2020 provincias
454 1972 710 2019 occuparunt,
740 1970 789 2007 ad
827 1970 1026 2008 Ecclesiae

82 2026 278 2075 gremium
298 2025 376 2062 sint
394 2024 565 2070 adducti,
581 2025 621 2061 in
641 2023 768 2060 locum
788 2024 931 2061 veteris
952 2024 1027 2060 im-
1046 2037 1048 2092 ᾗ

83 2079 180 2128 perii
209 2078 423 2116 christiana
450 2089 573 2125 regna
595 2076 860 2123 efformarint,
882 2078 922 2114 et
940 2089 1028 2114 cum
1046 2093 1048 2119 ;

83 2131 254 2180 antiquis
273 2130 407 2168 incolis
423 2130 461 2167 in
479 2142 595 2168 unam
613 2130 836 2168 societatem
855 2142 921 2167 seu
938 2130 1029 2167 civi·
1046 2122 1048 2165 l

83 2187 206 2223 tatem
234 2184 461 2222 coaluerint.
483 2183 591 2221 Alios
610 2183 650 2220 in
670 2183 865 2232 praesenti
884 2183 1029 2232 epocha

85 2237 311 2275 nominatim
345 2237 518 2274 Saxones
534 2265 544 2281 ,
573 2236 764 2285 Bulgaros
780 2265 789 2282 ,
815 2237 1027 2282 Bohemos,

86 2290 280 2337 Moravos,
299 2291 513 2335 Ruthenos,
537 2289 713 2335 Polonos,
733 2290 952 2338 Hungaros‚
970 2292 1027 2327 A-

88 2355 222 2388 vares,
241 2344 389 2389 Danos,
409 2344 574 2388 Suevos,
593 2343 852 2387 Normannos,
875 2343 924 2380 ad
945 2343 1029 2380 reli-

88 2396 240 2444 gionem
266 2396 519 2434 christianam
549 2399 783 2444 aggregatos
802 2396 1026 2434 videbimus.

88 2449 216 2491 Quum
248 2452 380 2486 autem
408 2461 509 2486 nova
538 2449 630 2486 haec
659 2447 880 2487 Occidentis
908 2461 1030 2498 regna

92 2514 208 2539 unam
237 2502 346 2550 quasi
364 2503 589 2540 societatem
608 2502 858 2540 christianam
878 2503 1026 2540 consti-

90 2557 257 2599 tuerent,
284 2566 385 2592 anno
413 2555 490 2592 800
519 2552 597 2593 Leo
627 2555 698 2603 Pp.
720 2555 775 2592 ΙΙΙ
796 2555 931 2593 Carolo
951 2556 1002 2593 M.
1019 2586 1028 2602 ,

89 2611 274 2655 tanquam
296 2607 511 2655 Religionis
531 2608 720 2646 defensori
736 2610 775 2645 et
791 2609 894 2656 pacis
911 2609 1031 2657 publi-

91 2673 159 2698 cae
189 2662 398 2708 protectori
426 2661 463 2697 in
493 2661 563 2699 illa
588 2673 778 2699 summam
798 2661 1028 2709 dignitatem

92 2713 276 2759 contulit,
296 2725 460 2761 eumque
479 2713 752 2762 imperatorem
772 2715 973 2752 constituit
992 2718 1031 2752 et

94 2766 218 2804 unxit.
236 2766 328 2803 Inde
344 2766 492 2815 imperii
510 2766 946 2814 germanico-christiani
962 2768 1030 2805 ini-

93 2819 162 2865 tia,
181 2820 243 2856 cui
265 2822 305 2857 ut
320 2819 493 2868 supremi
508 2819 643 2856 arbitri
658 2820 928 2868 praesidebant
943 2822 1028 2859 RR.

94 2872 313 2918 Pontifices,
334 2876 373 2910 et
391 2872 431 2909 in
451 2884 524 2921 quo
546 2871 603 2909 ius
623 2872 818 2920 publicum
831 2903 840 2919 ,
859 2873 934 2911 iam
955 2886 1029 2911 an-

92 2925 206 2963 tehac
225 2925 264 2962 in
291 2925 419 2974 regnis
440 2925 660 2962 christianis
679 2929 887 2974 receptum,
907 2927 1031 2976 magis

94 2977 291 3015 evolutum
311 2978 395 3015 fuit.

146 3030 294 3068 Verum
319 3031 416 3069 haec
444 3030 702 3068 sacerdotium
731 3031 832 3067 inter
850 3034 888 3068 et
907 3031 1031 3080 impe-

1069 1760 1107 1794 et
1126 1769 1222 1806 pene
1244 1758 1431 1795 subversa
1449 1758 1618 1794 fuerunt.
1635 1755 1747 1793 Bella
1761 1754 1893 1793 civilia
1908 1754 2012 1792 inter

1068 1810 1194 1848 Caroli
1210 1811 1261 1848 M.
1275 1809 1767 1858 successores,frequentes
1784 1810 2010 1857 magnatum

1067 1864 1276 1908 factiones,
1298 1864 1513 1913 principum
1534 1863 1573 1900 in
1593 1874 1655 1900 res
1683 1873 1814 1900 sacras
1834 1861 2010 1908 audacia,

1068 1918 1104 1955 N
1108 1916 1638 1955 ormannorum.incursiones
1655 1915 1852 1953 Ecclesiae
1864 1927 1909 1952 ac
1923 1914 2013 1952 civi-

1067 1970 1160 2008 tatis
1180 1970 1264 2019 paci
1284 1972 1322 2007 et
1342 1969 1588 2020 prosperitati
1608 1968 1820 2007 obfuerunt
1833 1968 2013 2016 malaque

1067 2023 1243 2072 ingentia
1284 2024 1516 2061 attulerunt.
1547 2023 1641 2060 Inde
1685 2022 1823 2071 quippe
1858 2024 2014 2060 secutae

1068 2079 1159 2114 sunt
1178 2077 1441 2115 sacerdotium
1460 2077 1563 2113 inter
1583 2077 1622 2113 et
1641 2075 1850 2124 imperium
1866 2075 2013 2113 discor-

1069 2130 1167 2177 diae,
1188 2142 1389 2168 sacrorum
1409 2130 1555 2167 iurium
1570 2130 1835 2178 contemptus,
1855 2128 2012 2166 littera-

1069 2195 1157 2220 rum
1177 2186 1217 2221 et
1236 2183 1485 2221 scientiarum
1505 2182 1658 2220 iactura
1671 2212 1680 2228 ,
1697 2181 1922 2230 disciplinae
1942 2181 2013 2218 de-

1069 2236 1116 2273 tri
1125 2240 1313 2283 mentum,
1332 2236 1554 2286 ignorantia
1574 2235 1678 2273 inter
1697 2235 1801 2273 viros
1818 2234 1936 2272 etiam
1953 2246 2013 2271 ec-

1069 2290 1319 2337 clesiasticos,
1339 2301 1491 2327 morum
1512 2288 1754 2338 depravatio.

1120 2343 1261 2381 Divina
1291 2355 1382 2380 vero
1414 2342 1676 2391 providentia,
1705 2353 1805 2390 quae
1825 2340 1917 2378 olim
1938 2340 2012 2377 Ec-

1069 2396 1208 2434 clesiae
1229 2398 1363 2434 contra
1383 2396 1602 2445 principum
1623 2395 1793 2432 furorem
1807 2424 1816 2439 ,
1836 2393 2010 2443 philoso-

1069 2450 1233 2498 phorum
1251 2449 1439 2487 invidiam
1455 2451 1495 2486 et
1509 2448 1792 2486 haereticorum
1809 2446 2013 2496 perfidiam

1068 2503 1213 2540 tulerat
1227 2503 1466 2551 opem‚illa·m
1478 2501 1596 2539 etiam
1607 2501 1778 2550 protexit
1793 2502 1928 2537 contra
1945 2499 2012 2537 do-

1070 2556 1317 2593 mesticorum
1334 2556 1485 2605 flagitia
1500 2569 1509 2601 ς
1531 2554 1722 2592 excitavit
1738 2553 1842 2590 viros
1862 2552 2012 2590 sincera

1070 2609 1227 2658 pietate,
1246 2609 1321 2646 fide
1340 2611 1379 2646 et
1400 2609 1554 2646 fervore
1574 2608 1716 2656 plenos,
1737 2605 1803 2654 qui
1824 2605 2011 2644 ecclesia-

1071 2662 1169 2700 stica
1197 2662 1285 2699 iura
1312 2664 1351 2699 et
1370 2662 1590 2699 libertatem
1612 2660 1874 2704 vindicarunt,
1895 2658 2028 2696 resti-v

1070 2715 1235 2753 tuendae
1266 2715 1492 2764 disciplinae
1522 2717 1560 2751 et
1580 2711 1817 2760 corrigendis
1838 2712 2012 2749 moribus

1071 2779 1229 2818 operam
1248 2770 1454 2814 navarunt,
1474 2770 1513 2804 ct
1527 2766 1672 2804 avitam
1689 2764 1825 2802 Fidem
1841 2776 1918 2802 non
1932 2767 2014 2802 tan-

1071 2822 1154 2859 tum
1175 2822 1223 2859 ab
1238 2821 1435 2859 erroribus
1457 2820 1645 2857 illibatam
1662 2817 1933 2864 defenderunt,
1950 2818 2015 2855 sed

1072 2875 1189 2912 etiam
1210 2875 1315 2912 inter
1333 2873 1492 2922 populos
1512 2873 1699 2909 hactenus
1719 2883 1793 2908 non
1813 2872 2015 2910 credentes

1075 2929 1350 2977 propagarunt.

1126 2981 1169 3017 In
1190 2980 1347 3017 Oriente
1367 2980 1452 3026 post
1467 2977 1795 3015 Iconoclastarum
1811 2978 1945 3015 turbas
1961 2980 2013 3014 te-

1074 3033 1224 3070 terrimi
1240 3030 1469 3077 schismatis,
1482 3042 1555 3079 quo
1574 3032 1708 3078 postea
1723 3030 2016 3068 ecclesiaGrae-

97 3082 195 3119 rium
218 3084 421 3121 concordia
441 3087 479 3121 et
499 3083 699 3121 ordinatus
718 3095 849 3120 rerum
870 3085 1032 3132 publica·
1074 3098 1119 3124 ca
1147 3098 1169 3123 a
1197 3083 1585 3122 Romano-catholica
1614 3083 1750 3121 avulsa
1779 3083 1876 3128 fuit,
1905 3083 2017 3121 initia

99 3146 186 3172 rum
203 3138 326 3174 status
347 3149 421 3174 non
442 3137 721 3185 perdurarunt3
741 3137 820 3182 sed,
842 3139 884 3173 ut
902 3137 1032 3174 huma-

1075 3138 1201 3188 posuit
1229 3137 1454 3175 ambitiosus
1482 3137 1743 3185 supcrbusque
1765 3136 1942 3174 Photius.
1963 3137 2016 3173 At

99 3187 156 3226 nis
183 3189 298 3227 rebus
325 3190 486 3237 accidit,
507 3190 659 3228 labente
679 3193 854 3239 tempore
874 3190 1033 3229 turbata
1075 3204 1149 3241 quo
1177 3190 1301 3240 magis
1326 3190 1464 3228 Gracci
1493 3202 1516 3227 a
1535 3190 1583 3228 R.
1601 3189 1798 3227 Ecclesiae
1832 3189 2014 3238 obsequio
