2241 3473
208 137 255 176 14

152 224 240 250 cum
261 210 448 259 catalogis
469 212 509 248 et
528 222 548 248 e
567 208 761 247 constanti
777 208 896 256 atque
910 207 1100 256 perpetua

153 265 349 305 Ecclesiae
368 264 581 302 traditione
599 261 623 300 ¹.

201 320 264 357 24.
295 319 565 367 Apostolatus
595 316 721 353 Sauli
744 318 783 352 et
809 313 1099 351 Barnabae—

150 372 362 420 Postquam
379 371 519 408 Saulus
534 372 572 407 et
587 369 786 406 Barnabas
804 369 849 405 de
863 367 1099 404 christianae

148 426 206 463 rei
223 427 432 473 augmento
448 422 679 462 Antiochiae
696 421 838 470 optime
852 420 1097 467 meruissent,

152 480 335 516 monente
353 477 501 526 Spiritu
523 476 575 521 S„
596 476 644 512 ad
662 475 934 513 executionem
951 477 1100 523 aposto-

151 531 213 569 lici
241 530 426 577 muneris,
447 530 494 567 ad
515 529 616 577 quod
635 528 750 566 electi
771 531 896 574 erant,
915 527 1097 577 praemis-

150 585 201 623 sis
221 584 363 622 ieiunio
383 588 422 621 et
443 582 619 620 oratione
640 593 828 620 manuum
849 581 1095 630 impositione

150 637 365 676 consecrati
395 640 489 673 sunt
506 642 531 673 2.
553 635 636 677 Quo
657 635 774 682 facto,
793 635 933 673 comite
952 635 1096 672 Ioanne

150 692 284 730 Marco
303 701 373 739 per
393 689 616 739 provincias
638 689 755 728 Asiae
775 688 936 726 minoris
957 689 1095 726 Evan-

149 744 291 794 gelium
314 743 605 793 praedicarunt.
627 743 820 781 Adierunt
838 743 1008 792 primum
1028 741 1096 779 Se·

149 797 313 835 leuciam
347 797 506 846 Syriae3
527 796 617 834 inde
637 796 876 846 navigarunt
897 797 1067 845 Cyprum
1086 808 1095 842 3

147 863 314 899 cumque
331 850 533 888 venissent
551 849 1096 899 Salaminam,praedicarunt

146 905 308 942 verbum
330 903 402 942 Dei
421 903 461 941 in
490 903 702 953 synagogis
721 903 968 941 Iudaeorum.
990 904 1094 940 Per-

145 961 350 996 currentes
369 960 493 995 totam
509 957 674 995 insulam
690 958 885 994 venerunt
900 957 1094 1005 Paphum,

148 1011 212 1049 ubi
241 1012 387 1049 Saulus
416 1011 465 1048 ad
485 1010 629 1049 Christi
649 1010 764 1048 fidem
785 1010 981 1048 convertit
1000 1021 1093 1059 pro-

147 1065 344 1102 consulem
365 1064 548 1114 Sergium
568 1064 757 1111 Paulum3
778 1076 828 1101 ex
849 1075 923 1112 quo
942 1066 1094 1113 tempo-

146 1130 189 1155 re
208 1118 289 1167 ipse
309 1118 454 1156 Saulus
474 1129 613 1155 nomen
631 1117 744 1155 Pauli
759 1117 1014 1167 assumpsisse
1033 1117 1094 1155 vi-

147 1173 272 1209 detur.
303 1172 440 1221 Papho
472 1171 702 1220 navigantes
723 1174 916 1208 venerunt
935 1171 1091 1221 Pergen

147 1225 420 1275 Pamphiliae,
449 1225 615 1274 hincque
643 1224 891 1262 Antiochiam
920 1224 1092 1263 Pisidiae

149 1278 424 1327 metropolim,
461 1278 527 1316 ubi
565 1278 786 1328 complures
814 1278 861 1316 ad
892 1278 1092 1317 Christum

145 1335 442 1370 converterunt.
461 1333 557 1370 Post
576 1332 659 1370 dies
679 1332 830 1380 aliquot
850 1331 1023 1370 excitato
1044 1333 1092 1370 ab

144 1385 349 1424 obstinatis
377 1386 532 1424 Iudaeis
562 1385 746 1432 tumultu,
776 1386 979 1434 petierunt
1008 1386 1092 1423 Ico-

144 1439 250 1477 nium
265 1469 274 1486 ,
295 1439 360 1476 ubi
381 1450 560 1477 sermone
581 1442 620 1477 et
639 1438 836 1477 miraculis
856 1450 989 1477 eorum
1006 1452 1091 1478 ma-

143 1504 244 1541 gnus
274 1493 510 1531 Iudaeorum
539 1496 579 1530 et
609 1493 812 1542 gentilium
842 1504 1032 1531 numerus
1051 1493 1088 1530 in

141 1546 341 1584 Christum
357 1546 521 1584 credidit
537 1544 563 1583 3.
594 1547 652 1584 Ex
671 1546 809 1583 horum
832 1558 995 1584 numero
1016 1546 1091 1585 fuit

143 1599 186 1637 B.
208 1600 364 1646 Thecla,
385 1599 520 1638 multis
539 1599 722 1637 laudibus
742 1604 902 1649 propter
920 1600 1087 1649 virgini-

141 1652 235 1691 tatis
264 1655 304 1691 et
333 1654 514 1702 martyrii
548 1653 717 1703 palmam
753 1665 775 1690 a
801 1653 986 1691 Patribus
1020 1666 1086 1691 ce-

140 1707 291 1744 lebrata
312 1706 337 1744 ⁴.
380 1707 530 1744 Exorta
564 1707 603 1744 in
634 1718 844 1756 praecones
878 1707 1087 1757 Evangelii

143 1760 445 1809 conspiratione,
466 1760 491 1798 ii
512 1762 759 1799 secesserunt
777 1761 816 1798 in
833 1761 1087 1810 Lycaoniam,

146 1814 324 1862 Lystrae,
358 1814 507 1852 Derbes
527 1817 567 1851 et
586 1814 624 1851 in
646 1814 750 1851 omni
772 1814 936 1852 circuitu
960 1826 1086 1853 evan-

145 1867 427 1916 gelizaverunt.
450 1867 578 1909 Quum
596 1868 763 1916 Lystrae
781 1868 932 1905 Paulus
948 1868 1085 1906 claudo

143 1932 321 1970 gressum
342 1921 588 1967 reddidisset,
609 1921 844 1969 Lystrenses
865 1922 911 1958 ad
933 1924 1085 1959 tantam

144 1974 246 2023 rapti
274 1977 365 2012 sunt
384 1974 695 2020 admirationem,
718 1978 760 2012 ut
781 1974 907 2012 Paulo
927 1976 967 2011 et
987 1975 1086 2012 Bar-

136 2029 259 2065 nabae
297 2027 448 2065 divinos
477 2028 641 2066 honores
662 2028 709 2064 de
730 2028 832 2065 ferre
853 2028 1085 2077 cogitarent.

136 2080 262 2119 Paulo
294 2083 380 2130 post
409 2081 600 2119 obstinati
630 2081 764 2119 Iudaei
794 2084 926 2119 tantas
946 2083 1084 2120 turbas

137 2134 399 2181 concitarunt,
436 2138 479 2171 ut
499 2134 697 2183 apostolus
719 2135 868 2172 Paulus
889 2135 1085 2184 lapidibus

135 2188 332 2238 appetitus
354 2188 424 2225 vix
442 2199 574 2225 necem
591 2188 771 2226 evaserit.
790 2188 918 2230 Quare
936 2191 1086 2238 aposto-

139 2241 201 2279 lici
223 2241 299 2278 viri
317 2241 408 2279 inde
428 2241 604 2290 digressi,
621 2242 788 2289 Derben,
807 2242 993 2289 Iconium,
1009 2245 1084 2280 An-

140 2295 323 2332 tiochiam
356 2295 526 2333 Pisidiae
548 2295 783 2340 reviserunt,
805 2296 1084 2334 ncocredentes

135 2349 173 2386 in
197 2348 292 2386 Fide
311 2348 604 2395 confirmarunt,
625 2349 925 2397 constitutisque
946 2361 1016 2398 per
1035 2350 1085 2387 ci-

133 2402 275 2440 vitates
309 2402 559 2451 presbyteris,
589 2402 780 2451 episcopis
809 2405 849 2439 et
868 2403 1083 2440 sacerdoti-

135 2456 220 2503 bus,
245 2457 309 2504 qui
328 2456 629 2494 christianorum
645 2458 780 2493 coctus
795 2459 992 2505 regerent,
1008 2458 1084 2494 An-

177 2596 183 2617 ¹
204 2597 324 2627 Videsis
341 2596 424 2628 card.
442 2596 606 2627 Bellarmin
622 2621 628 2634 ,
648 2593 863 2626 Commu-ers.
878 2595 918 2626 de
937 2595 976 2626 R.
990 2595 1081 2625 Pon-

136 2637 188 2677 rif.
206 2638 223 2668 I.
241 2638 277 2673 ΙΙ,
295 2648 320 2669 c.
338 2638 408 2675 1—‡;
426 2639 487 2669 Iucl⁴
504 2638 641 2676 Coccius,
662 2637 865 2668 Thesaurus
881 2637 1080 2675 catholicus,
1101 2641 1103 2652 ¹

136 2683 143 2709 ί
180 2680 207 2715 I,
233 2680 249 2708 I.
275 2679 301 2715 7,
325 2690 351 2710 a.
377 2680 410 2717 5;
433 2680 635 2716 &inrisu-ate,
667 2678 838 2718 Antiqui&
856 2678 1029 2709 Ecclesiae
1045 2679 1101 2719 il-¹

133 2721 266 2751 lustrat
300 2725 318 2751 l.
337 2722 375 2757 ΙΙ,
394 2722 467 2752 diss.
485 2722 518 2758 3;
536 2721 674 2761 begnini,
694 2721 743 2751 De
760 2721 919 2751 Romam)
935 2732 951 2749 s
978 2720 1082 2751 Petri
1099 2724 1101 2760 ζ

134 2762 264 2792 itinere
280 2769 310 2792 με
326 2763 481 2803 episcopa
489 2769 524 2793 tv
543 2762 818 2793 exercitationes
830 2762 911 2793 hist.
924 2762 1078 2800 criticae,
1098 2778 1101 2785 ·

133 2804 263 2834 Florenl.
286 2804 370 2838 17¹⁴.›;
387 2805 531 2842 Ilnnlxius,
542 2806 590 2835 De
604 2805 846 2835 Romanarum
860 2814 982 2834 rervm
994 2804 1078 2834 scri·
1098 2811 1099 2814 ’

128 2845 300 2884 prm-ibus,
318 2846 336 2876 Ι.
355 2846 378 2876 lI
391 2871 397 2880 ,
416 2857 445 2885 p.
465 2846 488 2884 l,
506 2857 530 2877 r.
548 2848 582 2884 83
599 2845 695 2876 natal.
714 2847 877 2883 Alcxaii‹l.,
896 2846 986 2878 Ηί38Δ
1004 2846 1076 2876 cccl.
1097 2853 1099 2881 ς’

134 2897 217 2918 sacr.
233 2886 256 2924 1,
271 2888 345 2917 diss.
366 2886 416 2920 ¹32
434 2888 570 2925 Sannina,
584 2887 788 2927 Disputatio
802 2887 845 2918 III
859 2889 899 2919 (lc
911 2888 1077 2919 cathedra
1098 2898 1114 2905 ²

132 2929 178 3000 D.l
190 2928 291 2958 Petri
306 2929 481 3000 Ilffomraqm
497 2930 517 2960 1.
536 2931 565 2960 Β.
585 2930 698 2969 Palma,
714 2929 885 2961 Praclcct.
903 2931 983 2962 hist.
1000 2931 1076 2961 cccl.
1095 2934 1097 2973 I

133 2973 149 3000 Ι.
185 2995 191 3006 ,
220 2974 286 3000 ιὲιΓΙ.
322 2980 368 3003 ,0.
398 2984 419 3000 ι·
447 2995 451 3000 .

171 3012 185 3031 ’ἱ
200 2980 266 3041 [rice.
284 3011 363 3050 xiil,
379 3011 441 3043 1-3.
1094 2978 1098 3044 l

170 3054 183 3072 ³*-
199 3053 267 3084 Aet.
285 3053 359 3084 xlii.
1094 3050 1097 3083 I

172 3094 184 3115 ⁴
202 3095 361 3126 'I'illrmonl
386 3121 392 3133 ,
428 3094 628 3133 Me'moires,
653 3098 670 3125 l.
695 3095 738 3133 ΙΙ,
763 3105 790 3136 μ
829 3095 868 3127 60
889 3106 895 3133 ς
921 3089 1096 3136 Bollnncl.„¹

131 3136 215 3167 Acta
238 3135 292 3167 SS.
316 3139 334 3166 t.
360 3137 394 3167 VI
412 3141 477 3176 sept
504 3154 541 3159 --
560 3137 631 3167 Acin
656 3146 728 3167 vcro
745 3147 784 3167 ss.
802 3139 933 3169 Theclae
950 3143 977 3170 el
991 3139 1074 3170 rann
1094 3137 1095 3141 ’

130 3187 146 3207 a
172 3178 244 3208 viris
274 3178 401 3209 eruditis
434 3179 548 3218 passim
579 3178 820 3210 adnumerantur
849 3181 975 3220 scriptis
998 3190 1095 3232 apo-⁸

129 3220 263 3259 crypliis.
1091 3243 1095 3260 1

691 144 849 172 EPOCHA
878 144 904 170 1.
933 142 961 169 A
988 140 1237 169 NATIVITATE
1266 141 1355 168 IESV
1384 139 1542 167 CHRISTI

1132 205 1319 243 tiochiam
1338 203 1493 255 Syriae,
1514 203 1615 241 unde
1637 202 1799 252 profecti
1820 202 1989 250 fuerant,
2009 214 2076 241 re-

1133 259 1364 308 migrarunt.
1395 258 1452 295 Eo
1482 257 1647 295 reduces
1665 258 1924 306 congregatae
1946 256 2076 294 eccle-

1134 313 1214 350 siae
1243 314 1481 357 narrarunt,
1501 312 1651 359 quanta
1670 309 1777 348 Deus
1798 322 1934 348 corum
1955 310 2076 347 mini-

1134 366 1253 403 sterio
1269 367 1308 403 in
1324 365 1556 403 Iudaeorum
1573 365 1612 400 et
1626 363 1804 411 gentium
1825 363 2077 402 conversione

1134 422 1320 469 operatus
1341 422 1444 456 esset
1465 417 1492 456 ¹.

1185 473 1247 511 25.
1281 472 1320 510 S.
1353 473 1474 510 Petri
1489 471 1517 509 I
1529 470 1717 518 Epistola
1732 491 1783 496 —
1799 469 1945 508 Petrus
1971 470 2076 520 Apo-

1132 525 1321 564 stolorum
1344 526 1522 574 princeps
1543 524 1694 561 Romae
1709 524 1749 560 et
1768 521 1809 559 in
1828 522 2003 562 finitimis
2017 523 2075 561 lo-

1132 579 1187 618 cis
1206 579 1467 628 Evangelium
1492 577 1744 627 praedicabat
1763 588 1808 613 eo
1825 588 1914 613 cum
1929 588 2078 616 succes-

1127 644 1184 679 su,
1216 635 1258 670 ut
1277 632 1435 681 plurimi
1463 632 1512 670 ad
1532 631 1731 669 Christum
1753 630 2077 669 converterentur

1126 689 1210 724 tum
1231 699 1251 723 e
1267 685 1458 724 Romanis
1487 686 1569 722 tum
1591 697 1610 721 e
1631 683 1787 722 Iudaeis
1805 682 1886 721 illic
1901 694 2075 722 commo-

1126 739 1316 778 rantibus.
1329 737 1488 778 Memor
1500 750 1652 785 eorum,
1665 749 1760 787 quos
1773 739 1987 785 antequam
1999 737 2077 775 Ro-

1125 805 1230 831 mam
1244 794 1438 839 tenderet,
1451 792 1491 829 in
1510 791 1628 829 Asiae
1646 790 1857 841 provinciis
1872 802 1894 828 e
1912 790 2075 829 circum-

1124 847 1265 885 cisione
1277 847 1324 884 ad
1335 846 1477 885 Christi
1492 845 1607 883 fidem
1620 845 1924 894 perduxerat,ex
1935 844 2072 883 eadem

1125 901 1234 947 urbe,
1255 901 1403 945 Roma,
1424 910 1543 949 quam
1564 900 1698 948 utpote
1718 897 1870 947 imperii
1891 899 1932 936 et
1949 896 2072 936 falso-

1124 966 1210 991 rum
1226 954 1432 991 numinum
1448 955 1564 1002 caput
1584 954 1699 990 vocat
1711 950 1956 1000 Babylonem
1975 953 2003 998 ²,
2023 951 2072 989 ad

1123 1007 1209 1046 illos
1225 1007 1429 1057 epistolam
1446 1005 1612 1055 scripsit.
1625 1006 1669 1043 In
1685 1017 1731 1043 ea
1746 1005 1995 1043 commendat
2004 1004 2072 1042 ad-

1122 1061 1343 1099 mirandum
1364 1060 1436 1098 Dei
1456 1059 1663 1098 consilium
1682 1059 1721 1097 in
1741 1058 1929 1107 mysterio
1948 1058 2074 1096 incar-

1124 1114 1309 1161 nationis,
1328 1113 1560 1152 beneficium
1584 1112 1884 1162 redemptionis,
1903 1111 2071 1150 destina-

1122 1170 1284 1217 tamque
1314 1167 1494 1205 fidelibus
1514 1166 1625 1217 regni
1649 1165 1826 1204 coelestis
1845 1165 2071 1204 haeredita-

1122 1223 1222 1268 tem3
1253 1221 1388 1259 fideles
1416 1221 1611 1267 hortatur,
1642 1223 1686 1258 ut
1713 1220 1845 1258 sancte
1875 1218 2014 1257 vivant
2032 1222 2072 1258 et

1123 1275 1203 1313 Deo
1233 1275 1399 1314 fideliter
1418 1275 1594 1312 serviant
1612 1274 1651 1312 in
1672 1273 1768 1320 fide,
1788 1272 2011 1312 humilitate
2031 1275 2072 1312 et

1123 1328 1334 1378 patientia3
1363 1328 1503 1366 deinde
1532 1327 1689 1366 disserit
1709 1327 1753 1364 de
1781 1326 1915 1365 officiis
1934 1327 2071 1366 diver-

1121 1394 1256 1420 sorum
1277 1384 1463 1420 statuum.

1172 1436 1237 1474 26.
1258 1435 1626 1485 Evanyelm—Sub
1641 1435 1745 1473 idem
1759 1436 1915 1484 tempus
1931 1435 2068 1474 s.Mar-

1121 1501 1199 1536 cus,
1220 1490 1263 1527 D.
1288 1489 1396 1527 Petri
1416 1489 1626 1538 discipulus
1646 1491 1686 1527 et
1705 1488 1907 1538 interpres,
1923 1500 2064 1538 rogan-

1120 1543 1225 1581 tibus
1246 1543 1437 1581 Romanis
1452 1542 1687 1587 christianis,
1703 1542 1829 1588 exiis,
1845 1553 1945 1591 quae
1956 1554 1979 1580 a
1996 1543 2068 1581 Pe-

1120 1598 1181 1634 tro
1198 1597 1422 1641 audiverat,
1438 1596 1701 1645 Evangelium
1717 1607 1786 1633 seu
1802 1595 2067 1635 memorabilia

1121 1650 1206 1688 Iesu
1225 1650 1366 1689 Christi
1384 1649 1490 1687 facta
1511 1651 1551 1686 et
1566 1649 1671 1687 dicta
1686 1648 1863 1698 scripsit3
1881 1649 1982 1697 quod
1997 1649 2068 1688 Pe-

1119 1705 1204 1742 trus
1225 1703 1459 1741 auctoritate
1482 1714 1555 1740 sua
1570 1702 1815 1752 approbavit,
1833 1704 1877 1740 ut
1891 1703 1929 1740 in
1948 1702 2068 1741 eccle-

1119 1756 1184 1795 siis
1204 1757 1408 1806 legeretur
1426 1755 1451 1795 ³.
1472 1757 1553 1794 Iam
1576 1759 1667 1793 ante
1683 1767 1771 1793 eum
1783 1767 1812 1794 s.
1826 1755 2065 1804 Matthaeus,

1120 1810 1347 1860 priusquam
1374 1810 1412 1848 in
1443 1809 1690 1859 provinciam
1715 1809 1789 1847 sibi
1817 1809 2066 1848 commissam

1119 1865 1419 1913 praedicaturus
1448 1863 1585 1901 Fidem
1617 1863 1774 1909 abiret,
1804 1863 2067 1912 Evangelium

1119 1917 1312 1966 copiosius
1341 1917 1547 1966 scripserat
1568 1915 1594 1954 ⁴.
1626 1918 1739 1954 Anno
1769 1915 1817 1954 51
1848 1916 2064 1955 secundum

1120 1970 1274 2008 codices
1290 1982 1450 2020 graecos
1470 1970 1533 2007 vel
1553 1969 1604 2007 53
1622 1970 1736 2007 iuxta
1757 1969 1902 2008 multos
1924 1972 2063 2008 aucto-

1119 2035 1194 2070 res,
1211 2036 1240 2062 s.
1262 2025 1400 2070 Lucas,
1421 2023 1774 2073 perigrinationum
1797 2024 1842 2061 D.
1865 2023 1980 2061 Pauli
1996 2036 2064 2062 co-

1120 2089 1214 2123 mes,
1225 2077 1345 2115 etiam
1361 2077 1514 2126 scripsit
1530 2076 1801 2125 Evangelium,
1815 2079 1898 2115 tum
1917 2079 1960 2116 ut
1976 2090 2065 2116 non-

1121 2131 1230 2168 nulla
1249 2131 1464 2168 Salvatoris
1484 2130 1588 2168 facta
1607 2141 1796 2168 eorumve
1818 2130 2019 2178 adiuncta,
2039 2144 2063 2171 a

1119 2185 1320 2222 Matthaeo
1341 2187 1379 2222 et
1393 2183 1528 2221 Marco
1545 2184 1831 2233 praetermissa,
1850 2185 2062 2234 suppleret,

1119 2242 1200 2275 tun]
1226 2241 1267 2275 ut
1283 2238 1478 2285 historias,
1496 2249 1592 2285 quas
1608 2237 1767 2285 quidam
1783 2237 1830 2275 (le
1849 2238 1937 2276 Iesu
1954 2239 2062 2277 Chri-

1117 2293 1176 2329 sto
1220 2291 1347 2328 minus
1376 2293 1523 2329 sincere
1554 2295 1623 2328 aut
1652 2302 1672 2327 e
1703 2290 1811 2329 falsis
1842 2292 2061 2332 rumoribus

1117 2344 1359 2393 scripserant
1375 2374 1384 2391 ,
1422 2344 1635 2393 corrigeret
1663 2342 1688 2381 ⁵.
1730 2344 1826 2382 Post
1864 2344 1934 2383 hos
1980 2348 2062 2385 tres

1104 2410 1144 2435 is.
1177 2398 1341 2436 Ioannes
1373 2397 1585 2447 apostolus,
1615 2397 1845 2447 rogantibus
1875 2398 2064 2449 episcopis

1116 2451 1247 2498 Asiae,
1269 2452 1354 2489 Iesu
1378 2451 1522 2489 Christi
1544 2450 1806 2501 Evangelium
1829 2452 2004 2501 scripsit,
2024 2453 2063 2492 in

1115 2517 1191 2553 quo
1222 2505 1510 2553 praetermissis
1533 2505 1651 2542 variis
1667 2504 1793 2551 sactis,
1815 2505 1862 2543 ab
1883 2505 1957 2544 illis
1977 2518 2064 2545 nar-

1117 2558 1227 2604 ratis,
1258 2571 1305 2596 ea
1335 2559 1505 2596 maxime
1526 2558 1672 2604 retulit,
1694 2570 1793 2607 quae
1818 2559 2063 2599 divinitatem

1115 2611 1260 2649 Christi
1283 2616 1464 2661 spectant
1483 2615 1619 2649 eontra
1637 2612 1817 2650 haereses
1835 2612 2061 2652 Corinthia-

1115 2677 1254 2702 norum
1286 2670 1324 2703 ct
1356 2665 1645 2712 Ebionitai-um,
1663 2668 1757 2703 tunc
1779 2667 1966 2717 temporis
1987 2679 2061 2706 ex-

1114 2721 1221 2756 ortas
1241 2717 1266 2755 ⁶.

1167 2772 1229 2809 27.
1263 2772 1506 2821 Scripturae
1538 2773 1798 2822 apocryphae
1818 2797 1868 2802 -—
1891 2775 2060 2814 Praeter

1115 2825 1208 2862 haec
1231 2829 1401 2874 quatuor
1418 2826 1647 2876 Evangelia,
1665 2838 1763 2875 quac
1781 2827 1958 2867 Ecclesia
1975 2841 2060 2868 con·

1150 2932 1157 2952 ¹
1176 2931 1242 2962 Act.
1260 2933 1331 2962 xIV.

1148 2973 1162 2994 ‘2
1178 2973 1199 3003 I
1215 2973 1315 3003 Patri
1339 2974 1370 3010 V,
1396 2972 1450 3012 1533
1474 2975 1600 3013 misen,
1624 2976 1715 3007 Ilist.
1742 2977 1817 3008 eccl.
1841 2976 1860 3007 l.
1885 2976 1929 3017 11,
1953 2987 1979 3011 c.
2004 2978 2057 3019 15;

1107 3025 1133 3046 s.
1150 3015 1282 3054 Hieron„
1303 3015 1410 3046 Caral.

1148 3057 1162 3079 3
1180 3057 1285 3087 I'Insrl).
1305 3061 1333 3088 cl
1350 3068 1372 3086 s.
1395 3057 1662 3097 11101·0n.‚1oc.cit.

1147 3099 1159 3120 ⁴
1177 3099 1212 3128 tls
1226 3099 1346 3136 Ilaron,
1362 3100 1486 3130 Λυηαί.
1505 3102 1542 3131 :id
1558 3110 1607 3132 an,
1621 3101 1669 3132 41.

1146 3140 1160 3162 ⁵
1176 3142 1203 3168 s.
1223 3140 1354 3175 llirron..
1379 3141 1434 3170 lor.
1462 3142 1511 3173 rit.
1535 3146 1563 3173 ct
1587 3145 1615 3173 in
1642 3143 1833 3183 Proleyom.
1853 3144 1893 3176 in
1908 3145 2054 3186 illatam

1106 3191 1129 3211 s.
1148 3181 1318 3218 minnistin„
1337 3183 1384 3212 lh·
1399 3193 1554 3214 consens.
1577 3185 1707 3225 Ercmy.
1724 3195 1748 3216 c.
1767 3186 1795 3217 8.

1144 3223 1158 3243 ’ἲ
1174 3223 1294 3261 Ilaron,
1315 3224 1354 3254 acl
1372 3234 1419 3255 nn.
1437 3226 1484 3255 ⁸³2⁸.
