<?xml version="1.0" encoding="UTF-8"?>
<!DOCTYPE html PUBLIC "-//W3C//DTD XHTML 1.0 Transitional//EN"
    "http://www.w3.org/TR/xhtml1/DTD/xhtml1-transitional.dtd">
<html xmlns="http://www.w3.org/1999/xhtml" xml:lang="en" lang="en">
 <head>
  <title>
</title>
<meta http-equiv="Content-Type" content="text/html;charset=utf-8" />
  <meta name='ocr-system' content='tesseract 3.04.00' />
  <meta name='ocr-capabilities' content='ocr_page ocr_carea ocr_par ocr_line ocrx_word'/>
</head>
<body>
  <div class='ocr_page' id='page_1' title='image "./historiaeecclesi01wout_0588.png"; bbox 0 0 2241 3473; ppageno 0'>
   <div class='ocr_carea' id='block_1_1' title="bbox 198 118 280 161">
    <p class='ocr_par' dir='ltr' id='par_1_1' title="bbox 198 118 280 161">
     <span class='ocr_line' id='line_1_1' title="bbox 198 118 280 161; baseline 0 0"><span class='ocrx_word' id='word_1_1' title='bbox 198 118 280 161; x_wconf 86' lang='grc'><strong>266</strong></span> 
     </span>
    </p>
   </div>
   <div class='ocr_carea' id='block_1_2' title="bbox 109 195 1108 3237">
    <p class='ocr_par' dir='ltr' id='par_1_2' title="bbox 141 195 1102 1050">
     <span class='ocr_line' id='line_1_2' title="bbox 142 195 1094 244; baseline -0.011 -2"><span class='ocrx_word' id='word_1_2' title='bbox 142 203 267 242; x_wconf 89' lang='lat' dir='ltr'><strong>tulum</strong></span> <span class='ocrx_word' id='word_1_3' title='bbox 295 200 590 240; x_wconf 85' lang='lat' dir='ltr'><strong>Ultraiectense</strong></span> <span class='ocrx_word' id='word_1_4' title='bbox 617 200 706 235; x_wconf 93' lang='lat' dir='ltr'><strong>erat</strong></span> <span class='ocrx_word' id='word_1_5' title='bbox 731 197 963 239; x_wconf 85' lang='lat' dir='ltr'><strong>extinctum,</strong></span> <span class='ocrx_word' id='word_1_6' title='bbox 991 195 1094 244; x_wconf 91' lang='lat' dir='ltr'><strong>iique</strong></span> 
     </span>
     <span class='ocr_line' id='line_1_3' title="bbox 142 249 1094 307; baseline -0.012 -12"><span class='ocrx_word' id='word_1_7' title='bbox 142 258 207 307; x_wconf 89' lang='lat' dir='ltr'><strong>qui</strong></span> <span class='ocrx_word' id='word_1_8' title='bbox 233 258 272 293; x_wconf 90' lang='lat' dir='ltr'><strong>in</strong></span> <span class='ocrx_word' id='word_1_9' title='bbox 298 255 438 292; x_wconf 89' lang='lat' dir='ltr'><strong>vicinis</strong></span> <span class='ocrx_word' id='word_1_10' title='bbox 464 253 562 290; x_wconf 89' lang='lat' dir='ltr'><strong>locis</strong></span> <span class='ocrx_word' id='word_1_11' title='bbox 580 252 845 299; x_wconf 73' lang='lat' dir='ltr'><strong>parochorum</strong></span> <span class='ocrx_word' id='word_1_12' title='bbox 865 249 993 285; x_wconf 87' lang='lat' dir='ltr'><strong>officio</strong></span> <span class='ocrx_word' id='word_1_13' title='bbox 1012 249 1094 286; x_wconf 86' lang='lat' dir='ltr'><strong>fun-</strong></span> 
     </span>
     <span class='ocr_line' id='line_1_4' title="bbox 143 303 1095 360; baseline -0.012 -10"><span class='ocrx_word' id='word_1_14' title='bbox 143 316 307 360; x_wconf 84' lang='lat' dir='ltr'><strong>gentes,</strong></span> <span class='ocrx_word' id='word_1_15' title='bbox 333 321 376 346; x_wconf 89' lang='lat' dir='ltr'><strong>se</strong></span> <span class='ocrx_word' id='word_1_16' title='bbox 404 307 618 344; x_wconf 89' lang='lat' dir='ltr'><strong>canonicos</strong></span> <span class='ocrx_word' id='word_1_17' title='bbox 647 304 966 342; x_wconf 88' lang='lat' dir='ltr'><strong>Ultraiectenses</strong></span> <span class='ocrx_word' id='word_1_18' title='bbox 993 303 1095 340; x_wconf 91' lang='lat' dir='ltr'><strong>dice-</strong></span> 
     </span>
     <span class='ocr_line' id='line_1_5' title="bbox 142 357 1096 409; baseline -0.009 -7"><span class='ocrx_word' id='word_1_19' title='bbox 142 367 257 409; x_wconf 87' lang='lat' dir='ltr'>bant,</span> <span class='ocrx_word' id='word_1_20' title='bbox 283 374 423 400; x_wconf 91' lang='lat' dir='ltr'><strong>verum</strong></span> <span class='ocrx_word' id='word_1_21' title='bbox 449 360 747 408; x_wconf 88' lang='lat' dir='ltr'><strong>legitimumque</strong></span> <span class='ocrx_word' id='word_1_22' title='bbox 773 358 999 405; x_wconf 78' lang='lat' dir='ltr'>Capitulum</span> <span class='ocrx_word' id='word_1_23' title='bbox 1026 357 1096 393; x_wconf 90' lang='lat' dir='ltr'><strong>mi-</strong></span> 
     </span>
     <span class='ocr_line' id='line_1_6' title="bbox 141 411 1096 460; baseline -0.01 -4"><span class='ocrx_word' id='word_1_24' title='bbox 141 421 246 457; x_wconf 86' lang='lat' dir='ltr'><strong>nime</strong></span> <span class='ocrx_word' id='word_1_25' title='bbox 274 415 580 453; x_wconf 82' lang='lat' dir='ltr'><strong>constituebant.</strong></span> <span class='ocrx_word' id='word_1_26' title='bbox 607 413 706 449; x_wconf 87' lang='lat' dir='ltr'><strong>Post</strong></span> <span class='ocrx_word' id='word_1_27' title='bbox 724 423 869 460; x_wconf 92' lang='lat' dir='ltr'><strong>paucos</strong></span> <span class='ocrx_word' id='word_1_28' title='bbox 888 423 1013 448; x_wconf 87' lang='lat' dir='ltr'><strong>annos</strong></span> <span class='ocrx_word' id='word_1_29' title='bbox 1032 411 1096 447; x_wconf 89' lang='lat' dir='ltr'><strong>isti</strong></span> 
     </span>
     <span class='ocr_line' id='line_1_7' title="bbox 141 465 1097 511; baseline -0.01 -1"><span class='ocrx_word' id='word_1_30' title='bbox 141 474 198 510; x_wconf 88' lang='lat' dir='ltr'><strong>sic</strong></span> <span class='ocrx_word' id='word_1_31' title='bbox 225 471 321 507; x_wconf 86' lang='lat' dir='ltr'><strong>dicti</strong></span> <span class='ocrx_word' id='word_1_32' title='bbox 349 468 528 505; x_wconf 85' lang='lat' dir='ltr'><strong>canonici</strong></span> <span class='ocrx_word' id='word_1_33' title='bbox 555 467 895 511; x_wconf 89' lang='lat' dir='ltr'><strong>Ultraiectenses,</strong></span> <span class='ocrx_word' id='word_1_34' title='bbox 923 465 1097 502; x_wconf 92' lang='lat' dir='ltr'><strong>consiliis</strong></span> 
     </span>
     <span class='ocr_line' id='line_1_8' title="bbox 141 520 1096 570; baseline -0.007 -7"><span class='ocrx_word' id='word_1_35' title='bbox 141 523 335 563; x_wconf 82' lang='lat' dir='ltr'><strong>Bernardi</strong></span> <span class='ocrx_word' id='word_1_36' title='bbox 360 522 503 570; x_wconf 88' lang='lat' dir='ltr'><strong>Zegeri</strong></span> <span class='ocrx_word' id='word_1_37' title='bbox 520 522 611 557; x_wconf 90' lang='lat' dir='ltr'><strong>Van</strong></span> <span class='ocrx_word' id='word_1_38' title='bbox 630 521 761 568; x_wconf 90' lang='lat' dir='ltr'><strong>Espen</strong></span> <span class='ocrx_word' id='word_1_39' title='bbox 781 520 954 556; x_wconf 90' lang='lat' dir='ltr'><strong>doctoris</strong></span> <span class='ocrx_word' id='word_1_40' title='bbox 973 521 1096 556; x_wconf 87' lang='lat' dir='ltr'><strong>Lova—</strong></span> 
     </span>
     <span class='ocr_line' id='line_1_9' title="bbox 142 574 1097 625; baseline -0.007 -8"><span class='ocrx_word' id='word_1_41' title='bbox 142 579 303 623; x_wconf 87' lang='lat' dir='ltr'><strong>niensis,</strong></span> <span class='ocrx_word' id='word_1_42' title='bbox 323 582 362 614; x_wconf 87' lang='lat' dir='ltr'><strong>et</strong></span> <span class='ocrx_word' id='word_1_43' title='bbox 388 575 648 625; x_wconf 86' lang='lat' dir='ltr'><strong>quorumdam</strong></span> <span class='ocrx_word' id='word_1_44' title='bbox 671 575 879 611; x_wconf 88' lang='lat' dir='ltr'><strong>doctorum</strong></span> <span class='ocrx_word' id='word_1_45' title='bbox 898 574 1097 611; x_wconf 86' lang='lat' dir='ltr'><strong>Parisien-</strong></span> 
     </span>
     <span class='ocr_line' id='line_1_10' title="bbox 142 629 1098 678; baseline -0.007 -7"><span class='ocrx_word' id='word_1_46' title='bbox 142 635 240 672; x_wconf 88' lang='lat' dir='ltr'><strong>sium</strong></span> <span class='ocrx_word' id='word_1_47' title='bbox 268 645 288 670; x_wconf 93' lang='lat' dir='ltr'><strong>e</strong></span> <span class='ocrx_word' id='word_1_48' title='bbox 316 632 488 668; x_wconf 90' lang='lat' dir='ltr'><strong>factione</strong></span> <span class='ocrx_word' id='word_1_49' title='bbox 515 629 812 678; x_wconf 90' lang='lat' dir='ltr'><strong>Appellantium</strong></span> <span class='ocrx_word' id='word_1_50' title='bbox 833 629 1098 673; x_wconf 86' lang='lat' dir='ltr'><strong>corroborati,</strong></span> 
     </span>
     <span class='ocr_line' id='line_1_11' title="bbox 144 682 1099 730; baseline -0.007 -6"><span class='ocrx_word' id='word_1_51' title='bbox 144 687 216 725; x_wconf 87' lang='lat' dir='ltr'><strong>sibi</strong></span> <span class='ocrx_word' id='word_1_52' title='bbox 242 687 302 723; x_wconf 91' lang='lat' dir='ltr'><strong>ius</strong></span> <span class='ocrx_word' id='word_1_53' title='bbox 329 697 416 723; x_wconf 87' lang='lat' dir='ltr'><strong>esse</strong></span> <span class='ocrx_word' id='word_1_54' title='bbox 445 683 736 721; x_wconf 88' lang='lat' dir='ltr'><strong>contenderunt</strong></span> <span class='ocrx_word' id='word_1_55' title='bbox 754 682 926 730; x_wconf 89' lang='lat' dir='ltr'><strong>eligendi</strong></span> <span class='ocrx_word' id='word_1_56' title='bbox 947 682 1099 719; x_wconf 87' lang='lat' dir='ltr'><strong>archie-</strong></span> 
     </span>
     <span class='ocr_line' id='line_1_12' title="bbox 143 736 1098 790; baseline -0.006 -12"><span class='ocrx_word' id='word_1_57' title='bbox 143 742 346 790; x_wconf 88' lang='lat' dir='ltr'><strong>piscopum</strong></span> <span class='ocrx_word' id='word_1_58' title='bbox 360 738 763 782; x_wconf 86' lang='lat' dir='ltr'><strong>Ultraiectensem,et</strong></span> <span class='ocrx_word' id='word_1_59' title='bbox 780 738 825 772; x_wconf 80' lang='lat' dir='ltr'><strong>v⁰</strong></span> <span class='ocrx_word' id='word_1_60' title='bbox 841 736 993 774; x_wconf 91' lang='lat' dir='ltr'><strong>calend.</strong></span> <span class='ocrx_word' id='word_1_61' title='bbox 1005 737 1098 773; x_wconf 90' lang='lat' dir='ltr'><strong>mai.</strong></span> 
     </span>
     <span class='ocr_line' id='line_1_13' title="bbox 143 791 1099 840; baseline -0.006 -7"><span class='ocrx_word' id='word_1_62' title='bbox 143 796 235 833; x_wconf 93' lang='lat'>1723</span> <span class='ocrx_word' id='word_1_63' title='bbox 260 794 486 832; x_wconf 86' lang='lat' dir='ltr'><strong>Cornelium</strong></span> <span class='ocrx_word' id='word_1_64' title='bbox 513 792 787 836; x_wconf 82' lang='lat' dir='ltr'><strong>Steenhoven,</strong></span> <span class='ocrx_word' id='word_1_65' title='bbox 808 792 872 840; x_wconf 91' lang='lat' dir='ltr'><strong>qui</strong></span> <span class='ocrx_word' id='word_1_66' title='bbox 897 791 977 827; x_wconf 91' lang='lat' dir='ltr'><strong>iam</strong></span> <span class='ocrx_word' id='word_1_67' title='bbox 995 791 1099 840; x_wconf 90' lang='lat' dir='ltr'><strong>apud</strong></span> 
     </span>
     <span class='ocr_line' id='line_1_14' title="bbox 142 846 1098 895; baseline -0.006 -8"><span class='ocrx_word' id='word_1_68' title='bbox 142 851 230 887; x_wconf 89' lang='lat' dir='ltr'><strong>illos</strong></span> <span class='ocrx_word' id='word_1_69' title='bbox 256 848 398 885; x_wconf 86' lang='lat' dir='ltr'><strong>vicarii</strong></span> <span class='ocrx_word' id='word_1_70' title='bbox 426 847 629 895; x_wconf 86' lang='lat' dir='ltr'><strong>generalis</strong></span> <span class='ocrx_word' id='word_1_71' title='bbox 656 857 820 883; x_wconf 86' lang='lat' dir='ltr'><strong>munere</strong></span> <span class='ocrx_word' id='word_1_72' title='bbox 843 846 1098 894; x_wconf 83' lang='lat' dir='ltr'><strong>fungebatur,</strong></span> 
     </span>
     <span class='ocr_line' id='line_1_15' title="bbox 142 899 1102 951; baseline -0.006 -11"><span class='ocrx_word' id='word_1_73' title='bbox 142 904 351 951; x_wconf 89' lang='lat' dir='ltr'><strong>elegerunt</strong></span> <span class='ocrx_word' id='word_1_74' title='bbox 369 901 727 950; x_wconf 86' lang='lat' dir='ltr'><strong>archiepiscopum,</strong></span> <span class='ocrx_word' id='word_1_75' title='bbox 742 901 923 948; x_wconf 78' lang='lat' dir='ltr'>hancque</span> <span class='ocrx_word' id='word_1_76' title='bbox 942 899 1102 937; x_wconf 87' lang='lat' dir='ltr'><strong>electio-</strong></span> 
     </span>
     <span class='ocr_line' id='line_1_16' title="bbox 142 955 1099 1005; baseline -0.003 -11"><span class='ocrx_word' id='word_1_77' title='bbox 142 969 233 996; x_wconf 87' lang='lat' dir='ltr'><strong>nem</strong></span> <span class='ocrx_word' id='word_1_78' title='bbox 253 956 529 1005; x_wconf 87' lang='lat' dir='ltr'><strong>significarunt</strong></span> <span class='ocrx_word' id='word_1_79' title='bbox 542 956 724 992; x_wconf 85' lang='lat' dir='ltr'><strong>Romano</strong></span> <span class='ocrx_word' id='word_1_80' title='bbox 739 955 939 1000; x_wconf 88' lang='lat' dir='ltr'><strong>Pontifici,</strong></span> <span class='ocrx_word' id='word_1_81' title='bbox 954 959 997 992; x_wconf 92' lang='lat' dir='ltr'><strong>ut</strong></span> <span class='ocrx_word' id='word_1_82' title='bbox 1011 965 1099 992; x_wconf 89' lang='lat' dir='ltr'><strong>eam</strong></span> 
     </span>
     <span class='ocr_line' id='line_1_17' title="bbox 142 1012 415 1050; baseline -0.015 -1"><span class='ocrx_word' id='word_1_83' title='bbox 142 1012 415 1050; x_wconf 87' lang='lat' dir='ltr'><strong>confirmaret.</strong></span> 
     </span>
    </p>

    <p class='ocr_par' dir='ltr' id='par_1_3' title="bbox 142 1063 1108 2644">
     <span class='ocr_line' id='line_1_18' title="bbox 188 1063 1101 1112; baseline -0.002 -9"><span class='ocrx_word' id='word_1_84' title='bbox 188 1064 444 1103; x_wconf 84' lang='lat' dir='ltr'><strong>Innocentius</strong></span> <span class='ocrx_word' id='word_1_85' title='bbox 476 1064 552 1112; x_wconf 88' lang='lat' dir='ltr'><strong>Pp.</strong></span> <span class='ocrx_word' id='word_1_86' title='bbox 580 1064 671 1100; x_wconf 88' lang='lat' dir='ltr'>XIII</span> <span class='ocrx_word' id='word_1_87' title='bbox 698 1063 747 1100; x_wconf 92' lang='lat' dir='ltr'><strong>ad</strong></span> <span class='ocrx_word' id='word_1_88' title='bbox 783 1063 1011 1111; x_wconf 78' lang='lat' dir='ltr'><strong>petulantes</strong></span> <span class='ocrx_word' id='word_1_89' title='bbox 1037 1076 1101 1101; x_wconf 93' lang='lat' dir='ltr'><strong>eo-</strong></span> 
     </span>
     <span class='ocr_line' id='line_1_19' title="bbox 142 1117 1099 1167; baseline -0.004 -11"><span class='ocrx_word' id='word_1_90' title='bbox 142 1131 231 1157; x_wconf 85' lang='lat' dir='ltr'><strong>rum</strong></span> <span class='ocrx_word' id='word_1_91' title='bbox 265 1120 421 1157; x_wconf 72' lang='lat' dir='ltr'><strong>litteras</strong></span> <span class='ocrx_word' id='word_1_92' title='bbox 464 1117 708 1167; x_wconf 77' lang='lat' dir='ltr'><strong>respondere</strong></span> <span class='ocrx_word' id='word_1_93' title='bbox 752 1117 989 1166; x_wconf 85' lang='lat' dir='ltr'><strong>dedignatus</strong></span> <span class='ocrx_word' id='word_1_94' title='bbox 1025 1123 1099 1155; x_wconf 89' lang='lat' dir='ltr'><strong>est.</strong></span> 
     </span>
     <span class='ocr_line' id='line_1_20' title="bbox 143 1172 1101 1211; baseline -0.002 0"><span class='ocrx_word' id='word_1_95' title='bbox 143 1174 239 1211; x_wconf 87' lang='lat' dir='ltr'><strong>Post</strong></span> <span class='ocrx_word' id='word_1_96' title='bbox 264 1174 348 1211; x_wconf 89' lang='lat' dir='ltr'><strong>eius</strong></span> <span class='ocrx_word' id='word_1_97' title='bbox 374 1173 521 1210; x_wconf 92' lang='lat' dir='ltr'><strong>obitum</strong></span> <span class='ocrx_word' id='word_1_98' title='bbox 549 1183 709 1209; x_wconf 91' lang='lat' dir='ltr'><strong>sacrum</strong></span> <span class='ocrx_word' id='word_1_99' title='bbox 733 1172 1004 1211; x_wconf 88' lang='lat' dir='ltr'><strong>Cardinalium</strong></span> <span class='ocrx_word' id='word_1_100' title='bbox 1025 1172 1101 1211; x_wconf 92' lang='lat' dir='ltr'><strong>col-</strong></span> 
     </span>
     <span class='ocr_line' id='line_1_21' title="bbox 143 1227 1099 1280; baseline -0.007 -10"><span class='ocrx_word' id='word_1_101' title='bbox 143 1232 306 1280; x_wconf 86' lang='lat' dir='ltr'><strong>legium,</strong></span> <span class='ocrx_word' id='word_1_102' title='bbox 325 1229 428 1267; x_wconf 86' lang='lat' dir='ltr'><strong>Sede</strong></span> <span class='ocrx_word' id='word_1_103' title='bbox 454 1232 640 1273; x_wconf 87' lang='lat' dir='ltr'><strong>vacante‚</strong></span> <span class='ocrx_word' id='word_1_104' title='bbox 660 1240 732 1277; x_wconf 88' lang='lat' dir='ltr'><strong>per·</strong></span> <span class='ocrx_word' id='word_1_105' title='bbox 749 1227 916 1271; x_wconf 81' lang='lat' dir='ltr'><strong>litteras,</strong></span> <span class='ocrx_word' id='word_1_106' title='bbox 939 1227 997 1264; x_wconf 76' lang='lat' dir='ltr'><strong>v1⁰</strong></span> <span class='ocrx_word' id='word_1_107' title='bbox 1015 1227 1099 1264; x_wconf 88' lang='lat' dir='ltr'><strong>idus</strong></span> 
     </span>
     <span class='ocr_line' id='line_1_22' title="bbox 145 1284 1100 1338; baseline -0.008 -11"><span class='ocrx_word' id='word_1_108' title='bbox 145 1288 281 1338; x_wconf 82' lang='lat' dir='ltr'><strong>aprilis</strong></span> <span class='ocrx_word' id='word_1_109' title='bbox 307 1288 428 1332; x_wconf 89' lang='grc'><strong>1724,</strong></span> <span class='ocrx_word' id='word_1_110' title='bbox 455 1286 569 1322; x_wconf 87' lang='lat' dir='ltr'><strong>datas</strong></span> <span class='ocrx_word' id='word_1_111' title='bbox 595 1284 645 1321; x_wconf 85' lang='lat' dir='ltr'><strong>ad</strong></span> <span class='ocrx_word' id='word_1_112' title='bbox 682 1284 977 1322; x_wconf 85' lang='lat' dir='ltr'><strong>Internuncium</strong></span> <span class='ocrx_word' id='word_1_113' title='bbox 1003 1284 1100 1320; x_wconf 85' lang='lat' dir='ltr'><strong>Bru-</strong></span> 
     </span>
     <span class='ocr_line' id='line_1_23' title="bbox 145 1340 1102 1395; baseline -0.014 -7"><span class='ocrx_word' id='word_1_114' title='bbox 145 1349 260 1390; x_wconf 83' lang='lat' dir='ltr'><strong>xellis</strong></span> <span class='ocrx_word' id='word_1_115' title='bbox 286 1349 472 1395; x_wconf 90' lang='lat' dir='ltr'><strong>agentem</strong></span> <span class='ocrx_word' id='word_1_116' title='bbox 493 1374 502 1388; x_wconf 91' lang='lat'><strong>,</strong></span> <span class='ocrx_word' id='word_1_117' title='bbox 528 1343 708 1380; x_wconf 88' lang='lat' dir='ltr'><strong>omnibus</strong></span> <span class='ocrx_word' id='word_1_118' title='bbox 742 1341 938 1391; x_wconf 88' lang='lat' dir='ltr'><strong>episcopis</strong></span> <span class='ocrx_word' id='word_1_119' title='bbox 962 1340 1102 1376; x_wconf 88' lang='lat' dir='ltr'><strong>vicinis</strong></span> 
     </span>
     <span class='ocr_line' id='line_1_24' title="bbox 144 1395 1101 1455; baseline -0.013 -12"><span class='ocrx_word' id='word_1_120' title='bbox 144 1403 365 1455; x_wconf 89' lang='lat' dir='ltr'><strong>prohibuit,</strong></span> <span class='ocrx_word' id='word_1_121' title='bbox 391 1413 440 1438; x_wconf 92' lang='lat' dir='ltr'><strong>ne</strong></span> <span class='ocrx_word' id='word_1_122' title='bbox 467 1399 653 1439; x_wconf 90' lang='lat' dir='ltr'><strong>Cornelio</strong></span> <span class='ocrx_word' id='word_1_123' title='bbox 681 1398 936 1435; x_wconf 85' lang='lat' dir='ltr'><strong>Steenhoven</strong></span> <span class='ocrx_word' id='word_1_124' title='bbox 955 1425 964 1440; x_wconf 92' lang='lat'>‚</span> <span class='ocrx_word' id='word_1_125' title='bbox 992 1395 1101 1432; x_wconf 92' lang='lat' dir='ltr'><strong>cuius</strong></span> 
     </span>
     <span class='ocr_line' id='line_1_25' title="bbox 144 1450 1102 1499; baseline -0.014 -1"><span class='ocrx_word' id='word_1_126' title='bbox 144 1460 284 1497; x_wconf 89' lang='lat' dir='ltr'><strong>electio</strong></span> <span class='ocrx_word' id='word_1_127' title='bbox 312 1457 519 1496; x_wconf 84' lang='lat' dir='ltr'><strong>evidenter</strong></span> <span class='ocrx_word' id='word_1_128' title='bbox 545 1457 634 1491; x_wconf 88' lang='lat' dir='ltr'><strong>erat</strong></span> <span class='ocrx_word' id='word_1_129' title='bbox 660 1452 784 1497; x_wconf 89' lang='lat' dir='ltr'><strong>nulla,</strong></span> <span class='ocrx_word' id='word_1_130' title='bbox 811 1462 952 1488; x_wconf 89' lang='lat' dir='ltr'><strong>manus</strong></span> <span class='ocrx_word' id='word_1_131' title='bbox 979 1450 1102 1499; x_wconf 89' lang='lat' dir='ltr'><strong>impo-</strong></span> 
     </span>
     <span class='ocr_line' id='line_1_26' title="bbox 143 1505 1102 1552; baseline -0.009 -2"><span class='ocrx_word' id='word_1_132' title='bbox 143 1517 300 1552; x_wconf 90' lang='lat' dir='ltr'><strong>nerent.</strong></span> <span class='ocrx_word' id='word_1_133' title='bbox 329 1512 369 1548; x_wconf 86' lang='lat' dir='ltr'><strong>ld</strong></span> <span class='ocrx_word' id='word_1_134' title='bbox 388 1521 484 1548; x_wconf 90' lang='lat' dir='ltr'><strong>vero</strong></span> <span class='ocrx_word' id='word_1_135' title='bbox 504 1510 638 1545; x_wconf 85' lang='lat' dir='ltr'><strong>facere</strong></span> <span class='ocrx_word' id='word_1_136' title='bbox 659 1518 778 1543; x_wconf 91' lang='lat' dir='ltr'><strong>ausus</strong></span> <span class='ocrx_word' id='word_1_137' title='bbox 796 1510 856 1542; x_wconf 90' lang='lat' dir='ltr'><strong>est</strong></span> <span class='ocrx_word' id='word_1_138' title='bbox 872 1505 1102 1542; x_wconf 90' lang='lat' dir='ltr'><strong>Dominicus</strong></span> 
     </span>
     <span class='ocr_line' id='line_1_27' title="bbox 143 1558 1104 1613; baseline -0.01 -8"><span class='ocrx_word' id='word_1_139' title='bbox 143 1568 201 1607; x_wconf 93' lang='lat' dir='ltr'><strong>M.</strong></span> <span class='ocrx_word' id='word_1_140' title='bbox 222 1567 385 1610; x_wconf 86' lang='lat' dir='ltr'><strong>Varlet,</strong></span> <span class='ocrx_word' id='word_1_141' title='bbox 404 1564 634 1613; x_wconf 88' lang='lat' dir='ltr'><strong>episcopum</strong></span> <span class='ocrx_word' id='word_1_142' title='bbox 652 1561 894 1598; x_wconf 88' lang='lat' dir='ltr'><strong>Ascalonen.</strong></span> <span class='ocrx_word' id='word_1_143' title='bbox 915 1559 941 1595; x_wconf 83' lang='lat' dir='ltr'><strong>i.</strong></span> <span class='ocrx_word' id='word_1_144' title='bbox 956 1571 997 1608; x_wconf 77' lang='lat' dir='ltr'><strong>J)-</strong></span> <span class='ocrx_word' id='word_1_145' title='bbox 1019 1558 1049 1595; x_wconf 78' lang='lat' dir='ltr'><strong>i.</strong></span> <span class='ocrx_word' id='word_1_146' title='bbox 1068 1559 1104 1596; x_wconf 93' lang='lat' dir='ltr'><strong>Is</strong></span> 
     </span>
     <span class='ocr_line' id='line_1_28' title="bbox 144 1612 1104 1671; baseline -0.013 -11"><span class='ocrx_word' id='word_1_147' title='bbox 144 1634 165 1659; x_wconf 92' lang='lat' dir='ltr'><strong>e</strong></span> <span class='ocrx_word' id='word_1_148' title='bbox 193 1620 452 1671; x_wconf 83' lang='lat' dir='ltr'><strong>praesbytero</strong></span> <span class='ocrx_word' id='word_1_149' title='bbox 478 1616 708 1653; x_wconf 89' lang='lat' dir='ltr'><strong>missionum</strong></span> <span class='ocrx_word' id='word_1_150' title='bbox 735 1618 964 1652; x_wconf 84' lang='lat' dir='ltr'><strong>exterarum</strong></span> <span class='ocrx_word' id='word_1_151' title='bbox 990 1612 1104 1649; x_wconf 86' lang='lat' dir='ltr'><strong>Pari-</strong></span> 
     </span>
     <span class='ocr_line' id='line_1_29' title="bbox 144 1667 1105 1716; baseline -0.009 -2"><span class='ocrx_word' id='word_1_152' title='bbox 144 1676 213 1714; x_wconf 91' lang='lat' dir='ltr'><strong>siis</strong></span> <span class='ocrx_word' id='word_1_153' title='bbox 235 1688 298 1713; x_wconf 92' lang='lat' dir='ltr'><strong>an.</strong></span> <span class='ocrx_word' id='word_1_154' title='bbox 321 1674 416 1712; x_wconf 92' lang='lat'>1718</span> <span class='ocrx_word' id='word_1_155' title='bbox 435 1676 594 1710; x_wconf 86' lang='lat' dir='ltr'><strong>creatus</strong></span> <span class='ocrx_word' id='word_1_156' title='bbox 613 1669 818 1707; x_wconf 90' lang='lat' dir='ltr'><strong>coadiutor</strong></span> <span class='ocrx_word' id='word_1_157' title='bbox 837 1667 1011 1716; x_wconf 88' lang='lat' dir='ltr'><strong>episcopi</strong></span> <span class='ocrx_word' id='word_1_158' title='bbox 1029 1667 1105 1705; x_wconf 89' lang='lat' dir='ltr'><strong>Ba-</strong></span> 
     </span>
     <span class='ocr_line' id='line_1_30' title="bbox 143 1722 1106 1780; baseline -0.011 -12"><span class='ocrx_word' id='word_1_159' title='bbox 143 1728 400 1780; x_wconf 83' lang='lat' dir='ltr'><strong>byloniensis,</strong></span> <span class='ocrx_word' id='word_1_160' title='bbox 416 1738 532 1775; x_wconf 91' lang='lat' dir='ltr'><strong>quum</strong></span> <span class='ocrx_word' id='word_1_161' title='bbox 552 1737 624 1774; x_wconf 89' lang='lat' dir='ltr'><strong>per</strong></span> <span class='ocrx_word' id='word_1_162' title='bbox 639 1723 892 1761; x_wconf 90' lang='lat' dir='ltr'><strong>Hollandiam</strong></span> <span class='ocrx_word' id='word_1_163' title='bbox 913 1722 1106 1759; x_wconf 84' lang='lat' dir='ltr'><strong>transiret</strong></span> 
     </span>
     <span class='ocr_line' id='line_1_31' title="bbox 146 1776 1106 1826; baseline -0.01 -5"><span class='ocrx_word' id='word_1_164' title='bbox 146 1785 184 1821; x_wconf 92' lang='lat' dir='ltr'><strong>in</strong></span> <span class='ocrx_word' id='word_1_165' title='bbox 200 1778 719 1826; x_wconf 87' lang='lat' dir='ltr'><strong>Persidem‚Amstelodami</strong></span> <span class='ocrx_word' id='word_1_166' title='bbox 735 1777 838 1825; x_wconf 90' lang='lat' dir='ltr'><strong>apud</strong></span> <span class='ocrx_word' id='word_1_167' title='bbox 854 1776 1106 1814; x_wconf 88' lang='lat' dir='ltr'><strong>Ianseniano-</strong></span> 
     </span>
     <span class='ocr_line' id='line_1_32' title="bbox 147 1832 1106 1882; baseline -0.01 -6"><span class='ocrx_word' id='word_1_168' title='bbox 147 1837 451 1880; x_wconf 82' lang='lat' dir='ltr'><strong>Quesnellistas‚</strong></span> <span class='ocrx_word' id='word_1_169' title='bbox 483 1834 621 1882; x_wconf 87' lang='lat' dir='ltr'><strong>quibus</strong></span> <span class='ocrx_word' id='word_1_170' title='bbox 653 1832 808 1869; x_wconf 90' lang='lat' dir='ltr'><strong>deditus</strong></span> <span class='ocrx_word' id='word_1_171' title='bbox 839 1835 944 1875; x_wconf 88' lang='lat' dir='ltr'><strong>erat,</strong></span> <span class='ocrx_word' id='word_1_172' title='bbox 972 1840 1106 1867; x_wconf 88' lang='lat' dir='ltr'><strong>moras</strong></span> 
     </span>
     <span class='ocr_line' id='line_1_33' title="bbox 147 1885 1105 1938; baseline -0.008 -10"><span class='ocrx_word' id='word_1_173' title='bbox 147 1892 299 1935; x_wconf 82' lang='lat' dir='ltr'><strong>traxit,</strong></span> <span class='ocrx_word' id='word_1_174' title='bbox 333 1891 457 1938; x_wconf 80' lang='lat' dir='ltr'><strong>iisque</strong></span> <span class='ocrx_word' id='word_1_175' title='bbox 485 1886 773 1936; x_wconf 83' lang='lat' dir='ltr'><strong>postulantibus</strong></span> <span class='ocrx_word' id='word_1_176' title='bbox 799 1885 1105 1922; x_wconf 80' lang='lat' dir='ltr'><strong>Sacramentum</strong></span> 
     </span>
     <span class='ocr_line' id='line_1_34' title="bbox 149 1938 1106 1983; baseline -0.009 -1"><span class='ocrx_word' id='word_1_177' title='bbox 149 1944 472 1983; x_wconf 78' lang='lat' dir='ltr'><strong>ConfirmationiS</strong></span> <span class='ocrx_word' id='word_1_178' title='bbox 487 1941 726 1978; x_wconf 84' lang='lat' dir='ltr'><strong>contulerat.</strong></span> <span class='ocrx_word' id='word_1_179' title='bbox 737 1940 818 1976; x_wconf 85' lang='lat' dir='ltr'><strong>Res</strong></span> <span class='ocrx_word' id='word_1_180' title='bbox 837 1950 989 1975; x_wconf 91' lang='lat' dir='ltr'><strong>summo</strong></span> <span class='ocrx_word' id='word_1_181' title='bbox 1005 1938 1106 1974; x_wconf 88' lang='lat' dir='ltr'><strong>Pon-</strong></span> 
     </span>
     <span class='ocr_line' id='line_1_35' title="bbox 149 1991 1107 2044; baseline -0.006 -9"><span class='ocrx_word' id='word_1_182' title='bbox 149 1999 245 2035; x_wconf 86' lang='lat' dir='ltr'><strong>tifici</strong></span> <span class='ocrx_word' id='word_1_183' title='bbox 260 1997 444 2041; x_wconf 86' lang='lat' dir='ltr'><strong>innotuit,</strong></span> <span class='ocrx_word' id='word_1_184' title='bbox 459 1996 591 2044; x_wconf 88' lang='lat' dir='ltr'><strong>qui,re</strong></span> <span class='ocrx_word' id='word_1_185' title='bbox 606 2003 820 2043; x_wconf 88' lang='lat' dir='ltr'><strong>perpensa,</strong></span> <span class='ocrx_word' id='word_1_186' title='bbox 833 2004 922 2029; x_wconf 91' lang='lat' dir='ltr'><strong>eum</strong></span> <span class='ocrx_word' id='word_1_187' title='bbox 938 2003 1003 2028; x_wconf 88' lang='lat' dir='ltr'><strong>an.</strong></span> <span class='ocrx_word' id='word_1_188' title='bbox 1017 1991 1107 2029; x_wconf 83' lang='lat'>1720</span> 
     </span>
     <span class='ocr_line' id='line_1_36' title="bbox 150 2045 1106 2100; baseline -0.008 -12"><span class='ocrx_word' id='word_1_189' title='bbox 150 2063 223 2100; x_wconf 90' lang='lat' dir='ltr'><strong>per</strong></span> <span class='ocrx_word' id='word_1_190' title='bbox 238 2051 465 2100; x_wconf 91' lang='lat' dir='ltr'><strong>episcopum</strong></span> <span class='ocrx_word' id='word_1_191' title='bbox 482 2047 788 2096; x_wconf 88' lang='lat' dir='ltr'><strong>Ispahanensem</strong></span> <span class='ocrx_word' id='word_1_192' title='bbox 805 2046 843 2081; x_wconf 92' lang='lat' dir='ltr'><strong>in</strong></span> <span class='ocrx_word' id='word_1_193' title='bbox 855 2045 1017 2081; x_wconf 88' lang='lat' dir='ltr'><strong>Perside</strong></span> <span class='ocrx_word' id='word_1_194' title='bbox 1028 2056 1106 2080; x_wconf 91' lang='lat' dir='ltr'><strong>om-</strong></span> 
     </span>
     <span class='ocr_line' id='line_1_37' title="bbox 150 2098 1106 2149; baseline -0.009 -7"><span class='ocrx_word' id='word_1_195' title='bbox 150 2105 265 2142; x_wconf 86' lang='lat' dir='ltr'><strong>nibus</strong></span> <span class='ocrx_word' id='word_1_196' title='bbox 284 2103 548 2141; x_wconf 87' lang='lat' dir='ltr'><strong>functionibus</strong></span> <span class='ocrx_word' id='word_1_197' title='bbox 573 2100 863 2149; x_wconf 86' lang='lat' dir='ltr'><strong>episcopalibus</strong></span> <span class='ocrx_word' id='word_1_198' title='bbox 889 2098 1106 2135; x_wconf 79' lang='lat' dir='ltr'><strong>interdixit.</strong></span> 
     </span>
     <span class='ocr_line' id='line_1_38' title="bbox 152 2151 1107 2203; baseline -0.007 -8"><span class='ocrx_word' id='word_1_199' title='bbox 152 2160 309 2203; x_wconf 87' lang='lat' dir='ltr'><strong>Varlet,</strong></span> <span class='ocrx_word' id='word_1_200' title='bbox 320 2158 459 2196; x_wconf 89' lang='lat' dir='ltr'><strong>relicta</strong></span> <span class='ocrx_word' id='word_1_201' title='bbox 473 2156 582 2201; x_wconf 86' lang='lat' dir='ltr'><strong>Asia,</strong></span> <span class='ocrx_word' id='word_1_202' title='bbox 594 2155 711 2192; x_wconf 90' lang='lat' dir='ltr'><strong>rediit</strong></span> <span class='ocrx_word' id='word_1_203' title='bbox 725 2154 764 2190; x_wconf 92' lang='lat' dir='ltr'><strong>in</strong></span> <span class='ocrx_word' id='word_1_204' title='bbox 773 2151 1107 2195; x_wconf 86' lang='lat' dir='ltr'><strong>Hollandiam,ubi</strong></span> 
     </span>
     <span class='ocr_line' id='line_1_39' title="bbox 151 2208 1107 2253; baseline -0.009 -1"><span class='ocrx_word' id='word_1_205' title='bbox 151 2226 193 2252; x_wconf 90' lang='lat' dir='ltr'><strong>se</strong></span> <span class='ocrx_word' id='word_1_206' title='bbox 222 2225 310 2251; x_wconf 91' lang='lat' dir='ltr'><strong>cum</strong></span> <span class='ocrx_word' id='word_1_207' title='bbox 338 2210 567 2249; x_wconf 81' lang='lat' dir='ltr'><strong>lansenistis</strong></span> <span class='ocrx_word' id='word_1_208' title='bbox 594 2209 810 2253; x_wconf 84' lang='lat' dir='ltr'><strong>coniunxit;</strong></span> <span class='ocrx_word' id='word_1_209' title='bbox 828 2208 901 2245; x_wconf 81' lang='lat' dir='ltr'><strong>xv⁰</strong></span> <span class='ocrx_word' id='word_1_210' title='bbox 921 2208 1107 2245; x_wconf 89' lang='lat' dir='ltr'><strong>calendas</strong></span> 
     </span>
     <span class='ocr_line' id='line_1_40' title="bbox 149 2263 1105 2311; baseline -0.008 -4"><span class='ocrx_word' id='word_1_211' title='bbox 149 2269 316 2306; x_wconf 88' lang='lat' dir='ltr'><strong>martias</strong></span> <span class='ocrx_word' id='word_1_212' title='bbox 343 2267 434 2304; x_wconf 88' lang='lat'>1723</span> <span class='ocrx_word' id='word_1_213' title='bbox 461 2277 484 2302; x_wconf 92' lang='lat' dir='ltr'><strong>a</strong></span> <span class='ocrx_word' id='word_1_214' title='bbox 511 2265 625 2301; x_wconf 90' lang='lat' dir='ltr'><strong>Bulla</strong></span> <span class='ocrx_word' id='word_1_215' title='bbox 648 2263 897 2311; x_wconf 70' lang='lat' dir='ltr'><strong>Uniyenicus,</strong></span> <span class='ocrx_word' id='word_1_216' title='bbox 917 2267 956 2300; x_wconf 91' lang='lat' dir='ltr'><strong>et</strong></span> <span class='ocrx_word' id='word_1_217' title='bbox 975 2275 998 2299; x_wconf 93' lang='lat' dir='ltr'><strong>a</strong></span> <span class='ocrx_word' id='word_1_218' title='bbox 1017 2275 1105 2301; x_wconf 90' lang='lat' dir='ltr'><strong>cen-</strong></span> 
     </span>
     <span class='ocr_line' id='line_1_41' title="bbox 150 2318 1107 2366; baseline -0.004 -5"><span class='ocrx_word' id='word_1_219' title='bbox 150 2325 253 2361; x_wconf 82' lang='lat' dir='ltr'><strong>suris</strong></span> <span class='ocrx_word' id='word_1_220' title='bbox 279 2327 421 2360; x_wconf 88' lang='lat' dir='ltr'><strong>contra</strong></span> <span class='ocrx_word' id='word_1_221' title='bbox 447 2333 490 2359; x_wconf 91' lang='lat' dir='ltr'><strong>se</strong></span> <span class='ocrx_word' id='word_1_222' title='bbox 524 2319 742 2357; x_wconf 84' lang='lat' dir='ltr'><strong>fulminatis</strong></span> <span class='ocrx_word' id='word_1_223' title='bbox 761 2347 769 2362; x_wconf 92' lang='lat'><strong>,</strong></span> <span class='ocrx_word' id='word_1_224' title='bbox 797 2318 1039 2366; x_wconf 76' lang='lat' dir='ltr'><strong>appellavit,</strong></span> <span class='ocrx_word' id='word_1_225' title='bbox 1067 2324 1107 2357; x_wconf 91' lang='lat' dir='ltr'><strong>et</strong></span> 
     </span>
     <span class='ocr_line' id='line_1_42' title="bbox 150 2372 1108 2426; baseline -0.005 -10"><span class='ocrx_word' id='word_1_226' title='bbox 150 2389 254 2415; x_wconf 85' lang='lat' dir='ltr'><strong>anno</strong></span> <span class='ocrx_word' id='word_1_227' title='bbox 280 2376 474 2426; x_wconf 90' lang='lat' dir='ltr'><strong>sequenti,</strong></span> <span class='ocrx_word' id='word_1_228' title='bbox 493 2374 619 2411; x_wconf 88' lang='lat' dir='ltr'><strong>idibus</strong></span> <span class='ocrx_word' id='word_1_229' title='bbox 641 2372 829 2416; x_wconf 74' lang='lat' dir='ltr'><strong>octobris,</strong></span> <span class='ocrx_word' id='word_1_230' title='bbox 849 2373 1027 2420; x_wconf 89' lang='lat' dir='ltr'><strong>quamvis</strong></span> <span class='ocrx_word' id='word_1_231' title='bbox 1046 2385 1108 2411; x_wconf 90' lang='lat' dir='ltr'><strong>su-</strong></span> 
     </span>
     <span class='ocr_line' id='line_1_43' title="bbox 149 2427 1104 2481; baseline -0.006 -11"><span class='ocrx_word' id='word_1_232' title='bbox 149 2444 340 2481; x_wconf 87' lang='lat' dir='ltr'><strong>spensus,</strong></span> <span class='ocrx_word' id='word_1_233' title='bbox 375 2430 608 2468; x_wconf 89' lang='lat' dir='ltr'><strong>interdictus</strong></span> <span class='ocrx_word' id='word_1_234' title='bbox 643 2432 683 2464; x_wconf 88' lang='lat' dir='ltr'><strong>et</strong></span> <span class='ocrx_word' id='word_1_235' title='bbox 714 2427 1104 2473; x_wconf 85' lang='lat' dir='ltr'><strong>excommunicatus,</strong></span> 
     </span>
     <span class='ocr_line' id='line_1_44' title="bbox 149 2481 1107 2530; baseline -0.006 -6"><span class='ocrx_word' id='word_1_236' title='bbox 149 2487 377 2524; x_wconf 87' lang='lat' dir='ltr'><strong>Cornelium</strong></span> <span class='ocrx_word' id='word_1_237' title='bbox 399 2483 665 2525; x_wconf 88' lang='lat' dir='ltr'><strong>Steenhoven,</strong></span> <span class='ocrx_word' id='word_1_238' title='bbox 685 2481 960 2517; x_wconf 86' lang='lat' dir='ltr'><strong>assistentibus</strong></span> <span class='ocrx_word' id='word_1_239' title='bbox 980 2483 1002 2517; x_wconf 77' lang='lat'>2</span> <span class='ocrx_word' id='word_1_240' title='bbox 1021 2494 1107 2530; x_wconf 92' lang='lat' dir='ltr'><strong>pre-</strong></span> 
     </span>
     <span class='ocr_line' id='line_1_45' title="bbox 149 2535 1108 2590; baseline -0.005 -12"><span class='ocrx_word' id='word_1_241' title='bbox 149 2542 318 2590; x_wconf 69' lang='lat' dir='ltr'><strong>sbyteris</strong></span> <span class='ocrx_word' id='word_1_242' title='bbox 344 2538 611 2581; x_wconf 60' lang='lat' dir='ltr'><strong>retractarsts,</strong></span> <span class='ocrx_word' id='word_1_243' title='bbox 638 2535 890 2573; x_wconf 84' lang='lat' dir='ltr'><strong>consecravit</strong></span> <span class='ocrx_word' id='word_1_244' title='bbox 916 2536 1108 2584; x_wconf 88' lang='lat' dir='ltr'><strong>archiepi-</strong></span> 
     </span>
     <span class='ocr_line' id='line_1_46' title="bbox 151 2593 667 2644; baseline -0.012 -12"><span class='ocrx_word' id='word_1_245' title='bbox 151 2607 315 2644; x_wconf 82' lang='lat' dir='ltr'><strong>scopum</strong></span> <span class='ocrx_word' id='word_1_246' title='bbox 341 2593 667 2632; x_wconf 88' lang='lat' dir='ltr'><strong>Ultraiectinum.</strong></span> 
     </span>
    </p>

    <p class='ocr_par' dir='ltr' id='par_1_4' title="bbox 109 2644 1108 3237">
     <span class='ocr_line' id='line_1_47' title="bbox 200 2644 1108 2695; baseline -0.003 -10"><span class='ocrx_word' id='word_1_247' title='bbox 200 2649 441 2687; x_wconf 84' lang='lat' dir='ltr'><strong>Benedictus</strong></span> <span class='ocrx_word' id='word_1_248' title='bbox 467 2647 539 2695; x_wconf 86' lang='lat' dir='ltr'><strong>Pp.</strong></span> <span class='ocrx_word' id='word_1_249' title='bbox 579 2646 669 2683; x_wconf 91' lang='lat' dir='ltr'>XIII</span> <span class='ocrx_word' id='word_1_250' title='bbox 696 2644 798 2682; x_wconf 87' lang='lat' dir='ltr'><strong>datis</strong></span> <span class='ocrx_word' id='word_1_251' title='bbox 830 2645 890 2681; x_wconf 75' lang='lat' dir='ltr'><strong>1x⁰</strong></span> <span class='ocrx_word' id='word_1_252' title='bbox 921 2645 1108 2682; x_wconf 84' lang='lat' dir='ltr'><strong>calendas</strong></span> 
     </span>
     <span class='ocr_line' id='line_1_48' title="bbox 152 2699 1107 2742; baseline -0.006 -1"><span class='ocrx_word' id='word_1_253' title='bbox 152 2705 286 2741; x_wconf 90' lang='lat' dir='ltr'><strong>martii</strong></span> <span class='ocrx_word' id='word_1_254' title='bbox 321 2704 416 2740; x_wconf 89' lang='lat'>1725</span> <span class='ocrx_word' id='word_1_255' title='bbox 453 2702 502 2739; x_wconf 92' lang='lat' dir='ltr'><strong>ad</strong></span> <span class='ocrx_word' id='word_1_256' title='bbox 536 2700 744 2737; x_wconf 87' lang='lat' dir='ltr'><strong>universos</strong></span> <span class='ocrx_word' id='word_1_257' title='bbox 780 2699 1030 2742; x_wconf 89' lang='lat' dir='ltr'><strong>Catholicos,</strong></span> <span class='ocrx_word' id='word_1_258' title='bbox 1070 2700 1107 2735; x_wconf 92' lang='lat' dir='ltr'><strong>in</strong></span> 
     </span>
     <span class='ocr_line' id='line_1_49' title="bbox 153 2754 1108 2799; baseline -0.006 -4"><span class='ocrx_word' id='word_1_259' title='bbox 153 2758 365 2795; x_wconf 82' lang='lat' dir='ltr'><strong>Hollandia</strong></span> <span class='ocrx_word' id='word_1_260' title='bbox 391 2760 687 2795; x_wconf 87' lang='lat' dir='ltr'><strong>commorantes</strong></span> <span class='ocrx_word' id='word_1_261' title='bbox 704 2784 712 2799; x_wconf 94' lang='lat'><strong>,</strong></span> <span class='ocrx_word' id='word_1_262' title='bbox 749 2754 892 2791; x_wconf 86' lang='lat' dir='ltr'><strong>litteris</strong></span> <span class='ocrx_word' id='word_1_263' title='bbox 909 2783 917 2798; x_wconf 92' lang='lat'><strong>,</strong></span> <span class='ocrx_word' id='word_1_264' title='bbox 951 2754 1108 2790; x_wconf 90' lang='lat' dir='ltr'><strong>electio-</strong></span> 
     </span>
     <span class='ocr_line' id='line_1_50' title="bbox 154 2808 1107 2851; baseline -0.006 -2"><span class='ocrx_word' id='word_1_265' title='bbox 154 2825 242 2850; x_wconf 89' lang='lat' dir='ltr'><strong>nem</strong></span> <span class='ocrx_word' id='word_1_266' title='bbox 271 2814 315 2851; x_wconf 89' lang='lat' dir='ltr'><strong>C.</strong></span> <span class='ocrx_word' id='word_1_267' title='bbox 344 2813 594 2850; x_wconf 87' lang='lat' dir='ltr'><strong>Steenhoven</strong></span> <span class='ocrx_word' id='word_1_268' title='bbox 624 2809 786 2846; x_wconf 88' lang='lat' dir='ltr'><strong>omnino</strong></span> <span class='ocrx_word' id='word_1_269' title='bbox 813 2808 981 2849; x_wconf 86' lang='lat' dir='ltr'><strong>nullam,</strong></span> <span class='ocrx_word' id='word_1_270' title='bbox 1008 2808 1107 2844; x_wconf 89' lang='lat' dir='ltr'><strong>eius-</strong></span> 
     </span>
     <span class='ocr_line' id='line_1_51' title="bbox 153 2862 1106 2916; baseline -0.007 -11"><span class='ocrx_word' id='word_1_271' title='bbox 153 2879 226 2916; x_wconf 82' lang='lat' dir='ltr'><strong>que</strong></span> <span class='ocrx_word' id='word_1_272' title='bbox 254 2867 597 2904; x_wconf 86' lang='lat' dir='ltr'><strong>consecrationem</strong></span> <span class='ocrx_word' id='word_1_273' title='bbox 616 2863 855 2910; x_wconf 85' lang='lat' dir='ltr'><strong>sacrilegam</strong></span> <span class='ocrx_word' id='word_1_274' title='bbox 873 2862 1106 2906; x_wconf 84' lang='lat' dir='ltr'><strong>declaravit,</strong></span> 
     </span>
     <span class='ocr_line' id='line_1_52' title="bbox 153 2916 1105 2960; baseline -0.006 -2"><span class='ocrx_word' id='word_1_275' title='bbox 153 2933 242 2958; x_wconf 86' lang='lat' dir='ltr'><strong>cum</strong></span> <span class='ocrx_word' id='word_1_276' title='bbox 262 2921 445 2958; x_wconf 87' lang='lat' dir='ltr'><strong>omnibus</strong></span> <span class='ocrx_word' id='word_1_277' title='bbox 464 2920 728 2957; x_wconf 87' lang='lat' dir='ltr'><strong>functionibus</strong></span> <span class='ocrx_word' id='word_1_278' title='bbox 746 2918 873 2955; x_wconf 88' lang='lat' dir='ltr'><strong>sacris</strong></span> <span class='ocrx_word' id='word_1_279' title='bbox 891 2916 1105 2960; x_wconf 77' lang='lat' dir='ltr'><strong>interdixit,</strong></span> 
     </span>
     <span class='ocr_line' id='line_1_53' title="bbox 151 2971 1107 3023; baseline -0.004 -11"><span class='ocrx_word' id='word_1_280' title='bbox 151 2976 401 3023; x_wconf 87' lang='lat' dir='ltr'><strong>divinamque</strong></span> <span class='ocrx_word' id='word_1_281' title='bbox 432 2975 743 3022; x_wconf 84' lang='lat' dir='ltr'><strong>indignationem</strong></span> <span class='ocrx_word' id='word_1_282' title='bbox 780 2971 1027 3010; x_wconf 76' lang='lat' dir='ltr'><strong>refractariis</strong></span> <span class='ocrx_word' id='word_1_283' title='bbox 1060 2972 1107 3008; x_wconf 91' lang='lat' dir='ltr'><strong>ob</strong></span> 
     </span>
     <span class='ocr_line' id='line_1_54' title="bbox 109 3025 1108 3077; baseline -0.004 -12"><span class='ocrx_word' id='word_1_284' title='bbox 109 3045 113 3047; x_wconf 37' lang='lat' dir='ltr'><em>f</em></span> <span class='ocrx_word' id='word_1_285' title='bbox 152 3029 286 3066; x_wconf 88' lang='lat' dir='ltr'><strong>oculos</strong></span> <span class='ocrx_word' id='word_1_286' title='bbox 306 3029 446 3077; x_wconf 86' lang='lat' dir='ltr'><strong>posuit.</strong></span> <span class='ocrx_word' id='word_1_287' title='bbox 464 3029 672 3067; x_wconf 86' lang='lat' dir='ltr'><strong>Cornelius</strong></span> <span class='ocrx_word' id='word_1_288' title='bbox 691 3027 944 3065; x_wconf 86' lang='lat' dir='ltr'><strong>Steenhoven</strong></span> <span class='ocrx_word' id='word_1_289' title='bbox 965 3025 1026 3062; x_wconf 87' lang='lat'>111⁰</span> <span class='ocrx_word' id='word_1_290' title='bbox 1045 3037 1108 3061; x_wconf 86' lang='lat' dir='ltr'><strong>ea-</strong></span> 
     </span>
     <span class='ocr_line' id='line_1_55' title="bbox 153 3078 1106 3131; baseline -0.004 -13"><span class='ocrx_word' id='word_1_291' title='bbox 153 3082 292 3119; x_wconf 89' lang='lat' dir='ltr'><strong>lendas</strong></span> <span class='ocrx_word' id='word_1_292' title='bbox 318 3083 455 3131; x_wconf 88' lang='lat' dir='ltr'><strong>aprilis</strong></span> <span class='ocrx_word' id='word_1_293' title='bbox 484 3094 507 3119; x_wconf 92' lang='lat' dir='ltr'><strong>a</strong></span> <span class='ocrx_word' id='word_1_294' title='bbox 534 3082 737 3119; x_wconf 80' lang='lat' dir='ltr'><strong>Pontificis</strong></span> <span class='ocrx_word' id='word_1_295' title='bbox 756 3081 956 3118; x_wconf 78' lang='lat' dir='ltr'><strong>sententia</strong></span> <span class='ocrx_word' id='word_1_296' title='bbox 974 3078 1022 3115; x_wconf 90' lang='lat' dir='ltr'><strong>ad</strong></span> <span class='ocrx_word' id='word_1_297' title='bbox 1042 3091 1106 3126; x_wconf 86' lang='lat' dir='ltr'><strong>ge-</strong></span> 
     </span>
     <span class='ocr_line' id='line_1_56' title="bbox 154 3132 1104 3183; baseline -0.001 -12"><span class='ocrx_word' id='word_1_298' title='bbox 154 3137 291 3173; x_wconf 87' lang='lat' dir='ltr'><strong>nerale</strong></span> <span class='ocrx_word' id='word_1_299' title='bbox 320 3137 525 3173; x_wconf 89' lang='lat' dir='ltr'><strong>concilium</strong></span> <span class='ocrx_word' id='word_1_300' title='bbox 553 3136 784 3183; x_wconf 81' lang='lat' dir='ltr'><strong>appellavit;</strong></span> <span class='ocrx_word' id='word_1_301' title='bbox 804 3141 844 3172; x_wconf 89' lang='lat' dir='ltr'><strong>at</strong></span> <span class='ocrx_word' id='word_1_302' title='bbox 863 3139 950 3182; x_wconf 85' lang='lat' dir='ltr'><strong>post</strong></span> <span class='ocrx_word' id='word_1_303' title='bbox 967 3134 989 3170; x_wconf 86' lang='grc'>4</span> <span class='ocrx_word' id='word_1_304' title='bbox 1007 3132 1104 3177; x_wconf 83' lang='lat' dir='ltr'><strong>dies,</strong></span> 
     </span>
     <span class='ocr_line' id='line_1_57' title="bbox 156 3188 1107 3237; baseline -0.002 -12"><span class='ocrx_word' id='word_1_305' title='bbox 156 3190 361 3226; x_wconf 74' lang='lat' dir='ltr'><strong>111⁰nonas</strong></span> <span class='ocrx_word' id='word_1_306' title='bbox 380 3191 530 3237; x_wconf 74' lang='lat' dir='ltr'><strong>aprilis,</strong></span> <span class='ocrx_word' id='word_1_307' title='bbox 551 3190 597 3225; x_wconf 88' lang='lat' dir='ltr'><strong>ad</strong></span> <span class='ocrx_word' id='word_1_308' title='bbox 617 3189 790 3225; x_wconf 85' lang='lat' dir='ltr'><strong>divinum</strong></span> <span class='ocrx_word' id='word_1_309' title='bbox 812 3188 996 3224; x_wconf 88' lang='lat' dir='ltr'><strong>iudicium</strong></span> <span class='ocrx_word' id='word_1_310' title='bbox 1016 3198 1107 3224; x_wconf 87' lang='lat' dir='ltr'><strong>evo-</strong></span> 
     </span>
    </p>
   </div>
   <div class='ocr_carea' id='block_1_3' title="bbox 697 125 1538 158">
    <p class='ocr_par' dir='ltr' id='par_1_5' title="bbox 697 125 1538 158">
     <span class='ocr_line' id='line_1_58' title="bbox 697 125 1538 158; baseline 0.001 -1"><span class='ocrx_word' id='word_1_311' title='bbox 697 129 874 158; x_wconf 83' lang='lat' dir='ltr'><strong>·EPOCHA</strong></span> <span class='ocrx_word' id='word_1_312' title='bbox 896 126 968 155; x_wconf 84' lang='lat' dir='ltr'><strong>xn.</strong></span> <span class='ocrx_word' id='word_1_313' title='bbox 991 127 1019 154; x_wconf 79' lang='lat' dir='ltr'>A</span> <span class='ocrx_word' id='word_1_314' title='bbox 1041 125 1209 155; x_wconf 77' lang='lat' dir='ltr'><strong>erissvs</strong></span> <span class='ocrx_word' id='word_1_315' title='bbox 1229 127 1538 158; x_wconf 75' lang='lat' dir='ltr'>1ANSENJST1018</span> 
     </span>
    </p>
   </div>
   <div class='ocr_carea' id='block_1_4' title="bbox 1146 199 2159 3232">
    <p class='ocr_par' dir='ltr' id='par_1_6' title="bbox 1146 199 2159 725">
     <span class='ocr_line' id='line_1_59' title="bbox 1148 199 2159 249; baseline 0.008 -15"><span class='ocrx_word' id='word_1_316' title='bbox 1148 209 1225 245; x_wconf 89' lang='lat' dir='ltr'><strong>gno</strong></span> <span class='ocrx_word' id='word_1_317' title='bbox 1253 210 1420 237; x_wconf 88' lang='lat' dir='ltr'><strong>numero</strong></span> <span class='ocrx_word' id='word_1_318' title='bbox 1456 199 1699 249; x_wconf 88' lang='lat' dir='ltr'><strong>superabant</strong></span> <span class='ocrx_word' id='word_1_319' title='bbox 1729 200 2000 240; x_wconf 88' lang='lat' dir='ltr'><strong>schismaticos</strong></span> <span class='ocrx_word' id='word_1_320' title='bbox 2019 231 2028 248; x_wconf 94' lang='lat'><strong>‚</strong></span> <span class='ocrx_word' id='word_1_321' title='bbox 2055 203 2104 242; x_wconf 89' lang='lat' dir='ltr'><strong>ab</strong></span> <span class='ocrx_word' id='word_1_322' title='bbox 2156 207 2159 210; x_wconf 73' lang='grc'><strong><em>’</em></strong></span> 
     </span>
     <span class='ocr_line' id='line_1_60' title="bbox 1146 252 2105 303; baseline 0.007 -14"><span class='ocrx_word' id='word_1_323' title='bbox 1146 252 1361 290; x_wconf 87' lang='lat' dir='ltr'><strong>Ordinibus</strong></span> <span class='ocrx_word' id='word_1_324' title='bbox 1387 254 1552 303; x_wconf 85' lang='lat' dir='ltr'><strong>publicis</strong></span> <span class='ocrx_word' id='word_1_325' title='bbox 1578 254 1841 301; x_wconf 85' lang='lat' dir='ltr'><strong>postularunt,</strong></span> <span class='ocrx_word' id='word_1_326' title='bbox 1860 261 1903 294; x_wconf 90' lang='lat' dir='ltr'><strong>ut</strong></span> <span class='ocrx_word' id='word_1_327' title='bbox 1920 257 2105 296; x_wconf 89' lang='lat' dir='ltr'><strong>Vicarios</strong></span> 
     </span>
     <span class='ocr_line' id='line_1_61' title="bbox 1146 307 2106 359; baseline 0.007 -17"><span class='ocrx_word' id='word_1_328' title='bbox 1146 307 1386 353; x_wconf 90' lang='lat' dir='ltr'><strong>apostolicos</strong></span> <span class='ocrx_word' id='word_1_329' title='bbox 1405 337 1414 352; x_wconf 89' lang='lat'><strong>,</strong></span> <span class='ocrx_word' id='word_1_330' title='bbox 1443 319 1468 345; x_wconf 92' lang='lat' dir='ltr'><strong>a</strong></span> <span class='ocrx_word' id='word_1_331' title='bbox 1492 309 1540 344; x_wconf 83' lang='lat' dir='ltr'><strong>R.</strong></span> <span class='ocrx_word' id='word_1_332' title='bbox 1571 307 1763 346; x_wconf 90' lang='lat' dir='ltr'><strong>Pontifice</strong></span> <span class='ocrx_word' id='word_1_333' title='bbox 1789 310 1939 348; x_wconf 87' lang='lat' dir='ltr'><strong>electos</strong></span> <span class='ocrx_word' id='word_1_334' title='bbox 1957 340 1966 356; x_wconf 95' lang='lat'><strong>,</strong></span> <span class='ocrx_word' id='word_1_335' title='bbox 2001 311 2106 359; x_wconf 86' lang='lat' dir='ltr'><strong>apud</strong></span> 
     </span>
     <span class='ocr_line' id='line_1_62' title="bbox 1146 359 2106 410; baseline 0.008 -15"><span class='ocrx_word' id='word_1_336' title='bbox 1146 371 1189 396; x_wconf 90' lang='lat' dir='ltr'><strong>se</strong></span> <span class='ocrx_word' id='word_1_337' title='bbox 1216 359 1365 398; x_wconf 89' lang='lat' dir='ltr'><strong>habere</strong></span> <span class='ocrx_word' id='word_1_338' title='bbox 1391 365 1565 410; x_wconf 88' lang='lat' dir='ltr'><strong>possent,</strong></span> <span class='ocrx_word' id='word_1_339' title='bbox 1586 361 1642 398; x_wconf 90' lang='lat' dir='ltr'><strong>ita</strong></span> <span class='ocrx_word' id='word_1_340' title='bbox 1666 366 1710 398; x_wconf 89' lang='lat' dir='ltr'><strong>ut</strong></span> <span class='ocrx_word' id='word_1_341' title='bbox 1735 362 1988 402; x_wconf 84' lang='lat' dir='ltr'><strong>obtinuerant</strong></span> <span class='ocrx_word' id='word_1_342' title='bbox 2013 369 2106 404; x_wconf 89' lang='lat' dir='ltr'><strong>ante</strong></span> 
     </span>
     <span class='ocr_line' id='line_1_63' title="bbox 1147 413 2105 464; baseline 0.009 -16"><span class='ocrx_word' id='word_1_343' title='bbox 1147 413 1330 451; x_wconf 88' lang='lat' dir='ltr'><strong>schisma.</strong></span> <span class='ocrx_word' id='word_1_344' title='bbox 1352 416 1503 452; x_wconf 87' lang='lat' dir='ltr'><strong>Verum</strong></span> <span class='ocrx_word' id='word_1_345' title='bbox 1530 415 1774 452; x_wconf 88' lang='lat' dir='ltr'><strong>schismatici</strong></span> <span class='ocrx_word' id='word_1_346' title='bbox 1801 417 2034 464; x_wconf 86' lang='lat' dir='ltr'><strong>effecerunt,</strong></span> <span class='ocrx_word' id='word_1_347' title='bbox 2059 423 2105 456; x_wconf 91' lang='lat' dir='ltr'><strong>ut</strong></span> 
     </span>
     <span class='ocr_line' id='line_1_64' title="bbox 1148 466 2106 517; baseline 0.008 -15"><span class='ocrx_word' id='word_1_348' title='bbox 1148 466 1303 504; x_wconf 90' lang='lat' dir='ltr'><strong>illorum</strong></span> <span class='ocrx_word' id='word_1_349' title='bbox 1322 481 1463 517; x_wconf 90' lang='lat' dir='ltr'><strong>preces</strong></span> <span class='ocrx_word' id='word_1_350' title='bbox 1486 469 1769 514; x_wconf 71' lang='lat' dir='ltr'><strong>reficerentur,</strong></span> <span class='ocrx_word' id='word_1_351' title='bbox 1797 474 1837 507; x_wconf 87' lang='lat' dir='ltr'><strong>et</strong></span> <span class='ocrx_word' id='word_1_352' title='bbox 1861 471 1986 510; x_wconf 90' lang='lat' dir='ltr'><strong>idibus</strong></span> <span class='ocrx_word' id='word_1_353' title='bbox 2011 472 2106 509; x_wconf 89' lang='lat' dir='ltr'><strong>maii</strong></span> 
     </span>
     <span class='ocr_line' id='line_1_65' title="bbox 1151 521 2107 564; baseline 0.008 -8"><span class='ocrx_word' id='word_1_354' title='bbox 1151 521 1244 558; x_wconf 82' lang='lat'>1725</span> <span class='ocrx_word' id='word_1_355' title='bbox 1279 522 1318 558; x_wconf 89' lang='lat' dir='ltr'><strong>in</strong></span> <span class='ocrx_word' id='word_1_356' title='bbox 1350 524 1480 560; x_wconf 91' lang='lat' dir='ltr'><strong>locum</strong></span> <span class='ocrx_word' id='word_1_357' title='bbox 1506 524 1551 563; x_wconf 93' lang='lat' dir='ltr'><strong>C.</strong></span> <span class='ocrx_word' id='word_1_358' title='bbox 1579 523 1833 561; x_wconf 90' lang='lat' dir='ltr'><strong>Steenhoven</strong></span> <span class='ocrx_word' id='word_1_359' title='bbox 1853 527 1998 563; x_wconf 69' lang='lat' dir='ltr'><strong>mortui</strong></span> <span class='ocrx_word' id='word_1_360' title='bbox 2028 527 2107 564; x_wconf 88' lang='lat' dir='ltr'><strong>ele-</strong></span> 
     </span>
     <span class='ocr_line' id='line_1_66' title="bbox 1149 577 2109 629; baseline 0.008 -19"><span class='ocrx_word' id='word_1_361' title='bbox 1149 580 1295 622; x_wconf 89' lang='lat' dir='ltr'><strong>gerunt</strong></span> <span class='ocrx_word' id='word_1_362' title='bbox 1309 577 1539 615; x_wconf 88' lang='lat' dir='ltr'><strong>Cornelium</strong></span> <span class='ocrx_word' id='word_1_363' title='bbox 1549 578 1737 614; x_wconf 90' lang='lat' dir='ltr'><strong>Ioannem</strong></span> <span class='ocrx_word' id='word_1_364' title='bbox 1747 577 2109 629; x_wconf 80' lang='lat' dir='ltr'><strong>Barchmaany-</strong></span> 
     </span>
     <span class='ocr_line' id='line_1_67' title="bbox 1150 629 2110 682; baseline 0.007 -18"><span class='ocrx_word' id='word_1_365' title='bbox 1150 629 1261 674; x_wconf 89' lang='lat' dir='ltr'><strong>tiers,</strong></span> <span class='ocrx_word' id='word_1_366' title='bbox 1282 631 1562 679; x_wconf 75' lang='lat' dir='ltr'><strong>presbyterum</strong></span> <span class='ocrx_word' id='word_1_367' title='bbox 1581 631 1865 679; x_wconf 88' lang='lat' dir='ltr'><strong>appellantem,</strong></span> <span class='ocrx_word' id='word_1_368' title='bbox 1880 632 1944 680; x_wconf 89' lang='lat' dir='ltr'><strong>qui</strong></span> <span class='ocrx_word' id='word_1_369' title='bbox 1961 633 2007 671; x_wconf 87' lang='lat'><strong>30</strong></span> <span class='ocrx_word' id='word_1_370' title='bbox 2022 645 2110 682; x_wconf 90' lang='lat' dir='ltr'><strong>sep-</strong></span> 
     </span>
     <span class='ocr_line' id='line_1_68' title="bbox 1151 683 2068 725; baseline 0.003 -7"><span class='ocrx_word' id='word_1_371' title='bbox 1151 683 1316 720; x_wconf 89' lang='lat' dir='ltr'><strong>tembris</strong></span> <span class='ocrx_word' id='word_1_372' title='bbox 1335 684 1383 721; x_wconf 88' lang='lat' dir='ltr'><strong>ab</strong></span> <span class='ocrx_word' id='word_1_373' title='bbox 1403 685 1542 722; x_wconf 92' lang='lat' dir='ltr'><strong>eodem</strong></span> <span class='ocrx_word' id='word_1_374' title='bbox 1558 685 1700 721; x_wconf 89' lang='lat' dir='ltr'><strong>Varlet</strong></span> <span class='ocrx_word' id='word_1_375' title='bbox 1718 689 1975 725; x_wconf 84' lang='lat' dir='ltr'><strong>consecratus</strong></span> <span class='ocrx_word' id='word_1_376' title='bbox 1992 690 2068 724; x_wconf 88' lang='lat' dir='ltr'><strong>est.</strong></span> 
     </span>
    </p>

    <p class='ocr_par' dir='ltr' id='par_1_7' title="bbox 1152 737 2118 2083">
     <span class='ocr_line' id='line_1_69' title="bbox 1199 737 2110 786; baseline 0.005 -13"><span class='ocrx_word' id='word_1_377' title='bbox 1199 737 1330 774; x_wconf 92' lang='lat' dir='ltr'><strong>Tanta</strong></span> <span class='ocrx_word' id='word_1_378' title='bbox 1367 739 1594 775; x_wconf 83' lang='lat' dir='ltr'><strong>temeritate</strong></span> <span class='ocrx_word' id='word_1_379' title='bbox 1628 743 1832 786; x_wconf 88' lang='lat' dir='ltr'><strong>permotus</strong></span> <span class='ocrx_word' id='word_1_380' title='bbox 1872 739 2110 778; x_wconf 89' lang='lat' dir='ltr'><strong>Benedictus</strong></span> 
     </span>
     <span class='ocr_line' id='line_1_70' title="bbox 1152 791 2112 835; baseline 0.004 -8"><span class='ocrx_word' id='word_1_381' title='bbox 1152 791 1257 835; x_wconf 91' lang='lat' dir='ltr'>XIII,</span> <span class='ocrx_word' id='word_1_382' title='bbox 1278 794 1368 830; x_wconf 83' lang='lat' dir='ltr'><strong>v111⁰</strong></span> <span class='ocrx_word' id='word_1_383' title='bbox 1394 792 1481 829; x_wconf 91' lang='lat' dir='ltr'><strong>idus</strong></span> <span class='ocrx_word' id='word_1_384' title='bbox 1509 792 1731 830; x_wconf 87' lang='lat' dir='ltr'><strong>decembris</strong></span> <span class='ocrx_word' id='word_1_385' title='bbox 1757 803 1880 830; x_wconf 90' lang='lat' dir='ltr'><strong>novas</strong></span> <span class='ocrx_word' id='word_1_386' title='bbox 1899 793 1951 829; x_wconf 89' lang='lat' dir='ltr'><strong>ad</strong></span> <span class='ocrx_word' id='word_1_387' title='bbox 1970 794 2112 831; x_wconf 90' lang='lat' dir='ltr'><strong>Catho-</strong></span> 
     </span>
     <span class='ocr_line' id='line_1_71' title="bbox 1153 845 2111 895; baseline 0.004 -14"><span class='ocrx_word' id='word_1_388' title='bbox 1153 845 1250 882; x_wconf 92' lang='lat' dir='ltr'><strong>licos</strong></span> <span class='ocrx_word' id='word_1_389' title='bbox 1275 847 1514 884; x_wconf 91' lang='lat' dir='ltr'><strong>Hollandiae</strong></span> <span class='ocrx_word' id='word_1_390' title='bbox 1543 847 1694 883; x_wconf 87' lang='lat' dir='ltr'><strong>litteras</strong></span> <span class='ocrx_word' id='word_1_391' title='bbox 1719 847 1840 891; x_wconf 88' lang='lat' dir='ltr'><strong>dedit,</strong></span> <span class='ocrx_word' id='word_1_392' title='bbox 1868 847 2006 895; x_wconf 90' lang='lat' dir='ltr'><strong>quibus</strong></span> <span class='ocrx_word' id='word_1_393' title='bbox 2031 859 2111 885; x_wconf 90' lang='lat' dir='ltr'><strong>non</strong></span> 
     </span>
     <span class='ocr_line' id='line_1_72' title="bbox 1152 899 2112 939; baseline 0.004 -4"><span class='ocrx_word' id='word_1_394' title='bbox 1152 899 1279 936; x_wconf 90' lang='lat' dir='ltr'><strong>solum</strong></span> <span class='ocrx_word' id='word_1_395' title='bbox 1306 901 1546 938; x_wconf 89' lang='lat' dir='ltr'><strong>electionem</strong></span> <span class='ocrx_word' id='word_1_396' title='bbox 1564 900 1738 939; x_wconf 91' lang='lat' dir='ltr'><strong>Cornelii</strong></span> <span class='ocrx_word' id='word_1_397' title='bbox 1759 901 1866 937; x_wconf 90' lang='lat' dir='ltr'><strong>Ioan.</strong></span> <span class='ocrx_word' id='word_1_398' title='bbox 1884 901 2112 939; x_wconf 86' lang='lat' dir='ltr'><strong>Barchman</strong></span> 
     </span>
     <span class='ocr_line' id='line_1_73' title="bbox 1153 953 2111 1003; baseline 0.004 -14"><span class='ocrx_word' id='word_1_399' title='bbox 1153 953 1314 990; x_wconf 89' lang='lat' dir='ltr'><strong>omnino</strong></span> <span class='ocrx_word' id='word_1_400' title='bbox 1336 956 1484 991; x_wconf 90' lang='lat' dir='ltr'><strong>nullam</strong></span> <span class='ocrx_word' id='word_1_401' title='bbox 1505 955 1667 1003; x_wconf 91' lang='lat' dir='ltr'><strong>eiusque</strong></span> <span class='ocrx_word' id='word_1_402' title='bbox 1691 956 2035 992; x_wconf 88' lang='lat' dir='ltr'><strong>consecrationem</strong></span> <span class='ocrx_word' id='word_1_403' title='bbox 2051 967 2111 993; x_wconf 85' lang='lat' dir='ltr'><strong>sa-</strong></span> 
     </span>
     <span class='ocr_line' id='line_1_74' title="bbox 1155 1008 2113 1056; baseline 0.004 -13"><span class='ocrx_word' id='word_1_404' title='bbox 1155 1008 1351 1056; x_wconf 88' lang='lat' dir='ltr'><strong>crilegam</strong></span> <span class='ocrx_word' id='word_1_405' title='bbox 1381 1009 1627 1053; x_wconf 91' lang='lat' dir='ltr'><strong>declaravit,</strong></span> <span class='ocrx_word' id='word_1_406' title='bbox 1653 1009 1797 1046; x_wconf 87' lang='lat' dir='ltr'><strong>reiecit</strong></span> <span class='ocrx_word' id='word_1_407' title='bbox 1820 1020 1867 1046; x_wconf 88' lang='lat' dir='ltr'><strong>ac</strong></span> <span class='ocrx_word' id='word_1_408' title='bbox 1893 1010 2113 1048; x_wconf 88' lang='lat' dir='ltr'><strong>detestatus</strong></span> 
     </span>
     <span class='ocr_line' id='line_1_75' title="bbox 1153 1063 2113 1112; baseline 0.003 -13"><span class='ocrx_word' id='word_1_409' title='bbox 1153 1066 1240 1107; x_wconf 86' lang='lat' dir='ltr'><strong>est,</strong></span> <span class='ocrx_word' id='word_1_410' title='bbox 1267 1063 1337 1100; x_wconf 92' lang='lat' dir='ltr'><strong>sed</strong></span> <span class='ocrx_word' id='word_1_411' title='bbox 1362 1067 1403 1101; x_wconf 92' lang='lat' dir='ltr'><strong>et</strong></span> <span class='ocrx_word' id='word_1_412' title='bbox 1433 1065 1561 1112; x_wconf 88' lang='lat' dir='ltr'><strong>ipsum</strong></span> <span class='ocrx_word' id='word_1_413' title='bbox 1592 1063 1819 1102; x_wconf 89' lang='lat' dir='ltr'><strong>Cornelium</strong></span> <span class='ocrx_word' id='word_1_414' title='bbox 1851 1064 2037 1101; x_wconf 87' lang='lat' dir='ltr'><strong>Ioannem</strong></span> <span class='ocrx_word' id='word_1_415' title='bbox 2071 1068 2113 1102; x_wconf 85' lang='lat' dir='ltr'><strong>et</strong></span> 
     </span>
     <span class='ocr_line' id='line_1_76' title="bbox 1153 1117 2113 1164; baseline 0.003 -12"><span class='ocrx_word' id='word_1_416' title='bbox 1153 1117 1245 1164; x_wconf 87' lang='lat' dir='ltr'><strong>qui,</strong></span> <span class='ocrx_word' id='word_1_417' title='bbox 1284 1118 1476 1155; x_wconf 89' lang='lat' dir='ltr'><strong>ementito</strong></span> <span class='ocrx_word' id='word_1_418' title='bbox 1519 1118 1804 1154; x_wconf 88' lang='lat' dir='ltr'><strong>canonicorum</strong></span> <span class='ocrx_word' id='word_1_419' title='bbox 1845 1118 2113 1155; x_wconf 87' lang='lat' dir='ltr'><strong>Ultraieeten·</strong></span> 
     </span>
     <span class='ocr_line' id='line_1_77' title="bbox 1154 1171 2114 1221; baseline 0.004 -15"><span class='ocrx_word' id='word_1_420' title='bbox 1154 1171 1256 1207; x_wconf 90' lang='lat' dir='ltr'><strong>sium</strong></span> <span class='ocrx_word' id='word_1_421' title='bbox 1283 1172 1457 1216; x_wconf 88' lang='lat' dir='ltr'><strong>nomine,</strong></span> <span class='ocrx_word' id='word_1_422' title='bbox 1479 1183 1569 1210; x_wconf 89' lang='lat' dir='ltr'><strong>eum</strong></span> <span class='ocrx_word' id='word_1_423' title='bbox 1597 1172 1820 1219; x_wconf 84' lang='lat' dir='ltr'><strong>elegerant,</strong></span> <span class='ocrx_word' id='word_1_424' title='bbox 1840 1172 1934 1210; x_wconf 89' lang='lat' dir='ltr'><strong>item</strong></span> <span class='ocrx_word' id='word_1_425' title='bbox 1961 1172 2025 1221; x_wconf 88' lang='lat' dir='ltr'><strong>qui</strong></span> <span class='ocrx_word' id='word_1_426' title='bbox 2051 1183 2114 1210; x_wconf 85' lang='lat' dir='ltr'><strong>sa-</strong></span> 
     </span>
     <span class='ocr_line' id='line_1_78' title="bbox 1154 1225 2114 1275; baseline 0.004 -15"><span class='ocrx_word' id='word_1_427' title='bbox 1154 1225 1331 1274; x_wconf 89' lang='lat' dir='ltr'><strong>crilegae</strong></span> <span class='ocrx_word' id='word_1_428' title='bbox 1359 1227 1656 1264; x_wconf 83' lang='lat' dir='ltr'><strong>consecrationi</strong></span> <span class='ocrx_word' id='word_1_429' title='bbox 1690 1238 1855 1275; x_wconf 87' lang='lat' dir='ltr'><strong>operam</strong></span> <span class='ocrx_word' id='word_1_430' title='bbox 1886 1227 2114 1264; x_wconf 88' lang='lat' dir='ltr'><strong>commoda.-</strong></span> 
     </span>
     <span class='ocr_line' id='line_1_79' title="bbox 1154 1281 2112 1330; baseline 0.003 -15"><span class='ocrx_word' id='word_1_431' title='bbox 1154 1286 1258 1325; x_wconf 89' lang='lat' dir='ltr'><strong>rant‚</strong></span> <span class='ocrx_word' id='word_1_432' title='bbox 1276 1285 1316 1318; x_wconf 87' lang='lat' dir='ltr'><strong>et</strong></span> <span class='ocrx_word' id='word_1_433' title='bbox 1334 1282 1566 1330; x_wconf 87' lang='lat' dir='ltr'><strong>quicumque</strong></span> <span class='ocrx_word' id='word_1_434' title='bbox 1584 1281 1724 1319; x_wconf 87' lang='lat' dir='ltr'><strong>iisdem</strong></span> <span class='ocrx_word' id='word_1_435' title='bbox 1742 1281 2029 1327; x_wconf 86' lang='lat' dir='ltr'><strong>adhaesissent,</strong></span> <span class='ocrx_word' id='word_1_436' title='bbox 2047 1292 2112 1319; x_wconf 88' lang='lat' dir='ltr'><strong>eo·</strong></span> 
     </span>
     <span class='ocr_line' id='line_1_80' title="bbox 1154 1335 2112 1384; baseline 0.001 -13"><span class='ocrx_word' id='word_1_437' title='bbox 1154 1347 1317 1384; x_wconf 87' lang='lat' dir='ltr'><strong>rumque</strong></span> <span class='ocrx_word' id='word_1_438' title='bbox 1345 1341 1480 1384; x_wconf 89' lang='lat' dir='ltr'><strong>partes</strong></span> <span class='ocrx_word' id='word_1_439' title='bbox 1505 1337 1645 1381; x_wconf 89' lang='lat' dir='ltr'><strong>secuti,</strong></span> <span class='ocrx_word' id='word_1_440' title='bbox 1673 1347 1803 1384; x_wconf 88' lang='lat' dir='ltr'><strong>opem,</strong></span> <span class='ocrx_word' id='word_1_441' title='bbox 1823 1335 2018 1380; x_wconf 88' lang='lat' dir='ltr'><strong>favorem,</strong></span> <span class='ocrx_word' id='word_1_442' title='bbox 2044 1347 2112 1373; x_wconf 89' lang='lat' dir='ltr'><strong>au-</strong></span> 
     </span>
     <span class='ocr_line' id='line_1_81' title="bbox 1153 1390 2114 1438; baseline 0 -12"><span class='ocrx_word' id='word_1_443' title='bbox 1153 1390 1292 1427; x_wconf 87' lang='lat' dir='ltr'><strong>xilium</strong></span> <span class='ocrx_word' id='word_1_444' title='bbox 1320 1396 1388 1428; x_wconf 91' lang='lat' dir='ltr'><strong>aut</strong></span> <span class='ocrx_word' id='word_1_445' title='bbox 1415 1403 1651 1429; x_wconf 87' lang='lat' dir='ltr'><strong>consensum</strong></span> <span class='ocrx_word' id='word_1_446' title='bbox 1672 1391 1961 1438; x_wconf 86' lang='lat' dir='ltr'><strong>praebuissent,</strong></span> <span class='ocrx_word' id='word_1_447' title='bbox 1980 1393 2114 1427; x_wconf 84' lang='lat' dir='ltr'><strong>aucto-</strong></span> 
     </span>
     <span class='ocr_line' id='line_1_82' title="bbox 1156 1445 2113 1494; baseline 0.003 -14"><span class='ocrx_word' id='word_1_448' title='bbox 1156 1446 1274 1483; x_wconf 87' lang='lat' dir='ltr'><strong>ritate</strong></span> <span class='ocrx_word' id='word_1_449' title='bbox 1302 1447 1585 1494; x_wconf 87' lang='lat' dir='ltr'><strong>omnipotentis</strong></span> <span class='ocrx_word' id='word_1_450' title='bbox 1605 1447 1678 1484; x_wconf 90' lang='lat' dir='ltr'><strong>Dei</strong></span> <span class='ocrx_word' id='word_1_451' title='bbox 1697 1445 2057 1483; x_wconf 82' lang='lat' dir='ltr'><strong>excommunicavit</strong></span> <span class='ocrx_word' id='word_1_452' title='bbox 2073 1448 2113 1483; x_wconf 86' lang='lat' dir='ltr'><strong>et</strong></span> 
     </span>
     <span class='ocr_line' id='line_1_83' title="bbox 1155 1501 2114 1549; baseline 0 -13"><span class='ocrx_word' id='word_1_453' title='bbox 1155 1501 1530 1546; x_wconf 82' lang='lat' dir='ltr'><strong>anathematizavit,</strong></span> <span class='ocrx_word' id='word_1_454' title='bbox 1559 1506 1676 1549; x_wconf 90' lang='lat' dir='ltr'><strong>atque</strong></span> <span class='ocrx_word' id='word_1_455' title='bbox 1704 1501 1751 1537; x_wconf 92' lang='lat' dir='ltr'><strong>ab</strong></span> <span class='ocrx_word' id='word_1_456' title='bbox 1777 1501 1983 1538; x_wconf 87' lang='lat' dir='ltr'><strong>Ecclesiae</strong></span> <span class='ocrx_word' id='word_1_457' title='bbox 2009 1511 2114 1537; x_wconf 89' lang='lat' dir='ltr'><strong>com-</strong></span> 
     </span>
     <span class='ocr_line' id='line_1_84' title="bbox 1155 1554 2112 1604; baseline -0.001 -13"><span class='ocrx_word' id='word_1_458' title='bbox 1155 1555 1342 1592; x_wconf 90' lang='lat' dir='ltr'><strong>munione</strong></span> <span class='ocrx_word' id='word_1_459' title='bbox 1369 1559 1605 1604; x_wconf 89' lang='lat' dir='ltr'><strong>segregatos</strong></span> <span class='ocrx_word' id='word_1_460' title='bbox 1631 1559 1671 1592; x_wconf 90' lang='lat' dir='ltr'><strong>et</strong></span> <span class='ocrx_word' id='word_1_461' title='bbox 1701 1566 1864 1604; x_wconf 86' lang='lat' dir='ltr'><strong>prorsus</strong></span> <span class='ocrx_word' id='word_1_462' title='bbox 1894 1554 2112 1592; x_wconf 87' lang='lat' dir='ltr'><strong>schismati-</strong></span> 
     </span>
     <span class='ocr_line' id='line_1_85' title="bbox 1157 1608 2114 1647; baseline -0.001 0"><span class='ocrx_word' id='word_1_463' title='bbox 1157 1621 1224 1647; x_wconf 91' lang='lat' dir='ltr'><strong>cos</strong></span> <span class='ocrx_word' id='word_1_464' title='bbox 1251 1609 1453 1647; x_wconf 90' lang='lat' dir='ltr'><strong>habendos</strong></span> <span class='ocrx_word' id='word_1_465' title='bbox 1485 1615 1523 1647; x_wconf 92' lang='lat' dir='ltr'><strong>et</strong></span> <span class='ocrx_word' id='word_1_466' title='bbox 1558 1610 1740 1647; x_wconf 84' lang='lat' dir='ltr'><strong>vitandos</strong></span> <span class='ocrx_word' id='word_1_467' title='bbox 1775 1620 1862 1646; x_wconf 90' lang='lat' dir='ltr'><strong>esse</strong></span> <span class='ocrx_word' id='word_1_468' title='bbox 1893 1608 2114 1646; x_wconf 84' lang='lat' dir='ltr'><strong>declaravit</strong></span> 
     </span>
     <span class='ocr_line' id='line_1_86' title="bbox 1157 1663 2115 1713; baseline -0.001 -12"><span class='ocrx_word' id='word_1_469' title='bbox 1157 1668 1273 1713; x_wconf 86' lang='lat' dir='ltr'><strong>atque</strong></span> <span class='ocrx_word' id='word_1_470' title='bbox 1300 1665 1518 1702; x_wconf 88' lang='lat' dir='ltr'><strong>mandavit.</strong></span> <span class='ocrx_word' id='word_1_471' title='bbox 1541 1665 1600 1702; x_wconf 93' lang='lat' dir='ltr'><strong>Illi</strong></span> <span class='ocrx_word' id='word_1_472' title='bbox 1631 1676 1722 1702; x_wconf 87' lang='lat' dir='ltr'><strong>vero</strong></span> <span class='ocrx_word' id='word_1_473' title='bbox 1751 1664 1790 1700; x_wconf 90' lang='lat' dir='ltr'><strong>in</strong></span> <span class='ocrx_word' id='word_1_474' title='bbox 1815 1663 2027 1701; x_wconf 86' lang='lat' dir='ltr'><strong>schismate</strong></span> <span class='ocrx_word' id='word_1_475' title='bbox 2051 1663 2115 1700; x_wconf 88' lang='lat' dir='ltr'><strong>ob·</strong></span> 
     </span>
     <span class='ocr_line' id='line_1_87' title="bbox 1157 1718 2117 1768; baseline -0.001 -13"><span class='ocrx_word' id='word_1_476' title='bbox 1157 1719 1310 1763; x_wconf 88' lang='lat' dir='ltr'><strong>stinati‚</strong></span> <span class='ocrx_word' id='word_1_477' title='bbox 1328 1723 1525 1768; x_wconf 90' lang='lat' dir='ltr'><strong>paternae</strong></span> <span class='ocrx_word' id='word_1_478' title='bbox 1551 1718 1809 1767; x_wconf 84' lang='lat' dir='ltr'><strong>benignitatis</strong></span> <span class='ocrx_word' id='word_1_479' title='bbox 1834 1718 1985 1755; x_wconf 89' lang='lat' dir='ltr'><strong>monita</strong></span> <span class='ocrx_word' id='word_1_480' title='bbox 2009 1729 2117 1766; x_wconf 85' lang='lat' dir='ltr'><strong>spre-</strong></span> 
     </span>
     <span class='ocr_line' id='line_1_88' title="bbox 1156 1772 2117 1822; baseline -0.001 -12"><span class='ocrx_word' id='word_1_481' title='bbox 1156 1779 1317 1818; x_wconf 87' lang='lat' dir='ltr'><strong>verunt,</strong></span> <span class='ocrx_word' id='word_1_482' title='bbox 1341 1780 1380 1812; x_wconf 92' lang='lat' dir='ltr'><strong>et</strong></span> <span class='ocrx_word' id='word_1_483' title='bbox 1406 1775 1445 1810; x_wconf 90' lang='lat' dir='ltr'><strong>in</strong></span> <span class='ocrx_word' id='word_1_484' title='bbox 1472 1775 1666 1811; x_wconf 86' lang='lat' dir='ltr'><strong>maiorem</strong></span> <span class='ocrx_word' id='word_1_485' title='bbox 1693 1773 1960 1822; x_wconf 86' lang='lat' dir='ltr'><strong>pervicaciam</strong></span> <span class='ocrx_word' id='word_1_486' title='bbox 1987 1772 2117 1821; x_wconf 85' lang='lat' dir='ltr'><strong>prola-</strong></span> 
     </span>
     <span class='ocr_line' id='line_1_89' title="bbox 1160 1827 2117 1876; baseline -0.001 -11"><span class='ocrx_word' id='word_1_487' title='bbox 1160 1829 1219 1876; x_wconf 90' lang='lat' dir='ltr'><strong>psi</strong></span> <span class='ocrx_word' id='word_1_488' title='bbox 1246 1834 1351 1866; x_wconf 91' lang='lat' dir='ltr'><strong>sunt.</strong></span> <span class='ocrx_word' id='word_1_489' title='bbox 1379 1829 1609 1866; x_wconf 84' lang='lat' dir='ltr'><strong>Barchman</strong></span> <span class='ocrx_word' id='word_1_490' title='bbox 1644 1828 1803 1876; x_wconf 89' lang='lat' dir='ltr'><strong>eiusque</strong></span> <span class='ocrx_word' id='word_1_491' title='bbox 1836 1827 2117 1876; x_wconf 86' lang='lat' dir='ltr'><strong>pseudo-cano-</strong></span> 
     </span>
     <span class='ocr_line' id='line_1_90' title="bbox 1161 1881 2118 1930; baseline 0 -12"><span class='ocrx_word' id='word_1_492' title='bbox 1161 1883 1240 1919; x_wconf 88' lang='lat' dir='ltr'><strong>nici</strong></span> <span class='ocrx_word' id='word_1_493' title='bbox 1267 1883 1318 1920; x_wconf 91' lang='lat' dir='ltr'><strong>ad</strong></span> <span class='ocrx_word' id='word_1_494' title='bbox 1337 1883 1546 1919; x_wconf 87' lang='lat' dir='ltr'><strong>concilium</strong></span> <span class='ocrx_word' id='word_1_495' title='bbox 1567 1882 1755 1930; x_wconf 88' lang='lat' dir='ltr'><strong>generale</strong></span> <span class='ocrx_word' id='word_1_496' title='bbox 1773 1881 2036 1930; x_wconf 88' lang='lat' dir='ltr'><strong>appellarunt,</strong></span> <span class='ocrx_word' id='word_1_497' title='bbox 2055 1882 2118 1918; x_wconf 89' lang='lat' dir='ltr'><strong>cui</strong></span> 
     </span>
     <span class='ocr_line' id='line_1_91' title="bbox 1158 1935 2118 1985; baseline 0.001 -12"><span class='ocrx_word' id='word_1_498' title='bbox 1158 1938 1417 1985; x_wconf 87' lang='lat' dir='ltr'><strong>appellationi</strong></span> <span class='ocrx_word' id='word_1_499' title='bbox 1447 1937 1588 1974; x_wconf 89' lang='lat' dir='ltr'><strong>deinde</strong></span> <span class='ocrx_word' id='word_1_500' title='bbox 1620 1937 1940 1985; x_wconf 85' lang='lat' dir='ltr'><strong>subscripserunt</strong></span> <span class='ocrx_word' id='word_1_501' title='bbox 1973 1935 2040 1972; x_wconf 92' lang='lat' dir='ltr'><strong>alii</strong></span> <span class='ocrx_word' id='word_1_502' title='bbox 2071 1936 2118 1974; x_wconf 89' lang='grc'><strong>64</strong></span> 
     </span>
     <span class='ocr_line' id='line_1_92' title="bbox 1162 1990 2116 2041; baseline 0.001 -14"><span class='ocrx_word' id='word_1_503' title='bbox 1162 1992 1387 2041; x_wconf 73' lang='lat' dir='ltr'><strong>presbyteri</strong></span> <span class='ocrx_word' id='word_1_504' title='bbox 1421 2003 1469 2030; x_wconf 84' lang='lat' dir='ltr'><strong>ex</strong></span> <span class='ocrx_word' id='word_1_505' title='bbox 1504 1990 1716 2028; x_wconf 86' lang='lat' dir='ltr'><strong>Hollandia</strong></span> <span class='ocrx_word' id='word_1_506' title='bbox 1742 1995 1783 2028; x_wconf 91' lang='lat' dir='ltr'><strong>et</strong></span> <span class='ocrx_word' id='word_1_507' title='bbox 1814 1991 1861 2029; x_wconf 89' lang='grc'><strong>40</strong></span> <span class='ocrx_word' id='word_1_508' title='bbox 1886 1990 2116 2039; x_wconf 86' lang='lat' dir='ltr'><strong>transfugae</strong></span> 
     </span>
     <span class='ocr_line' id='line_1_93' title="bbox 1158 2046 1272 2083; baseline -0.026 0"><span class='ocrx_word' id='word_1_509' title='bbox 1158 2046 1272 2083; x_wconf 90' lang='lat' dir='ltr'><strong>Galli.</strong></span> 
     </span>
    </p>

    <p class='ocr_par' dir='ltr' id='par_1_8' title="bbox 1159 2099 2118 3232">
     <span class='ocr_line' id='line_1_94' title="bbox 1213 2099 2117 2148; baseline 0.001 -13"><span class='ocrx_word' id='word_1_510' title='bbox 1213 2100 1311 2137; x_wconf 87' lang='lat' dir='ltr'><strong>Post</strong></span> <span class='ocrx_word' id='word_1_511' title='bbox 1325 2104 1494 2137; x_wconf 88' lang='lat' dir='ltr'><strong>mortem</strong></span> <span class='ocrx_word' id='word_1_512' title='bbox 1516 2100 1673 2137; x_wconf 88' lang='lat' dir='ltr'><strong>Ioannis</strong></span> <span class='ocrx_word' id='word_1_513' title='bbox 1688 2099 1928 2144; x_wconf 88' lang='lat' dir='ltr'><strong>Barchman,</strong></span> <span class='ocrx_word' id='word_1_514' title='bbox 1945 2109 2043 2148; x_wconf 88' lang='lat' dir='ltr'><strong>quae</strong></span> <span class='ocrx_word' id='word_1_515' title='bbox 2063 2099 2117 2136; x_wconf 88' lang='lat' dir='ltr'><strong>in·</strong></span> 
     </span>
     <span class='ocr_line' id='line_1_95' title="bbox 1161 2153 2116 2202; baseline 0.001 -12"><span class='ocrx_word' id='word_1_516' title='bbox 1161 2154 1255 2191; x_wconf 92' lang='lat' dir='ltr'><strong>cidit</strong></span> <span class='ocrx_word' id='word_1_517' title='bbox 1274 2155 1337 2191; x_wconf 87' lang='lat'>111⁰</span> <span class='ocrx_word' id='word_1_518' title='bbox 1352 2154 1438 2191; x_wconf 90' lang='lat' dir='ltr'><strong>idus</strong></span> <span class='ocrx_word' id='word_1_519' title='bbox 1456 2155 1550 2191; x_wconf 90' lang='lat' dir='ltr'><strong>maii</strong></span> <span class='ocrx_word' id='word_1_520' title='bbox 1570 2154 1676 2197; x_wconf 72' lang='lat'>1733,</span> <span class='ocrx_word' id='word_1_521' title='bbox 1692 2153 2035 2202; x_wconf 88' lang='lat' dir='ltr'><strong>pseudo-canonici</strong></span> <span class='ocrx_word' id='word_1_522' title='bbox 2049 2153 2116 2191; x_wconf 91' lang='lat' dir='ltr'><strong>Ul-</strong></span> 
     </span>
     <span class='ocr_line' id='line_1_96' title="bbox 1163 2207 2118 2246; baseline 0 -1"><span class='ocrx_word' id='word_1_523' title='bbox 1163 2209 1424 2246; x_wconf 88' lang='lat' dir='ltr'><strong>traiectenses</strong></span> <span class='ocrx_word' id='word_1_524' title='bbox 1442 2210 1502 2245; x_wconf 76' lang='lat' dir='ltr'><strong>xi⁰</strong></span> <span class='ocrx_word' id='word_1_525' title='bbox 1521 2208 1708 2245; x_wconf 85' lang='lat' dir='ltr'><strong>calendas</strong></span> <span class='ocrx_word' id='word_1_526' title='bbox 1726 2207 1877 2245; x_wconf 87' lang='lat' dir='ltr'><strong>sextilis</strong></span> <span class='ocrx_word' id='word_1_527' title='bbox 1895 2207 1933 2243; x_wconf 92' lang='lat' dir='ltr'><strong>in</strong></span> <span class='ocrx_word' id='word_1_528' title='bbox 1961 2208 2045 2245; x_wconf 89' lang='lat' dir='ltr'><strong>eius</strong></span> <span class='ocrx_word' id='word_1_529' title='bbox 2064 2208 2118 2245; x_wconf 85' lang='lat' dir='ltr'><strong>lo-</strong></span> 
     </span>
     <span class='ocr_line' id='line_1_97' title="bbox 1160 2262 2117 2312; baseline -0.001 -12"><span class='ocrx_word' id='word_1_530' title='bbox 1160 2276 1246 2300; x_wconf 89' lang='lat' dir='ltr'><strong>cum</strong></span> <span class='ocrx_word' id='word_1_531' title='bbox 1274 2264 1485 2312; x_wconf 87' lang='lat' dir='ltr'><strong>elegerunt</strong></span> <span class='ocrx_word' id='word_1_532' title='bbox 1503 2263 1754 2300; x_wconf 86' lang='lat' dir='ltr'><strong>Theodorum</strong></span> <span class='ocrx_word' id='word_1_533' title='bbox 1772 2263 1862 2299; x_wconf 81' lang='lat' dir='ltr'><strong>Van</strong></span> <span class='ocrx_word' id='word_1_534' title='bbox 1880 2262 1952 2300; x_wconf 88' lang='lat' dir='ltr'><strong>der</strong></span> <span class='ocrx_word' id='word_1_535' title='bbox 1969 2263 2117 2308; x_wconf 85' lang='lat' dir='ltr'><strong>Croon,</strong></span> 
     </span>
     <span class='ocr_line' id='line_1_98' title="bbox 1161 2316 2113 2367; baseline 0 -13"><span class='ocrx_word' id='word_1_536' title='bbox 1161 2322 1363 2367; x_wconf 89' lang='lat' dir='ltr'><strong>pastorem</strong></span> <span class='ocrx_word' id='word_1_537' title='bbox 1383 2317 1614 2354; x_wconf 87' lang='lat' dir='ltr'><strong>Goudanum</strong></span> <span class='ocrx_word' id='word_1_538' title='bbox 1642 2320 1682 2354; x_wconf 91' lang='lat' dir='ltr'><strong>et</strong></span> <span class='ocrx_word' id='word_1_539' title='bbox 1708 2317 1842 2354; x_wconf 86' lang='lat' dir='ltr'><strong>iactati</strong></span> <span class='ocrx_word' id='word_1_540' title='bbox 1867 2316 2035 2366; x_wconf 87' lang='lat' dir='ltr'><strong>Capituli</strong></span> <span class='ocrx_word' id='word_1_541' title='bbox 2054 2328 2113 2354; x_wconf 88' lang='lat' dir='ltr'><strong>ca·</strong></span> 
     </span>
     <span class='ocr_line' id='line_1_99' title="bbox 1160 2371 2117 2433; baseline 0.001 -25"><span class='ocrx_word' id='word_1_542' title='bbox 1160 2372 1346 2408; x_wconf 86' lang='lat' dir='ltr'><strong>nonicum</strong></span> <span class='ocrx_word' id='word_1_543' title='bbox 1372 2400 1380 2415; x_wconf 95' lang='lat'>‚</span> <span class='ocrx_word' id='word_1_544' title='bbox 1410 2383 1578 2419; x_wconf 86' lang='lat' dir='ltr'><strong>eumque</strong></span> <span class='ocrx_word' id='word_1_545' title='bbox 1605 2372 1650 2433; x_wconf 43' lang='grc' dir='ltr'><strong>ἕο</strong></span> <span class='ocrx_word' id='word_1_546' title='bbox 1676 2371 1864 2408; x_wconf 89' lang='lat' dir='ltr'><strong>calendas</strong></span> <span class='ocrx_word' id='word_1_547' title='bbox 1890 2371 2117 2409; x_wconf 88' lang='lat' dir='ltr'><strong>novembris</strong></span> 
     </span>
     <span class='ocr_line' id='line_1_100' title="bbox 1162 2424 2116 2463; baseline -0.001 0"><span class='ocrx_word' id='word_1_548' title='bbox 1162 2427 1253 2463; x_wconf 86' lang='grc'><strong>1734</strong></span> <span class='ocrx_word' id='word_1_549' title='bbox 1270 2425 1587 2462; x_wconf 88' lang='lat' dir='ltr'><strong>consecrandum</strong></span> <span class='ocrx_word' id='word_1_550' title='bbox 1603 2429 1794 2461; x_wconf 86' lang='lat' dir='ltr'><strong>curarunt</strong></span> <span class='ocrx_word' id='word_1_551' title='bbox 1808 2425 1857 2461; x_wconf 92' lang='lat' dir='ltr'><strong>ab</strong></span> <span class='ocrx_word' id='word_1_552' title='bbox 1871 2424 2116 2462; x_wconf 86' lang='lat' dir='ltr'><strong>eodemVar-</strong></span> 
     </span>
     <span class='ocr_line' id='line_1_101' title="bbox 1162 2478 2116 2527; baseline 0 -11"><span class='ocrx_word' id='word_1_553' title='bbox 1162 2481 1240 2524; x_wconf 87' lang='lat' dir='ltr'><strong>let,</strong></span> <span class='ocrx_word' id='word_1_554' title='bbox 1269 2479 1334 2527; x_wconf 88' lang='lat' dir='ltr'><strong>qui</strong></span> <span class='ocrx_word' id='word_1_555' title='bbox 1361 2479 1612 2516; x_wconf 86' lang='lat' dir='ltr'><strong>Steenhoven</strong></span> <span class='ocrx_word' id='word_1_556' title='bbox 1640 2484 1681 2516; x_wconf 91' lang='lat' dir='ltr'><strong>et</strong></span> <span class='ocrx_word' id='word_1_557' title='bbox 1707 2478 1934 2515; x_wconf 89' lang='lat' dir='ltr'><strong>Barchman</strong></span> <span class='ocrx_word' id='word_1_558' title='bbox 1959 2478 2116 2517; x_wconf 85' lang='lat' dir='ltr'><strong>sacrile-</strong></span> 
     </span>
     <span class='ocr_line' id='line_1_102' title="bbox 1163 2532 2117 2581; baseline 0.001 -11"><span class='ocrx_word' id='word_1_559' title='bbox 1163 2546 1233 2580; x_wconf 87' lang='lat' dir='ltr'><strong>gas</strong></span> <span class='ocrx_word' id='word_1_560' title='bbox 1265 2544 1406 2570; x_wconf 89' lang='lat' dir='ltr'><strong>manus</strong></span> <span class='ocrx_word' id='word_1_561' title='bbox 1438 2533 1696 2581; x_wconf 88' lang='lat' dir='ltr'><strong>imposuerat.</strong></span> <span class='ocrx_word' id='word_1_562' title='bbox 1731 2533 1915 2571; x_wconf 89' lang='lat' dir='ltr'><strong>Clemens</strong></span> <span class='ocrx_word' id='word_1_563' title='bbox 1943 2532 2016 2580; x_wconf 89' lang='lat' dir='ltr'><strong>Pp.</strong></span> <span class='ocrx_word' id='word_1_564' title='bbox 2043 2533 2117 2571; x_wconf 89' lang='lat' dir='ltr'><strong>XII</strong></span> 
     </span>
     <span class='ocr_line' id='line_1_103' title="bbox 1162 2587 2117 2632; baseline 0 -7"><span class='ocrx_word' id='word_1_565' title='bbox 1162 2588 1305 2625; x_wconf 88' lang='lat' dir='ltr'><strong>litteris</strong></span> <span class='ocrx_word' id='word_1_566' title='bbox 1333 2588 1370 2623; x_wconf 90' lang='lat' dir='ltr'><strong>in</strong></span> <span class='ocrx_word' id='word_1_567' title='bbox 1399 2587 1528 2623; x_wconf 87' lang='lat' dir='ltr'><strong>forma</strong></span> <span class='ocrx_word' id='word_1_568' title='bbox 1553 2587 1707 2632; x_wconf 90' lang='lat' dir='ltr'><strong>Brevis,</strong></span> <span class='ocrx_word' id='word_1_569' title='bbox 1730 2587 1832 2624; x_wconf 90' lang='lat' dir='ltr'><strong>datis</strong></span> <span class='ocrx_word' id='word_1_570' title='bbox 1850 2587 1912 2624; x_wconf 87' lang='grc' dir='ltr'><strong>111ο</strong></span> <span class='ocrx_word' id='word_1_571' title='bbox 1930 2587 2117 2625; x_wconf 86' lang='lat' dir='ltr'><strong>calendas</strong></span> 
     </span>
     <span class='ocr_line' id='line_1_104' title="bbox 1162 2641 2117 2686; baseline 0 -8"><span class='ocrx_word' id='word_1_572' title='bbox 1162 2643 1297 2679; x_wconf 88' lang='lat' dir='ltr'><strong>martii</strong></span> <span class='ocrx_word' id='word_1_573' title='bbox 1334 2642 1425 2678; x_wconf 87' lang='lat'>1735</span> <span class='ocrx_word' id='word_1_574' title='bbox 1443 2671 1451 2686; x_wconf 95' lang='lat'><strong>,</strong></span> <span class='ocrx_word' id='word_1_575' title='bbox 1488 2653 1624 2678; x_wconf 85' lang='lat' dir='ltr'><strong>rursus</strong></span> <span class='ocrx_word' id='word_1_576' title='bbox 1656 2641 1904 2679; x_wconf 87' lang='lat' dir='ltr'><strong>Theodorum</strong></span> <span class='ocrx_word' id='word_1_577' title='bbox 1931 2641 2020 2678; x_wconf 91' lang='lat' dir='ltr'><strong>Van</strong></span> <span class='ocrx_word' id='word_1_578' title='bbox 2046 2641 2117 2680; x_wconf 88' lang='lat' dir='ltr'><strong>der</strong></span> 
     </span>
     <span class='ocr_line' id='line_1_105' title="bbox 1163 2696 2118 2744; baseline 0 -11"><span class='ocrx_word' id='word_1_579' title='bbox 1163 2698 1295 2734; x_wconf 88' lang='lat' dir='ltr'><strong>Croon</strong></span> <span class='ocrx_word' id='word_1_580' title='bbox 1316 2726 1324 2741; x_wconf 92' lang='lat'><strong>,</strong></span> <span class='ocrx_word' id='word_1_581' title='bbox 1359 2699 1443 2733; x_wconf 88' lang='lat' dir='ltr'><strong>eius</strong></span> <span class='ocrx_word' id='word_1_582' title='bbox 1477 2696 1675 2734; x_wconf 84' lang='lat' dir='ltr'><strong>electores</strong></span> <span class='ocrx_word' id='word_1_583' title='bbox 1704 2707 1919 2744; x_wconf 91' lang='lat' dir='ltr'><strong>eorumque</strong></span> <span class='ocrx_word' id='word_1_584' title='bbox 1948 2700 2118 2733; x_wconf 82' lang='lat' dir='ltr'><strong>sectato-</strong></span> 
     </span>
     <span class='ocr_line' id='line_1_106' title="bbox 1164 2749 2117 2788; baseline 0.001 -1"><span class='ocrx_word' id='word_1_585' title='bbox 1164 2763 1228 2788; x_wconf 87' lang='lat' dir='ltr'><strong>res</strong></span> <span class='ocrx_word' id='word_1_586' title='bbox 1253 2751 1473 2788; x_wconf 86' lang='lat' dir='ltr'><strong>declaravit</strong></span> <span class='ocrx_word' id='word_1_587' title='bbox 1495 2751 1858 2788; x_wconf 84' lang='lat' dir='ltr'><strong>excommunicatos</strong></span> <span class='ocrx_word' id='word_1_588' title='bbox 1875 2754 1914 2788; x_wconf 89' lang='lat' dir='ltr'><strong>et</strong></span> <span class='ocrx_word' id='word_1_589' title='bbox 1930 2749 2117 2788; x_wconf 86' lang='lat' dir='ltr'><strong>schisma-</strong></span> 
     </span>
     <span class='ocr_line' id='line_1_107' title="bbox 1163 2805 2116 2844; baseline 0.001 -3"><span class='ocrx_word' id='word_1_590' title='bbox 1163 2805 1273 2842; x_wconf 84' lang='lat' dir='ltr'><strong>ticos.</strong></span> <span class='ocrx_word' id='word_1_591' title='bbox 1304 2809 1388 2842; x_wconf 86' lang='lat' dir='ltr'><strong>Van</strong></span> <span class='ocrx_word' id='word_1_592' title='bbox 1414 2805 1485 2842; x_wconf 87' lang='lat' dir='ltr'><strong>der</strong></span> <span class='ocrx_word' id='word_1_593' title='bbox 1514 2806 1646 2844; x_wconf 86' lang='lat' dir='ltr'><strong>Creon</strong></span> <span class='ocrx_word' id='word_1_594' title='bbox 1672 2805 1925 2842; x_wconf 88' lang='lat' dir='ltr'><strong>decessorum</strong></span> <span class='ocrx_word' id='word_1_595' title='bbox 1954 2816 2116 2842; x_wconf 86' lang='lat' dir='ltr'><strong>suorum</strong></span> 
     </span>
     <span class='ocr_line' id='line_1_108' title="bbox 1163 2859 2117 2908; baseline 0.002 -13"><span class='ocrx_word' id='word_1_596' title='bbox 1163 2871 1271 2897; x_wconf 86' lang='lat' dir='ltr'><strong>moro</strong></span> <span class='ocrx_word' id='word_1_597' title='bbox 1314 2859 1362 2896; x_wconf 89' lang='lat' dir='ltr'><strong>ad</strong></span> <span class='ocrx_word' id='word_1_598' title='bbox 1402 2861 1611 2897; x_wconf 87' lang='lat' dir='ltr'><strong>concilium</strong></span> <span class='ocrx_word' id='word_1_599' title='bbox 1655 2860 1845 2908; x_wconf 87' lang='lat' dir='ltr'><strong>generale</strong></span> <span class='ocrx_word' id='word_1_600' title='bbox 1886 2860 2117 2908; x_wconf 88' lang='lat' dir='ltr'><strong>provocavit</strong></span> 
     </span>
     <span class='ocr_line' id='line_1_109' title="bbox 1161 2914 2116 2963; baseline 0.006 -16"><span class='ocrx_word' id='word_1_601' title='bbox 1161 2925 1333 2963; x_wconf 80' lang='lat' dir='ltr'><strong>suaeque</strong></span> <span class='ocrx_word' id='word_1_602' title='bbox 1345 2914 1620 2962; x_wconf 87' lang='lat' dir='ltr'><strong>appellationis</strong></span> <span class='ocrx_word' id='word_1_603' title='bbox 1634 2914 1858 2962; x_wconf 87' lang='lat' dir='ltr'><strong>exemplum</strong></span> <span class='ocrx_word' id='word_1_604' title='bbox 1873 2926 1962 2952; x_wconf 89' lang='lat' dir='ltr'><strong>cum</strong></span> <span class='ocrx_word' id='word_1_605' title='bbox 1973 2915 2116 2953; x_wconf 84' lang='lat' dir='ltr'><strong>litteris</strong></span> 
     </span>
     <span class='ocr_line' id='line_1_110' title="bbox 1162 2968 2112 3018; baseline 0.001 -14"><span class='ocrx_word' id='word_1_606' title='bbox 1162 2968 1267 3005; x_wconf 82' lang='lat' dir='ltr'><strong>misit</strong></span> <span class='ocrx_word' id='word_1_607' title='bbox 1281 2968 1328 3005; x_wconf 90' lang='lat' dir='ltr'><strong>ad</strong></span> <span class='ocrx_word' id='word_1_608' title='bbox 1344 2968 1497 3005; x_wconf 91' lang='lat' dir='ltr'><strong>vicinos</strong></span> <span class='ocrx_word' id='word_1_609' title='bbox 1511 2970 1716 3018; x_wconf 84' lang='lat' dir='ltr'><strong>episcopos</strong></span> <span class='ocrx_word' id='word_1_610' title='bbox 1727 2970 1871 3017; x_wconf 86' lang='lat' dir='ltr'><strong>Belgas</strong></span> <span class='ocrx_word' id='word_1_611' title='bbox 1885 2982 1894 3013; x_wconf 86' lang='lat'><em>;</em></span> <span class='ocrx_word' id='word_1_612' title='bbox 1908 2968 1977 3006; x_wconf 90' lang='lat' dir='ltr'><strong>sed</strong></span> <span class='ocrx_word' id='word_1_613' title='bbox 1995 2969 2112 3007; x_wconf 84' lang='lat' dir='ltr'><strong>Card.</strong></span> 
     </span>
     <span class='ocr_line' id='line_1_111' title="bbox 1160 3023 2116 3072; baseline 0.004 -14"><span class='ocrx_word' id='word_1_614' title='bbox 1160 3023 1206 3059; x_wconf 93' lang='lat' dir='ltr'><strong>de</strong></span> <span class='ocrx_word' id='word_1_615' title='bbox 1235 3024 1402 3068; x_wconf 78' lang='lat' dir='ltr'><strong>Alsatia,</strong></span> <span class='ocrx_word' id='word_1_616' title='bbox 1431 3024 1753 3072; x_wconf 86' lang='lat' dir='ltr'><strong>archiepiscopus</strong></span> <span class='ocrx_word' id='word_1_617' title='bbox 1778 3025 2033 3062; x_wconf 85' lang='lat' dir='ltr'><strong>Mechlinien.</strong></span> <span class='ocrx_word' id='word_1_618' title='bbox 2055 3036 2116 3062; x_wconf 88' lang='lat' dir='ltr'><strong>re-</strong></span> 
     </span>
     <span class='ocr_line' id='line_1_112' title="bbox 1159 3077 2115 3127; baseline 0.004 -15"><span class='ocrx_word' id='word_1_619' title='bbox 1159 3078 1361 3123; x_wconf 76' lang='lat' dir='ltr'><strong>scribens,</strong></span> <span class='ocrx_word' id='word_1_620' title='bbox 1389 3077 1853 3127; x_wconf 76' lang='lat' dir='ltr'><strong>pseudo-archiepiscopo</strong></span> <span class='ocrx_word' id='word_1_621' title='bbox 1880 3078 2039 3126; x_wconf 87' lang='lat' dir='ltr'><strong>eiusque</strong></span> <span class='ocrx_word' id='word_1_622' title='bbox 2057 3090 2115 3116; x_wconf 90' lang='lat' dir='ltr'><strong>se-</strong></span> 
     </span>
     <span class='ocr_line' id='line_1_113' title="bbox 1159 3132 2116 3177; baseline 0.002 -10"><span class='ocrx_word' id='word_1_623' title='bbox 1159 3132 1373 3168; x_wconf 76' lang='lat' dir='ltr'><strong>ctatoribus</strong></span> <span class='ocrx_word' id='word_1_624' title='bbox 1409 3132 1559 3170; x_wconf 86' lang='lat' dir='ltr'><strong>larvam</strong></span> <span class='ocrx_word' id='word_1_625' title='bbox 1597 3133 1782 3177; x_wconf 84' lang='lat' dir='ltr'><strong>detraxit,</strong></span> <span class='ocrx_word' id='word_1_626' title='bbox 1813 3135 1854 3170; x_wconf 88' lang='lat' dir='ltr'><strong>et</strong></span> <span class='ocrx_word' id='word_1_627' title='bbox 1882 3143 2020 3169; x_wconf 90' lang='lat' dir='ltr'><strong>eorum</strong></span> <span class='ocrx_word' id='word_1_628' title='bbox 2046 3132 2116 3169; x_wconf 91' lang='lat' dir='ltr'><strong>im-</strong></span> 
     </span>
     <span class='ocr_line' id='line_1_114' title="bbox 1160 3185 2115 3232; baseline 0 -11"><span class='ocrx_word' id='word_1_629' title='bbox 1160 3187 1382 3232; x_wconf 79' lang='lat' dir='ltr'><strong>pudentiam</strong></span> <span class='ocrx_word' id='word_1_630' title='bbox 1412 3199 1458 3224; x_wconf 86' lang='lat' dir='ltr'><strong>ac</strong></span> <span class='ocrx_word' id='word_1_631' title='bbox 1485 3189 1657 3225; x_wconf 85' lang='lat' dir='ltr'><strong>schisma</strong></span> <span class='ocrx_word' id='word_1_632' title='bbox 1687 3197 1854 3224; x_wconf 86' lang='lat' dir='ltr'><strong>nervose</strong></span> <span class='ocrx_word' id='word_1_633' title='bbox 1881 3185 2115 3224; x_wconf 82' lang='lat' dir='ltr'><strong>confutavit.</strong></span> 
     </span>
    </p>
   </div>
   <div class='ocr_carea' id='block_1_5' title="bbox 158 3239 2123 3291">
    <p class='ocr_par' dir='ltr' id='par_1_9' title="bbox 158 3239 2123 3291">
     <span class='ocr_line' id='line_1_115' title="bbox 158 3239 2123 3291; baseline -0.001 -11"><span class='ocrx_word' id='word_1_634' title='bbox 158 3248 268 3280; x_wconf 83' lang='lat' dir='ltr'><strong>catus</strong></span> <span class='ocrx_word' id='word_1_635' title='bbox 295 3244 376 3280; x_wconf 79' lang='lat' dir='ltr'><strong>suit.</strong></span> <span class='ocrx_word' id='word_1_636' title='bbox 409 3245 465 3281; x_wconf 84' lang='lat' dir='ltr'><strong>Eo</strong></span> <span class='ocrx_word' id='word_1_637' title='bbox 495 3244 683 3289; x_wconf 76' lang='lat' dir='ltr'><strong>extincte,</strong></span> <span class='ocrx_word' id='word_1_638' title='bbox 702 3243 908 3288; x_wconf 83' lang='lat' dir='ltr'><strong>Catholici,</strong></span> <span class='ocrx_word' id='word_1_639' title='bbox 935 3242 999 3291; x_wconf 90' lang='lat' dir='ltr'><strong>qui</strong></span> <span class='ocrx_word' id='word_1_640' title='bbox 1025 3253 1108 3279; x_wconf 87' lang='lat' dir='ltr'><strong>ma-</strong></span> <span class='ocrx_word' id='word_1_641' title='bbox 1159 3241 1316 3278; x_wconf 87' lang='lat' dir='ltr'><strong>Mortuo</strong></span> <span class='ocrx_word' id='word_1_642' title='bbox 1344 3242 1386 3276; x_wconf 62' lang='grc' dir='ltr'><strong>νο</strong></span> <span class='ocrx_word' id='word_1_643' title='bbox 1413 3242 1498 3279; x_wconf 81' lang='lat' dir='ltr'><strong>idus</strong></span> <span class='ocrx_word' id='word_1_644' title='bbox 1531 3242 1625 3279; x_wconf 90' lang='lat' dir='ltr'><strong>iunii</strong></span> <span class='ocrx_word' id='word_1_645' title='bbox 1662 3242 1754 3279; x_wconf 88' lang='lat'>1730</span> <span class='ocrx_word' id='word_1_646' title='bbox 1782 3240 1989 3278; x_wconf 84' lang='lat' dir='ltr'><strong>Theodoro</strong></span> <span class='ocrx_word' id='word_1_647' title='bbox 2025 3239 2123 3279; x_wconf 58' lang='lat' dir='ltr'><strong>Van&#39;</strong></span> 
     </span>
    </p>
   </div>
   <div class='ocr_carea' id='block_1_6' title="bbox 2229 123 2241 2116">
    <p class='ocr_par' dir='ltr' id='par_1_10' title="bbox 2229 123 2241 2116">
     <span class='ocr_line' id='line_1_116' title="bbox 2229 123 2241 2116; baseline 0 0"><span class='ocrx_word' id='word_1_648' title='bbox 2229 123 2241 2116; x_wconf 95' lang='lat' dir='ltr'><strong> </strong></span> 
     </span>
    </p>
   </div>
  </div>
 </body>
</html>
