2241 3473
147 127 227 168 246

93 209 310 246 cessarium
332 218 418 243 esse
437 215 663 252 supremum
693 203 861 239 iudicem
891 206 1047 238 contro-

92 263 315 300 versiarum
334 259 425 295 fidei
439 261 465 292 ¹.

142 317 199 352 33.
227 315 332 351 Lites
366 311 642 348 Pictistarum.
678 310 932 358 Spenerus—
949 309 1050 346 Aliis

97 371 231 406 litibus
257 375 296 404 et
323 366 491 402 motibus
518 365 622 400 inter
653 364 903 400 Lutlieranos
923 367 1051 411 poste-

94 423 263 459 rioribus
279 421 390 456 huius
408 418 556 455 saeculi
570 417 683 453 annis
695 428 830 453 ansam
843 417 950 453 dedit
963 416 1050 452 Phi-

95 477 223 524 lippus
251 474 413 510 Iacobus
440 473 656 519 Spenerus,
686 482 791 507 anno
818 472 911 508 1635
930 471 968 506 in
987 471 1049 506 Al-

94 531 197 566 satia
211 533 340 571 natus,
358 531 396 562 et
409 531 674 574 postmunera
689 524 925 561 scholastica
935 529 1050 571 atque

94 581 368 620 ecclesiastica
382 579 548 626 Argenti
558 579 595 614 ni
608 583 736 625 gesta,
748 590 814 615 an.
826 579 917 615 1666
929 578 1050 614 Fran-

95 635 239 673 cufurti
268 633 316 670 ad
344 634 533 669 Moenum
555 633 689 668 senior
707 632 916 668 ministerii
932 643 1052 668 evan-

96 689 211 736 gelici
239 688 379 723 factus.
402 687 531 727 Quum
552 686 658 721 enim
677 685 782 722 inter
801 685 1051 722 Lutheranos

95 752 241 789 magna
259 744 366 777 esset
384 751 539 775 morum
560 739 802 786 corruptela,
823 739 950 786 pietas
965 750 1051 786 pas-

95 796 168 832 sim
195 795 482 841 negligeretur,
511 797 551 829 et
578 793 755 840 plerique
783 793 822 827 in
848 792 924 828 fide
945 793 1051 829 theo-

96 850 224 885 retica
237 848 489 894 externisque
506 846 631 882 divini
647 847 774 882 cultus
787 847 936 882 actibus
948 847 1052 893 quie-

95 907 397 948 scerent;quum
415 900 713 947 praedicatores
729 900 846 936 etiam
864 911 887 935 a
905 900 1051 947 pietate

96 956 213 1003 longe
242 955 398 998 remoti,
420 954 488 990 illa
506 954 592 989 sola
617 957 812 1000 urgerent
837 958 878 989 et
904 954 942 989 in
963 966 1053 990 con-

96 1009 272 1045 cionibus
311 1020 385 1044 non
422 1008 497 1043 nisi
531 1007 754 1054 dogmatice
787 1013 827 1043 et
859 1007 1052 1054 polemice

95 1067 354 1100 versarentur
372 1091 380 1106 ,
409 1062 510 1109 quod
536 1073 623 1097 cum
651 1063 690 1096 in
716 1061 1052 1098 Universitatibus

97 1128 146 1154 ea
160 1122 311 1153 tantum
326 1116 453 1152 edocti
466 1116 645 1159 fuissent,
658 1126 757 1162 quae
769 1115 1050 1161 dogmaticam,

97 1171 333 1219 polemicam
357 1181 404 1206 ac
422 1170 689 1205 liomileticam
712 1170 928 1215 respiciunt
946 1170 1052 1206 theo-

98 1226 259 1273 logiam;
287 1226 487 1272 Spenerus
511 1224 684 1259 omnium
703 1223 841 1259 horum
863 1224 1051 1260 reforma-

98 1279 244 1315 tionem
272 1278 522 1320 desiderans,
551 1277 588 1312 in
616 1277 864 1314 sermonibus
891 1283 1052 1325 praeter

98 1337 329 1369 consuetum
345 1343 496 1367 morem
509 1332 777 1378 s.Scripturae
792 1331 878 1367 loca
892 1332 1050 1368 dictioni

98 1387 268 1434 simplici
287 1385 591 1422 accommodare
611 1392 650 1422 et
668 1385 717 1421 ad
736 1385 932 1432 practicos
946 1386 1052 1423 vitae

98 1452 191 1476 usus
210 1440 431 1476 transferre
451 1441 594 1485 coepit.
615 1440 674 1475 Ab
693 1451 758 1475 an.
777 1439 868 1476 1670
884 1439 1052 1486 plurium

100 1494 295 1531 desiderio
329 1493 579 1530 satisfaciens
610 1494 789 1540 privatos
820 1494 926 1529 domi
957 1505 1052 1530 suae

97 1554 338 1592 conventus,
366 1547 506 1584 deiude
534 1549 572 1583 in
600 1548 771 1584 ecclesia
797 1547 985 1591 instituit,
1014 1550 1053 1584 in

96 1603 232 1649 quibus
260 1602 399 1639 eadem
420 1605 576 1638 ratione
596 1606 726 1638 textus
743 1601 907 1638 biblicos
922 1604 1053 1649 expla-

97 1656 233 1701 nabat,
251 1657 349 1692 viris
368 1656 645 1703 praesentibus
664 1655 895 1691 facultatem
915 1668 1053 1694 conce-

96 1710 192 1746 dens
219 1722 311 1747 suas
334 1710 503 1758 desuper
522 1710 784 1757 cogitationes
802 1714 842 1746 et
859 1711 1053 1757 quaestio-

97 1776 168 1800 nes
195 1764 454 1811 proponendi.
484 1763 596 1804 Quae
623 1765 756 1799 omnia
775 1775 861 1799 cum
883 1764 931 1799 ad
951 1765 1052 1801 exci-

97 1817 219 1854 tanda
235 1819 298 1865 pia
314 1818 434 1854 animi
451 1829 570 1853 sensa
584 1818 742 1861 fierent,
758 1817 821 1853 isti
834 1824 1053 1855 conventus

98 1872 267 1919 collegia
284 1873 442 1920 pietatis
456 1872 548 1908 dicti
564 1872 895 1909 sunt-Ann01675
911 1873 1051 1908 librum

97 1926 290 1972 vulgavit,
312 1926 375 1973 qui
392 1926 606 1973 inscriptus
621 1930 720 1961 erat:
737 1925 819 1960 Pia
833 1925 1052 1962 desideria.

99 1979 139 2015 In
181 1991 228 2016 eo
267 1991 344 2015 non
378 1984 531 2015 tantum
566 1979 777 2026 descripsit
807 1979 1051 2026 praedictam

99 2044 252 2068 morum
282 2033 594 2080 corruptionem,
611 2032 679 2068 sed
699 2032 820 2068 etiam
842 2033 1051 2078 rationem,

99 2097 176 2133 qua
202 2086 415 2122 reformari
444 2091 596 2132 posset,
624 2087 840 2133 proposuit,
868 2087 1051 2123 nimirum

99 2139 416 2176 emendationem
452 2138 709 2175 institutionis
741 2139 987 2186 theologicae
1015 2146 1054 2177 et

99 2193 217 2229 studii
247 2193 390 2237 biblici,
411 2193 510 2240 quod
531 2204 606 2228 non
629 2198 778 2228 tantum
799 2193 837 2228 in
857 2199 1052 2241 apparatu

102 2246 909 2293 philologico-critico—arcliaeologico,sed
926 2249 1054 2295 potius

101 2302 139 2335 in
160 2300 416 2336 meditatione
436 2305 475 2336 et
496 2300 760 2347 applicatione
778 2300 825 2335 ad
841 2300 946 2336 vitae
960 2313 1054 2338 usus

100 2355 353 2397 consisterem
381 2353 541 2397 addidit,
561 2353 676 2389 iidem
698 2354 955 2390 theoreticam
975 2367 1052 2391 non

100 2408 299 2450 sufficere,
315 2407 381 2444 sed
399 2407 602 2454 religionis
617 2412 735 2454 caput
748 2408 1053 2445 inobservandis

100 2461 299 2497 mandatis
327 2462 561 2505 consistere;
591 2461 831 2497 instituenda
858 2473 945 2498 esse
978 2464 1054 2499 col-

101 2515 206 2562 legia
228 2515 399 2562 pietatis,
419 2515 549 2562 qualia
569 2515 649 2562 ipse
668 2515 874 2558 formarat;
893 2521 1053 2563 praeter

99 2570 303 2605 ordinatos
344 2570 643 2616 praedicatores
674 2569 799 2605 cuivis
831 2569 960 2613 fideli,
1000 2572 1053 2606 iu-

100 2629 269 2669 gruente
311 2623 528 2671 indigentia
551 2652 559 2667 ,
600 2634 767 2659 munera
805 2623 1026 2669 spiritualia
1044 2654 1051 2667 ,

101 2677 337 2723 praesertim
359 2677 629 2718 institutionis,
647 2676 944 2715 adhortationis,
964 2690 1053 2713 con-

100 2731 304 2766 solationis
338 2743 425 2767 esse
461 2731 726 2767 concedenda.

149 2785 493 2831 Spenericonsilia
506 2786 716 2821 multorum
727 2786 1052 2832 approbationem

102 2844 220 2874 nacta
246 2845 349 2882 sunt,
377 2840 485 2886 isque
513 2851 576 2875 an.
610 2840 700 2875 1686
719 2839 972 2889 praedicator
989 2852 1054 2876 au-

102 2892 198 2927 licus
225 2897 265 2928 et
291 2894 540 2928 consiliarius
563 2894 858 2930 ecclesiasticus
878 2894 1051 2930 Dresdae

103 2945 253 2988 sactus,
283 2947 437 2989 el'l'ecit,
465 2952 507 2982 ut
540 2947 604 2982 illa
637 2949 857 2984 executioni
896 2947 1053 2983 manda-

102 3005 250 3034 rentur.
275 3000 314 3034 lu
336 3001 672 3037 Universitatilius
692 3002 984 3049 praelectiones
1005 3002 1053 3037 bi-

150 3079 155 3098 ¹
186 3081 342 3117 llnlumu,
372 3080 515 3113 [micon
542 3082 749 3119 haeresum:
779 3083 966 3121 St012kmzin,
996 3082 1051 3114 Bi-

101 3125 262 3157 bliotheca
294 3126 524 3166 Germanic-(13
554 3128 680 3167 Walcli,
711 3129 910 3169 ls‘iuleilunql
936 3130 971 3161 in
999 3128 1051 3160 dic

103 3171 548 3213 leeltqinris-streitiykeiten
583 3174 642 3206 (Ier
672 3175 1050 3216 evauyelisch-lutlieri-

101 3217 355 3249 scheri-Kirelae.

656 135 828 163 EPOCHA‘
844 134 918 162 XII.
944 135 971 160 A
993 134 1166 161 LITIBVS
1185 133 1493 161 IANSENISTICIS

1101 205 1229 241 blicae
1264 204 1313 240 ad
1346 215 1529 240 normam
1558 204 1680 251 ipsius
1706 205 1910 241 institutae
1939 207 2056 250 sunt,

1102 260 1293 306 pluraque
1313 258 1472 306 pietatis
1498 258 1668 305 collegia
1692 259 1879 302 formata,
1907 269 2006 306 quae
2034 269 2059 294 a

1102 312 1237 347 multis
1253 312 1432 348 centenis
1451 311 1646 358 theologis
1661 316 1700 347 et
1714 312 1862 349 civibus
1875 312 2057 359 frequen—

1104 366 1307 401 tabantur.
1336 365 1402 410 Hi,
1431 377 1518 401 cum
1546 377 1588 402 se
1615 377 1639 401 a
1662 366 1831 402 caeteris
1849 366 1906 402 sic
1923 366 2058 402 distin-

1103 423 1325 465 guerentur
1349 447 1358 462 ,
1392 419 1584 466 singulari
1610 419 1867 456 Pietistarum
1898 420 2058 456 nomine

1106 473 1464 521 compellebantur.

1151 527 1302 563 Verum
1331 527 1430 563 haec
1448 527 1615 574 Speneri
1635 527 1865 564 reformatio
1885 538 2001 564 acres
2019 531 2060 564 et

1102 580 1310 617 diuturnas
1326 582 1431 618 inter
1440 581 1784 618 Lutheranoslites
1793 585 1832 617 et
1846 581 2059 618 scissiones

1102 635 1307 671 excitavit.
1336 635 1464 675 Quum
1493 646 1596 671 anno
1625 635 1716 672 1689
1733 635 1771 670 in
1786 635 2058 671 Universitate

1104 689 1303 736 Lipsiensi
1323 693 1405 725 tres
1424 688 1605 736 magistri
1622 688 1674 724 N.
1693 689 1994 725 Testamentum
2009 688 2059 725 ad

1103 753 1286 777 normam
1327 743 1494 790 Speneri
1528 743 1769 790 praelegere
1802 742 2058 789 caepissent,

1102 806 1241 831 eorum
1269 795 1487 832 adversarii
1520 797 1753 840 effecerunt,
1772 800 1816 832 ut
1831 795 1973 832 edictis
1992 807 2059 843 pu-

1103 849 1214 885 blicis
1241 850 1295 885 illi
1314 850 1462 886 fuerint
1481 849 1706 897 proscripti,
1725 854 1765 886 et
1783 849 1961 886 instituta
1980 849 2060 885 col-

1104 902 1209 950 legia
1235 904 1396 951 pietatis
1422 903 1634 951 prohibita.

1152 958 1354 1004 Spenerus
1386 969 1452 993 an.
1486 958 1576 994 1691
1610 957 1752 994 relicta
1778 956 1933 993 Dresda
1953 985 1962 999 ,
1989 957 2060 993 ivit

1104 1011 1349 1054 Berolinum,
1369 1011 1434 1046 ubi
1453 1015 1704 1058 praepositus
1722 1011 1826 1058 apud
1843 1010 2056 1048 ecclesiam

1101 1077 1134 1100 s.
1153 1064 1309 1100 Nicolai
1329 1069 1369 1101 et
1383 1075 1562 1100 assessor
1576 1064 1802 1101 consistorii
1816 1065 1959 1108 factus,
1976 1068 2058 1100 tum

1105 1130 1176 1165 per
1206 1131 1248 1155 se
1283 1123 1367 1155 tum
1400 1130 1471 1166 per
1503 1118 1673 1154 imbutos
1700 1130 1723 1155 a
1749 1130 1792 1155 se
1818 1113 2029 1164 discipulos
2051 1146 2060 1162 ,

1105 1173 1220 1220 longe
1261 1173 1419 1220 lateque
1453 1172 1779 1209 reformationem
1819 1171 2059 1220 pietisticam

1105 1237 1330 1273 propagare
1346 1226 1505 1262 studuit.
1516 1225 1555 1261 Id
1567 1226 1709 1274 passim
1727 1226 2059 1268 Luffleranorum,

1105 1281 1342 1326 praesertim
1357 1279 1673 1316 Universitatum
1691 1279 1995 1322 Saxoniearum‚
2006 1278 2062 1314 in-

1102 1332 1374 1380 dignationem
1394 1338 1433 1369 et
1452 1332 1640 1368 invidiam
1660 1334 1697 1368 in
1717 1334 1940 1380 Spenerum
1961 1332 2060 1368 eius-

1104 1398 1177 1434 que
1205 1398 1396 1434 sequaces
1423 1386 1625 1429 excitavit,
1653 1387 1824 1423 maxime
1848 1385 1949 1433 quod
1967 1386 2062 1431 Spe-

1104 1452 1224 1477 nerus
1258 1441 1296 1476 in
1330 1441 1488 1488 scriptis
1521 1440 1602 1476 suis
1636 1441 1714 1476 alia
1740 1440 1931 1476 nonnulla
1956 1449 2062 1475 nova

1106 1494 1360 1540 protulisset,
1400 1495 1679 1531 auctoritatem
1714 1493 1833 1530 etiam
1869 1493 2060 1528 librorum

1104 1548 1411 1595 symbolieorum
1441 1548 1716 1596 deprimeret,
1744 1546 1921 1594 quodque
1956 1547 2061 1582 inter

1107 1601 1293 1638 Pietistas
1312 1613 1390 1637 non
1412 1603 1527 1649 pauci
1548 1602 1610 1637 vel
1631 1601 1761 1637 animo
1775 1600 1838 1636 vel
1853 1599 2062 1647 phantasia

1105 1655 1286 1699 excitati,
1312 1656 1361 1691 ad
1388 1668 1575 1693 excessus
1598 1666 1742 1703 graves
1760 1658 1800 1690 et
1818 1665 1981 1690 errores
1998 1653 2061 1690 ab·

1106 1708 1246 1745 surdos
1265 1709 1617 1756 progrederentur.
1640 1709 1705 1745 Sic
1721 1708 1760 1744 in
1776 1707 1970 1743 nonnullis
1985 1706 2062 1742 col-

1107 1761 1222 1809 legiis
1250 1774 1299 1799 ex
1325 1763 1489 1800 licentia
1515 1762 1720 1811 loquendi,
1747 1761 1926 1797 omnibus
1951 1760 2059 1805 data,

1108 1817 1248 1852 turbae
1276 1821 1317 1853 et
1345 1817 1620 1853 contentiones
1651 1816 1895 1852 acciderunt·
1914 1815 1955 1851 In
1975 1814 2061 1850 aliis

1106 1869 1296 1907 Pietistae
1313 1882 1333 1907 e
1348 1872 1518 1919 superba
1533 1882 1629 1907 suae
1640 1870 1863 1907 sanctitatis
1876 1867 2061 1916 opinione

1106 1935 1193 1959 cum
1230 1925 1403 1961 caeteris
1432 1936 1551 1961 sacra
1575 1925 1831 1972 frequentare
1860 1921 2061 1959 nolebant·

1106 1978 1295 2014 Nonnulli
1323 1990 1482 2015 omnem
1510 1979 1730 2014 doctrinam
1759 1982 1799 2014 et
1816 1977 2060 2014 constitutio-

1107 2043 1195 2067 nem
1232 2033 1426 2069 ecclesiae
1463 2032 1696 2069 lutheranae
1729 2035 1925 2068 mutatam
1954 2030 2060 2067 vole-

1107 2086 1214 2122 bant.
1244 2086 1322 2121 Alii
1350 2087 1568 2122 instaurato
1595 2086 1815 2129 chiliasmo‚
1837 2096 1981 2121 novum
2001 2095 2061 2121 re-

1106 2151 1225 2185 gnum
1261 2151 1285 2175 a
1317 2140 1475 2177 Christo
1503 2142 1541 2175 in
1575 2140 1693 2176 terris
1720 2139 1966 2175 condendum
1992 2149 2059 2174 an-

1108 2193 1355 2229 nuntiabant.
1377 2193 1455 2229 Alii
1475 2205 1591 2229 sacra
1607 2194 1774 2240 publica,
1792 2205 1932 2229 munus
1947 2203 2060 2240 prae-

1106 2246 1342 2290 dicatorum,
1372 2246 1671 2295 philosophiam,
1704 2247 1942 2294 theologiam
1980 2257 2060 2282 om-

1108 2312 1275 2347 nemque
1311 2301 1600 2344 eruditionem‚
1630 2307 1816 2348 tanquam
1845 2312 1909 2337 res
1938 2311 2062 2337 verae

1108 2354 1242 2400 pietati
1272 2354 1476 2398 adversas,
1505 2355 1753 2391 reiiciebant.
1782 2356 1856 2390 An.
1877 2355 1968 2391 1696
1987 2354 2063 2390 Fa-

1107 2408 1232 2444 cultas
1260 2408 1484 2455 theologica
1509 2408 1892 2456 NVirtembergensis
1913 2408 1985 2446 264
2003 2419 2062 2445 as-

1106 2463 1316 2505 sei-tiones
1344 2463 1503 2508 scriptis
1526 2463 1694 2509 Spencri
1714 2468 1939 2511 excerptas,
1964 2468 2060 2499 tam·

1105 2527 1220 2562 quani
1250 2527 1410 2552 errores
1437 2517 1601 2552 notavit.
1631 2517 1733 2552 Hinc
1751 2517 1840 2553 lites
1862 2517 2060 2564 utrimque

1108 2576 1236 2606 motae
1264 2574 1354 2606 sunt
1380 2574 1418 2606 et
1445 2581 1566 2617 usque
1596 2570 1633 2605 in
1661 2582 1830 2618 sequens
1856 2571 2058 2607 saeculum

1108 2628 1333 2669 protractae
1361 2635 1408 2660 eo
1435 2629 1598 2667 eventu,
1625 2630 1667 2660 ut
1694 2624 1861 2672 Speneri
1880 2625 2058 2670 consilia,

1105 2681 1282 2713 attamen
1311 2688 1387 2712 non
1404 2678 1540 2713 omnia
1556 2690 1628 2714 nec
1646 2682 1728 2714 tota
1742 2677 1958 2715 secundum
1974 2679 2059 2716 eius

1107 2737 1295 2775 mentem,
1325 2731 1515 2779 paulatim
1543 2732 1700 2768 effectui
1732 2732 2059 2777 darentur3unde

1109 2785 1435 2821 Lutlieranismus
1455 2786 1490 2820 in
1508 2786 1727 2822 Germania
1742 2798 1884 2823 novam
1902 2787 2059 2833 faciem,

1107 2850 1129 2873 a
1158 2839 1278 2885 priori
1307 2840 1470 2875 multum
1500 2839 1746 2885 dissimilem,
1775 2841 1988 2878 induet-iv.

1157 2894 1212 2928 34.
1234 2893 1372 2929 Status
1391 2893 1585 2929 ccclesiae
1603 2894 1799 2930 Russicae
1812 2895 2058 2936 —Quantum

1108 2945 1155 2980 ad
1187 2952 1332 2982 statum
1368 2948 1563 2984 ecclesiae
1592 2949 1782 2985 Russicae
1811 2950 2059 2997 pertinebat,

1109 3000 1154 3041 is,
1181 3001 1336 3047 qualem
1365 3002 1547 3049 superius
1575 3003 1833 3050 compositum
1853 3003 2061 3051 descripsi-

1109 3064 1193 3089 mus
1218 3056 1247 3097 ²,
1274 3054 1462 3103 deinceps
1490 3057 1738 3104 perduravit.
1767 3057 1954 3094 Subiecta
1971 3062 2061 3095 erat

1153 3178 1166 3234 ‘¹'
1193 3178 1260 3257 {HL
1283 3180 1467 3258 Ἶέιῆἱῃῑονοε
1486 3182 1692 3224 praecedenti
1711 3183 1846 3226 paginae
1866 3184 1999 3217 citatos.

1155 3236 1164 3242 ·
1218 3235 1266 3265 ag.
1360 3250 1367 3259 .
