2241 3473
202 134 278 173 192

196 210 258 249 52.
283 211 478 261 Synodus
498 211 691 248 Romana
712 207 796 257 (an.
809 205 1030 256 721)—Ex
1050 207 1098 245 iis

146 275 247 311 quae
277 266 394 301 antea
423 263 617 307 diximus,
647 261 781 297 videre
811 260 927 305 licet,
954 262 1101 308 quanta

143 316 264 354 fuerit
302 329 333 354 s.
354 315 533 364 Gregorii
564 314 635 362 Pp.
658 313 695 350 ΙΙ
725 312 945 350 sollicitudo
980 314 1098 361 atque

143 369 315 406 studium
336 369 383 404 de
397 369 683 404 Germanorum
701 366 968 403 conversione.
987 365 1098 403 Alias

143 424 276 459 tamen
292 420 498 457 ministerii
519 419 578 457 sui
593 421 726 468 partes
745 419 904 455 minime
925 418 1100 467 neglexit

143 473 339 511 Pontifex.
372 474 417 509 In
450 472 584 521 primis
618 484 721 509 anno
754 471 829 509 721
862 472 1013 508 Romae
1047 471 1102 508 22

143 527 416 575 episcoporum
445 526 638 574 synodum
669 525 889 562 celebravit
927 525 976 561 ad
1009 535 1102 572 pro-

143 579 389 616 seribendam
422 580 579 626 turpem
618 578 818 615 licentiam
835 607 844 623 ,
883 589 960 625 qua
988 577 1102 614 Chri-

143 632 360 669 stianorum
378 631 560 679 coniugia
576 631 946 669 dehonestabantur.
964 630 1007 666 In
1028 631 1102 667 hac

144 684 295 733 synodo
318 685 426 722 edita
445 687 539 722 sunt
558 684 732 733 capitula
754 684 801 720 17
815 713 824 730 ,
843 683 883 720 in
906 683 1047 731 quibus
1068 695 1103 719 a-

144 738 374 774 nathemate
392 737 590 774 feriuntur
610 738 677 786 qui
697 737 922 786 presbyteri
943 736 1004 773 vel
1025 736 1104 773 dia-

142 790 229 827 coni
245 790 407 827 viduam
420 791 539 839 (idest
555 802 674 839 quam
686 790 742 827 illi
758 794 849 827 ante
866 789 1031 827 Ordines
1048 801 1105 827 sa-

141 854 228 880 cros
248 842 487 892 duxissent),
508 843 734 890 monialem,
755 845 1010 880 commatrem
1030 842 1101 891 spi-

141 896 325 933 ritualem
339 926 348 942 ,
369 896 504 934 fratris
525 897 703 934 relictam
717 925 726 943 ,
747 899 903 945 neptem
917 925 926 942 ,
956 906 1102 932 nover-

142 961 228 986 cam
246 978 255 994 ,
276 961 417 986 nurum
433 979 442 995 ,
464 951 752 995 consobrinam,
772 949 838 986 vel
858 949 1031 997 aliquam
1052 960 1102 986 ex

141 1003 318 1050 cognatis
339 1003 431 1048 suis,
448 1005 518 1040 aut
532 1002 706 1047 affinem,
724 1014 887 1040 uxorem
905 1001 1102 1048 duxerint3

143 1055 237 1092 item
258 1055 325 1104 qui
342 1055 502 1093 viduam
525 1058 595 1092 aut
610 1056 806 1104 virginem
827 1054 1047 1105 rapuerint,
1063 1058 1103 1092 et

143 1108 208 1156 qui
225 1109 382 1154 ariolos,
395 1109 595 1158 aruspices
607 1113 675 1147 aut
686 1110 951 1146 incantatores
963 1120 1102 1145 consu-

139 1161 288 1199 luerint
304 1161 330 1200 1.
347 1163 381 1199 Α
401 1174 431 1199 s.
452 1162 655 1200 Bonifacio
674 1162 910 1200 Germaniae
927 1161 1102 1210 apostolo

142 1215 189 1251 de
211 1215 332 1252 variis
353 1216 546 1263 capitibus
562 1215 774 1261 consultus,
785 1215 929 1253 an.726
941 1226 1012 1264 per
1027 1214 1102 1263 epi-

140 1268 632 1315 stolam,Desz'slerabz'lem,
642 1281 759 1317 quam
774 1269 988 1306 Gratianus
1004 1267 1100 1304 falso

138 1321 278 1358 tribuit
298 1322 486 1371 Gregorio
508 1322 576 1369 III,
592 1323 641 1359 ad
661 1321 815 1371 singula
835 1321 1036 1370 respondit
1056 1320 1082 1358 ².

195 1374 259 1412 53.
286 1375 367 1412 Leo
397 1376 579 1413 Isauras
609 1377 837 1425 imperator
860 1386 1101 1423 graecus—

141 1427 185 1464 In
216 1427 376 1465 Oriente
404 1429 606 1466 Ecclesiae
635 1431 763 1466 status
792 1428 960 1465 multum
983 1427 1100 1464 decli—

141 1481 275 1526 nabat,
292 1481 521 1530 arrogantia
542 1482 775 1529 praesertim
795 1481 1098 1530 imperatorum,

141 1534 207 1581 qui
224 1534 393 1583 negotiis
414 1534 608 1583 religiosis
625 1535 807 1572 continuo
823 1547 864 1572 se
880 1534 1099 1570 immiscen-

140 1588 217 1631 tes,
247 1588 386 1625 turbas
416 1599 578 1636 graves,
607 1587 820 1625 schismata
849 1589 889 1624 et
918 1587 1099 1624 haereses

138 1640 367 1678 excitabant
395 1644 464 1678 aut
493 1640 690 1678 fovebant.
719 1642 818 1678 Cum
856 1640 895 1677 in
934 1640 1098 1688 imperio

138 1704 278 1740 graeco
292 1694 432 1731 milites
451 1694 499 1732 ab
510 1692 741 1732 Anastasio³
759 1693 1016 1731 rebellassent
1035 1705 1097 1730 an.

139 1746 217 1783 715
247 1750 287 1783 et
324 1746 606 1795 imperatorem
639 1748 879 1785 salutassent
913 1746 1097 1783 Theodo-

139 1799 239 1836 sium
254 1803 481 1838 exactorem
494 1801 762 1850 vectigalium,
772 1800 1006 1838 Anastasius
1020 1812 1099 1837 mo-

139 1853 335 1890 nasticum
355 1854 536 1891 habitum
556 1855 736 1902 suscepit.
758 1854 1020 1898 Theodosius,
1041 1853 1098 1890 uti

139 1906 384 1953 Anastasius,
413 1908 631 1945 catholicae
660 1907 751 1945 fidei
781 1910 867 1944 erat
900 1907 1097 1953 addictus,

139 1959 207 1995 sed
238 1971 312 1996 uno
342 1962 497 1997 tantun]
528 1973 630 1997 anno
659 1960 880 2009 imperavit.
911 1960 1039 2001 Quum
1057 1972 1098 1997 e-

140 2012 220 2048 nim
242 2012 426 2057 audisset,
448 2013 617 2051 Leonem
633 2043 641 2059 ,
663 2014 806 2051 dictum
828 2014 1006 2051 Isaurum
1021 2042 1030 2060 ,
1050 2014 1098 2051 ab

140 2066 318 2102 exercitu
372 2066 491 2104 fuisse
535 2067 814 2116 imperatorem
856 2067 1070 2104 salutatum
1090 2097 1098 2113 ,

139 2121 280 2165 sponte
307 2119 425 2156 cessit
444 2119 606 2168 imperio
637 2123 677 2157 et
697 2121 959 2157 monasticum
981 2120 1096 2157 insti-

138 2174 270 2208 tutum
304 2172 506 2220 amplexus
536 2176 606 2210 est.
631 2174 781 2211 Exinde
811 2174 859 2211 ab
888 2186 991 2210 anno
1020 2173 1097 2210 717

143 2236 264 2272 usque
284 2225 331 2262 ad
350 2237 410 2262 an.
425 2226 499 2262 741
524 2226 735 2274 imperavit
756 2227 833 2264 Leo
855 2227 909 2263 III
927 2256 935 2272 ,
957 2227 1096 2263 humili

138 2277 221 2314 loco
237 2277 274 2314 in
287 2278 438 2315 Isauria
458 2280 583 2316 natus.
598 2279 774 2317 Assiduis
795 2280 854 2317 1113
875 2283 1012 2317 eontra
1032 2280 1097 2317 in]-

140 2332 345 2379 peratores
361 2332 696 2370 coniurationibus
713 2333 857 2370 factum
879 2335 950 2379 est,
969 2335 1012 2370 ut
1031 2333 1099 2370 im-

140 2383 234 2431 perii
256 2386 296 2422 et
315 2384 552 2433 reipublicae
574 2388 702 2423 status
722 2386 760 2422 in
782 2386 954 2423 deterius
975 2386 1098 2435 prola-

137 2437 317 2483 beretur,
338 2437 563 2475 litterarum
585 2439 715 2476 studia
741 2438 1038 2486 interciderent,
1058 2442 1098 2477 et

137 2490 325 2527 Saraceni
364 2503 433 2528 seu
472 2492 622 2529 Arabes
659 2492 844 2529 audacius
875 2492 1096 2540 provincias

138 2543 292 2592 imperii
311 2544 552 2582 invaderent.
576 2545 623 2582 Hi
646 2545 803 2593 quidem
835 2545 982 2593 ingenti
1004 2558 1092 2582 cum

136 2596 259 2634 classe
279 2598 327 2635 ad
345 2598 721 2647 Constantinopolim
744 2610 864 2646 usque
888 2601 1094 2643 venerunt,

136 2653 177 2685 ct
206 2662 267 2688 an.
289 2651 367 2688 717
399 2651 534 2688 urbem
563 2651 710 2699 regiam
742 2651 997 2697 obsederunt;
1027 2653 1093 2688 sed

137 2703 260 2740 classe
283 2716 417 2741 eorum
440 2704 531 2752 igne
553 2707 593 2742 et
612 2704 913 2753 tempestatibus
934 2704 1090 2750 attrita,

135 2755 214 2792 Leo
235 2756 449 2804 imperator
468 2758 599 2795 hostes
619 2757 767 2806 ingenti
787 2769 878 2794 cum
894 2757 1005 2794 clade
1027 2757 1089 2794 fu—

135 2809 257 2856 gavit.
276 2810 359 2847 Hoc
375 2811 551 2859 graviter
575 2811 705 2848 ferens
725 2811 844 2848 Omar
873 2822 940 2847 seu
968 2810 1090 2848 Umar

135 2861 254 2899 califa
274 2891 283 2907 ,
325 2863 538 2901 vindictam
576 2865 741 2912 sumpsit
778 2864 816 2900 in
856 2863 1090 2901 christianos

135 2915 299 2963 Syriam
327 2928 391 2953 eos
421 2917 467 2954 ad
499 2917 750 2955 deserendam
772 2917 908 2954 Fidem
938 2917 1088 2964 adegit,

133 2968 322 3016 apostatis
361 2969 510 3017 gratias
539 2971 755 3017 concessit,
791 2971 828 3007 in
861 2969 1087 3008 resistentes

134 3021 298 3067 saeviit,
319 3021 527 3071 pluresque
550 3024 744 3073 martyrio
766 3023 897 3061 affecit
917 3022 943 3060 ⁴.

175 3125 183 3145 ¹
203 3126 318 3165 Labbc,
338 3126 454 3159 Concil.
475 3130 493 3157 t.
513 3128 557 3165 vl,
576 3137 604 3165 p.
626 3127 711 3158 1155.

173 3167 424 3207 δᾸ111ἰι1111-118.
444 3186 481 3191 —-
497 3169 511 3189 ³
530 3170 593 3199 vul.
611 3179 639 3208 p.
660 3169 725 3199 182).

173 3207 185 3229 ⁴
203 3209 380 3248 Theophan.
401 3209 532 3250 Cllrm1.;
552 3211 649 3250 Pagi,
667 3210 791 3243 Crilica
808 3211 846 3242 ad
864 3220 914 3243 an.
931 3210 1081 3243 716-718.

645 143 804 171 EPOCHA
832 144 870 171 V.
899 143 926 169 A
955 142 1321 170 PSEVDOPROPHETA
1348 143 1550 170 MAHOMET

1196 207 1274 244 Leo
1295 207 1453 245 Isaurus
1481 206 1695 255 imperium
1714 219 1738 245 a
1757 207 2022 246 mahometica
2039 209 2111 257 ty-

1143 259 1305 297 rannide
1326 271 1465 297 conser
1479 259 1612 306 vavit3
1632 271 1775 297 verum
1794 261 1859 298 ubi
1891 261 1940 298 ad
1969 273 2110 298 exem-

1143 312 1252 360 plum
1271 313 1444 361 plurium
1478 325 1499 349 e
1528 312 1608 350 suis
1638 313 1905 351 decessoribus
1926 314 2110 364 Religio-

1144 365 1203 402 nis
1219 366 1386 414 negotiis
1403 377 1444 402 se
1466 365 1899 411 immiscuit,haeresim
1921 366 2112 404 iconocla-

1142 418 1281 455 sticam
1301 418 1487 467 suscepit,
1512 429 1732 466 gravesque
1753 419 1888 456 turbas
1907 419 2109 458 excitavit.

1196 470 1260 509 54.
1281 471 1642 508 Iconoclastarum
1671 471 2110 511 initia—Christianos

1144 535 1167 561 a
1185 523 1322 572 primis
1343 524 1541 562 Ecclesiae
1573 523 1739 561 saeculis
1755 553 1764 569 ,
1784 524 1909 572 primo
1930 525 2085 573 parcius
2098 555 2109 572 ‚

1143 577 1282 614 deinde
1298 577 1519 626 explicitius
1540 580 1580 614 et
1599 576 1856 625 frequentius,
1872 578 1992 615 sacris
2011 578 2108 616 ima-

1144 629 1298 678 ginibus
1329 642 1418 667 usos
1449 642 1592 678 easque
1623 630 1874 667 convenienti
1901 630 2009 667 cultu
2037 643 2107 668 ve-

1146 685 1304 720 neratos
1336 683 1480 729 fuisse,
1510 694 1628 731 supra
1656 683 1826 720 vidimus
1848 682 1873 720 ¹.
1905 684 2108 722 Hactenus

1145 735 1356 773 Christiani
1389 736 1538 774 nullam
1567 736 1818 773 vexationem
1850 738 2011 785 propter
2039 749 2106 774 ea-

1145 800 1235 825 rum
1269 789 1417 826 cultum
1447 789 1551 838 passi
1580 788 1766 835 fuerant,
1797 800 1918 837 quum
1945 792 2105 839 repente

1145 841 1224 878 Leo
1245 841 1402 880 Isaurus
1423 842 1658 891 imperator,
1679 854 1768 879 cum
1789 842 1943 879 Iudaeis
1963 844 2004 880 et
2023 843 2106 881 Ma-

1144 894 1364 932 hometanis
1375 895 1505 944 potius
1529 906 1646 943 quam
1659 907 1747 932 cum
1760 895 1990 933 Christianis
2001 896 2048 933 de
2057 908 2108 935 ss.

1144 947 1365 995 Imaginum
1395 948 1502 985 cultu
1535 949 1720 994 sentiens,
1750 948 1863 985 illum
1883 948 1994 996 quasi
2021 948 2108 986 ido·

1143 1000 1367 1038 lolatricum
1403 1002 1594 1050 abrogare
1630 1000 1781 1039 statuit.
1814 1002 1886 1038 An.
1919 1001 1996 1039 726
2026 1001 2110 1040 edi-

1145 1055 1251 1090 ctum
1272 1054 1564 1103 promulgavit,
1585 1066 1661 1103 quo
1678 1066 1727 1091 ss.
1741 1053 1955 1103 Imagines,
1975 1054 2015 1091 in
2044 1066 2107 1092 ec-

1144 1107 1272 1144 clesiis
1310 1107 1483 1156 locisque
1522 1107 1688 1156 publicis
1729 1106 1904 1144 fidelium
1940 1119 2109 1146 venera-

1144 1159 1239 1197 tioni
1259 1161 1471 1209 expositas,
1490 1161 1635 1209 ubique
1652 1160 1764 1197 deiici
1781 1162 1821 1197 et
1835 1159 1958 1197 deleri
1978 1160 2105 1200 iussit.

1145 1213 1326 1251 Edictum
1347 1213 1452 1251 istud
1473 1216 1629 1251 tantum
1645 1213 1686 1250 in
1705 1214 1800 1251 urbe
1824 1212 2105 1251 Constantino-

1144 1267 1219 1315 poli
1240 1266 1453 1304 tumultum
1486 1267 1700 1312 excitavit,
1722 1271 1764 1303 ut
1793 1266 2006 1315 imperator
2033 1267 2107 1305 sibi

1144 1320 1585 1369 metuens,sacrilegum
1604 1320 1808 1356 eonsilium
1831 1319 2107 1367 dissimularit,

1142 1373 1254 1421 quasi
1288 1373 1389 1411 solos
1419 1374 1562 1410 abusus
1591 1373 1630 1410 in
1661 1372 1831 1410 colendis
1861 1373 2103 1423 Imaginibus

1143 1426 1330 1474 impedire
1350 1427 1584 1463 intenderet.
1608 1426 1772 1463 Interim
1801 1426 1944 1463 bellum
1967 1430 2105 1465 contra

1144 1480 1248 1528 ipsas
1269 1479 1462 1528 imagines
1484 1480 1809 1528 prosequebatur.

1195 1532 1336 1569 Leonis
1374 1532 1568 1581 impietati
1597 1544 1673 1581 qua
1702 1533 1830 1581 potuit
1859 1532 2104 1580 constantia,

1142 1585 1294 1623 obstitit
1313 1597 1342 1622 3.
1360 1585 1590 1632 Germanus,
1608 1586 1832 1634 patriarcha
1851 1585 1937 1634 Cp.,
1959 1585 2104 1623 omnia-

1142 1650 1217 1686 que
1239 1639 1420 1685 tentavit,
1445 1643 1487 1676 ut
1507 1651 1595 1675 eum
1618 1650 1641 1676 a
1662 1639 1762 1676 male
1783 1639 1930 1688 coeptis
1949 1650 2105 1676 revoca·

1141 1694 1224 1737 ret3
1242 1692 1278 1728 ei
1298 1691 1498 1730 Ecclesiae
1520 1703 1633 1729 usum
1655 1695 1695 1729 et
1714 1691 1966 1729 traditionem
1985 1692 2032 1729 de
2053 1704 2102 1730 ss.

1142 1745 1366 1794 Imaginum
1388 1745 1498 1782 cultu
1520 1745 1672 1791 obiecit,
1688 1746 1782 1782 etin
1798 1745 2028 1783 memoriam
2043 1757 2102 1782 re-

1144 1798 1302 1835 vocavit
1321 1798 1511 1836 solemnia
1532 1799 1723 1847 promissa
1740 1828 1749 1844 ,
1769 1810 1889 1847 quae,
1911 1799 2003 1835 dum
2023 1798 2102 1836 im-

1144 1854 1302 1900 perator
1349 1851 1610 1900 inauguratus
1640 1849 1772 1889 fuerat
1795 1881 1803 1896 ,
1841 1851 2028 1889 emiserat
2056 1851 2103 1889 de

1145 1918 1219 1942 non
1249 1905 1517 1942 convellendis
1547 1904 1743 1942 Ecclesiae
1781 1905 1935 1942 ritibus.
1966 1906 2020 1942 At
2048 1904 2104 1942 nil

1142 1958 1338 2007 promovit
1367 1961 1525 1996 sanctus
1555 1958 1780 2006 patriarcha
1799 1957 1826 1995 ².
1848 1958 1955 1995 Idem
1985 1969 2102 2006 prae-

1141 2012 1200 2049 sul
1221 2013 1267 2049 ad
1290 2012 1464 2049 diversos
1480 2012 1692 2060 episcopos,
1704 2010 1912 2060 praecipue
1929 2011 1978 2048 ad
1994 2011 2102 2048 Ioan-

1143 2077 1232 2102 nem
1252 2065 1520 2114 Synadensem
1541 2067 1580 2102 et
1597 2065 1790 2101 Thomam
1806 2063 2101 2113 Claudiopolen-

1140 2130 1410 2166 sem,quorum
1431 2117 1553 2166 aliqui
1576 2117 1694 2166 impio
1714 2117 1941 2166 imperatori
1963 2129 2100 2155 assen-

1139 2172 1340 2217 tabantur,
1361 2171 1515 2208 litteras
1535 2171 1702 2219 scripsit,
1722 2170 1761 2207 in
1783 2170 1922 2218 quibus
1942 2170 2100 2208 ss.Ima—

1139 2225 1275 2273 ginum
1295 2223 1446 2261 cultum
1467 2224 1579 2261 docte
1599 2222 1776 2260 defendit
1791 2221 1817 2260 ³.

1195 2278 1409 2326 Gregorius
1439 2277 1509 2325 Pp.
1533 2277 1590 2321 II,
1611 2288 1634 2313 a
1653 2288 1681 2313 s.
1713 2276 1908 2314 Germano
1938 2275 1985 2313 de
2014 2277 2100 2314 tota

1140 2342 1182 2368 re
1203 2332 1347 2368 certior
1361 2329 1503 2375 factus,
1520 2330 1569 2366 ad
1588 2329 1867 2378 imperatorem
1889 2329 2096 2377 epistolam

1139 2383 1255 2429 dedit,
1277 2386 1322 2421 ut
1342 2395 1365 2420 a
1384 2382 1648 2420 convellendis
1668 2382 1867 2420 Ecclesiae
1898 2381 2096 2431 dogmati-

1137 2437 1207 2474 bus
1232 2436 1448 2473 abstineret
1467 2434 1493 2472 4.
1515 2435 1645 2472 Aliam
1673 2435 1881 2484 epistolam
1912 2435 2018 2473 dedit
2047 2435 2095 2473 ad

1136 2502 1164 2527 s.
1187 2490 1428 2526 Germanum
1445 2488 1510 2536 Cp.
1532 2489 1569 2525 111
1588 2501 1665 2536 qua
1685 2489 1720 2525 ei
1743 2489 1787 2525 de
1808 2487 2029 2526 constantia
2051 2488 2089 2525 in

1135 2542 1374 2579 defendenda
1404 2541 1603 2579 Ecclesiae
1634 2541 1811 2579 doctrina
1839 2541 2090 2591 gratulatus,

1136 2595 1354 2632 doctrinam
1375 2594 1610 2632 catholicam
1633 2595 1680 2631 de
1699 2606 1749 2632 ss.
1772 2594 1991 2643 Imaginum
2013 2594 2097 2632 cul-

1136 2652 1177 2685 tu
1201 2648 1283 2685 fuse
1305 2648 1493 2695 docteque
1513 2648 1677 2685 tradidit
1697 2660 1742 2685 ac
1765 2647 1978 2685 vindicavit
1997 2645 2023 2684 ⁵.

1189 2702 1311 2741 Quam
1333 2701 1485 2737 sincera
1506 2703 1545 2738 et
1567 2701 1702 2738 vivida
1731 2704 1831 2739 essct
1860 2699 2096 2738 christiano-

1137 2766 1222 2791 rum
1244 2754 1338 2791 fides
1365 2754 1411 2790 de
1431 2753 1612 2803 religioso
1640 2765 1842 2791 sacrarum
1872 2753 2093 2802 Imaginum

1134 2808 1253 2852 cultu,
1270 2807 1332 2844 vel
1354 2819 1374 2843 e
1395 2806 1488 2844 solis
1509 2807 1649 2852 turbis,
1675 2819 1772 2856 quas
1791 2806 2039 2856 imperatoris
2061 2818 2097 2843 e-

1134 2860 1279 2897 dictum
1299 2859 1440 2908 ubique
1456 2859 1918 2909 excitavit,conspicitur.
1939 2859 2092 2898 Incolae

1174 2966 1182 2986 ¹
1203 2968 1274 3004 i‘ag.
1294 2966 1341 2996 7⁴3.

1172 3008 1183 3028 ⁹
1199 3009 1392 3046 Tbewban„
1410 3005 1589 3045 clu-onoma

1171 3050 1184 3068 ³³
1203 3050 1314 3085 Laium,
1335 3047 1454 3080 concil.
1471 3051 1490 3079 t.
1508 3049 1565 3086 Vll,
1590 3057 1618 3087 p.
1635 3046 1783 3077 eoo-⁹298.
1802 3046 1924 3077 Librum
1955 3056 1979 3077 s.
2007 3049 2088 3080 Ger-

1130 3091 1221 3125 mani,
1236 3091 1282 3120 De
1298 3090 1433 3128 synodis
1450 3095 1482 3119 et
1497 3089 1693 3120 haeresibus
1709 3096 1822 3128 graece
1849 3092 1879 3118 et
1903 3088 1999 3120 iatine
2015 3089 2087 3121 edi-

1128 3131 1169 3161 (111
1189 3132 1272 3161 ward.
1293 3133 1359 3167 Mai,
1378 3131 1536 3170 Spicileq.
1554 3131 1706 3167 Roman„
1724 3133 1741 3160 1.
1762 3129 1821 3160 Vll.

1169 3173 1180 3194 ⁴
1199 3174 1382 3211 iimoplnan.
1400 3173 1473 3203 ibid.

1169 3214 1182 3235 5
1199 3214 1311 3252 Labbe,
1328 3213 1400 3245 ibid.
1415 3223 1443 3253 p.
1461 3211 1607 3243 282-0200.
