2241 3473
200 166 283 208 270

144 251 371 289 innumeros
398 262 421 287 a
447 250 658 287 schismate
686 249 736 285 ad
765 249 958 285 unitatem
985 253 1026 285 et
1050 249 1099 285 ab

143 305 297 342 haeresi
332 305 380 341 ad
406 305 615 342 veritatem
643 303 880 339 catholicam
907 302 1098 350 perduxe-

728 177 897 205 EPOCHA
917 177 988 205 XII.
1015 179 1043 204 A
1062 177 1231 207 LITIBVS
1251 177 1559 208 IANSENISTICIS

1202 247 1274 285 His
1299 247 1463 295 aliisque
1491 247 1530 283 in
1557 247 1850 286 haereticorum
1877 253 1947 287 aut
1971 249 2107 287 infide-

1154 302 1249 339 lium
1276 303 1398 339 terris
1423 300 1679 338 missionibus
1704 302 1816 339 multi
1835 304 2034 351 Europaei
2060 315 2110 341 ex

142 364 243 396 runt.
265 360 337 396 His
363 358 612 395 missionibus
639 361 842 405 potentem
861 368 976 405 opem
994 357 1098 394 fere·
1152 355 1347 392 laicorum
1382 366 1550 391 numero
1584 355 1650 400 pia
1684 355 1869 405 largitate
1902 357 2108 394 subvenie-

141 412 233 449 bant
259 413 440 450 catholici
468 412 668 460 principes
696 412 894 458 Europae,
915 422 1094 459 praeser-

1151 409 1259 454 bant,
1280 409 1484 446 imitantes
1505 407 1653 455 primos
1669 408 1931 455 Christianos,
1952 411 2016 458 qui
2035 421 2108 458 pro

138 466 208 501 tIm
234 478 353 513 reges
378 466 556 509 Galliae,
584 476 748 513 quorum
776 470 958 501 oratores
988 464 1092 512 apud
1150 463 1332 500 ecclesiis
1359 462 1598 510 pauperibus
1625 466 1666 499 et
1683 463 1872 499 fratribus
1897 464 2108 511 egentibus

137 520 266 555 aulam
285 520 594 556 ottomannicam
620 519 908 556 catholicorum
927 529 1090 555 causam
1135 517 1336 554 ‚collectas
1363 516 1583 552 faciebant:
1611 516 1699 563 pari
1725 516 1852 552 studio
1870 516 1931 553 his
1957 520 2108 565 tempo-

138 577 275 608 contra
307 573 529 609 Turcarum
548 602 556 617 ,
590 572 883 609 haereticorum
920 576 961 609 et
991 572 1093 608 schi-

135 626 391 662 smaticorum
422 628 621 664 molimina
648 627 924 674 protegebant.

182 680 223 715 In
250 680 411 718 Perside
439 682 560 718 etiam
589 681 791 718 numerosi
825 684 942 717 erant
960 680 1093 716 diver-

133 744 267 770 sarum
302 736 592 772 confessionum
624 735 853 773 Christiani.
890 735 996 770 Inter
1029 744 1092 770 ca-

133 786 298 824 tholicas
325 788 467 825 ibidem
495 790 702 826 missiones
730 790 946 837 praecipue
973 792 1091 825 erant

132 840 410 887 Ispahanensis
427 873 435 887 ,
463 844 716 880 Sirvanensis
742 848 782 881 et
814 843 1086 880 Erivanensis

134 894 214 930 Illic
234 901 326 933 ante
346 897 547 934 dimidium
562 899 710 934 saeculi
727 898 1004 946 praecedentis
1024 898 1092 934 Se-

131 947 200 985 des
226 952 470 997 Apostolica‚
489 957 668 1001 sumptus
694 953 892 999 largiente
918 952 982 999 pia
1000 963 1090 999 qua—

132 1001 219 1038 darn
240 1005 405 1042 muliere
427 1018 447 1043 e
467 1007 610 1049 Gallia,
630 1006 831 1054 appellata
855 1006 1092 1042 du-Gue-de-

131 1055 325 1104 Bagnols,
352 1060 472 1097 vidua
499 1062 686 1105 Ricourt,
714 1073 859 1097 novum
887 1061 1090 1109 episcopa-

131 1115 212 1147 tum
240 1114 310 1149 sub
329 1115 440 1151 titulo
460 1116 674 1165 Babylonis
692 1116 841 1160 erexit,
863 1116 1089 1163 primusque

130 1164 343 1213 Babylonis
357 1169 565 1217 episcopus
580 1169 892 1206 fuitBernardus
907 1180 931 1205 a
945 1181 975 1205 s.
990 1169 1090 1206 The-

131 1220 236 1256 resia
257 1250 265 1263 ,
292 1222 456 1261 Ordinis
491 1225 799 1261 Carmelitarum
819 1253 827 1268 ‚
854 1224 919 1272 qui
945 1216 1103 1260 multos*

130 1272 310 1311 infideles
328 1305 335 1319 ,
365 1278 631 1326 plurimosque
664 1279 938 1315 schismaticos
959 1307 966 1320 ,
996 1290 1090 1325 quos

129 1327 342 1373 Armenos,
365 1331 558 1368 lacobitas
586 1338 626 1369 et
644 1332 907 1369 Nestorianos
931 1337 1089 1377 vocant,

131 1380 178 1415 ad
205 1382 441 1421 catholicam
470 1386 587 1422 fidem
616 1387 826 1423 convertit.
849 1385 995 1423 Primis
1023 1386 1090 1422 hu-

129 1434 189 1471 ius
217 1438 368 1474 saeculi
398 1440 510 1476 annis
537 1441 722 1477 Clemens
750 1440 823 1488 Pp.
843 1440 898 1476 XI
919 1442 1090 1487 peculia·

130 1489 237 1526 ribus
252 1492 395 1529 litteris
414 1494 686 1532 missionarios
701 1497 993 1533 commendavit
1012 1498 1089 1532 Ho-

126 1545 253 1589 saino,
274 1545 448 1584 Persidis
476 1550 561 1595 regi
590 1561 659 1586 seu
686 1550 857 1595 sultano,
885 1555 926 1587 et
951 1552 999 1587 ab
1026 1563 1088 1588 eo-

127 1596 216 1634 dem
252 1600 416 1636 subditis
443 1602 657 1639 Catholicis
683 1603 850 1640 liberam
885 1605 1087 1652 religionis

126 1662 221 1688 suae
250 1654 536 1701 professionem
566 1656 807 1703 impetravit.

176 1706 216 1741 In
258 1707 423 1752 Africa,
457 1710 520 1745 ubi
562 1711 653 1746 olim
696 1712 834 1760 religio
871 1713 1088 1750 christiana

127 1763 335 1808 tantopere
367 1762 586 1808 floruerat,
619 1765 827 1802 missiones
866 1767 1088 1804 catholicae

125 1824 252 1861 neque
279 1827 516 1854 numerosae
544 1830 669 1866 neque
697 1819 929 1867 frequentes
957 1825 1086 1858 erant-

126 1866 168 1902 In
196 1868 368 1917 AEgypto
395 1870 555 1918 plurimi
590 1872 837 1909 diversarum
874 1875 1086 1911 confessio-

126 1931 216 1956 num
238 1922 450 1959 Christiani
471 1926 803 1971 numerabantur,
825 1929 892 1964 sed
913 1930 1088 1965 maxima

126 1979 240 2021 parte
256 1979 596 2026 erantCoptorum
617 1992 685 2016 seu
698 1981 1084 2029 Monophysitarum.

125 2028 167 2063 In
196 2030 318 2065 variis
346 2031 572 2069 civitatibus
607 2035 848 2078 Barbariae‚
877 2036 1089 2084 Tripolita-

125 2092 189 2126 na,
218 2082 442 2128 Tunetana‚
462 2086 558 2123 Iulia
586 2088 803 2133 Caesarea,
823 2089 988 2137 aliisque
1015 2092 1086 2128 Ca—

126 2135 258 2173 tholici
286 2138 449 2186 aliquot,
476 2142 538 2177 vel
567 2142 775 2189 indigenae
802 2144 864 2180 vel
893 2150 1087 2181 mercato-

125 2201 190 2226 res
217 2195 256 2227 et
282 2193 464 2229 consules
491 2197 679 2242 europaei
707 2197 770 2233 vel
804 2199 936 2242 servi,
968 2199 1084 2246 dege-

126 2244 231 2281 bant·
266 2246 305 2282 ln
341 2246 504 2290 insulis,
542 2260 639 2296 quas
675 2250 869 2298 Hispani,
905 2253 1081 2289 Lusitani

124 2303 192 2334 aut
218 2299 319 2335 Galli
349 2301 617 2348 possidebant,
647 2304 788 2351 religio
807 2306 1003 2342 catholica
1022 2307 1085 2343 do-

125 2353 363 2391 minabatur.
401 2356 466 2392 Sic
503 2357 656 2394 incolae
688 2359 863 2403 Ceutae,
892 2371 1006 2407 quam
1036 2362 1085 2398 ad

122 2405 232 2444 littus
260 2408 480 2446 Barbariae
508 2411 762 2457 possidebant
790 2413 977 2461 Hispani,
1007 2416 1085 2463 plc-

122 2461 233 2509 rique
260 2469 378 2500 erant
405 2465 604 2509 catholici,
624 2467 852 2514 episcopum
875 2468 1080 2506 habentes.

126 2514 167 2550 ln
197 2516 333 2554 insulis
352 2519 546 2564 Azoricis‚
565 2521 764 2565 Canariis,
786 2521 967 2567 Madera,
989 2524 1084 2560 Por·-

72 2611 75 2614 ἢ
125 2570 333 2607 tu-Sancto
361 2576 401 2609 et
428 2573 465 2609 in
494 2573 921 2611 Promontorio-Viridi
947 2588 1085 2614 omnes

124 2623 278 2662 incolae
311 2628 547 2664 catholicam
576 2629 692 2666 fidem
730 2630 1018 2677 profitebantur
1045 2637 1084 2668 et

125 2679 332 2727 episcopos
366 2682 575 2719 habebant.
613 2683 804 2719 Florebat
838 2684 957 2720 etiam
994 2686 1082 2721 reli-

122 2732 187 2778 gio
216 2734 412 2772 catholica
440 2736 476 2771 in
505 2737 644 2772 insulis
672 2737 826 2781 Gorea‚
853 2738 1082 2785 Sene-galia,

123 2787 408 2833 Guinensibus,
430 2790 523 2827 item
554 2791 590 2826 in
619 2791 766 2838 regnis,
786 2802 887 2839 quae
915 2792 964 2828 ad
992 2793 1082 2828 Gui-

124 2851 239 2877 ncam
267 2843 499 2880 inferiorem
528 2846 776 2888 referuntur,
799 2846 982 2882 nimirum
1013 2847 1081 2882 Lo-

124 2905 253 2941 angO,
285 2897 448 2944 Congo,
484 2899 641 2946 Angola
667 2903 707 2936 et
740 2899 961 2947 Benguela.
998 2901 1082 2937 Rex

123 2950 247 2996 Congi
284 2950 365 2997 ipse
398 2963 487 2988 cum
523 2953 663 2989 aulicis
697 2953 778 2990 suis
809 2954 994 3002 religioni
1021 2967 1084 2992 ca-

126 3002 293 3040 tholicae
321 3010 411 3042 erat
438 3006 617 3044 addictus
643 3011 670 3041 ¹.

171 3123 192 3168 ¹,
208 3125 334 3160 Lettres
364 3127 564 3172 d(lisiarites;
595 3131 718 3173 Cerry.
754 3119 833 3165 litat
867 3131 1006 3174 pre‘sent
1042 3134 1081 3167 (Ie

125 3171 146 3202 Γ
167 3172 275 3211 lz'ylz‘se
293 3176 446 3208 romanie
466 3177 552 3209 dans
570 3180 682 3209 toules
700 3178 747 3209 les
762 3179 892 3219 parties
910 3179 954 3212 du
983 3189 1080 3213 mon-

123 3216 183 3266 de:
206 3219 372 3258 Hermum,
393 3221 552 3255 Nourclle
570 3224 707 3256 histoire
725 3223 765 3255 de
782 3225 803 3256 ί·
816 3224 958 3267 Afrique
977 3227 1078 3269 fran-

123 3272 211 3293 ‘'HM'R

1147 571 1256 607 ribus
1281 570 1496 608 Christiani
1514 570 1658 606 divites
1678 569 1726 605 ad
1745 570 2022 615 instituendas,
2043 582 2106 608 su·

1145 625 1346 661 stinendas
1380 629 1421 661 et
1449 623 1742 671 promovendas
1773 624 1984 661 missiones
2017 625 2106 661 sub-

1145 679 1244 715 sidia
1271 678 1542 715 conferebant.

1189 733 1248 769 49.
1269 732 1576 769 Οαέήοἰιόοηιηι
1602 733 1731 767 statas
1758 730 1800 767 in
1826 731 1947 768 ter-ris
1962 731 2107 768 haer-e-

1143 786 1338 822 ticis—In
1365 786 1581 823 haereticis
1608 786 1794 832 Europae
1821 786 1940 822 terris
1967 796 2107 822 cruen-

1146 844 1208 877 tae
1229 840 1267 875 in
1283 840 1507 877 Catholicos
1528 839 1829 887 persecutiones
1849 839 2104 876 intermissae

1142 893 1322 936 fuerant3
1347 894 1447 930 dura
1476 898 1607 930 tamen
1637 893 1676 928 in
1703 893 1900 941 plerisque
1927 898 2015 930 erat
2039 904 2105 930 eo-

1144 960 1231 984 rum
1259 948 1445 984 conditio:
1469 958 1560 983 nam
1588 958 1668 983 non
1695 947 1811 983 modo
1836 947 1988 983 iuribus
2011 947 2103 983 civi-

1144 1002 1242 1038 libus
1275 1006 1316 1039 et
1347 1001 1503 1050 publico
1539 1001 1744 1047 religionis
1776 1012 1872 1037 suae
1909 1001 2102 1038 exercitio

1141 1061 1257 1092 erant
1284 1056 1427 1100 orbati,
1450 1056 1519 1093 sed
1546 1056 1704 1103 saepius
1731 1056 1854 1092 etiam
1880 1056 1943 1092 vel
1970 1055 2102 1103 populi

1141 1111 1205 1147 vel
1233 1111 1496 1159 magistratus
1515 1110 1725 1147 acatholici
1743 1110 2019 1147 vexationibus
2037 1109 2102 1146 ob-

1140 1165 1262 1201 noxii.

1192 1219 1233 1255 In
1260 1219 1412 1266 Anylia
1439 1223 1481 1256 et
1505 1219 1645 1255 Scotia
1665 1218 1793 1268 leges,
1813 1230 1838 1255 a
1856 1218 2102 1266 temporibus

1144 1276 1321 1309 mutatae
1351 1273 1496 1310 ibidem
1524 1273 1729 1320 religionis
1763 1277 1906 1310 contra
1930 1273 2101 1311 Catholi-

1145 1337 1211 1363 cos
1238 1327 1359 1370 latae,
1379 1327 1517 1375 quibus
1545 1328 1653 1363 omni
1679 1328 1853 1363 civitatis
1873 1327 1958 1364 iure
1977 1331 2019 1364 et
2039 1339 2100 1365 re-

1142 1380 1298 1427 ligionis
1326 1381 1510 1417 libertate
1539 1385 1657 1417 erant
1689 1382 1852 1428 privati,
1882 1393 1954 1429 per
1979 1381 2102 1418 maxi-

1142 1444 1248 1470 mam
1283 1435 1399 1471 huius
1439 1436 1589 1471 saeculi
1623 1441 1778 1482 partem
1809 1435 2022 1482 viguerunt
2060 1440 2102 1472 et

1140 1487 1374 1535 frequenter
1401 1490 1627 1525 executioni
1653 1489 1868 1526 mandatae
1889 1494 1996 1527 sunt.
2015 1490 2102 1526 Ma-

1141 1553 1243 1588 gnus
1269 1547 1358 1578 erat
1383 1543 1683 1579 Catholicorum
1709 1555 1901 1580 numerus
1920 1572 1928 1587 ,
1954 1555 2034 1580 non
2060 1544 2100 1580 in

1140 1596 1288 1642 Anglia
1316 1600 1487 1640 tantum,
1511 1597 1579 1633 sed
1608 1597 1729 1633 etiam
1756 1597 1795 1632 in
1822 1597 1972 1641 Scotia,
1989 1607 2103 1645 prae-

1139 1650 1277 1686 sertim
1306 1650 1344 1685 in
1378 1651 1609 1698 regionibus
1641 1651 2029 1699 septentrionalibus.
2057 1651 2101 1688 In

1140 1703 1353 1748 Hibernia,
1381 1705 1493 1741 cuius
1519 1705 1673 1741 incolae
1701 1704 1876 1741 maxima
1898 1708 2012 1752 parte
2039 1716 2100 1742 ca-

1140 1756 1326 1793 tholicam
1357 1758 1590 1804 religionem
1622 1758 1931 1805 profitebantur,
1959 1758 2102 1796 Catho-

1138 1810 1202 1846 lici
1230 1811 1385 1858 quidem
1413 1812 1568 1859 publice
1601 1824 1718 1849 sacra
1743 1823 1817 1849 sua
1841 1813 2098 1858 exercebant,

1138 1865 1206 1901 sed
1238 1866 1469 1902 muneribus
1489 1867 1657 1914 publicis
1674 1867 1901 1915 iuribusque
1920 1867 2100 1904 civilibus

1138 1924 1255 1955 erant
1281 1920 1454 1964 exclusi3
1476 1920 1812 1968 archiepiscopos,
1832 1924 1873 1957 et
1890 1921 2099 1969 episcopos

1140 1974 1320 2020 proprios
1348 1974 1565 2018 habebant;
1586 1975 1624 2010 in
1651 1975 1798 2022 Anglia
1824 1986 1922 2011 vero
1940 1986 1964 2012 a
1982 1975 2099 2012 Vica-

1138 2028 1207 2064 riis
1242 2028 1472 2075 apostolicis
1506 2029 1763 2076 regebantur.
1799 2029 1930 2070 Quum
1962 2033 2099 2066 autem

1139 2086 1221 2117 tum
1247 2082 1286 2117 in
1315 2082 1521 2127 Hibernia,
1549 2088 1632 2124 tum
1660 2082 1698 2118 in
1725 2083 1872 2130 Anglia
1897 2086 1938 2119 et
1962 2083 2100 2119 Scotia.

1137 2135 1331 2172 Catholici
1364 2147 1491 2183 neque
1519 2137 1689 2183 collegia
1720 2147 1846 2183 neque
1878 2136 2099 2173 seminaria

1136 2190 1313 2226 formare
1339 2194 1517 2237 possent,
1537 2191 1575 2226 in
1594 2190 1743 2227 exteris
1763 2190 2003 2237 regionibus,
2023 2191 2099 2227 lta-

1138 2242 1203 2287 lia,
1232 2243 1386 2287 Gallia,
1420 2244 1613 2291 Hispania
1639 2250 1678 2281 et
1711 2244 1849 2291 Belgio
1872 2272 1881 2288 ‚
1906 2244 2022 2280 varia
2048 2244 2098 2281 ad

1137 2308 1250 2333 usum
1270 2298 1506 2344 Anglorum‚
1527 2299 1736 2335 Scotorum
1755 2309 1802 2334 ac
1829 2298 2097 2336 Hibernorum

1138 2351 1318 2398 collegia,
1347 2352 1564 2389 seminaria
1590 2357 1707 2401 atque
1728 2352 1973 2390 monasteria.
1993 2354 2096 2390 exci-

1138 2408 1221 2441 tata
1247 2409 1352 2450 sunt,
1381 2406 1421 2442 in
1449 2407 1586 2454 quibus
1611 2418 1750 2443 eorum
1779 2407 1931 2452 clerus,
1958 2417 2100 2445 saecu-

1138 2458 1233 2495 laris
1260 2470 1307 2495 ac
1335 2460 1545 2508 regularis,
1571 2462 1827 2497 formaretur.

1185 2514 1223 2549 In
1252 2513 1481 2550 Hollandia
1509 2527 1578 2551 seu
1605 2515 1775 2551 Batavia
1801 2514 2008 2561 Catholici,
2028 2515 2093 2563 qui

1140 2568 1298 2604 tertiam
1327 2568 1411 2605 fere
1438 2569 1659 2605 incolarum
1680 2574 1836 2617 partem
1854 2568 2093 2614 efficiebant,

1136 2622 1289 2668 publico
1317 2623 1521 2670 religionis
1546 2624 1759 2668 exerciti0‚
1776 2623 1845 2661 sed
1871 2623 1996 2661 variis
2012 2635 2097 2661 mo—

1134 2674 1192 2711 dis
1219 2676 1403 2712 restricto
1421 2705 1429 2721 ,
1456 2681 1497 2713 et
1528 2678 1741 2714 tolerantia
1773 2678 1878 2714 civili
1909 2677 2093 2715 frueban-

1136 2733 1213 2765 tur.
1243 2731 1283 2765 ln
1310 2731 1538 2767 acatholicis
1564 2732 1773 2769 Helvetiae
1801 2731 1928 2780 pagis,
1955 2732 1993 2769 in
2018 2732 2094 2769 Bo·

1136 2783 1286 2827 russia‚
1313 2784 1479 2828 Suecia,
1508 2785 1634 2822 Dania
1659 2786 1826 2834 aliisque
1855 2785 1973 2823 terris
2002 2786 2093 2823 hae-

1135 2837 1267 2873 reticis
1295 2838 1492 2885 publicum
1522 2840 1727 2887 religionis
1745 2840 1962 2877 catholicae
1981 2851 2094 2878 exer-

1134 2891 1269 2927 citium
1309 2896 1398 2930 erat
1431 2894 1724 2942 proscriptum;
1761 2895 1903 2943 quique
1940 2895 1980 2930 in
2017 2895 2092 2931 hac

1135 2946 1326 2993 religione
1366 2954 1675 2995 perseverarant
1715 2955 1782 2986 aut
1821 2949 1870 2986 ad
1909 2948 2093 2988 eamdem

1136 3001 1391 3045 transierant,
1420 3003 1457 3037 in
1480 3003 1665 3040 oratoriis
1693 3004 1858 3052 privatis
1877 3014 1951 3041 sua.
1974 3013 2093 3040 sacra

1134 3054 1390 3091 cxci-cebant..

1182 3107 1472 3146 Posterioribus
1499 3115 1633 3148 autem
1661 3112 1774 3149 huius
1790 3111 1940 3149 saeculi
1958 3112 2089 3157 annis,

1133 3173 1218 3197 sors
1245 3162 1541 3199 Catholicorum
1570 3165 1606 3200 in
1636 3166 1831 3214 plerisque
1860 3165 2086 3213 regionibus

1133 3215 1363 3251 acatholicis
1391 3216 1570 3263 mitigata
1597 3219 1687 3263 fuit,
1714 3220 1839 3267 iisque
1866 3223 1907 3256 et
1931 3219 2085 3267 religio-

1133 3269 1194 3304 nis
1221 3279 1316 3306 suae
1343 3271 1576 3308 exercitium
1604 3276 1645 3310 et
1670 3273 1726 3310 sic
1753 3273 1856 3311 dieta
1874 3273 2086 3311 tolerantia
