2241 3473
725 85 851 116 stVE
880 85 933 112 AD
961 85 1127 114 SCHISMA
1155 88 1381 116 0001DENT18

70 149 298 198 potestatem
333 146 501 185 Mastiuo
536 150 576 185 et
603 147 765 186 Alberto
797 147 1008 196 Scaligeris

70 202 247 240 Veronae
273 203 313 238 et
331 200 549 246 Vicenfiae,
573 201 783 238 Guilielmo
803 201 1008 249 Gonzagae

70 255 256 293 Mantuae
278 256 318 291 et
336 253 466 301 Regii,
486 254 687 292 Albertino
708 253 912 292 Carrariae
928 254 1006 291 Pa-

1892 83 1942 121 97

1051 150 1234 239 gestit-uta
1248 181 1262 197 ,
1283 153 1322 189 et
1337 163 1413 201 pax
1434 151 1606 191 ecclesiis
1627 152 1665 190 in
1686 153 1898 192 Germania
1913 155 1996 193 red-

1078 205 1371 295 ltg9iugiemem
1413 259 1471 296 VI
1486 259 1684 308 Pontifex
1704 258 1789 310 (an.
1814 258 1992 309 1342)-

70 307 182 351 tavii,
214 306 372 355 Opizoni
402 307 554 345 Estensi
583 307 812 353 Ferrariae,
833 307 1008 345 Mutinae
1050 308 1225 347 Clemens
1245 311 1314 356 VI,
1335 314 1452 349 antea
1473 312 1616 350 Petrus
1632 313 1843 362 Rogerius,
1860 314 1994 352 Lemo-

67 362 108 398 et
125 360 323 408 Argentae
343 371 412 397 suo
434 361 518 397 iure
538 359 700 404 tribuit,
721 360 904 407 quamdiu
926 360 1006 397 Im-

69 413 220 462 perium
250 415 433 459 vacaret,
453 424 500 450 ao
528 413 599 451 sibi
624 413 818 461 placeret,
841 425 885 450 eo
905 413 1005 461 quod

67 467 231 504 vacante
258 466 426 515 Imperio
444 495 453 511 ,
473 466 598 504 omnis
631 465 715 502 eius
733 467 946 514 potestatas
966 465 1004 502 in

66 517 297 556 Pontificem
326 519 540 563 recideret,
560 519 646 556 Iesu
668 518 812 556 Christi
835 519 1004 567 supremi

66 571 187 621 Regis
209 573 365 610 unicum
397 572 435 610 in
456 571 573 609 terris
594 570 810 608 Vicarium.
833 571 1005 609 Ludovi-

64 636 131 662 cus
150 624 300 663 interea
328 637 430 663 anno
453 624 554 663 1338
575 623 733 661 comitia
754 624 880 672 coegit
899 625 1003 671 apud

64 677 396 724 Francofordiam,
409 678 448 715 in
465 677 606 726 quibus
617 679 705 714 acta
721 677 876 714 Ioannis
887 677 1003 714 XXII

65 735 198 769 contra
212 731 455 769 Ludovicum
472 729 616 768 iniusta
633 730 886 778 pronuntiata
901 734 1003 776 sunt,

63 795 265 822 sacrorum
296 784 504 821 interdicta
520 783 693 827 sublata,
717 783 845 820 clerici
866 795 913 820 ea
932 784 1002 820 ob-

63 848 221 875 servare
251 837 443 881 volentes,
465 836 599 885 poenis
627 835 783 881 subditi,
811 838 851 873 et
879 835 1002 873 decla·

63 889 454 939 ratum,imperialem
470 891 700 939 potestatem
717 892 758 926 et
773 888 1002 938 dignitatem

62 942 118 980 ita
146 955 229 981 esse
248 956 271 981 a
291 943 392 988 Deo,
419 944 462 980 ut
482 943 629 980 electus
651 943 698 979 ab
719 943 898 979 omnibus
918 942 1000 979 ele-

62 996 234 1034 ctoribus
254 995 317 1034 vel
337 1007 359 1033 a
378 995 517 1033 maiori
538 1006 673 1033 eorum
694 1001 822 1044 parte,
837 995 938 1032 illico
956 995 1001 1032 si·

63 1061 111 1086 ne
133 1049 333 1087 Pontificis
352 1048 646 1087 confirmatione
682 1051 784 1086 esset
805 1049 999 1086 Romano-

61 1113 150 1140 rum
164 1102 442 1152 imperator,et
453 1101 751 1139 administrandi
767 1101 924 1151 imperii
939 1102 999 1139 iu-

61 1167 105 1192 ra
125 1155 286 1194 haberet
306 1154 330 1192 ¹.

113 1208 156 1245 ln
177 1208 292 1246 Italia
320 1219 414 1245 vero
434 1207 707 1254 Bononienses,
727 1207 997 1245 Mediolanen-

58 1273 133 1308 ses,
148 1262 447 1310 Bergomenses,
469 1260 689 1310 Papienses,
712 1260 996 1306 Vercellenses,

59 1315 263 1352 Comenses
283 1314 437 1363 aliique,
456 1314 522 1363 qui
538 1317 608 1351 aut
622 1314 670 1351 ab
687 1314 871 1362 obsequio
888 1315 996 1352 Pon-

58 1367 174 1406 tificis
200 1367 518 1413 defecerant,aut
535 1367 724 1404 Ludovici
741 1367 900 1416 eiusque
920 1380 994 1406 an-

56 1420 212 1470 tipapae
231 1420 392 1458 factioni
404 1426 445 1458 et
463 1420 663 1458 schismati
677 1421 996 1468 adhaeserant,se

57 1485 143 1511 cum
163 1473 372 1512 Benedicto
393 1473 471 1511 XII
486 1473 807 1520 reconciliarunt,
823 1476 862 1511 et
877 1487 900 1512 a
915 1486 996 1512 cen-

55 1527 157 1565 suris
176 1527 452 1565 ecclesiasticis
473 1527 642 1564 absoluti
663 1529 754 1564 sunt
774 1525 801 1564 ².

109 1580 283 1618 Clemens
303 1580 372 1625 VI,
389 1580 587 1618 Benedicti
602 1579 680 1617 XII
697 1591 909 1626 successor,
927 1591 992 1617 no·

56 1644 124 1670 vas
145 1634 314 1671 tentavit
341 1633 443 1679 vias,
464 1635 507 1670 ut
526 1632 769 1670 Ludovicum
790 1633 839 1670 ad
859 1632 993 1670 melio-

56 1697 137 1723 rem
168 1688 337 1724 mentem
364 1687 588 1732 reduceret,
608 1686 740 1734 sicque
760 1686 936 1724 ecclesiis
955 1686 992 1723 in

56 1739 266 1777 Germania
286 1751 421 1788 pacem
441 1738 674 1777 conciliaret.
700 1740 753 1777 At
768 1739 991 1777 Ludovicus

55 1792 103 1829 ad
137 1793 324 1830 maiorem
358 1792 570 1840 nequitiam
600 1792 785 1838 descivit,
808 1792 992 1830 beneficia

54 1845 318 1883 ecclesiastica
329 1845 499 1894 personis
515 1844 587 1882 sibi
603 1845 726 1893 gratis
742 1844 916 1882 conferre
928 1857 992 1882 au-

53 1910 117 1936 sus
145 1901 221 1944 est,
250 1899 409 1936 clericos
429 1910 540 1936 sacra
560 1898 765 1936 interdicta
787 1901 989 1936 servantes

52 1951 185 2000 poenis
204 1951 391 1998 subiecit,
420 1951 578 2000 propria
594 1951 828 1989 auctoritate
850 1951 988 1988 coniu-

52 2004 159 2053 gium
175 2004 430 2054 Margaritae,
446 2004 603 2053 Tyrolis
616 2006 655 2041 et
666 2004 891 2042 Carinthiae
903 2005 990 2042 hae·

52 2058 167 2104 redis,
187 2070 273 2095 cum
297 2058 441 2095 Ioanne
462 2058 563 2106 regis
584 2057 794 2094 Bohemiae
814 2057 894 2095 filio
916 2058 990 2095 dis-

51 2110 188 2157 solvit,
219 2123 380 2159 eamque
408 2111 487 2148 filio
517 2122 586 2148 suo
606 2110 804 2148 Ludovico
825 2123 986 2148 uxorem

52 2163 169 2210 dedit,
188 2164 294 2213 pacis
314 2167 354 2201 et
368 2163 620 2202 absolutionis
641 2164 895 2210 conditiones,
915 2164 987 2202 sibi

52 2228 75 2253 a
95 2216 290 2255 Clemente
304 2217 361 2255 VI
379 2217 647 2266 praescriptas,
667 2229 727 2254 an.
747 2217 847 2256 1344
862 2217 901 2254 in
922 2229 987 2254 co-

50 2269 172 2308 mitiis
199 2270 607 2308 Francofordiensibus
636 2270 779 2308 reiecit.
810 2270 981 2319 Quapro-

51 2325 138 2371 pter
178 2323 354 2361 Clemens
391 2323 447 2361 VI
478 2323 918 2362 excommunicationem
946 2324 985 2361 in

51 2378 318 2414 contumacem
345 2376 556 2425 principem
585 2377 809 2422 renovavit,
830 2388 918 2415 eum
940 2390 984 2414 o-

51 2429 130 2466 mni
150 2429 322 2477 imperio,
342 2441 461 2478 regno
481 2432 521 2467 et
539 2430 681 2468 ducatu
698 2430 894 2479 privatum
911 2432 983 2468 de-

51 2481 218 2519 claravit
234 2510 243 2527 ,
271 2483 496 2530 monuitque
525 2483 711 2521 electores
727 2512 737 2528 ,
767 2484 811 2520 ut
837 2483 984 2520 iustum

49 2534 324 2584 imperatorem
352 2535 542 2584 eligerent
568 2535 616 2572 ab
642 2536 865 2585 Apostolica
884 2536 982 2574 Sede

50 2588 372 2626 confirmandum.
394 2588 592 2636 Principes
611 2588 800 2627 electores
815 2601 836 2626 e
853 2590 982 2627 conci-

49 2641 100 2678 lio
129 2640 329 2679 Pontificis
358 2653 418 2678 an.
453 2641 551 2679 1346
580 2642 784 2691 elegerunt
803 2642 981 2680 Carolum

47 2694 123 2740 IV,
152 2694 415 2732 marchionem
445 2694 663 2741 Moraviae,
684 2694 806 2732 filium
826 2696 981 2734 Ioannis

48 2747 152 2796 regis
184 2747 417 2793 Bohemiae,
451 2758 568 2795 quam
589 2747 818 2785 electionem
839 2749 981 2786 confir-

46 2801 170 2838 mavit
196 2800 297 2838 idem
328 2800 524 2837 Pontifex.
554 2800 772 2838 Ludovicus
802 2802 980 2839 Bavarus

48 2853 192 2891 bellum
213 2853 369 2902 paravit
388 2856 524 2890 contra
543 2853 834 2901 competitorem
852 2866 982 2901 suum,

47 2907 113 2944 sed
133 2918 193 2944 an.
214 2906 308 2944 1347
327 2906 499 2955 paralysi
520 2906 733 2944 exstinctus
752 2909 811 2944 est
825 2905 851 2945 ³.
869 2907 979 2945 Tunc

47 2959 251 2997 concordia
281 2960 382 2997 inter
413 2959 671 2997 sacerdotium
708 2961 747 2997 et
777 2959 979 3008 imperium

89 3043 99 3064 ¹
116 3042 292 3082 Raynaldus
309 3044 337 3072 et
354 3041 496 3080 Bzovius‚
510 3041 548 3072 ad
561 3050 609 3072 an.
628 3041 775 3074 1335-38.

86 3080 100 3102 ²
114 3083 268 3115 Benedict.
299 3083 353 3114 x11
379 3082 477 3123 Epist⁴
508 3081 545 3113 33
572 3087 601 3113 et
629 3082 686 3119 3‡;
711 3083 858 3124 naynald.
876 3083 915 3115 ad
932 3093 979 3116 an.

48 3123 187 3156 1338-41.
204 3143 243 3148 —-
258 3125 271 3147 ³
287 3124 438 3164 Ray-naid.
456 3125 495 3156 ad
512 3133 560 3156 an.
576 3124 716 3157 1341-47.

254 3177 493 3219 wotJ'rERs
507 3209 516 3227 ,
543 3177 589 3218 11.

1051 361 1225 407 vic-ensis,
1264 363 1418 402 Ordinis
1456 377 1485 402 s.
1515 365 1736 412 Benedicti,
1765 378 1814 404 ex
1843 367 1992 416 episco-

1047 427 1095 464 po
1116 416 1365 454 Atrebatensi
1396 417 1709 468 archiepiscopus
1733 419 1993 468 Senonensis,

1048 468 1186 505 deinde
1203 469 1527 518 Rothomagensis
1543 475 1583 509 et
1596 472 1634 509 S.
1648 472 1750 510 R.E.
1762 473 1990 522 Cardinalis,

1048 521 1157 558 nonis
1174 521 1265 558 maii
1281 533 1342 559 an.
1364 523 1462 560 1342
1478 523 1623 562 electus
1640 524 1713 562 fuit
1727 526 1766 563 in
1784 526 1913 564 locum
1929 527 1993 564 de-

1047 574 1170 611 functi
1187 575 1388 613 Benedicti
1403 576 1494 613 XII.
1512 576 1640 618 Quum
1656 578 1824 627 primum
1841 580 1989 618 Roma-

1047 628 1084 664 ni
1100 627 1328 665 electionem
1346 628 1555 667 Clementis
1572 630 1626 668 VI
1643 631 1902 678 audiverunt,
1919 633 1990 671 ho-

1046 680 1248 718 norificam
1263 680 1498 729 legationem
1518 683 1761 722 Avenionem
1787 685 1989 732 miserunt,

1045 745 1121 781 qua
1155 745 1245 771 eum
1281 734 1574 784 supplicarunt,
1596 739 1640 774 ut
1659 737 1850 775 maiorum
1881 751 1988 777 more

1044 786 1190 824 curiam
1220 787 1259 824 in
1288 787 1434 825 Urbem
1477 789 1643 826 Romam
1672 790 1850 830 referret.
1881 792 1988 830 Inter

1044 840 1114 877 hos
1132 840 1282 889 legatos
1298 843 1385 878 erat
1404 841 1446 879 F.
1468 842 1657 880 Petrarca
1672 872 1681 888 ,
1707 846 1821 892 poeta
1840 844 1987 883 laurea-

1042 895 1106 930 tus
1121 896 1161 930 et
1176 893 1456 932 reflorescentis
1471 896 1576 944 apud
1597 896 1717 934 Italos
1740 897 1987 936 litteraturae

1043 946 1232 995 princeps,
1247 949 1314 995 qui
1329 947 1662 996 elegantissimum
1687 961 1841 988 carmen
1862 952 1910 988 de
1930 963 1987 990 re-

1043 1001 1206 1047 petenda
1227 1000 1332 1039 Urbe
1350 1030 1359 1048 ,
1378 1003 1437 1039 tot
1455 1001 1577 1040 sacris
1603 1004 1867 1042 monumentis
1887 1003 1984 1042 illu-

1041 1052 1124 1098 stri,
1144 1053 1332 1091 Clementi
1351 1054 1492 1092 obtulit
1509 1054 1534 1093 ¹.
1550 1055 1768 1104 Respondit
1783 1056 1984 1104 Pontifex,

1041 1117 1080 1143 se
1107 1106 1146 1143 id
1175 1107 1330 1155 quidem
1358 1108 1501 1145 habere
1531 1109 1568 1145 in
1599 1108 1719 1154 votis,
1740 1109 1806 1147 sed
1835 1122 1982 1149 moram

1039 1170 1150 1196 suam
1170 1160 1209 1197 in
1230 1161 1453 1208 regionibus
1473 1161 1723 1211 transalpinis
1743 1174 1827 1200 esse
1847 1175 1982 1201 neces-

1040 1213 1182 1250 sariam
1207 1214 1457 1252 conciliandis
1478 1214 1631 1252 Galliae
1651 1217 1691 1253 et
1705 1216 1870 1265 Angliae
1885 1217 1983 1266 regi·

1039 1266 1120 1303 bus.
1143 1266 1252 1304 Hanc
1278 1270 1408 1305 tamen
1430 1268 1678 1306 concordiam
1705 1269 1808 1306 inter
1838 1271 1982 1307 utrum-

1039 1330 1111 1367 que
1139 1331 1272 1368 regem
1302 1321 1478 1359 Clemens
1506 1321 1717 1360 restituere
1746 1335 1820 1359 non
1842 1323 1981 1372 potuit,

1039 1374 1219 1421 quamvis
1240 1374 1275 1411 ei
1295 1374 1508 1423 plurimum
1528 1375 1830 1414 adlaboraverit.

1089 1426 1164 1464 Hic
1180 1427 1364 1465 Pontifex
1379 1428 1588 1466 Nicolaum
1607 1429 1811 1476 Rienzum,
1832 1429 1897 1478 qui
1917 1429 1981 1467 in-

1038 1478 1127 1517 fimo
1147 1480 1232 1518 loco
1252 1484 1368 1519 natus
1385 1511 1394 1527 ,
1414 1482 1479 1519 sed
1501 1481 1659 1531 ingenio
1688 1486 1727 1520 et
1756 1482 1982 1532 eloquentia

1039 1533 1251 1579 praeditus,
1269 1546 1291 1572 a
1306 1534 1446 1583 populo
1458 1536 1636 1573 Romano
1657 1547 1761 1573 vana
1778 1536 1927 1584 priscae
1944 1535 1984 1574 li-

1037 1586 1198 1625 bertatis
1217 1599 1283 1636 spe
1303 1588 1434 1625 deluso
1455 1589 1638 1626 tribunus
1671 1589 1792 1638 plebis
1812 1592 1982 1636 creatus,

1037 1639 1309 1687 dominatione,
1338 1653 1453 1689 quam
1482 1646 1684 1680 assecutus
1713 1645 1823 1688 erat,
1843 1643 1891 1680 ad
1911 1647 1980 1692 ty-

1037 1693 1238 1731 rannidem
1260 1695 1505 1742 abutebatur,
1526 1706 1644 1743 opera
1663 1695 1774 1733 Card.
1796 1696 1980 1733 Bertran-

1034 1745 1071 1782 di
1091 1746 1212 1795 legati
1245 1747 1303 1784 sui
1337 1748 1480 1785 deiecit
1513 1748 1743 1797 fugavitque
1760 1762 1769 1795 3
1789 1761 1812 1786 a
1831 1749 1978 1787 Ioanna

1032 1798 1215 1848 Neapolis
1236 1801 1372 1850 regina
1391 1803 1431 1838 et
1451 1801 1682 1839 Provinciae
1693 1802 1890 1840 comitissa
1912 1813 1976 1839 ur-

1032 1852 1119 1889 bem
1136 1854 1380 1891 ·Avenionem
1402 1854 1497 1892 emit
1513 1854 1636 1903 pretio
1652 1855 1821 1901 800,000
1840 1855 1976 1893 Flore-

1031 1917 1166 1943 norum
1197 1908 1280 1944 auri
1303 1908 1349 1945 de
1371 1908 1585 1954 Florentia,
1615 1912 1655 1946 et
1685 1920 1772 1945 cum
1795 1909 1975 1946 omnibus

1029 1958 1178 1997 iuribus
1198 1961 1247 1998 R.
1264 1960 1460 1999 Ecclesiae
1480 1962 1747 2010 comparavit3
1772 1961 1975 1999 Constitu-

1027 2012 1172 2054 tionem
1206 2013 1250 2051 B.
1272 2014 1449 2063 Gregorii
1470 2014 1509 2052 X
1528 2015 1575 2052 de
1596 2014 1749 2064 legibus
1770 2013 1973 2053 conclavis

1029 2066 1201 2103 nonnihil
1235 2067 1496 2116 temperavit3
1525 2067 1705 2116 Philippo
1729 2068 1976 2106 Francorum

1028 2119 1111 2168 regi
1131 2120 1288 2168 eiusque
1309 2121 1464 2170 coniugi
1483 2125 1523 2158 et
1540 2122 1675 2159 Ioanni
1705 2121 1975 2159 Normanniae

1028 2172 1118 2209 duci
1137 2184 1273 2210 eorum
1290 2173 1370 2211 filio
1390 2176 1550 2223 eiusque
1571 2174 1699 2221 uxori,
1722 2175 1896 2223 itemque
1919 2175 1975 2212 O-

1028 2225 1117 2262 doni
1135 2226 1387 2276 Burgundiae
1413 2228 1508 2265 Duci
1547 2239 1698 2266 sacram
1719 2228 1974 2266 Communio-

1027 2291 1115 2316 nem
1136 2280 1206 2317 sub
1229 2284 1395 2329 utraque
1429 2280 1556 2330 specie
1595 2281 1761 2319 indulsit
1780 2280 1814 2328 2;
1835 2283 1971 2318 contra

1027 2332 1255 2370 Eduardum
1269 2334 1434 2383 Angliae
1452 2345 1585 2384 regem
1602 2334 1844 2383 Apostolicae
1860 2333 1970 2371 Sedis

1025 2385 1112 2422 iura
1131 2386 1171 2423 in
1188 2387 1435 2425 reservandis
1453 2393 1492 2426 et
1510 2387 1755 2425 conferendis
1770 2386 1970 2425 beneficiis

1025 2439 1300 2478 ecclesiasticis
1320 2440 1475 2478 fortiter
1503 2441 1696 2488 defendit3
1717 2452 1818 2489 quae
1838 2442 1969 2477 autem

1068 2554 1078 2575 ¹
1094 2555 1196 2594 Opera
1212 2556 1396 2586 Petrarchae
1413 2555 1496 2586 edita
1513 2558 1584 2586 sunt
1597 2555 1744 2591 Basileae‚
1758 2553 1845 2591 1581,
1859 2554 1962 2587 in-fol.

1065 2596 1079 2618 2
1095 2597 1160 2627 vid.
1184 2596 1341 2635 Spondan.
1368 2597 1406 2627 ad
1430 2606 1479 2628 an.
1497 2596 1588 2636 1342,
1608 2600 1626 2630 ἓ
1640 2596 1686 2633 16,
1711 2599 1740 2626 et
1755 2596 1906 2635 Raynald.
1924 2597 1962 2627 ad

1025 2648 1073 2668 an.
1088 2638 1176 2672 1314.
1190 2637 1239 2675 6*2;
1258 2637 1343 2674 1345,
1358 2637 1405 2669 32.
1419 2638 1611 2669 Mabillonius
1624 2635 1853 2672 (commentar.
1864 2646 1970 2677 prae-

1024 2679 1077 2711 vio
1100 2680 1132 2710 in
1151 2679 1302 2712 Ordinem
1319 2679 1452 2711 Roman.
1469 2689 1493 2710 e.
1510 2679 1538 2716 9,
1555 2688 1584 2717 p.
1603 2678 1655 2716 62)
1672 2678 1776 2709 refert:
1798 2689 1809 2707 u
1822 2679 1966 2710 Urbanus

1023 2723 1068 2759 Vl,
1098 2725 1167 2760 post
1197 2730 1285 2752 suam
1316 2721 1345 2752 in
1373 2721 1521 2752 Vaticana
1549 2720 1682 2750 Basilica
1717 2719 1965 2759 coronationem,

1021 2772 1126 2794 omnes
1143 2763 1294 2793 Diaconos
1308 2762 1484 2793 Cardinales
1501 2770 1557 2792 sua
1574 2770 1666 2791 manu
1689 2761 1826 2800 pretioso
1851 2762 1965 2801 Corpo-

1023 2814 1055 2836 re
1078 2809 1107 2835 et
1122 2804 1280 2844 Sanguine
1303 2804 1416 2834 Christi
1446 2802 1696 2839 communicavit,
1720 2803 1801 2833 sicut
1827 2802 1865 2833 de
1880 2812 1965 2834 more

1022 2847 1214 2877 Summorum
1232 2845 1409 2875 Pontificum
1423 2853 1545 2881 semper
1560 2843 1624 2881 suit,
1639 2847 1669 2874 ut
1683 2843 1796 2883 legitur
1810 2844 1839 2873 in
1854 2845 1965 2883 episto-

1022 2888 1052 2918 la
1084 2888 1121 2918 de
1144 2886 1280 2917 eiusdem
1300 2886 1415 2917 Urbani
1438 2885 1600 2922 electione,
1630 2893 1710 2924 quae
1735 2885 1858 2925 vulgata
1875 2886 1967 2917 estin

1022 2927 1174 2969 Spiciley.
1192 2925 1418 2967 (t.1V,p.306›,
1433 2926 1514 2965 quod
1528 2926 1651 2964 quidem
1666 2926 1796 2965 contigit
1808 2935 1856 2957 an.
1876 2926 1965 2958 1378.

1024 2973 1097 3001 Ante
1121 2978 1233 3000 annum
1256 2967 1336 2998 «1120
1359 2968 1534 2998 communio
1560 2967 1616 2997 sub
1640 2971 1770 3007 utraque
1794 2969 1897 3007 specie
1924 2969 1963 2999 ab

1023 3012 1162 3043 Ecclesia
1185 3009 1413 3040 immutabiliter
1436 3008 1642 3046 retinebatur3
1666 3013 1775 3047 postea
1801 3009 1961 3048 paullatim

1024 3062 1060 3083 ac
1077 3053 1191 3083 sensim
1217 3051 1369 3089 abrogata
1385 3053 1439 3087 est;
1458 3050 1505 3081 cui
1522 3050 1720 3088 abrogationi
1736 3059 1795 3081 non
1815 3059 1884 3088 una,
1901 3050 1959 3081 sed

1025 3094 1128 3132 plures
1146 3092 1235 3123 simul
1253 3099 1383 3122 caussae
1397 3091 1591 3122 occasionem
1605 3091 1865 3130 praebuerunt,ut
1878 3091 1964 3132 lege-

1027 3144 1058 3165 re
1074 3138 1119 3167 est
1136 3133 1218 3174 apud
1235 3132 1363 3163 eundem
1377 3132 1590 3163 Mabillonium.
