2241 3473
534 164 660 196 VSQVE
687 164 740 191 AD
768 161 1081 191 CONVERSIONEM
1109 159 1375 189 CONSTANTINI
1403 159 1469 204 M.-

14 234 97 274 loos
122 231 323 282 provincia
341 229 465 276 vixit,
485 232 525 268 et
545 242 569 268 a
587 241 662 279 quo
683 241 732 267 ss
754 227 960 265 Trinitatis

14 287 298 336 oppugnatores
318 283 617 321 denominantur
636 280 860 324 Sabelliani,
874 291 960 318 con·

15 338 153 383 tendit,
168 337 330 375 Patrem
347 339 387 373 et
403 335 548 373 Filium
565 337 605 372 et
619 333 810 382 Spiritum
827 333 865 369 S.
885 344 959 369 non

16 402 100 430 esse
129 400 315 438 personas
345 388 568 431 distinctas,
592 387 659 424 sed
680 384 961 434 appellationes

17 453 116 493 quae
153 441 405 490 designarent
432 439 675 486 Divinitatis,
704 449 774 475 seu
802 436 961 473 unitatis

18 495 172 534 divinae
192 494 461 536 emanationes
481 504 526 530 ac
542 489 888 534 manifestationes,
906 489 962 525 ita

17 551 61 586 ut
80 547 275 585 Divinitas
295 550 490 594 quatenus
506 557 546 582 se
565 541 832 581 manifestavit
854 553 960 577 mun-

17 601 80 646 do,
92 600 214 637 Pater
228 599 441 641 diceretur;
463 599 653 646 quatenus
668 606 708 632 se
720 594 847 631 univit
858 594 962 630 Chri·

17 656 78 691 sto
98 663 168 701 pro
189 651 424 689 redimendis
444 649 675 693 hominibus,
696 646 818 683 Filius
839 657 960 682 voca-

18 708 153 750 retur,
184 706 224 741 et
257 706 450 752 quatenus
479 700 653 738 fidelium
682 698 963 736 sanctificatio-

19 769 104 795 nem
126 755 429 804 efficit,Spiritus
440 754 477 790 S.
489 753 762 801 appellaretur.
777 752 960 788 Errorem

19 821 134 848 suum
166 808 389 856 explicabat
411 805 665 843 similitudine
695 804 798 848 solis,
819 804 857 840 in
888 815 963 851 quo

19 862 184 899 habetur
204 871 354 908 corpus,
374 858 475 906 quod
502 857 753 906 conspicitur,
774 858 814 893 et
833 856 963 893 discus

19 913 258 962 appellatur,
286 912 418 949 radius
447 910 690 955 illuminans,
711 912 751 946 et
770 909 830 946 vis
858 908 964 945 cale-

21 965 200 1004 faciendi.

71 1017 180 1055 Haec
195 1016 356 1054 Sabellii
384 1014 562 1052 doctrina
583 1014 621 1051 in
638 1013 790 1051 viciniis
806 1012 964 1050 Africae

20 1073 60 1109 et
70 1069 240 1119 AEgypti
258 1069 361 1106 haud
373 1079 515 1117 paucos
527 1067 695 1104 asseclas
715 1068 833 1103 nacta
843 1065 964 1102 est.Ei

20 1135 62 1162 se
78 1122 320 1172 potissimum
337 1121 516 1170 opposuit
532 1132 560 1157 s.
578 1119 802 1167 Dionysius,
823 1118 966 1166 episco-

19 1187 90 1225 pus
109 1174 395 1212 Alexandrinus
408 1202 417 1219 ,
438 1173 505 1221 qui
526 1175 728 1220 postquam
757 1172 966 1208 novatores

20 1229 67 1266 ad
88 1227 346 1265 deserendum
367 1237 540 1262 errorem
561 1236 630 1273 per
649 1224 800 1273 legatos
817 1223 966 1260 frustra

19 1280 196 1318 hortatus
216 1279 359 1323 fuerat,
381 1279 428 1315 ad
456 1278 631 1314 diversos
654 1277 809 1325 scripsit
829 1276 968 1324 episto-

20 1333 90 1376 las,
109 1332 147 1369 in
163 1332 302 1380 quibus
317 1330 625 1369 Sabellianorum
642 1330 860 1367 doctrinam
883 1340 968 1365 con-

21 1385 165 1424 futavit
182 1383 206 1422 ¹.

72 1439 107 1475 A
119 1437 279 1476 Sabellii
295 1436 448 1486 placitis
460 1448 536 1473 non
548 1435 714 1473 multum
728 1434 854 1472 abfuit
867 1434 968 1471 Pau-

20 1491 81 1528 lus
95 1490 387 1535 Samosatenus,
403 1490 449 1526 de
466 1501 540 1537 quo
557 1488 660 1528 infra
675 1487 966 1525 dicemus.Cum

22 1545 155 1581 autem
173 1543 201 1580 ii
220 1554 354 1580 omnes
375 1543 412 1580 in
435 1554 479 1579 eo
500 1541 829 1586 convenirent,ut,
845 1540 969 1577 subla-

22 1598 66 1634 ta
85 1607 338 1644 personarum
357 1595 551 1638 trinitate,
566 1605 758 1642 personae
776 1593 969 1630 unitatem

21 1650 250 1695 assererent,
262 1648 356 1685 dicti
375 1650 467 1685 sunt
487 1646 767 1684 Antitrinitarii
787 1647 907 1693 atque
921 1645 971 1682 U-

25 1701 168 1738 nitarii.

76 1753 138 1790 58.
162 1753 354 1801 Orzyenes
375 1773 424 1780 —
440 1752 641 1801 Origenes,
669 1751 734 1799 qui
765 1750 970 1798 Beryllum

24 1806 73 1843 ab
97 1817 228 1842 errore
262 1806 310 1842 ad
340 1805 549 1842 veritatem
584 1803 816 1841 catholicam
850 1803 970 1839 redu-

24 1860 150 1903 xerat,
171 1869 270 1895 anno
289 1858 367 1894 248
387 1858 435 1894 ad
457 1857 574 1894 aliam
594 1857 633 1893 in
655 1856 796 1893 Arabia
816 1855 968 1903 episco-

24 1922 162 1959 porum
192 1911 386 1959 synodum
407 1913 596 1947 evocatus
616 1908 692 1945 fuit
712 1911 848 1945 contra
870 1920 969 1944 non-

25 1962 162 2008 nullos,
181 1962 248 2011 qui
269 1963 488 1999 animarum
504 1961 839 1999 immortalitatem
859 1972 973 2008 oppu-

25 2016 211 2064 gnabant,
232 2018 463 2060 asserentes,
483 2015 571 2051 illas
594 2025 672 2051 una
692 2024 779 2050 cum
803 2012 970 2060 corpori-

23 2068 96 2104 bus
115 2067 291 2116 extingui
312 2079 357 2104 ac
371 2067 582 2115 corrumpi,
603 2077 741 2103 rursus
761 2067 893 2102 autem
913 2076 969 2101 re-

25 2120 276 2158 surrectionis
287 2122 464 2168 tempore
484 2131 571 2156 cum
587 2119 723 2156 iisdem
741 2117 968 2166 corporibus

27 2173 77 2210 ad
105 2172 228 2209 vitam
256 2172 465 2210 redituras.
494 2172 685 2221 Origenes
711 2171 825 2208 tanta
854 2170 894 2207 vi
922 2170 970 2206 de

25 2225 220 2274 praesenti
240 2225 467 2274 quaestione
487 2223 733 2272 disceptavit,
754 2226 797 2260 ut
820 2223 886 2271 qui
907 2234 970 2259 er-

26 2289 153 2314 rorem
173 2278 311 2315 sectati
333 2277 503 2323 fuerant,
524 2279 677 2314 mutata
697 2275 896 2313 sententia
915 2275 972 2312 ei-

26 2330 113 2366 dem
128 2329 428 2368 renuntiarint2.

79 2383 311 2420 Caesaream
327 2383 464 2428 redux,
476 2382 598 2419 alium
614 2382 765 2419 hostem
777 2379 972 2417 debellan-

26 2434 121 2472 dum
141 2435 323 2482 suscepit,
343 2446 480 2483 nempe
500 2434 656 2471 Celsum
679 2433 970 2482 philosophum,

26 2487 91 2535 qui
128 2488 199 2524 sub
236 2487 424 2524 Hadriani
462 2487 683 2535 principatu
722 2485 970 2533 Religionem

27 2539 280 2584 christianam
313 2539 447 2577 multis
481 2539 726 2588 sophismatis
760 2537 970 2586 impugna-

26 2594 140 2629 verat
154 2589 181 2628 3.
217 2591 381 2640 Scripsit
399 2591 586 2640 Origenes
607 2592 797 2628 adversus
819 2601 911 2627 eum
929 2589 971 2626 li-

25 2643 115 2680 bros
139 2646 225 2681 octo
238 2673 248 2690 ‚
267 2644 333 2692 qui
353 2643 736 2692 praestantissimam
754 2641 971 2690 Religionis

25 2695 261 2733 christianae
289 2696 505 2745 apologiam
527 2696 739 2741 continent,
759 2698 798 2732 et
817 2695 857 2732 in
879 2694 969 2742 qui-

27 2747 101 2785 bus
130 2748 262 2785 divina
281 2749 310 2785 Ι.
331 2748 473 2785 Christi
493 2748 625 2785 missio
639 2778 648 2792 ‚
669 2747 878 2792 miracula,
903 2758 970 2783 re-

27 2800 229 2846 surrectio,
245 2800 444 2844 vaticinia,
460 2801 647 2838 mirabilis
664 2800 871 2847 Evangelii
887 2811 970 2847 pro-

26 2853 318 2901 pagatio,sacra
329 2851 636 2890 Christianorum
653 2852 868 2900 disciplina,
880 2851 972 2888 alia-

28 2915 100 2953 que
120 2917 144 2942 a
162 2905 272 2942 Celso
292 2906 531 2953 impugnata,
560 2916 704 2953 magna
724 2904 943 2942 eruditione
962 2920 977 2949 ,-

28 2956 199 3006 eleganti
220 2958 388 2995 dictione
409 2959 448 2994 et
465 2956 654 3005 singulari
675 2957 899 3005 argumenti
916 2967 971 2993 or-

68 3071 80 3092 ¹
98 3073 263 3111 Epiphan,
286 3071 424 3103 Haeres.
447 3070 502 3109 0223
521 3070 629 3101 Euseb.
641 3095 648 3107 ,
665 3071 749 3102 Hist.
767 3072 841 3102 eccl.
873 3071 892 3101 1.
908 3069 974 3109 VII,

29 3121 56 3144 c.
71 3111 90 3142 6
106 3117 135 3143 et
150 3113 204 3151 26;
220 3113 412 3149 Theodorei,
428 3112 482 3151 Op.
499 3111 555 3142 cic.
573 3112 589 3141 1.
603 3112 642 3148 II,
659 3121 686 3141 c.
701 3111 729 3142 9.

69 3152 84 3199 J
100 3153 221 3191 Euseb„
237 3153 309 3183 ibid.
323 3163 350 3184 c.
367 3153 421 3191 373
438 3153 552 3190 Labbc,
569 3152 692 3184 Concil.
705 3155 724 3183 t.
739 3153 759 3190 l,
776 3162 804 3191 p.
823 3152 892 3183 560.

69 3193 84 3215 ὅ
99 3193 161 3224 vid.
177 3204 208 3234 p.
222 3192 332 3226 37-38.

1850 144 1903 184 59

1005 227 1094 265 dine
1114 226 1379 265 defenduntur
1398 226 1438 263 et
1457 224 1506 262 ab
1523 222 1630 260 illius
1650 220 1840 258 conviciis
1859 220 1952 258 vin-

1007 280 1200 317 dicantur.

1058 332 1171 369 Vixit
1186 342 1300 380 porro
1317 330 1507 379 Origenes
1523 338 1643 376 usque
1660 326 1708 364 ad
1722 336 1869 363 annum
1885 324 1958 361 cir-

1006 384 1104 421 citer
1127 385 1217 422 254.
1245 383 1370 420 Nemo
1399 385 1506 420 certe
1527 382 1587 418 tot
1604 379 1751 427 scripta
1771 378 1809 414 in
1830 377 1956 414 lucem

1007 437 1127 474 edidit
1158 438 1252 484 quot
1280 435 1345 472 ille
1359 435 1392 482 ι;
1414 435 1480 472 scd
1502 445 1614 471 nemo
1635 432 1753 470 etiam
1775 430 1897 468 tantis
1917 430 1956 466 in

1009 489 1183 526 Ecclesia
1203 487 1549 536 disceptationibus
1569 484 1814 523 occasionem
1834 493 1952 531 prae-

1007 541 1102 585 buit,
1123 541 1208 577 aliis
1228 540 1306 577 alia
1326 540 1372 576 de
1394 540 1477 576 eius
1498 539 1675 575 doctrina
1691 535 1954 584 opinantibus.

1009 594 1050 630 In
1078 593 1258 641 operibus
1285 591 1380 637 eius,
1402 590 1630 640 praesertim
1647 590 1684 626 in
1697 587 1957 627 Perz'arclzon

1007 658 1073 683 seu
1093 645 1201 682 libris
1221 648 1389 692 quatuor
1405 644 1452 680 (le
1466 643 1676 691 principiis,
1701 641 1833 690 plures
1849 651 1957 688 repe-

1009 699 1077 735 riri
1091 708 1257 741 errores,
1270 698 1513 744 compertum
1529 694 1766 743 est.Ingeuio
1782 704 1852 730 suo
1868 692 1958 741 plus

1010 762 1132 798 aequo
1153 749 1333 793 indulsit,
1355 751 1394 785 et
1415 748 1699 784 ecclesiasticas
1719 744 1951 783 traditiones

1010 807 1266 849 veterumque
1296 800 1495 837 doctrinas
1529 799 1693 848 propriis
1727 796 1958 835 commentis

1010 857 1050 892 et
1071 854 1334 903 philosophiae
1355 852 1507 901 placitis
1529 864 1604 888 non
1622 863 1710 888 raro
1727 850 1956 898 postposuit.

1010 908 1057 944 Ei
1077 910 1208 944 tamen
1230 906 1366 943 favent
1386 907 1568 941 constans
1588 903 1804 940 insectandi
1826 903 1961 939 haere-

1010 971 1070 997 ses
1091 959 1276 1004 studium,
1296 959 1455 995 servata
1473 967 1627 1004 semper
1647 967 1735 992 cum
1757 953 1958 992 catholicis

1011 1012 1259 1050 Palaestinae
1279 1015 1319 1047 et
1334 1009 1504 1047 Arabiae
1519 1008 1709 1057 episcopis
1726 1006 1960 1051 communio,

1012 1065 1166 1102 litterae
1179 1076 1279 1113 quae
1295 1062 1584 1111 corruptionem
1596 1061 1784 1097 librorum
1801 1070 1959 1096 suorum

1012 1120 1305 1162 contestantur,
1331 1118 1371 1152 et
1389 1114 1617 1151 immunitas
1638 1125 1661 1150 a
1682 1111 1898 1161 pertinacia
1923 1111 1962 1147 in

1012 1170 1262 1207 defendendis
1292 1167 1492 1205 erroribus
1516 1170 1651 1203 contra
1669 1165 1869 1202 Ecclesiae
1889 1164 1960 1200 de—

1013 1226 1133 1260 creta.

1065 1275 1128 1312 59.
1150 1276 1356 1312 Ecclesiae
1384 1277 1518 1310 status
1545 1272 1619 1308 sub
1649 1270 1846 1318 Philippo
1875 1266 1960 1318 (an.

1011 1326 1108 1378 244)
1130 1350 1177 1354 -—
1193 1328 1409 1375 Postquam
1426 1324 1649 1364 Gordianus
1669 1323 1780 1360 annis
1799 1322 1823 1359 6
1844 1321 1961 1369 impe-

1011 1382 1149 1426 rasset,
1165 1382 1204 1417 et
1220 1381 1376 1426 Persas,
1394 1379 1460 1427 qui
1477 1377 1699 1421 Antiochia,
1715 1376 1882 1423 aliisque
1900 1385 1962 1410 ur-

1012 1433 1124 1471 bibus
1137 1433 1262 1482 potiti,
1282 1432 1321 1469 in
1343 1433 1426 1480 ipsa
1446 1430 1560 1469 Italia
1575 1429 1830 1473 timebantur,
1851 1430 1964 1463 extra

1014 1486 1182 1523 Romani
1208 1485 1362 1534 imperii
1380 1485 1477 1522 fines
1504 1493 1681 1520 remeare
1700 1479 1965 1528 compulisset,

1012 1539 1175 1577 militari
1194 1538 1397 1584 seditione,
1413 1550 1436 1574 a
1453 1536 1631 1584 Philippo
1646 1535 1789 1578 Arabe,
1807 1534 1963 1579 praeto—

1015 1592 1061 1628 rii
1077 1591 1287 1640 praefecto,
1307 1590 1516 1635 concitata,
1536 1589 1685 1625 occisus
1702 1590 1770 1623 est.
1788 1586 1871 1622 Hoc
1889 1585 1963 1621 im-

1013 1645 1118 1681 mani
1138 1644 1310 1681 facinore
1331 1643 1526 1691 parricida
1541 1640 1745 1688 Philippus
1760 1637 1965 1686 imperium

1015 1698 1178 1745 accepit,
1205 1696 1404 1745 gessitque
1434 1706 1558 1743 usque
1580 1694 1627 1730 ad
1649 1704 1710 1729 an.
1731 1692 1822 1728 249.
1844 1690 1962 1727 Hunc

1016 1750 1227 1798 principem
1243 1749 1362 1786 fuisse
1378 1747 1699 1791 christianum,et
1714 1744 1861 1781 crimen
1879 1753 1967 1791 poe-

1015 1803 1182 1839 nitentia
1201 1802 1394 1850 expiasse,
1415 1799 1590 1837 nonnulli
1612 1797 1878 1841 crediderunt,
1904 1795 1963 1831 uti

1015 1855 1149 1892 scribit
1175 1854 1388 1891 Eusebius:
1420 1864 1443 1891 «
1473 1853 1587 1889 Hunc
1618 1851 1754 1898 utpote
1775 1847 1962 1884 christia-

1014 1919 1121 1952 num,
1137 1910 1253 1955 sama
1273 1906 1395 1950 est,in
1413 1906 1613 1953 postrema
1634 1902 1810 1939 Paschae
1831 1899 1967 1947 vigilia

1014 1961 1286 2008 precationum
1305 1958 1345 1995 in
1367 1957 1530 1994 ecclesia
1547 1951 1832 2006 (Antiochena)
1850 1951 1968 2001 parti-

1015 2012 1140 2061 cipem
1160 2012 1276 2049 simul
1295 2022 1384 2047 cum
1400 2011 1550 2058 reliquo
1566 2007 1708 2056 populo
1726 2005 1812 2043 fieri
1828 2003 1971 2042 voluis-

1013 2078 1054 2103 se
1071 2079 1080 2112 3
1100 2066 1165 2102 sed
1195 2064 1418 2112 episcopum
1445 2061 1492 2112 (s.
1520 2057 1736 2109 Babylam)
1755 2088 1764 2103 ,
1785 2058 1852 2106 qui
1872 2060 1968 2094 tunc

1013 2118 1200 2155 ecclesiae
1218 2119 1414 2165 praeerat,
1425 2126 1500 2152 non
1518 2113 1627 2162 prius
1643 2113 1701 2149 illi
1718 2111 1871 2148 aditum
1886 2121 1971 2158 per-

1015 2171 1179 2215 misisse,
1199 2181 1316 2217 quam
1337 2167 1623 2205 confessionem
1639 2165 1833 2203 scelerum
1847 2161 1968 2200 fecis-

1013 2228 1084 2270 set,
1105 2223 1242 2270 iisque,
1263 2221 1328 2270 qui
1349 2220 1577 2258 humanitus
1601 2217 1699 2266 lapsi
1725 2216 1902 2261 fuerant,
1924 2215 1966 2251 et

1012 2276 1050 2312 in
1070 2275 1353 2324 poenitentium
1373 2273 1508 2310 ordine
1532 2272 1702 2316 stabant,
1723 2280 1807 2307 sese
1817 2267 1967 2305 adiun-

1014 2328 1145 2366 xisset.
1162 2357 1191 2365 ..
1214 2328 1265 2364 Et
1285 2327 1499 2375 imperator
1528 2324 1685 2371 quidem
1704 2322 1874 2359 libenter
1893 2320 1965 2356 ob-

1012 2384 1251 2428 temperasse
1272 2380 1428 2416 dz'cz'tur
1443 2377 1497 2414 2».
1518 2377 1666 2413 Eadem
1683 2375 1763 2412 fere
1777 2373 1964 2422 leguntur

1012 2434 1116 2482 apud
1137 2446 1166 2470 s.
1188 2427 1555 2480 Chrysostomum3,
1577 2441 1605 2466 s.
1628 2429 1917 2474 Hieronymum
1931 2422 1960 2470 4,

1012 2498 1056 2523 ac
1073 2486 1252 2523 Orosium
1268 2485 1294 2522 ⁵.
1311 2484 1426 2521 Unde
1449 2482 1641 2520 Baronius
1655 2479 1683 2526 ⁶,
1704 2478 1857 2517 Natalis
1877 2476 1968 2515 Ale-

1012 2536 1202 2584 xander⁷,
1229 2537 1394 2575 Huetius
1409 2534 1424 2556 8
1450 2534 1692 2572 concludunt
1707 2562 1717 2579 ,
1739 2531 1966 2578 Philippum

1056 2657 1064 2678 ¹
1084 2656 1186 2686 Solum
1210 2655 1376 2694 supersunt
1398 2652 1469 2683 libri
1486 2651 1504 2682 8
1522 2656 1645 2681 contra
1671 2648 1815 2683 Celsum,
1831 2645 1969 2676 Hortatio

1014 2698 1060 2729 ad
1082 2696 1311 2737 martyrium,
1336 2695 1497 2724 Tractatus
1521 2693 1561 2722 de
1577 2690 1750 2727 oratione,
1766 2687 1905 2726 Epistola
1922 2686 1969 2718 ad

1014 2738 1150 2769 Iulium
1174 2736 1388 2777 Africanum
1413 2735 1450 2764 de
1473 2733 1601 2763 historia
1623 2732 1798 2765 Susannae,
1823 2726 1970 2759 Per-iar-

1013 2780 1111 2816 chon,
1129 2779 1302 2817 fragmenta
1319 2775 1557 2814 Hexaplorum
1573 2777 1602 2802 et
1617 2769 1972 2805 Commentariormm

1014 2830 1092 2861 quae
1116 2821 1218 2850 omnia
1240 2818 1400 2849 ediderunt
1418 2817 1469 2846 l'P.
1489 2812 1677 2844 Benedictini
1709 2812 1740 2841 G.
1770 2812 1799 2840 et
1817 2811 1848 2841 V.
1873 2809 1911 2840 de
1944 2809 1975 2839 la

1015 2863 1089 2897 Rue,
1106 2861 1204 2891 Paris,
1221 2858 1367 2893 *1733-59,
1381 2857 1399 2886 4
1417 2856 1473 2886 vol.
1488 2855 1586 2884 in-fol.
1602 2852 1754 2883 Nonnulla
1770 2851 1865 2881 edidit
1881 2849 1974 2883 Card.

1016 2903 1074 2932 Mai
1093 2902 1121 2930 in
1140 2900 1253 2939 Script
1275 2904 1334 2929 vet.
1345 2898 1469 2928 collect.
1487 2899 1505 2926 l.
1522 2896 1582 2934 I,p⁴
1594 2893 1640 2925 30.
1658 2893 1695 2924 Cf
1707 2893 1819 2932 Migne,
1836 2890 1971 2922 Patrol.

1013 2953 1125 2983 yraeC.
1139 2946 1157 2972 t.
1173 2941 1306 2971 xx-xx‘ll

1056 2985 1070 3005 ‘2
1087 2983 1171 3014 llist.
1186 2981 1263 3011 eccl.
1281 2980 1297 3009 l.
1316 2980 1360 3012 Vl,
1377 2988 1402 3008 c,
1420 2977 1469 3007 32.

1058 3026 1071 3045 5⁵
1087 3025 1168 3054 Orat.
1187 3023 1227 3052 cle
1242 3032 1268 3051 S.
1285 3019 1428 3059 Babyla.

1058 3067 1071 3088 ⁴
1091 3064 1211 3100 (λιταί,
1229 3061 1405 3100 Oriye'nes.

1059 3109 1072 3129 ⁵
1090 3108 1117 3136 L.
1136 3105 1193 3141 Vll,
1209 3113 1233 3133 c.
1255 3102 1299 3133 13.
1316 3119 1354 3123 ——
1370 3102 1384 3123 6
1400 3100 1444 3130 Ad
1461 3108 1508 3130 an.
1525 3098 1594 3130 246.

1059 3149 1073 3170 7
1092 3146 1174 3177 llist.
1190 3144 1257 3174 eccl
1281 3151 1362 3173 saec.
1379 3141 1432 3178 111,
1450 3151 1475 3170 c.
1491 3139 1543 3170 ult.

1061 3190 1075 3210 8
1093 3185 1309 3226 Oriqenian„
1325 3183 1344 3214 l.
1360 3183 1383 3221 1,
1400 3192 1425 3213 c.
1444 3180 1471 3212 3.
