2241 3473
255 154 335 197 388

201 235 437 272 nicationem
465 235 574 270 iuxta
599 244 735 270 sacros
755 244 928 269 canones
953 233 1150 277 incidisse,

201 294 242 326 et
268 289 442 325 incidere
472 288 554 335 ipso
582 289 667 323 iure
694 292 734 323 et
755 287 859 322 facto
877 287 1150 329 declaramus3

201 347 407 377 monentes
434 341 519 387 pios
543 340 694 383 fideles,
720 346 764 375 ut
790 339 838 375 ad
865 351 1004 376 eorum
1033 350 1150 375 sacra

199 395 301 431 haud
328 394 544 436 accedant,
573 405 697 440 neque
725 394 774 429 ab
809 394 855 429 iis
889 394 1151 430 Sacramenta

198 448 428 495 suscipiant,
449 452 565 495 atque
595 448 649 483 ita
675 448 722 483 ab
741 459 881 484 eorum
910 447 1150 483 commercio

201 501 475 548 consortioque
504 501 720 548 prudenter
739 501 985 544 abstineant,
1004 513 1052 537 ne
1072 511 1149 536 ma-

200 555 278 590 lum
298 556 536 591 fermentum
556 566 732 591 massam
750 556 1048 592 interminatam
1068 566 1154 590 cor-

196 612 354 655 rumpat
380 622 416 642 ».

244 662 447 698 Eiusmodi
467 662 619 709 insigne
640 663 760 698 animi
779 663 1020 700 fortitudinis
1039 675 1153 711 argu-

202 721 381 752 mentum
416 716 454 750 in
487 716 719 763 Episcopis‚
754 718 898 761 Clero,
933 718 1152 765 populoque

198 769 303 806 fideli
331 769 546 805 Borussiae
577 770 798 817 suspiciens
824 770 927 807 idem
956 771 1154 814 Pontifex,

198 823 369 859 laudatis
402 824 562 859 Litteris
589 824 664 859 diei
691 825 713 860 5
739 825 927 861 februarii
956 826 1048 862 1875
1070 854 1078 868 ,
1105 825 1154 861 ad

196 889 402 914 sacrorum
429 878 636 914 Antistites
664 879 877 916 Borussiae
899 909 907 923 ,
936 894 955 914 «
975 882 1125 916 utinam
1145 909 1153 923 ‚

198 932 473 975 exclamabat,
503 932 684 968 levamen
712 933 871 980 aliquod
897 934 935 968 in
962 933 1068 970 hisce
1097 945 1156 969 re-

200 997 287 1021 rum
324 986 518 1033 angustiis
548 987 670 1022 Vobis
698 987 842 1023 afferre
870 988 1116 1024 valeremus!
1136 1002 1155 1023 »

196 1042 383 1077 Attamen
428 1041 617 1083 consilio,
652 1042 963 1089 opportunisque
996 1042 1156 1078 monitis

199 1106 268 1142 pro
300 1105 436 1130 rerum
465 1094 773 1131 circumstantiis
804 1096 861 1131 eis
896 1108 972 1131 non
1007 1096 1156 1132 defutu—

198 1160 284 1184 rum
312 1148 559 1196 promittens,
592 1149 632 1184 in
659 1161 797 1185 eorum
834 1150 947 1186 laude
987 1150 1158 1198 ponebat

198 1202 466 1239 fortitudinem
486 1209 526 1239 et
552 1205 817 1240 constantiam
843 1218 862 1238 «
882 1215 1000 1251 quam
1030 1205 1156 1251 profe-

199 1261 275 1299 cto,
296 1257 442 1301 aiebat,
470 1257 508 1292 in
535 1268 680 1304 aspera
706 1258 960 1294 dimicatione
980 1258 1159 1294 obeunda

200 1310 384 1346 certatim
412 1311 601 1347 aemulati
628 1316 719 1347 sunt
745 1312 919 1359 reliquus
955 1312 1093 1349 Clerus
1120 1318 1160 1348 et

199 1363 362 1407 fideles,
397 1376 561 1411 quorum
596 1370 707 1401 tanta
741 1366 812 1402 fuit
844 1366 1069 1401 animorum
1095 1366 1158 1401 fir-

199 1419 316 1454 mitas
343 1418 380 1453 in
408 1419 614 1455 catholicis
644 1419 851 1455 servandis
868 1420 1021 1463 officiis,
1050 1427 1160 1456 tanta

201 1472 387 1519 cuiusque
422 1472 461 1507 in
490 1483 561 1508 suo
590 1484 739 1519 genere
767 1474 874 1517 laus,
899 1481 943 1509 ut
969 1474 1160 1517 omnium,

199 1525 260 1561 vel
296 1525 659 1569 alienissimorum,
696 1527 832 1562 oculos
862 1532 902 1563 et
933 1526 1160 1563 admiratio-

199 1590 290 1616 nem
325 1579 363 1615 in
394 1591 436 1615 se
472 1581 806 1616 converterint».
842 1594 861 1615 (ς
890 1580 986 1616 Illud
1023 1586 1157 1618 autem

199 1634 357 1677 sciant,
394 1633 578 1670 Pontifex
610 1634 830 1679 subdebat,
867 1636 930 1682 qui
960 1635 1080 1671 Vobis
1107 1636 1161 1671 in-

201 1688 292 1724 festi
326 1693 446 1732 sunt,
480 1688 579 1735 quod
612 1694 829 1725 renuentes
857 1701 925 1725 vos
952 1695 1160 1736 praestare

201 1742 365 1780 Caesari
395 1753 494 1790 quae
523 1743 595 1779 Dei
622 1748 724 1787 sunt,
749 1744 898 1779 nullam
927 1745 1067 1791 regiae
1095 1756 1162 1781 au-

202 1796 377 1832 ctoritati
404 1797 590 1832 iniuriam
609 1797 768 1833 allaturi
794 1798 903 1841 estis,
926 1803 966 1834 et
992 1799 1084 1834 nihil
1112 1811 1162 1835 ex

204 1861 252 1886 ea
278 1850 495 1887 detracturi
513 1863 521 1895 ;
536 1878 543 1885 .
560 1876 566 1882 .
581 1877 588 1884 .
606 1862 653 1887 ac
678 1853 794 1888 simul
810 1852 1009 1896 noverint,
1024 1865 1162 1889 unum—

204 1916 397 1953 quemque
431 1912 609 1941 vestrum
647 1906 835 1942 tributum
868 1912 908 1943 et
934 1908 1161 1955 obsequium

205 1960 371 1996 Caesari
405 1959 500 1996 dare
537 1966 714 2008 paratum
750 1972 858 2004 esse,
894 1972 971 1996 non
999 1967 1163 2009 propter

206 2013 321 2056 iram,
342 2014 411 2050 sed
437 2020 602 2062 propter
629 2016 913 2052 conscientiam
935 2017 973 2052 in
993 2017 1161 2064 iis,quae

207 2067 491 2104 civilisubsunt
511 2070 678 2117 imperio
705 2075 745 2106 et
774 2071 1006 2118 potestati».
1035 2072 1164 2117 Leges

207 2133 301 2158 vero
338 2134 414 2158 non
454 2123 509 2158 ita
548 2124 697 2169 pridem
729 2125 922 2161 adversus
953 2126 1161 2162 Ecclesiae

208 2175 294 2211 iura
322 2176 422 2212 latas
443 2206 451 2219 ‚
491 2188 666 2225 quaeque
703 2179 963 2226 perculerunt
990 2181 1162 2225 complu-

208 2242 272 2266 res
308 2242 329 2267 e
356 2231 473 2267 Clero
506 2237 546 2267 et
577 2244 597 2267 e
632 2232 807 2269 fidelibus
842 2239 1003 2269 strenue
1032 2234 1160 2269 officio

209 2285 467 2331 perfunctos,
506 2285 574 2321 scd
614 2290 653 2322 et
684 2287 783 2322 alias
823 2299 964 2323 recens
990 2287 1160 2329 additas,

210 2349 308 2385 quae
336 2339 510 2375 divinam
532 2340 739 2376 Ecclesiae
755 2342 1077 2377 constitutionem
1101 2354 1162 2390 pe-

209 2392 311 2428 nitus
337 2393 594 2436 subvertere,
615 2400 655 2430 et
682 2395 841 2429 omnino
868 2406 985 2431 sacra
1005 2396 1163 2443 Episco-

208 2457 345 2492 porum
373 2447 458 2482 iura
476 2447 732 2494 pessumdare
749 2449 1052 2492 contendebant,
1071 2450 1164 2485 Pius

214 2500 283 2547 Pp.
317 2501 371 2535 IX
400 2502 599 2545 omnibus,
628 2501 675 2537 ad
702 2513 798 2549 quos
824 2514 872 2538 ea
899 2514 961 2538 res
990 2504 1163 2550 pertinet

213 2560 252 2590 et
272 2554 458 2590 universo
478 2555 671 2590 catholico
698 2556 794 2591 Orbi
822 2556 958 2592 irritas
985 2568 1069 2593 esse
1098 2558 1160 2594 de-

213 2608 440 2645 nunciabat.
475 2609 601 2644 «Non
635 2609 738 2646 enim
759 2637 767 2652 ,
796 2609 1064 2653 admonebat,
1101 2624 1163 2659 po-

212 2668 340 2699 tentes
368 2664 480 2699 liuius
507 2665 656 2700 saeculi
678 2664 871 2711 praefecit
889 2665 1079 2701 Dominus
1106 2679 1163 2702 sa-

209 2728 368 2752 crorum
397 2718 646 2754 Antistitibus
661 2718 698 2753 in
716 2719 775 2761 iis,
792 2729 892 2765 quae
908 2718 956 2754 ad
973 2719 1161 2755 Sanctum

213 2770 474 2807 ministerium
496 2773 683 2816 attinent;
704 2772 772 2808 sed
792 2773 957 2808 Beatum
983 2773 1163 2817 Petrum,

209 2825 271 2859 cui
300 2836 374 2860 non
405 2825 518 2860 modo
547 2837 685 2872 agnos,
706 2826 774 2862 scd
803 2831 842 2862 et
867 2838 962 2862 oves
988 2838 1079 2863 suas
1099 2840 1162 2874 pa-

211 2879 378 2914 scendas
397 2880 690 2916 commendavit
705 2883 713 2903 ¹
730 2909 738 2924 ,
760 2880 1001 2928 proindeque
1018 2892 1040 2916 a
1057 2883 1163 2917 nulla

209 2934 461 2978 quantumvis
489 2934 644 2970 sublimi
675 2935 823 2971 saeculi
860 2941 1056 2982 potestate
1084 2937 1161 2982 epi-

209 2987 357 3034 scopali
385 2989 513 3023 (illicio
542 2988 688 3035 privari
711 2997 871 3035 possunt
898 2989 935 3033 ii,
957 3000 1049 3036 quos
1077 2989 1164 3037 Spa·-

210 3040 310 3076 ritus
338 3041 511 3078 Sanctus
534 3042 664 3090 posuit
692 3042 909 3091 Episcopo&
929 3055 1064 3090 russum
1092 3043 1165 3078 Ec-

211 3094 375 3130 clesiam
409 3095 485 3132 Det·
514 3098 577 3131 2».

541 167 708 195 EPOCHA
726 166 820 194 xm.
845 167 871 192 A
893 167 1076 194 PVBLICA
1098 169 1245 195 RERVM
1269 168 1310 195 IN
1332 167 1502 194 GALLIIS
1521 166 1811 194 SVBVERSIONE

1247 233 1429 268 Alteram
1455 233 1708 269 occasionem
1734 231 1949 269 extollendi
1976 232 2155 270 laudibus

1201 286 1421 333 Episcopos
1448 286 1661 322 Borussiae
1681 286 1728 322 de
1747 286 1927 322 manibus
1945 286 2024 322 suis
2043 286 2154 323 amit-

1203 345 1286 375 tere
1303 339 1405 375 haud
1422 350 1561 387 passus
1578 345 1638 376 est
1653 341 1837 375 Summus
1853 339 2049 383 Pontifex,
2066 351 2156 377 cum

1201 393 1400 439 evulgatis
1440 394 1604 437 litteris,
1633 404 1729 441 quas
1757 393 1940 442 princeps
1973 405 2045 429 uon
2071 393 2158 429 Bis-

1202 447 1319 482 mark
1337 448 1504 483 miserat
1519 447 1567 483 ad
1588 448 1741 495 legatos
1755 447 1981 483 Germanici
1997 448 2159 495 Imperii

1203 502 1305 547 apud
1339 501 1547 548 Principes
1582 507 1622 538 et
1648 502 1850 538 Gubernia
1883 502 2066 548 Europae
2097 501 2160 537 die

1205 556 1248 591 15
1277 556 1369 591 maii
1398 556 1491 592 1872
1509 584 1517 598 ,
1553 567 1690 592 omnes
1716 555 1766 591 ad
1797 566 1921 591 unum
1955 556 2160 603 Archiepi-

1204 609 1313 656 scopi
1340 614 1380 645 et
1405 610 1591 656 Episcopi
1609 609 1799 656 scriptam
1818 608 2014 645 dederunt
2032 609 2162 645 recla-

1204 663 1416 699 mationem
1445 663 1505 706 (M
1512 662 1783 706 emorandzcm)
1801 662 2033 699 exordiente
2051 673 2155 698 anno

1205 716 1297 753 1875
1319 745 1327 759 ,
1355 722 1399 752 ut
1432 717 1519 753 iura
1540 746 1548 760 ,
1579 717 1830 764 rationesque
1860 716 2029 753 Romani
2061 716 2161 752 Pon-

1206 770 1320 806 tificis
1348 770 1622 807 defenderent.
1651 772 1711 806 Ex
1737 783 1784 807 eo
1811 771 1911 819 quod
1936 770 2161 809 Concilium

1205 824 1517 860 Oecumenicum
1535 824 1771 860 Vaticanum
1787 825 1932 872 dogma
1947 825 1994 861 de
2010 825 2162 861 Summi

1207 878 1409 914 Pontificis
1436 878 1713 914 infallibilitate
1746 879 1967 922 tradiderit,
1995 884 2036 915 et
2061 878 2163 914 Pon-

1208 932 1370 968 tificiam
1400 932 1658 968 illustraverit
1688 932 1996 969 iurisdictionem
2017 962 2026 976 ,
2060 933 2165 969 Can-

1206 986 1398 1022 cellarius
1424 986 1651 1023 Germanici
1680 986 1835 1034 imperii
1855 987 2057 1031 intulerat,
2077 999 2164 1024 rem

1208 1041 1298 1076 alea
1329 1041 1487 1088 plenam
1523 1052 1609 1077 esse
1645 1041 1883 1078 electionem
1922 1042 2165 1078 successoris

1210 1095 1268 1130 Pii
1309 1096 1362 1130 IX
1391 1096 1429 1130 in
1455 1095 1638 1131 Romana
1664 1094 1779 1131 Sede.
1808 1096 2026 1132 «Summus
2058 1095 2166 1132 enim

1211 1149 1404 1193 Pontifex,
1419 1150 1481 1185 ille
1496 1149 1710 1193 scribebat,
1725 1160 1829 1185 nova
1844 1154 2039 1197 potestate
2055 1160 2167 1187 exor-

1213 1210 1327 1240 natus
1355 1208 1479 1241 totam
1507 1205 1546 1240 in
1573 1216 1615 1241 se
1644 1206 1823 1241 conferet
1853 1204 2167 1242 iurisdictionem

1210 1258 1486 1307 episcoporum
1505 1287 1513 1302 ‚
1543 1259 1608 1306 qui
1645 1263 1875 1306 comparate
1910 1258 1960 1294 ad
1992 1258 2169 1306 singulas

1211 1312 1414 1350 dioeceses
1442 1318 1561 1349 erunt
1587 1313 1690 1349 nuda
1722 1313 1857 1360 Papae
1888 1313 2168 1358 instrumenta,

1215 1367 1456 1414 proindeque
1484 1367 1611 1403 exteri
1631 1366 1828 1414 Principis
1847 1367 2082 1403 administri.
2104 1367 2169 1402 Vi-

1212 1422 1330 1457 deant
1348 1422 1482 1468 igitur,
1500 1422 1709 1464 inferebat,
1726 1421 1921 1468 gubernia
1940 1421 2031 1469 quid
2049 1432 2170 1469 agen-

1212 1476 1302 1511 dum
1322 1477 1385 1519 sit,
1406 1487 1521 1523 quum
1541 1482 1695 1522 tempus
1713 1477 1924 1512 Conclavis
1944 1476 2167 1519 advenerit,

1215 1541 1261 1566 ne
1290 1541 1338 1566 ex
1365 1530 1457 1565 novi
1486 1529 1689 1564 Pontificis
1708 1529 1901 1565 electione
1920 1530 2063 1577 aliquid
2083 1530 2170 1577 ipsa

1213 1583 1445 1620 detrimenti
1473 1584 1681 1631 capiant».
1704 1582 1781 1618 Sed
1809 1583 1952 1619 mirum
1980 1589 2168 1631 quantum

1213 1649 1236 1673 a
1262 1638 1432 1674 veritate
1467 1638 1567 1673 haec
1600 1637 1797 1673 distarent
1831 1637 2045 1673 Borussiae
2079 1637 2168 1684 Epi-

1213 1692 1320 1739 scopi
1346 1691 1633 1735 ostenderunt,
1663 1695 1813 1727 textum
1840 1702 1886 1727 ac
1913 1703 2072 1728 sensum
2098 1692 2173 1729 Ca-

1216 1757 1360 1782 nonum
1380 1745 1566 1781 Vaticani
1586 1745 1750 1782 Concilii
1770 1745 2034 1792 explanando,
2054 1749 2171 1793 prout

1214 1801 1399 1837 Summus
1428 1800 1630 1842 Pontifex,
1649 1800 1822 1836 universi
1851 1799 1956 1835 orbis
1984 1799 2170 1847 Episcopi

1215 1865 1260 1889 ac
1280 1854 1528 1901 perillustres
1548 1854 1720 1901 theologi
1739 1864 1790 1889 ea
1811 1853 2070 1890 tradiderunt.
2098 1854 2170 1890 Die

1216 1914 1348 1944 autem
1377 1909 1420 1944 15
1450 1909 1582 1944 martii
1609 1908 1712 1943 illius
1740 1907 1848 1951 anni,
1868 1907 1961 1944 Pius
1987 1908 2040 1943 IX
2077 1907 2172 1944 allo-

1215 1962 1413 1998 cutionem
1440 1962 1588 1999 habens
1615 1962 1663 1998 ad
1691 1962 1924 1999 Cardinales
1944 1962 1983 1997 in
2009 1961 2171 1998 aedibus

1216 2017 1440 2059 Vaticanis,
1462 2021 1503 2052 ut
1530 2016 1760 2053 ostenderet
1781 2021 2080 2064 oppugnatores
2097 2017 2170 2052 Ec-

1215 2070 1359 2106 clesiae
1389 2071 1637 2106 convertisse
1665 2081 1756 2106 suos
1784 2076 1948 2106 conatus
1975 2070 2023 2106 ad
2047 2080 2171 2106 novas

1215 2125 1335 2160 etiam
1364 2124 1563 2171 parandas
1582 2135 1724 2160 causas
1742 2124 2005 2168 dissidiorum,
2025 2128 2065 2160 et
2083 2135 2168 2171 per-

1217 2179 1483 2214 turbationum
1521 2179 1558 2213 in
1600 2179 1685 2224 ipsa
1714 2177 1887 2214 fidelium
1912 2178 2167 2222 conscientia,

1216 2232 1313 2268 haec
1329 2232 1511 2267 habebat:
1525 2232 1691 2278 «Nuper
1707 2232 1865 2268 enimin
1881 2235 2021 2268 extera
2040 2232 2169 2278 regio-

1217 2298 1263 2322 ne
1300 2285 1530 2333 quibusdam
1558 2286 1718 2332 scriptis
1745 2285 1784 2320 in
1811 2285 2005 2332 publicam
2037 2285 2165 2322 lucem

1215 2340 1385 2386 vulgatis
1405 2339 1539 2387 quibus
1559 2339 1742 2375 Vaticani
1762 2340 1927 2377 Concilii
1945 2339 2108 2376 decreta
2124 2340 2164 2376 in

1216 2393 1369 2428 laevam
1397 2399 1551 2440 partem
1578 2392 1930 2440 detorquebantur.
1952 2393 1989 2429 id
2014 2398 2166 2440 specta-

1216 2447 1343 2489 batur,
1363 2447 1459 2482 utin
1478 2447 1773 2482 successoribus
1801 2447 1946 2483 nostris
1977 2446 2168 2494 eligendis

1214 2502 1384 2537 Senatus
1402 2500 1526 2536 vestri
1547 2500 1710 2537 libertas
1737 2501 1969 2544 violaretur,
1985 2506 2101 2548 atque
2129 2506 2171 2538 ut

1217 2555 1253 2590 in
1274 2567 1322 2591 ea
1337 2567 1394 2599 re,
1413 2566 1512 2602 quae
1541 2559 1625 2591 tota
1651 2555 1801 2592 ordinis
1827 2555 2088 2592 ecclesiastici
2110 2559 2172 2592 est

1216 2620 1361 2656 magna
1380 2622 1485 2657 pars,
1501 2609 1603 2644 civili
1626 2611 1812 2657 potestati
1841 2610 2096 2646 tribueretur.
2112 2610 2169 2645 At

1216 2663 1320 2699 Deus
1355 2663 1584 2700 misericors
1605 2692 1613 2707 ,
1643 2665 1707 2711 qui
1735 2669 1895 2709 praeest
1927 2668 1968 2700 et
2002 2663 2172 2700 consulit

1217 2718 1421 2754 Ecclesiae
1443 2729 1555 2761 suae,
1574 2719 1735 2765 provide
1755 2719 1889 2755 essecit
1905 2723 1948 2754 ut
1966 2717 2171 2754 fortissimi

1215 2782 1262 2807 ac
1295 2772 1574 2819 spectatissimi
1609 2774 1840 2809 Germanici
1880 2772 2041 2821 Imperii
2080 2773 2171 2820 Epi-

1215 2826 1321 2872 scopi
1359 2826 1499 2861 illustri
1526 2825 1797 2864 declaratione
1833 2827 1940 2864 edita
1961 2856 1969 2872 ‚
2002 2837 2102 2875 quae
2127 2827 2168 2862 in

1216 2880 1420 2916 Ecclesiae
1448 2880 1557 2916 fastis
1578 2882 1845 2918 memorabilis
1865 2882 1956 2927 erit,
1976 2892 2169 2919 erroneas

1215 2933 1414 2969 doctrinas
1453 2939 1494 2970 ct
1533 2935 1807 2973 cavillationes
1846 2936 1920 2972 hac
1958 2937 2169 2973 occasione

1218 2988 1390 3032 prolatas
1418 2988 1709 3035 sapientissime
1737 2990 1981 3033 refellerent,
1999 2995 2038 3027 et
2064 2989 2171 3026 nobi—

1217 3041 1364 3076 lissimo
1385 3043 1574 3089 trophaeo
1594 3043 1755 3079 veritati
1774 3048 1909 3080 erecto
1930 3044 2012 3080 Nos
2031 3047 2071 3081 et
2086 3043 2169 3080 uni-

1216 3106 1374 3131 versam
1401 3096 1623 3132 Ecclesiam
1656 3098 1931 3134 laetificarent.
1968 3097 2068 3134 Dum
2104 3107 2171 3133 au-

216 3154 270 3189 Ἶ
290 3157 483 3213 ΜΗῙΧΧΙ,
500 3174 552 3214 16,
574 3174 680 3206 w·—
697 3175 730 3207 S·
753 3174 970 3215 Augustinus,
990 3175 1029 3207 de
1055 3174 1163 3208 Fuud·
1220 3155 1295 3186 tem
1325 3150 1588 3196 amplissimas
1608 3151 1740 3188 laudes
1761 3164 1894 3189 coram
1914 3153 2027 3188 vobis
2049 3156 2090 3189 et
2107 3163 2170 3189 ca-

211 3226 282 3258 cap.
303 3219 335 3249 st.

258 3263 271 3283 ‘²
290 3265 360 3296 Act,
384 3266 452 3304 XX,
473 3267 528 3298 ⁶28.

1225 3206 1363 3241 tliolico
1391 3207 1483 3243 orbe
1512 3206 1723 3253 praedictis
1749 3206 1956 3254 Episcopis
1973 3205 2169 3243 universis

1220 3271 1267 3297 ac
1293 3260 1458 3308 singulis
1490 3261 1696 3297 tribuimus
1717 3290 1726 3304 ,
1754 3261 1983 3308 praeclaras
2012 3270 2082 3297 eas
2105 3259 2170 3298 de-

2233 186 2237 260 l
