2241 3473
211 116 291 158 314

157 199 237 236 iam
268 197 486 247 mergenda
517 196 719 233 videretur
754 195 939 232 navicula
960 224 968 239 ,
995 206 1112 244 opem

157 253 245 290 tulit
270 253 333 302 qui
360 262 520 299 semper
546 249 752 286 Ecclesiae
778 248 905 294 adest,
932 249 1113 288 Christus

155 307 360 350 Dominus,
380 303 672 351 increpatisque
699 303 843 345 ventis,
864 307 994 339 motos
1008 314 1111 340 com-

156 361 287 408 posuit
301 361 458 396 fluctus.
478 357 574 393 Pius
588 357 641 392 VI
656 357 695 392 in
711 356 830 392 exilio
845 357 1029 400 moritum
1043 358 1112 394 sed

155 415 360 451 Gallorum
388 411 567 448 exercitu
593 421 618 446 a
642 410 782 446 Russis
815 414 855 446 et
888 411 1112 448 Austriacis

154 468 267 504 Italia
285 467 426 508 eiecto,
443 465 538 500 Pius
550 464 622 500 VII
643 463 876 500 cathedram
892 464 1003 501 Petri
1022 476 1112 501 con—

155 521 321 563 scendit;
342 519 440 556 ordo
468 518 645 566 publicus
670 518 710 553 in
736 518 823 565 ipsa
840 518 967 555 Gallia
994 519 1110 564 redit3

153 574 374 621 Religionis
401 573 592 610 exercitia
616 573 893 618 restituuntur3
913 573 1019 609 mala
1037 574 1109 610 Ec·

153 629 298 666 clesiae
326 628 435 665 illata
461 630 714 675 reparantur.

202 683 390 718 Attamen
419 681 524 717 idem
551 682 740 729 princeps
765 681 830 729 qui
849 681 886 717 in
906 681 1035 718 Gallia
1052 693 1112 719 re-

153 736 350 773 stituendo
369 735 591 782 Religionis
618 735 811 772 exercitio
830 747 994 783 operam
1021 747 1110 772 con-

152 791 311 834 tulerat,
338 795 382 826 ut
407 790 539 839 populi
569 789 723 826 animos
750 793 791 827 et
816 802 1013 827 summum
1040 791 1110 826 irn-

151 845 306 893 perium
333 845 406 881 sibi
433 844 687 887 conciliaret,
715 851 992 892 assereretque
1011 874 1020 889 ,
1046 845 1110 880 fir—

151 902 259 935 mato
295 910 365 934 suo
401 898 627 947 principatu
649 928 658 943 ,
687 898 908 935 Ecclesiam
944 899 1107 946 eiusque

151 951 387 990 Pontificem
402 953 630 1001 opprimere
644 957 845 990 etvexare
860 952 1004 1000 coepit;
1021 964 1111 990 con-

150 1006 360 1043 ventiones
386 1018 474 1043 eum
497 1007 726 1055 Apostolica
744 1006 845 1043 Sede
865 1006 985 1043 initas
1007 1007 1112 1043 arbi-

151 1060 287 1096 trariis
313 1061 712 1108 interpretationibus
737 1060 915 1105 violavit3
934 1061 1043 1108 leges
1061 1061 1110 1097 E-

149 1113 323 1160 vangelii
338 1113 563 1161 praeceptis
578 1115 781 1162 oppositas
796 1114 980 1158 sancivit;
995 1114 1109 1151 novis

150 1168 335 1203 continuo
352 1167 573 1204 immodicis
590 1173 631 1205 et
649 1167 837 1216 captiosis
853 1167 1108 1215 petitionibus

152 1220 386 1258 Pontificem
422 1221 657 1266 lacessivit3
692 1221 920 1270 pontificiae
946 1221 1108 1258 ditionis

151 1275 347 1319 civitates,
376 1276 502 1323 ipsam
527 1276 713 1318 Romam,
741 1275 966 1323 occupavit;
985 1272 1107 1323 patri-

150 1330 324 1366 monium
339 1331 386 1366 R.
404 1330 611 1367 Ecclesiae
626 1330 795 1379 imperio
805 1330 956 1366 Gallico
972 1330 1106 1366 adiun-

148 1385 226 1429 xit;
254 1385 489 1421 Pontificem
517 1384 577 1421 his
604 1384 829 1428 iniustitiis,
861 1388 904 1420 ut
929 1384 1104 1420 muneris

147 1441 208 1478 sui
233 1444 335 1485 erat,
355 1440 630 1482 resistentem,
651 1439 689 1475 in
715 1440 884 1476 Galliam
903 1439 1106 1486 captivum

147 1495 322 1540 abduxit,
344 1499 385 1532 et
410 1507 482 1544 per
509 1495 676 1532 lustrum
704 1494 903 1542 integrum
924 1494 1106 1542 multige-

146 1551 207 1589 nis
234 1551 358 1589 modis
383 1551 601 1588 divexavit.

195 1605 325 1649 Quum
343 1606 399 1642 sic
418 1616 591 1648 rursum,
610 1603 802 1641 Pontifice
822 1602 996 1651 captivo,
1010 1603 1106 1642 Car-

147 1659 342 1697 dinalibus
359 1659 562 1708 dispersis,
582 1658 794 1706 episcopis,
814 1658 878 1706 qui
897 1668 968 1705 pro
987 1656 1103 1694 domo

147 1714 220 1752 Dei
247 1715 406 1752 stabant
429 1714 548 1758 firmi,
577 1713 727 1757 eiectiS‚
748 1712 931 1750 Ecclesia
949 1711 1106 1760 pericli-

147 1774 315 1812 taretur,
344 1769 515 1805 adiutrix
547 1768 622 1805 Dei
647 1766 897 1815 providentia
915 1777 1106 1803 coronam

148 1823 196 1860 de
221 1824 351 1871 capite
380 1822 648 1871 persecutoris
673 1821 830 1858 deiecit.
851 1821 1036 1858 Pontifex
1062 1821 1106 1857 li-

149 1877 303 1914 bertate
328 1877 509 1920 donatus
530 1876 683 1924 ingenti
710 1887 798 1913 cum
819 1875 956 1922 plausu
983 1879 1023 1912 et
1040 1887 1105 1912 ve-

150 1931 219 1968 luti
244 1931 419 1968 universi
447 1931 554 1967 orbis
580 1930 782 1968 christiani
812 1930 994 1966 manibus
1020 1941 1108 1977 por-

150 1988 268 2027 tatus,
291 1984 460 2021 Romam
481 1984 608 2027 rediit,
629 1989 668 2020 et
687 1983 962 2032 perturbatum
982 1984 1107 2021 eccle-

148 2039 298 2075 siarum
325 2043 470 2075 statum
497 2038 731 2086 composuit.

200 2094 234 2130 1.
248 2092 422 2130 Comitia
435 2092 644 2139 yeneralia
659 2092 699 2128 in
712 2091 1103 2136 Gallia(an.1789)—

148 2147 371 2184 Ludovicus
387 2146 496 2190 XVI,
517 2158 588 2183 rex
613 2147 779 2190 Galliae,
799 2147 1014 2183 contrariis
1031 2146 1104 2183 sibi

148 2202 351 2238 curiarum
369 2206 410 2238 et
428 2206 766 2248 congregatorum
796 2212 1006 2247 procerum
1026 2205 1104 2237 stu-

148 2256 219 2293 diis
247 2257 466 2300 lacessitus,
492 2255 648 2292 demum
677 2266 739 2291 an.
772 2255 864 2293 1788
890 2255 1104 2299 consensit,

146 2317 191 2349 ut
216 2312 428 2359 generales
446 2311 559 2358 regni
579 2312 714 2347 Status
739 2321 808 2347 seu
829 2310 988 2347 comitia
1006 2310 1105 2348 Ver-

147 2369 255 2405 saliis
290 2371 634 2415 congregarentur
669 2365 718 2402 ad
744 2365 1008 2402 sublevandas
1036 2379 1101 2415 pu-

149 2423 271 2460 blicas
297 2422 554 2471 indigentias,
573 2432 643 2457 scu
661 2419 955 2467 componendas
983 2421 1102 2468 publi-

150 2488 221 2514 cae
247 2477 505 2515 oeconomiae
533 2475 722 2512 rationes.
750 2473 888 2520 Magni
915 2473 1005 2511 inde
1033 2487 1105 2523 per

151 2532 377 2579 provincias
403 2535 533 2567 motus
560 2528 721 2567 excitati
748 2532 838 2564 sunt
857 2528 892 2562 in
913 2528 1106 2576 eligendis

152 2586 210 2628 iis,
232 2587 295 2634 qui
311 2586 359 2623 ad
379 2585 539 2622 comitia
558 2585 804 2631 legarentur,
822 2583 1033 2630 magnique
1052 2584 1108 2619 in—

153 2648 214 2677 ter
234 2642 399 2684 clerum,
421 2641 572 2676 nobiles
586 2643 626 2675 et
641 2638 801 2674 tertium
817 2637 995 2675 ordinem
1017 2649 1107 2674 con-

152 2697 292 2733 flictus.
310 2696 482 2733 Comitia
497 2695 680 2730 inchoata
694 2696 784 2729 sunt
799 2693 862 2728 111⁰
880 2703 1001 2728 nonas
1013 2694 1104 2728 maii

153 2751 255 2788 1789.
285 2751 565 2788 Convenerunt
590 2760 610 2784 e
639 2748 747 2784 clero
775 2748 819 2783 217
846 2747 1032 2794 episcopi,
1061 2748 1106 2783 35

153 2805 314 2841 abbates
342 2810 409 2841 aut
435 2803 630 2846 canonici,
657 2801 728 2839 208
755 2801 944 2848 parochi,
969 2813 1018 2838 cx
1045 2813 1103 2836 or-

152 2860 242 2896 dine
269 2860 384 2897 nobili
414 2860 484 2897 270
511 2858 600 2900 viri,
628 2862 669 2894 et
686 2868 707 2893 e
727 2856 845 2893 tertio
864 2855 1002 2893 ordine
1022 2858 1091 2894 598

153 2914 259 2950 Ordo
280 2915 419 2951 tertius
433 2915 511 2950 iam
533 2912 682 2960 pridem
699 2915 841 2947 contra
861 2911 953 2947 cleri
983 2915 1023 2947 et
1042 2923 1105 2946 no-

152 2967 284 3004 bilium
314 2969 472 3005 ordines
496 2967 703 3009 excitatus,
724 2970 857 3014 partes
871 2976 965 3002 suas
985 2965 1021 3001 in
1043 2977 1105 3002 eo-

153 3034 237 3058 rum
266 3023 549 3060 detrimentum
579 3031 729 3068 augere
757 3019 916 3056 studuit.
940 3020 980 3056 In
1001 3020 1106 3056 nobi-

151 3075 244 3112 lium
265 3077 401 3114 ordine
418 3089 494 3113 non
512 3076 623 3124 pauci
644 3080 760 3112 erant
777 3074 1104 3123 pseudo-sophiae

151 3134 191 3166 et
208 3130 524 3168 innovationibus
539 3130 710 3167 deditis,
725 3130 832 3165 ‹sszlero
845 3129 980 3172 etiam,
995 3140 1105 3177 prae—

151 3185 289 3221 sertim
309 3186 468 3222 secundi
488 3185 648 3224 ordinis,
678 3184 812 3231 plures
839 3187 908 3220 aut
935 3184 1105 3220 lanseni—

151 3238 262 3275 sticis
276 3240 480 3288 principiis
495 3239 631 3276 imbuti
652 3243 722 3275 aut
741 3238 944 3287 promissis
963 3238 1105 3277 fucatis

503 128 669 156 EPOCHA
688 126 777 155 XIII·
801 127 828 154 A
848 125 1033 155 PVBLICA
1055 126 1206 154 RERVM
1230 125 1272 154 ΙΝ
1293 126 1466 155 GALLIIS
1485 126 1774 155 SVBVERSIONE

1164 196 1320 244 decepti
1348 201 1418 234 aut
1443 196 1673 233 ambitionis
1697 197 1760 234 vel
1777 196 1965 234 novitatis
1983 196 2117 234 animo

1163 250 1340 295 excitati,
1356 251 1405 287 ad
1421 251 1584 287 comitia
1600 256 1879 298 properarunt.
1899 251 2014 289 Unde
2031 262 2119 289 coe-

1163 308 1227 341 tus
1244 305 1358 341 huius
1374 305 1512 342 noxios
1529 306 1695 342 effectus
1709 306 2019 355 praesagiebant
2036 306 2115 354 qui-

1163 370 1236 406 que
1264 359 1553 407 prudentiores.

1209 413 1334 450 Tertii
1360 413 1509 450 ordinis
1535 413 1721 461 delegati,
1740 413 1803 462 qui
1829 413 1925 451 duos
1943 414 2118 462 reliquos

1161 466 1321 504 ordines
1346 479 1512 505 numero
1539 468 1798 516 superabant,
1821 467 1933 504 brevi
1957 473 2047 515 post
2063 469 2118 505 ef-

1160 519 1368 566 fecerunt,
1394 526 1438 559 ut
1463 522 1637 566 comitia,
1663 521 1830 558 sublatis
1854 521 2039 559 ordinum
2065 522 2117 559 di-

1160 575 1372 612 stinctione
1392 580 1432 613 et
1448 576 1684 623 privilegiis,
1699 575 1739 611 in
1759 575 2117 623 congregationem

1161 629 1404 667 nationalem
1423 633 1779 674 commutarentur,
1796 630 1836 666 in
1851 640 1927 677 qua
1941 639 2046 666 nova
2058 641 2120 667 re-

1161 683 1229 730 gni
1244 683 1474 721 constitutio
1489 683 1708 721 secundum
1721 688 1907 720 votorum
1919 682 2122 730 pluralita-

1161 741 1241 773 tem
1253 737 1650 775 conficeretur.Tunc
1665 738 1821 774 sublata
1831 737 1978 773 civium
1988 736 2123 773 distin-

1161 792 1289 828 ctione
1301 795 1340 828 et
1351 793 1506 829 abolitis
1517 792 1669 829 cunctis
1678 790 2119 840 privilegiis,decretum

1160 849 1237 889 est,
1253 857 1503 883 communem
1523 846 1704 882 omnibus
1730 850 1771 882 et
1787 844 1952 892 singulis
1969 855 2058 882 esse
2075 845 2118 881 li-

1161 900 1357 937 bertatem
1376 904 1418 937 et
1436 900 1581 936 iurium
1600 899 1900 947 aequalitatem,
1921 909 2119 935 summum

1161 957 1295 990 autem
1321 953 1381 990 ius
1407 965 1495 991 esse
1513 954 1617 1001 apud
1632 954 1850 996 nationem,
1869 952 1981 988 cuius
1995 952 2119 988 nomi-

1159 1019 1208 1044 ne
1227 1019 1269 1044 se
1291 1012 1558 1055 congregatos
1575 1007 1770 1044 dicebant.
1793 1006 1891 1042 Mox
1907 1005 2120 1042 seditiosas

1160 1061 1364 1098 rebellium
1383 1063 1421 1098 in
1437 1061 1751 1110 congregatione
1768 1059 1960 1110 nationali
1975 1059 2119 1096 oratio-

1159 1127 1229 1152 nes
1256 1117 1383 1153 secuti
1409 1122 1502 1154 sunt
1526 1115 1705 1154 seditiosi
1731 1115 1772 1151 in
1796 1113 1958 1150 urbibus
1971 1116 2116 1150 motus.

1159 1170 1403 1208 Rebellionis
1423 1173 1582 1219 signum
1610 1170 1744 1207 datum
1771 1172 1832 1206 est
1857 1167 2038 1213 Parisiis,
2052 1167 2119 1204 ubi

1158 1225 1271 1261 varia
1306 1227 1392 1262 loca
1420 1238 1444 1263 a
1469 1226 1736 1263 tumultuante
1772 1223 1886 1271 plebe
1918 1225 2115 1270 occupata

1157 1280 1405 1323 sunt,domus
1424 1278 1888 1328 depraedatae,nonnulli
1906 1277 2119 1325 magistra-

1158 1339 1219 1371 tus
1244 1339 1284 1372 et
1309 1336 1454 1373 milites
1479 1335 1614 1372 occisi.
1643 1334 1778 1371 Pridie
1796 1343 1920 1370 nonas
1938 1332 2113 1370 octobris

1155 1394 1346 1438 seditiosi,
1363 1391 1687 1440 congregationis
1713 1389 1925 1427 nationalis
1946 1389 2118 1439 patroci-

1157 1452 1222 1487 nio
1245 1452 1338 1489 freti
1359 1455 1400 1488 et
1418 1449 1591 1487 consiliis
1618 1446 1958 1491 excitati,necatis
1977 1445 2117 1495 palatii

1158 1507 1259 1554 regii
1287 1505 1525 1549 custodibus,
1548 1504 1792 1541 Ludovicum
1810 1502 1904 1538 XVI
1918 1500 2116 1538 Ver-saliis

1157 1562 1409 1599 abduxerunt
1426 1560 1701 1607 Parisios‚quo
1717 1558 1839 1595 etiam
1854 1554 2114 1604 congregatio

1159 1617 1368 1655 nationalis
1393 1627 1435 1653 se
1462 1613 1680 1652 transtulit.
1697 1612 1848 1650 Eodem
1869 1615 2050 1659 tempore
2076 1609 2115 1646 in

1158 1671 1372 1720 provinciis
1407 1668 1612 1707 seditionis
1646 1670 1776 1704 motus
1810 1673 1951 1703 contra
1989 1663 2118 1713 legiti-

1158 1737 1263 1763 mam
1282 1725 1563 1763 auctoritatem
1582 1721 1795 1759 instaurati
1818 1724 1922 1758 sunt.

1206 1781 1369 1818 Interim
1397 1779 1453 1816 sic
1479 1778 1573 1816 dicti
1601 1776 1774 1814 nationis
1800 1774 1998 1825 deputati,
2025 1785 2115 1824 pro-

1158 1835 1330 1872 bioribus
1347 1834 1437 1871 inde
1456 1831 1764 1876 discedentibus,
1783 1834 1865 1867 tum
1893 1836 2036 1867 eontra
2053 1841 2116 1867 re-

1158 1890 1262 1938 giam
1291 1889 1571 1926 auctoritatem
1598 1891 1682 1923 tum
1701 1889 1843 1922 contra
1860 1884 2113 1931 Religionem

1158 1945 1323 1982 decreta
1349 1944 1485 1991 iniqua
1512 1940 1831 1990 promulgabant.
1860 1939 2046 1976 Cultuurn
2072 1938 2116 1974 li-

1158 1999 1292 2036 bertas
1318 2002 1358 2034 et
1383 1996 1564 2033 omnibus
1589 1994 1676 2030 sine
1703 1992 1907 2039 religionis
1925 1990 2116 2028 discrimi—

1158 2065 1206 2089 ne
1225 2052 1364 2089 eadem
1384 2051 1472 2087 iura
1487 2049 1618 2086 civilia
1634 2059 1681 2084 ac
1696 2046 1857 2095 politica
1873 2045 2033 2082 fuerunt
2049 2044 2116 2082 de-

1159 2107 1330 2149 clarata,
1356 2105 1536 2141 decimae
1564 2102 1748 2144 abolitae,
1775 2099 1910 2136 omnia
1936 2098 2040 2134 bona
2052 2109 2114 2135 ec-

1159 2160 1384 2198 clesiastica
1403 2158 1554 2195 nationi
1580 2154 1804 2193 adiudicata
1829 2163 2050 2201 magnaque
2064 2163 2114 2189 ex

1159 2219 1273 2263 parte
1291 2213 1465 2257 vendita,
1476 2222 1613 2249 omnes
1628 2211 1666 2245 in
1682 2213 1764 2245 toto
1778 2208 1983 2245 Gallorum
1998 2206 2116 2243 terri-

1159 2271 1260 2307 torio
1287 2268 1458 2306 Ordines
1486 2264 1662 2313 religiosi
1688 2262 1904 2311 suppressi,
1921 2266 2016 2297 vota
2033 2271 2112 2304 mo,

1157 2325 1324 2368 nastiea,
1352 2323 1475 2360 veluti
1502 2321 1660 2357 nativae
1688 2318 1864 2355 libertati
1894 2317 2112 2354 contraria-

1156 2381 1317 2423 abolita,
1334 2377 1508 2426 religiosi
1528 2388 1549 2413 e
1565 2374 1765 2413 coenobiis
1783 2372 1883 2422 pulsi
1898 2383 2112 2421 eorumque

1157 2436 1260 2471 bona
1292 2433 1441 2470 nationi
1471 2431 1639 2468 addicta.
1669 2430 1820 2467 Contra
1843 2438 1944 2476 quae
1959 2427 2114 2476 aliaque

1155 2489 1317 2526 decreta
1345 2487 1477 2535 plures
1496 2484 1651 2533 quidem
1667 2482 1857 2530 deputati,
1874 2482 2112 2529 praesertim

1156 2555 1205 2580 ex
1232 2541 1446 2590 episcopis,
1471 2540 1760 2582 reclamarunt,
1786 2536 1855 2574 sed
1881 2535 2057 2574 seditiosi
2074 2541 2115 2574 et

1158 2607 1323 2634 numero
1343 2600 1383 2633 et
1401 2595 1568 2631 audacia
1589 2592 1875 2642 praevalebant
1890 2593 1916 2626 ¹.

1203 2652 1239 2688 2.
1255 2649 1493 2688 Conscientia
1510 2649 1622 2686 Cleri
1641 2647 2038 2692 (an.1790)—Eadem
2053 2659 2114 2685 ra-

1159 2707 1263 2743 tlene
1285 2716 1388 2742 anno
1409 2705 1500 2742 1790
1515 2704 1678 2741 decreta
1691 2708 1753 2741 est
1769 2703 1825 2740 sic
1842 2703 1948 2739 dicta
1961 2703 2116 2740 Consti—

1157 2761 1254 2798 tutio
1274 2759 1404 2796 civilis
1428 2759 1553 2803 Cleri,
1574 2771 1650 2807 qua
1668 2759 1863 2796 ecclesiae
1883 2758 2113 2796 Gallicanae

1158 2828 1245 2852 cum
1274 2816 1458 2851 Romana
1484 2814 1710 2851 communio
1738 2814 2010 2862 rumpebatur,
2031 2814 2113 2851 illa-

1158 2882 1231 2918 que
1258 2870 1295 2906 in
1326 2874 1470 2905 tetrum
1506 2869 1682 2906 schisma
1709 2869 2008 2915 coniieiebatur.
2034 2869 2113 2907 Ista

1158 2925 1454 2966 constitutione,
1471 2923 1685 2961 destructis
1704 2924 1774 2961 135
1791 2923 1946 2961 sedibus
1965 2923 2112 2972 episco-

1160 2980 1325 3026 palibus,
1337 2989 1436 3026 quae
1449 2978 1485 3014 in
1497 2979 1626 3015 Gallia
1635 2982 1764 3022 crant,
1775 2978 1988 3015 secundum
2000 2987 2112 3026 prae-

1158 3034 1402 3069 fecturarum
1420 3044 1627 3070 numerum
1644 3037 1685 3070 et
1702 3033 2109 3080 circumscriptionem

1159 3098 1283 3123 novae
1311 3088 1356 3124 823
1383 3087 1629 3134 episcopales
1656 3087 1784 3131 sedes,
1818 3087 1919 3123 inter
1945 3097 2040 3134 quas
2067 3088 2111 3125 10

1203 3197 1211 3218 ¹
1241 3198 1343 3233 l’ieol,
1372 3193 1551 3227 Me'nmires
1578 3206 1666 3237 pour
1692 3197 1800 3230 servir
1824 3195 1844 3229 ἀ
1870 3194 1984 3228 l'1u's1.
2011 3194 2106 3236 eccl„

1156 3253 1210 3276 an.
1242 3243 1342 3282 1789;
1369 3241 1532 3280 Gaboum,
1561 3242 1708 3276 Histoire
1733 3243 1773 3276 de
1799 3244 1832 3276 la
1857 3239 2060 3275 revolution.
