2241 3473
152 195 224 233 xit.
245 195 289 232 In
309 207 355 232 ea
375 192 590 240 Therapius
606 189 806 238 episcopus
823 217 832 234 ,
846 188 946 236 quod
963 186 1093 224 Victo-

152 249 187 286 ri
214 249 464 298 presbytero,
492 246 530 282 in
551 242 818 292 perseeutione
839 241 966 289 lapso,
986 252 1095 289 prae-

151 312 316 351 propere
331 310 467 349 pacem
481 296 718 340 reddiderat,
729 295 990 342 reprehensus
1005 292 1092 330 fuit.

153 354 356 392 Geminius
376 352 526 395 Victor,
548 348 650 397 quod
671 347 839 384 moriens
859 346 1093 384 Faustinum

152 408 424 456 presbyterum
445 406 580 440 contra
601 412 767 438 canones
788 400 998 437 liberorum
1014 411 1095 436 suo-

151 472 239 498 rum
250 462 430 497 ‘tutorem
449 455 687 499 instituerat,
705 453 908 491 sacrificiis
928 455 967 490 et
984 453 1094 490 obla-

152 513 322 551 tionibus
346 510 519 548 fidelium
541 508 721 545 exclusus
741 509 821 553 est;
842 509 882 544 et
901 506 1096 544 sententia

152 566 238 604 Fidi
259 563 436 613 episcopi,
456 561 523 610 qui
542 560 751 598 infantium
771 560 1007 609 baptismum
1030 571 1096 597 se-

153 619 323 656 cundum
338 617 462 664 legem
480 613 783 652 circumcisionis
802 613 980 661 usquead
993 613 1096 650 diem

153 674 331 709 octavam
353 668 613 707 differendum
633 679 717 705 esse
738 667 985 716 opinabatur,
1001 665 1098 703 reie-

152 728 216 762 cta
235 725 305 769 est,
326 723 427 771 quod
448 721 543 759 nulli
559 721 759 758 hominum
779 723 869 757 nato
887 720 1098 757 misericor-

152 777 217 815 dia
237 777 308 815 Dei
329 788 374 813 ac
395 775 524 824 gratia
544 775 771 823 deneganda
790 774 868 811 sint
881 772 905 810 ¹.

204 831 267 868 78.
294 830 452 867 Causae
470 829 691 872 Marciani,
708 827 907 864 Basilidis
927 831 969 863 et
987 826 1098 863 Mar-

155 885 268 921 tz‘aZz's
285 883 472 920 ——Tanta
491 885 578 920 erat
599 893 665 930 per
680 893 833 918 omnem
854 880 997 928 ubique
1018 879 1097 916 Ec-

152 937 310 974 clesiam
339 949 368 974 s.
391 935 579 985 Cypriani
604 935 723 979 fama,
746 938 789 971 ut
813 933 925 971 multi
946 933 1098 970 antisti-

151 994 211 1029 tes
240 990 281 1027 in
311 990 561 1039 gravioribus
592 987 758 1037 negotiis
788 987 995 1024 consilium
1017 986 1098 1023 eius

152 1044 398 1093 expeterent,
415 1042 471 1081 uti
490 1042 529 1079 in
546 1042 675 1080 causis
691 1040 883 1079 Marciani
898 1040 1098 1077 Arelaten-

153 1098 218 1144 sis,
237 1096 420 1135 Basilidis
441 1095 694 1144 Legionensis
715 1097 754 1131 et
773 1093 968 1132 Martialis
984 1094 1099 1130 Astu-

153 1150 313 1188 ricensis
332 1149 601 1199 conspicimus,
630 1147 877 1194 Marcianus,
898 1146 1098 1195 episcopus

152 1203 406 1249 Arelatensis,
435 1203 483 1240 ad
510 1202 545 1240 N
551 1202 823 1239 ovatianorum
844 1205 976 1250 partes
997 1199 1098 1236 dila-

153 1269 257 1307 psus,
276 1257 394 1306 lapsis
415 1256 671 1308 quantumvis
691 1254 976 1304 poenitentibus
1001 1265 1100 1290 com-

153 1311 376 1348 munionem
397 1322 444 1347 ac
460 1320 595 1358 pacem
617 1309 787 1358 negabat
807 1308 932 1345 etiam·
947 1307 985 1343 in
1002 1318 1100 1343 mor-

152 1364 202 1402 tis
231 1363 417 1413 periculo,
447 1362 639 1400 Basilides
660 1360 910 1410 Legionensis
929 1363 967 1397 et
982 1359 1098 1399 Mar-

153 1417 261 1455 tialis
276 1416 536 1455 Asturicensis
552 1416 590 1452 in
608 1415 797 1465 Hispania
812 1413 994 1463 episcopi,
1005 1416 1100 1450 tem-

154 1483 247 1520 pore
263 1468 859 1520 persecutionis,libellaticorum
877 1467 1026 1504 crimen
1037 1467 1100 1504 ad-

152 1525 352 1562 miserant.
375 1524 459 1561 Hae
479 1534 620 1560 causae
633 1552 642 1569 ,
663 1525 797 1571 utpote
818 1521 983 1558 maiores
999 1549 1008 1565 ,
1033 1532 1098 1557 se-

151 1578 324 1615 cundum
345 1577 496 1615 avitum
517 1587 667 1614 morem
688 1577 737 1613 ad
757 1574 1022 1623 Apostolicam
1037 1574 1100 1610 Se-

151 1632 240 1669 dem
260 1631 437 1680 perlatae
457 1633 561 1668 sunt.
577 1630 800 1678 Stephanus
818 1629 901 1676 Pp„
918 1628 1099 1664 hortante

154 1697 183 1723 s.
205 1684 423 1734 Cypriano,
444 1684 510 1733 qui
529 1684 577 1720 de
598 1694 718 1720 causa
738 1681 933 1719 Marciani
954 1680 1097 1717 Arela-

154 1739 276 1777 tensis
302 1750 325 1775 a
343 1737 532 1776 Faustino
553 1735 803 1786 Lugdunensi
824 1734 955 1772 fuerat
974 1734 1099 1770 inter-

155 1791 335 1842 pellatus,
361 1790 608 1828 Marcianum
629 1789 825 1839 deposuit,
845 1788 1041 1836 aliumque
1062 1787 1100 1824 in

154 1846 282 1883 locum
314 1844 396 1882 eius
425 1842 690 1893 subrogavit2.
721 1842 910 1880 Basilides
929 1845 969 1878 et
989 1841 1099 1878 Mar-

156 1899 261 1936 tialis
281 1910 304 1935 a
323 1897 547 1948 provinciae
569 1897 757 1946 episcopis
777 1897 825 1933 ad
845 1895 986 1933 laicam
1003 1906 1100 1931 com-

156 1952 379 1990 munionem
399 1951 545 1988 redacti
562 1952 730 1995 fuerant,
749 1949 894 1987 Sabino
916 1951 955 1985 et
970 1947 1100 1985 Felice

156 2006 196 2043 in
227 2017 362 2043 eorum
382 2005 508 2042 locum
530 2004 728 2042 ordinatis.
751 2004 829 2041 Sed
849 2001 1038 2040 Basilides
1059 2013 1099 2039 se

157 2060 324 2097 Romam
358 2058 524 2095 contulit
541 2088 550 2104 ,
583 2060 622 2095 et
654 2057 866 2106 supplicem
899 2055 1073 2092 libellum
1090 2083 1099 2101 ,

158 2111 370 2150 mendaciis
403 2112 539 2149 multis
568 2111 781 2160 repletum,
810 2109 1008 2157 Stephano
1031 2109 1099 2156 Pp.

158 2166 313 2211 obtulit,
344 2170 386 2203 ut
416 2176 483 2214 per
510 2176 598 2203 eum
619 2165 701 2202 sedi
722 2169 760 2200 et
783 2163 944 2212 pristino
964 2161 1100 2198 honori

158 2220 446 2257 restitueretur.
478 2218 519 2255 Id
543 2230 660 2267 quum
682 2217 914 2254 resciverint
934 2215 1100 2265 episcopi

158 2273 333 2322 Hispani,
356 2273 521 2310 Romam
542 2272 725 2321 legarunt
741 2270 927 2308 Sabinum
945 2281 989 2306 ac
1006 2268 1103 2305 Feli-

157 2338 239 2364 cem
255 2356 264 2373 ,
285 2326 421 2375 iisque,
444 2329 486 2363 ut
507 2325 675 2363 validius
694 2335 851 2362 causam
872 2323 974 2372 apud
995 2323 1102 2370 Apo-

157 2380 337 2418 stolicam
365 2379 504 2416 Sedem
535 2380 842 2428 propugnarent,
871 2378 1103 2421 suaserunt,

159 2436 201 2471 ut
217 2434 324 2482 prius
345 2433 625 2482 s.Cyprianum
646 2444 692 2469 ea
712 2433 757 2469 de
778 2442 819 2468 re
839 2430 1031 2468 audirent.
1045 2429 1103 2466 Illi

157 2486 434 2536 Carthaginem
464 2486 626 2535 profecti
646 2488 749 2531 sunt,
778 2484 1017 2534 Cyprianum
1039 2495 1103 2520 au-

157 2541 326 2586 dierunt,
342 2540 500 2589 eiusque
522 2539 739 2577 testimonio
760 2537 915 2582 muniti,
938 2538 1105 2574 Romam

158 2594 461 2642 adnavigarunt,
471 2597 513 2631 ut
525 2593 826 2631 libellaticorum
838 2591 1103 2640 episcoporum

159 2647 362 2685 mendacia
383 2659 515 2685 coram
535 2647 759 2685 refellerent
771 2644 797 2683 ³.

211 2701 272 2738 79.
294 2700 366 2738 Lis
384 2702 431 2738 cle
447 2702 748 2739 haereticorum
764 2697 1107 2748 baptismo—Alia

159 2754 370 2804 gravisque
402 2756 475 2792 sub
500 2754 729 2804 pontificatu
750 2765 778 2791 s.
802 2752 988 2801 Stephani
1011 2763 1106 2788 con-

158 2808 351 2845 troversia
376 2808 526 2857 agitata
555 2808 652 2852 fuit,
674 2819 723 2845 an
745 2807 895 2844 scilicet
922 2806 959 2850 ii,
981 2804 1045 2854 qui
1069 2804 1105 2840 in

158 2861 334 2898 coetibus
350 2863 397 2898 ab
421 2862 598 2899 Ecclesia
617 2861 809 2899 catholica
835 2860 1020 2897 seiunctis
1038 2860 1107 2895 ba-

161 2914 314 2964 ptizati,
346 2915 392 2951 ad
416 2915 516 2952 hanc
539 2918 836 2953 reverterentur
852 2943 860 2958 ,
880 2917 1005 2951 essent
1029 2913 1107 2949 itc-

161 2980 246 3005 rum
286 2968 500 3016 baptizandi
538 2981 607 3006 nec
637 2981 694 3006 ne.
727 2967 929 3006 Generalis
958 2977 1108 3014 sempor

668 127 822 155 EPOCHA
849 127 891 154 11.
922 127 950 153 A
977 125 1116 152 MORTE
1143 117 1174 151 S.
1204 124 1366 151 IOANNIS
1395 125 1585 153 APOSTOLI

1137 198 1203 224 nes
1223 199 1297 225 non
1318 189 1464 224 iterum
1484 187 1779 236 baptizarentur
1795 219 1805 234 ,
1834 189 1901 227 sed
1922 190 2077 228 tantum

1136 252 1271 278 manus
1298 240 1541 289 impositione
1567 242 1614 278 ad
1644 242 1923 290 poenitentiam
1953 245 1993 280 et
2012 254 2080 280 re-

1137 293 1450 331 conciliationem
1489 294 1802 333 admitterentur.
1839 296 1952 333 Anno
1991 307 2086 333 vero

1135 348 1213 384 217
1243 347 1416 385 Africani
1445 347 1481 383 in
1513 348 1660 396 synodo
1689 348 1991 397 Carthaginensi
2011 349 2087 387 sub

1136 401 1350 450 Agrippino
1378 403 1514 437 contra
1535 412 1778 437 communem
1801 402 1999 440 Ecclesiae
2019 415 2088 440 re-

1137 455 1272 503 gulam
1299 456 1544 499 statuerant,
1567 456 1611 491 ut
1629 453 1814 502 baptizati
1838 455 1888 492 ab
1908 455 2085 493 haereti-

1138 507 1212 554 cis,
1233 508 1265 545 si
1286 508 1334 544 ad
1356 508 1574 544 Ecclesiam
1594 508 1906 554 reverterentur,
1928 520 2090 546 rursum

1139 561 1440 610 baptizarentur.
1462 561 1570 598 Idem
1586 560 1701 609 paulo
1724 561 1808 608 post
1831 561 2090 600 constitutum

1140 614 1224 652 fuit.
1249 614 1288 651 in
1326 614 1516 651 Iconiensi
1560 613 1758 662 Phrygiae
1781 614 1839 652 .et
1866 614 2086 662 Synadensi

1138 667 1254 705 Asiae
1280 668 1450 717 synodis.
1481 668 1592 704 Anno
1618 674 1749 704 autem
1769 665 1847 704 255
1872 678 1902 703 s.
1923 667 2087 716 Cypria-

1140 722 1437 770 nus,episcopus
1449 720 1767 769 Carthaginensis
1788 722 1828 757 et
1839 719 1997 757 Africae
2013 720 2088 769 pri-

1138 786 1234 821 mas,
1256 776 1304 812 ab
1326 774 1517 823 episcopis
1538 773 1748 811 Numidiae
1765 773 1982 819 consultus,
1997 785 2088 823 quo-

1138 828 1250 865 modo
1270 830 1517 865 revertentes
1537 840 1560 865 a
1581 827 1894 865 Novatianorum
1911 829 2018 865 secta
2033 838 2089 864 es-

1139 885 1226 918 sent
1245 881 1495 930 suscipiendi,
1514 882 1728 918 secundum
1749 883 1952 929 receptum
1971 880 2010 917 in
2027 881 2087 917 A-

1140 934 1236 971 frica
1255 947 1402 972 morem
1422 935 1632 983 respondit,
1653 934 1752 980 illos,
1773 934 1875 971 sicut
1896 933 1993 971 alios
2013 946 2088 971 ex-

1139 995 1201 1026 tra
1221 989 1436 1026 Ecclesiam
1456 988 1684 1037 baptizatos,
1700 999 1784 1024 esse
1804 999 1900 1025 vero
1917 991 1957 1024 et
1975 987 2089 1025 unico

1141 1041 1337 1080 Ecclesiae
1378 1041 1592 1078 catholicae
1636 1041 1826 1089 baptismo
1869 1040 2090 1089 tingendos.

1141 1095 1249 1133 Idem
1279 1095 1537 1133 constitutum
1559 1096 1616 1132 est
1636 1094 1674 1131 in
1696 1095 1844 1142 synodo
1864 1093 1916 1131 30
1937 1093 2091 1143 episco-

1143 1160 1290 1197 porum,
1307 1160 1423 1197 quam
1439 1160 1467 1186 s.
1486 1148 1704 1196 Cyprianus
1725 1160 1772 1185 ea
1792 1148 1838 1185 de
1860 1158 1978 1185 causa
1993 1146 2093 1184 Car-

1140 1202 1301 1251 thagine
1321 1202 1473 1239 indixit.
1495 1203 1593 1239 Cum
1613 1203 1746 1238 tamen
1768 1202 1899 1250 plures
1918 1199 1958 1237 in
1978 1199 2091 1237 Afri-

1142 1267 1206 1301 ca,
1236 1255 1426 1293 Numidia
1447 1259 1486 1292 et
1505 1255 1749 1293 Mauritania
1768 1254 1938 1304 episcopi
1957 1265 2091 1291 secun-

1143 1309 1234 1346 dum
1264 1309 1431 1357 priscam
1459 1308 1795 1354 consuetudinem,
1816 1308 2023 1345 redeuntes
2043 1308 2091 1345 ab

1142 1362 1290 1400 haeresi
1317 1362 1399 1399 sola
1419 1373 1558 1399 manus
1577 1362 1822 1410 impositione
1843 1361 2065 1411 reciperent
2081 1389 2090 1406 ,

1141 1428 1170 1453 s.
1210 1416 1440 1464 Cyprianus,
1458 1427 1504 1452 ne
1525 1415 1715 1452 catholica
1736 1415 1866 1453 unitas
1882 1426 1931 1452 ex
1947 1415 2020 1452 hac
2034 1414 2087 1451 di-

1142 1469 1328 1506 versitate
1354 1469 1609 1513 scinderetur,
1630 1469 1746 1506 libros
1767 1468 1921 1516 scripsit
1940 1468 1989 1505 de
2015 1468 2086 1504 bo-

1141 1534 1194 1560 no
1206 1523 1449 1571 patienciae,
1461 1522 1508 1559 de
1523 1524 1608 1559 zelo
1625 1527 1665 1560 et
1681 1523 1818 1567 livore,
1828 1521 2026 1570 aliamque
2039 1521 2087 1558 71

1142 1576 1411 1625 episcoporum
1445 1576 1638 1624 synodum
1677 1576 1815 1624 coegit.
1855 1575 1965 1612 Haec
2002 1586 2091 1612 cum

1142 1629 1283 1678 prioris
1312 1629 1513 1666 decretum
1548 1629 1838 1674 confirmasset,
1869 1627 2091 1677 Cyprianus

1141 1683 1235 1720 illud
1257 1682 1304 1720 ad
1324 1694 1353 1720 s.
1377 1682 1619 1731 Stephanum
1642 1682 1711 1731 Pp.
1734 1681 1894 1719 direxit.

1194 1737 1342 1774 Verum
1374 1736 1596 1784 Stephanus
1623 1735 1790 1773 novitati
1812 1735 2091 1773 Africanorum

1141 1789 1296 1827 fortiter
1318 1789 1480 1835 restitit3
1497 1789 1784 1837 rescripsitque,
1801 1782 2018 1826 s'eeundum
2034 1799 2091 1825 re-

1141 1847 1295 1892 ceptam
1317 1855 1339 1879 a
1355 1843 1540 1880 Patribus
1560 1843 1751 1891 regulam,
1768 1843 1873 1879 circa
1893 1844 2091 1879 reverten-

1140 1899 1221 1934 tem
1240 1898 1288 1934 ab
1310 1896 1475 1941 haeresi,
1492 1896 1587 1933 nihil
1603 1908 1685 1933 esse
1702 1896 1969 1933 innovandum
1987 1907 2093 1944 prae-

1142 1956 1201 1987 ter
1226 1961 1364 1987 manus
1394 1949 1677 1998 impositionem
1704 1950 1752 1986 ad
1782 1948 2090 1998 poenitentiam:

1144 2004 1207 2041 «Si
1225 2004 1310 2052 quis
1327 2015 1349 2040 a
1364 2015 1607 2052 quacumque
1625 2002 1774 2040 haeresi
1787 2002 1940 2040 venerit
1950 2003 1999 2040 ad
2012 2014 2095 2047 nos,

1143 2057 1238 2094 nihil
1258 2057 1484 2102 innovetur,
1508 2057 1593 2101 nisi,
1615 2056 1717 2105 quod
1739 2055 1926 2093 traditum
1949 2058 2029 2102 est,
2053 2059 2097 2093 ut

1143 2122 1279 2148 manus
1300 2109 1356 2147 illi
1378 2111 1601 2158 imponatur
1622 2109 1670 2146 ad
1691 2110 1970 2158 poenitentiam
1991 2121 2028 2147 ›>.
2083 2149 2088 2155 ,

1196 2163 1370 2201 Africani
1385 2166 1518 2200 tamen
1535 2175 1708 2200 errorem
1725 2174 1839 2200 suum
1853 2163 2018 2200 necdum
2032 2163 2093 2199 de-

1143 2215 1481 2267 posuerunt.Nova
1491 2217 1817 2265 87episcoporum
1826 2216 1996 2265 synodus
2006 2215 2095 2253 Car-

1143 2270 1304 2317 thagine
1320 2270 1465 2315 habita,
1477 2269 1516 2306 in
1529 2271 1705 2307 eamdem
1719 2282 1763 2307 ac
1775 2270 1922 2319 priores
1936 2272 2096 2307 senten-

1143 2324 1239 2361 tiam
1260 2323 1469 2361 descendit.
1488 2324 1598 2361 Hanc
1614 2324 1760 2361 acriter
1781 2324 1900 2361 etiam
1922 2323 2096 2361 defendit

1143 2377 1408 2422 FirmilianuS,
1429 2377 1632 2425 episcopus
1652 2377 1867 2414 Caesareae
1887 2377 1926 2414 in
1946 2378 2094 2426 Cappa-

1145 2431 1266 2468 docia.
1285 2431 1505 2479 Stephanus
1521 2430 1726 2475 Africanis,
1739 2442 1886 2468 morem
1902 2442 2017 2467 suum
2033 2431 2094 2468 de-

1147 2485 1404 2529 fendentibus,
1424 2484 1868 2521 exeomuniuit-ationem
1887 2483 2102 2522 commina-

1149 2544 1208 2575 tus
1229 2541 1299 2575 est.
1330 2537 1563 2575 Animorum
1584 2538 1780 2575 contentio
1803 2538 2001 2587 utrimque
2021 2548 2101 2575 cre-

1149 2592 1217 2636 vit,
1238 2591 1370 2636 donec,
1391 2590 1563 2628 excitata
1585 2603 1608 2628 a
1629 2592 1842 2629 Valeriano
1862 2591 2099 2640 imperatore

1150 2644 1431 2694 persecutione,
1452 2644 1579 2693 sopita
1601 2645 1685 2681 fuit.
1706 2647 1850 2683 Postea
1865 2645 1904 2682 in
1921 2644 2098 2690 concilio,

1148 2699 1247 2747 quod
1269 2710 1297 2735 s.
1319 2698 1563 2747 Augustinus
1586 2699 1802 2747 plenarium
1823 2698 2008 2748 appellat,
2029 2709 2096 2736 seu

1149 2751 1366 2788 Arelatensi
1398 2763 1467 2788 seu
1499 2751 1669 2789 Nicaeno
1692 2753 1720 2798 I,
1743 2751 2013 2790 controversia
2032 2763 2098 2789 se-

1149 2805 1318 2842 cundum
1340 2817 1369 2842 s.
1391 2804 1577 2853 Stephani
1602 2806 1838 2855 rescriptum
1860 2807 1900 2842 et
1920 2816 2099 2842 commu-

1152 2870 1239 2895 nem
1262 2858 1459 2895 Ecclesiae
1481 2860 1660 2907 regulam
1682 2859 1844 2897 definita
1865 2860 1924 2896 est
1942 2857 1965 2895 ¹.

1203 2911 1368 2953 Quidam
1391 2912 1515 2949 critici
1533 2914 1656 2950 totam
1673 2913 1790 2950 huius
1806 2910 2097 2949 controversiae

1152 2965 1353 3003 historiam
1375 2965 1537 3004 inficiati
1560 2969 1670 3015 sunt,
1691 2977 1856 3014 eamque
1878 2968 1920 3002 ut
1938 2965 2101 3003 Donati-

162 3021 291 3058 sucrat
311 3022 508 3059 Ecclesiae
530 3023 684 3071 praxis,
703 3025 746 3059 ut
766 3020 954 3066 eiusmodi
979 3019 1105 3057 homi·
1158 3055 1162 3057 .

203 3112 211 3132 ¹
232 3091 318 3150 apud
337 3112 448 3148 Labhc,
467 3113 589 3143 Camil.
609 3117 626 3143 t.
646 3116 664 3151 Ι,
683 3125 709 3154 p.
728 3114 796 3146 7t1.

203 3153 216 3174 ‘2
232 3153 251 3182 S
277 3154 430 3192 Cypriam,
447 3154 553 3193 Epist
573 3156 620 3186 (38.
639 3157 674 3187 (ts
689 3158 797 3187 llaron.
817 3158 855 3187 acl
874 3167 923 3188 an.
936 3158 1006 3189 ⁹258.

203 3195 216 3216 ³
231 3196 259 3227 S.
277 3196 430 3235 cyprian,
448 3196 557 3236 Epist.
574 3197 628 3236 673
647 3199 758 3230 nai-on.
776 3199 833 3230 loc.
851 3200 902 3230 cit.

1193 3117 1200 3137 ¹
1220 3118 1246 3147 S.
1265 3118 1419 3157 cyprian,
1438 3119 1546 3158 Epist.
1565 3118 1674 3156 70-76;
1692 3128 1715 3148 s.
1732 3119 1882 3159 Augustini
1899 3144 1905 3155 ,
1920 3119 1968 3150 Dc
1984 3119 2102 3160 bapti-

1152 3169 1239 3195 smo;
1260 3161 1393 3191 Vincvnt.
1412 3161 1514 3200 Lirin,
1529 3160 1772 3192 Commonitor.
1791 3171 1814 3191 c.
1835 3161 1868 3199 63
1885 3161 1998 3200 nabbe,
2014 3161 2099 3194 Gon-

1152 3201 1207 3232 cil.
1225 3205 1244 3232 t.
1262 3202 1283 3240 1,
1300 3211 1327 3241 p.
1347 3201 1405 3232 710
1422 3212 1486 3242 seq.
