<?xml version="1.0" encoding="UTF-8"?>
<!DOCTYPE html PUBLIC "-//W3C//DTD XHTML 1.0 Transitional//EN"
    "http://www.w3.org/TR/xhtml1/DTD/xhtml1-transitional.dtd">
<html xmlns="http://www.w3.org/1999/xhtml" xml:lang="en" lang="en">
 <head>
  <title>
</title>
<meta http-equiv="Content-Type" content="text/html;charset=utf-8" />
  <meta name='ocr-system' content='tesseract 3.04.00' />
  <meta name='ocr-capabilities' content='ocr_page ocr_carea ocr_par ocr_line ocrx_word'/>
</head>
<body>
  <div class='ocr_page' id='page_1' title='image "./historiaeecclesi01wout_0051.png"; bbox 0 0 2241 3473; ppageno 0'>
   <div class='ocr_carea' id='block_1_1' title="bbox 609 150 1462 184">
    <p class='ocr_par' dir='ltr' id='par_1_1' title="bbox 609 150 1462 184">
     <span class='ocr_line' id='line_1_1' title="bbox 609 150 1462 184; baseline -0.002 -4"><span class='ocrx_word' id='word_1_1' title='bbox 609 153 736 184; x_wconf 72' lang='lat' dir='ltr'>VSQVE</span> <span class='ocrx_word' id='word_1_2' title='bbox 765 153 818 181; x_wconf 78' lang='lat' dir='ltr'>An</span> <span class='ocrx_word' id='word_1_3' title='bbox 847 150 996 180; x_wconf 84' lang='lat' dir='ltr'>OBITVM</span> <span class='ocrx_word' id='word_1_4' title='bbox 1024 151 1055 179; x_wconf 87' lang='lat' dir='ltr'>S.</span> <span class='ocrx_word' id='word_1_5' title='bbox 1084 150 1245 179; x_wconf 77' lang='lat' dir='ltr'>IOANNIS</span> <span class='ocrx_word' id='word_1_6' title='bbox 1274 151 1462 179; x_wconf 74' lang='lat' dir='ltr'>APOSTOLI</span> 
     </span>
    </p>
   </div>
   <div class='ocr_carea' id='block_1_2' title="bbox 62 216 1014 2665">
    <p class='ocr_par' dir='ltr' id='par_1_2' title="bbox 67 216 1014 1694">
     <span class='ocr_line' id='line_1_2' title="bbox 128 216 1012 268; baseline -0.001 -12"><span class='ocrx_word' id='word_1_7' title='bbox 128 217 191 256; x_wconf 84' lang='lat'>41.</span> <span class='ocrx_word' id='word_1_8' title='bbox 213 216 478 256; x_wconf 78' lang='lat' dir='ltr'>De&#39;aeonz‘ssae</span> <span class='ocrx_word' id='word_1_9' title='bbox 493 238 541 246; x_wconf 94' lang='lat'>—</span> <span class='ocrx_word' id='word_1_10' title='bbox 559 218 617 256; x_wconf 80' lang='lat' dir='ltr'>Ex</span> <span class='ocrx_word' id='word_1_11' title='bbox 642 218 803 268; x_wconf 85' lang='lat' dir='ltr'>epistola</span> <span class='ocrx_word' id='word_1_12' title='bbox 831 218 875 255; x_wconf 92' lang='lat' dir='ltr'>D.</span> <span class='ocrx_word' id='word_1_13' title='bbox 897 217 1012 255; x_wconf 88' lang='lat' dir='ltr'>Pauli</span> 
     </span>
     <span class='ocr_line' id='line_1_3' title="bbox 77 270 1010 319; baseline -0.002 -9"><span class='ocrx_word' id='word_1_14' title='bbox 77 271 125 310; x_wconf 86' lang='lat' dir='ltr'>ad</span> <span class='ocrx_word' id='word_1_15' title='bbox 152 272 401 309; x_wconf 86' lang='lat' dir='ltr'>Timotheum</span> <span class='ocrx_word' id='word_1_16' title='bbox 423 274 463 308; x_wconf 88' lang='lat' dir='ltr'>et</span> <span class='ocrx_word' id='word_1_17' title='bbox 490 283 538 309; x_wconf 79' lang='lat' dir='ltr'>cx</span> <span class='ocrx_word' id='word_1_18' title='bbox 574 272 744 310; x_wconf 89' lang='lat' dir='ltr'>ciusdem</span> <span class='ocrx_word' id='word_1_19' title='bbox 772 270 935 319; x_wconf 86' lang='lat' dir='ltr'>epistola</span> <span class='ocrx_word' id='word_1_20' title='bbox 964 272 1010 309; x_wconf 90' lang='lat' dir='ltr'>ad</span> 
     </span>
     <span class='ocr_line' id='line_1_4' title="bbox 75 324 1014 376; baseline -0.002 -13"><span class='ocrx_word' id='word_1_21' title='bbox 75 326 285 370; x_wconf 86' lang='lat' dir='ltr'>Romanos,</span> <span class='ocrx_word' id='word_1_22' title='bbox 301 325 339 362; x_wconf 92' lang='lat' dir='ltr'>in</span> <span class='ocrx_word' id='word_1_23' title='bbox 361 336 440 376; x_wconf 89' lang='lat' dir='ltr'>qua</span> <span class='ocrx_word' id='word_1_24' title='bbox 457 325 639 362; x_wconf 88' lang='lat' dir='ltr'>Phacben</span> <span class='ocrx_word' id='word_1_25' title='bbox 659 325 879 362; x_wconf 75' lang='lat' dir='ltr'>ministram</span> <span class='ocrx_word' id='word_1_26' title='bbox 895 324 1014 362; x_wconf 84' lang='lat' dir='ltr'>ecclc-</span> 
     </span>
     <span class='ocr_line' id='line_1_5' title="bbox 75 375 1012 427; baseline -0.002 -11"><span class='ocrx_word' id='word_1_27' title='bbox 75 378 156 416; x_wconf 88' lang='lat' dir='ltr'>siae</span> <span class='ocrx_word' id='word_1_28' title='bbox 177 378 455 416; x_wconf 82' lang='lat' dir='ltr'>Cenchrecnsis</span> <span class='ocrx_word' id='word_1_29' title='bbox 477 378 629 414; x_wconf 71' lang='grc' dir='ltr'>διακονον</span> <span class='ocrx_word' id='word_1_30' title='bbox 660 378 827 427; x_wconf 83' lang='lat' dir='ltr'>appellat</span> <span class='ocrx_word' id='word_1_31' title='bbox 848 375 872 422; x_wconf 85' lang='lat'>¹,</span> <span class='ocrx_word' id='word_1_32' title='bbox 893 379 1012 426; x_wconf 87' lang='lat' dir='ltr'>patet,</span> 
     </span>
     <span class='ocr_line' id='line_1_6' title="bbox 76 427 1010 479; baseline -0.002 -11"><span class='ocrx_word' id='word_1_33' title='bbox 76 431 382 469; x_wconf 85' lang='lat' dir='ltr'>diaconissarum</span> <span class='ocrx_word' id='word_1_34' title='bbox 410 433 693 470; x_wconf 82' lang='lat' dir='ltr'>institutionem</span> <span class='ocrx_word' id='word_1_35' title='bbox 714 432 762 468; x_wconf 88' lang='lat' dir='ltr'>ab</span> <span class='ocrx_word' id='word_1_36' title='bbox 791 427 1010 479; x_wconf 80' lang='lat' dir='ltr'>ipsis‘Apo-</span> 
     </span>
     <span class='ocr_line' id='line_1_7' title="bbox 73 483 1012 534; baseline -0.002 -12"><span class='ocrx_word' id='word_1_37' title='bbox 73 485 181 522; x_wconf 88' lang='lat' dir='ltr'>stolis</span> <span class='ocrx_word' id='word_1_38' title='bbox 210 496 294 523; x_wconf 89' lang='lat' dir='ltr'>esse</span> <span class='ocrx_word' id='word_1_39' title='bbox 315 487 575 534; x_wconf 79' lang='lat' dir='ltr'>repetendam.</span> <span class='ocrx_word' id='word_1_40' title='bbox 597 484 803 534; x_wconf 80' lang='lat' dir='ltr'><strong>Apostolus</strong></span> <span class='ocrx_word' id='word_1_41' title='bbox 825 483 1012 532; x_wconf 76' lang='lat' dir='ltr'>praecipit</span> 
     </span>
     <span class='ocr_line' id='line_1_8' title="bbox 74 536 1012 586; baseline -0.002 -12"><span class='ocrx_word' id='word_1_42' title='bbox 74 537 291 584; x_wconf 78' lang='lat' dir='ltr'>Timotheo,</span> <span class='ocrx_word' id='word_1_43' title='bbox 310 542 357 576; x_wconf 92' lang='lat' dir='ltr'>ut</span> <span class='ocrx_word' id='word_1_44' title='bbox 376 539 423 576; x_wconf 85' lang='lat' dir='ltr'>ad</span> <span class='ocrx_word' id='word_1_45' title='bbox 444 539 482 577; x_wconf 89' lang='lat' dir='ltr'>id</span> <span class='ocrx_word' id='word_1_46' title='bbox 502 550 639 576; x_wconf 90' lang='lat' dir='ltr'>munus</span> <span class='ocrx_word' id='word_1_47' title='bbox 659 537 855 586; x_wconf 71' lang='lat' dir='ltr'>eligantur</span> <span class='ocrx_word' id='word_1_48' title='bbox 870 536 1012 573; x_wconf 86' lang='lat' dir='ltr'>viduae</span> 
     </span>
     <span class='ocr_line' id='line_1_9' title="bbox 78 590 1010 640; baseline -0.003 -12"><span class='ocrx_word' id='word_1_49' title='bbox 78 591 190 629; x_wconf 90' lang='lat' dir='ltr'>unius</span> <span class='ocrx_word' id='word_1_50' title='bbox 203 592 291 637; x_wconf 91' lang='lat' dir='ltr'>viri,</span> <span class='ocrx_word' id='word_1_51' title='bbox 308 605 383 629; x_wconf 92' lang='lat' dir='ltr'>non</span> <span class='ocrx_word' id='word_1_52' title='bbox 402 593 527 630; x_wconf 86' lang='lat' dir='ltr'>minus</span> <span class='ocrx_word' id='word_1_53' title='bbox 538 591 742 640; x_wconf 86' lang='lat' dir='ltr'>sexaginta</span> <span class='ocrx_word' id='word_1_54' title='bbox 754 590 864 627; x_wconf 90' lang='lat' dir='ltr'>annis</span> <span class='ocrx_word' id='word_1_55' title='bbox 881 594 1010 634; x_wconf 87' lang='lat' dir='ltr'>natae,</span> 
     </span>
     <span class='ocr_line' id='line_1_10' title="bbox 73 642 1010 694; baseline -0.001 -14"><span class='ocrx_word' id='word_1_56' title='bbox 73 643 112 680; x_wconf 93' lang='lat' dir='ltr'>in</span> <span class='ocrx_word' id='word_1_57' title='bbox 143 645 323 694; x_wconf 84' lang='lat' dir='ltr'>operibus</span> <span class='ocrx_word' id='word_1_58' title='bbox 357 645 464 682; x_wconf 89' lang='lat' dir='ltr'>bonis</span> <span class='ocrx_word' id='word_1_59' title='bbox 491 644 755 682; x_wconf 88' lang='lat' dir='ltr'>testimonium</span> <span class='ocrx_word' id='word_1_60' title='bbox 786 643 971 680; x_wconf 87' lang='lat' dir='ltr'>habentes</span> <span class='ocrx_word' id='word_1_61' title='bbox 984 642 1010 680; x_wconf 69' lang='lat'>².</span> 
     </span>
     <span class='ocr_line' id='line_1_11' title="bbox 71 695 1010 747; baseline -0.003 -12"><span class='ocrx_word' id='word_1_62' title='bbox 71 698 181 735; x_wconf 89' lang='lat' dir='ltr'>Hanc</span> <span class='ocrx_word' id='word_1_63' title='bbox 203 698 377 747; x_wconf 82' lang='lat' dir='ltr'>Apostoli</span> <span class='ocrx_word' id='word_1_64' title='bbox 399 698 524 747; x_wconf 87' lang='lat' dir='ltr'>Iegem</span> <span class='ocrx_word' id='word_1_65' title='bbox 544 709 614 735; x_wconf 92' lang='lat' dir='ltr'>suo</span> <span class='ocrx_word' id='word_1_66' title='bbox 634 699 809 746; x_wconf 90' lang='lat' dir='ltr'>tempore</span> <span class='ocrx_word' id='word_1_67' title='bbox 829 695 1010 744; x_wconf 82' lang='lat' dir='ltr'>religiose</span> 
     </span>
     <span class='ocr_line' id='line_1_12' title="bbox 72 747 1013 796; baseline -0.003 -8"><span class='ocrx_word' id='word_1_68' title='bbox 72 750 192 788; x_wconf 81' lang='lat' dir='ltr'>fuisse</span> <span class='ocrx_word' id='word_1_69' title='bbox 212 752 469 796; x_wconf 85' lang='lat' dir='ltr'>observatam,</span> <span class='ocrx_word' id='word_1_70' title='bbox 484 751 648 788; x_wconf 86' lang='lat' dir='ltr'>tradunt</span> <span class='ocrx_word' id='word_1_71' title='bbox 667 749 932 787; x_wconf 75' lang='lat' dir='ltr'>Tertullianus</span> <span class='ocrx_word' id='word_1_72' title='bbox 948 747 1013 786; x_wconf 78' lang='lat' dir='ltr'>3et</span> 
     </span>
     <span class='ocr_line' id='line_1_13' title="bbox 72 803 1012 853; baseline -0.003 -12"><span class='ocrx_word' id='word_1_73' title='bbox 72 816 103 842; x_wconf 89' lang='lat' dir='ltr'>s.</span> <span class='ocrx_word' id='word_1_74' title='bbox 119 804 355 853; x_wconf 80' lang='lat' dir='ltr'>Epiphanius</span> <span class='ocrx_word' id='word_1_75' title='bbox 367 803 391 841; x_wconf 76' lang='lat'>⁴.</span> <span class='ocrx_word' id='word_1_76' title='bbox 408 804 530 852; x_wconf 83' lang='lat' dir='ltr'>Saepe</span> <span class='ocrx_word' id='word_1_77' title='bbox 546 807 677 841; x_wconf 89' lang='lat' dir='ltr'>tamen</span> <span class='ocrx_word' id='word_1_78' title='bbox 695 803 743 840; x_wconf 87' lang='lat' dir='ltr'>ad</span> <span class='ocrx_word' id='word_1_79' title='bbox 757 803 854 840; x_wconf 89' lang='lat' dir='ltr'>illud</span> <span class='ocrx_word' id='word_1_80' title='bbox 873 813 1012 839; x_wconf 88' lang='lat' dir='ltr'>munus</span> 
     </span>
     <span class='ocr_line' id='line_1_14' title="bbox 73 855 1011 905; baseline -0.002 -11"><span class='ocrx_word' id='word_1_81' title='bbox 73 857 217 894; x_wconf 87' lang='lat' dir='ltr'>electas</span> <span class='ocrx_word' id='word_1_82' title='bbox 246 868 328 894; x_wconf 87' lang='lat' dir='ltr'>esse</span> <span class='ocrx_word' id='word_1_83' title='bbox 347 856 519 905; x_wconf 87' lang='lat' dir='ltr'>virgines</span> <span class='ocrx_word' id='word_1_84' title='bbox 539 858 758 905; x_wconf 86' lang='lat' dir='ltr'>perpetuas,</span> <span class='ocrx_word' id='word_1_85' title='bbox 777 855 971 904; x_wconf 77' lang='lat' dir='ltr'>colligitur</span> <span class='ocrx_word' id='word_1_86' title='bbox 991 867 1011 892; x_wconf 91' lang='lat' dir='ltr'>e</span> 
     </span>
     <span class='ocr_line' id='line_1_15' title="bbox 72 907 1009 959; baseline -0.001 -13"><span class='ocrx_word' id='word_1_87' title='bbox 72 921 102 947; x_wconf 92' lang='lat' dir='ltr'>s.</span> <span class='ocrx_word' id='word_1_88' title='bbox 123 909 273 958; x_wconf 90' lang='lat' dir='ltr'>Ignatio</span> <span class='ocrx_word' id='word_1_89' title='bbox 289 909 304 930; x_wconf 89' lang='lat'>⁵</span> <span class='ocrx_word' id='word_1_90' title='bbox 324 912 363 947; x_wconf 87' lang='lat' dir='ltr'>et</span> <span class='ocrx_word' id='word_1_91' title='bbox 379 911 511 947; x_wconf 87' lang='lat' dir='ltr'>eodem</span> <span class='ocrx_word' id='word_1_92' title='bbox 527 909 742 959; x_wconf 87' lang='lat' dir='ltr'>Epiphanio</span> <span class='ocrx_word' id='word_1_93' title='bbox 756 907 782 947; x_wconf 82' lang='lat'>⁶.</span> <span class='ocrx_word' id='word_1_94' title='bbox 803 910 916 946; x_wconf 91' lang='lat' dir='ltr'>Anno</span> <span class='ocrx_word' id='word_1_95' title='bbox 935 908 1009 946; x_wconf 79' lang='lat'>451</span> 
     </span>
     <span class='ocr_line' id='line_1_16' title="bbox 73 961 1011 1011; baseline 0.001 -13"><span class='ocrx_word' id='word_1_96' title='bbox 73 962 283 1000; x_wconf 86' lang='lat' dir='ltr'>concilium</span> <span class='ocrx_word' id='word_1_97' title='bbox 303 962 611 1000; x_wconf 78' lang='lat' dir='ltr'>Chalcedonense</span> <span class='ocrx_word' id='word_1_98' title='bbox 631 975 714 1000; x_wconf 89' lang='lat' dir='ltr'>can.</span> <span class='ocrx_word' id='word_1_99' title='bbox 731 962 807 1000; x_wconf 89' lang='lat' dir='ltr'>XV</span> <span class='ocrx_word' id='word_1_100' title='bbox 824 961 1011 1011; x_wconf 74' lang='lat' dir='ltr'>permisit,</span> 
     </span>
     <span class='ocr_line' id='line_1_17' title="bbox 73 1015 1012 1065; baseline 0 -13"><span class='ocrx_word' id='word_1_101' title='bbox 73 1017 117 1052; x_wconf 89' lang='lat' dir='ltr'>ut</span> <span class='ocrx_word' id='word_1_102' title='bbox 137 1015 378 1054; x_wconf 81' lang='lat' dir='ltr'>diaconissae</span> <span class='ocrx_word' id='word_1_103' title='bbox 398 1016 642 1064; x_wconf 77' lang='lat' dir='ltr'>eligerentur</span> <span class='ocrx_word' id='word_1_104' title='bbox 662 1015 925 1065; x_wconf 88' lang='lat' dir='ltr'>quadraginta</span> <span class='ocrx_word' id='word_1_105' title='bbox 943 1027 1012 1052; x_wconf 88' lang='lat' dir='ltr'>an-</span> 
     </span>
     <span class='ocr_line' id='line_1_18' title="bbox 71 1069 1013 1118; baseline 0 -13"><span class='ocrx_word' id='word_1_106' title='bbox 71 1080 222 1106; x_wconf 90' lang='lat' dir='ltr'>norum.</span> <span class='ocrx_word' id='word_1_107' title='bbox 243 1069 389 1107; x_wconf 88' lang='lat' dir='ltr'>Earum</span> <span class='ocrx_word' id='word_1_108' title='bbox 424 1069 548 1106; x_wconf 86' lang='lat' dir='ltr'>officia</span> <span class='ocrx_word' id='word_1_109' title='bbox 585 1072 719 1107; x_wconf 91' lang='lat' dir='ltr'>crant:</span> <span class='ocrx_word' id='word_1_110' title='bbox 748 1069 947 1118; x_wconf 90' lang='lat' dir='ltr'>Episcopis</span> <span class='ocrx_word' id='word_1_111' title='bbox 973 1070 1013 1105; x_wconf 94' lang='lat' dir='ltr'>et</span> 
     </span>
     <span class='ocr_line' id='line_1_19' title="bbox 69 1122 1011 1172; baseline -0.001 -13"><span class='ocrx_word' id='word_1_112' title='bbox 69 1122 331 1160; x_wconf 87' lang='lat' dir='ltr'>sacerdotibus</span> <span class='ocrx_word' id='word_1_113' title='bbox 352 1122 515 1160; x_wconf 89' lang='lat' dir='ltr'>feminas</span> <span class='ocrx_word' id='word_1_114' title='bbox 543 1122 826 1172; x_wconf 83' lang='lat' dir='ltr'>baptizantibus</span> <span class='ocrx_word' id='word_1_115' title='bbox 855 1133 1011 1171; x_wconf 87' lang='lat' dir='ltr'>operam</span> 
     </span>
     <span class='ocr_line' id='line_1_20' title="bbox 71 1175 1013 1223; baseline 0 -11"><span class='ocrx_word' id='word_1_116' title='bbox 71 1177 295 1223; x_wconf 82' lang='lat' dir='ltr'>praestare3</span> <span class='ocrx_word' id='word_1_117' title='bbox 316 1176 616 1214; x_wconf 88' lang='lat' dir='ltr'>catechumenas</span> <span class='ocrx_word' id='word_1_118' title='bbox 636 1177 674 1213; x_wconf 91' lang='lat' dir='ltr'>in</span> <span class='ocrx_word' id='word_1_119' title='bbox 691 1176 903 1214; x_wconf 89' lang='lat' dir='ltr'>christiana</span> <span class='ocrx_word' id='word_1_120' title='bbox 922 1175 1013 1212; x_wconf 89' lang='lat' dir='ltr'>doc-</span> 
     </span>
     <span class='ocr_line' id='line_1_21' title="bbox 70 1227 1011 1276; baseline 0 -11"><span class='ocrx_word' id='word_1_121' title='bbox 70 1227 174 1265; x_wconf 89' lang='lat' dir='ltr'>trina</span> <span class='ocrx_word' id='word_1_122' title='bbox 201 1228 429 1276; x_wconf 83' lang='lat' dir='ltr'>instituere3</span> <span class='ocrx_word' id='word_1_123' title='bbox 450 1229 603 1267; x_wconf 88' lang='lat' dir='ltr'>feminis</span> <span class='ocrx_word' id='word_1_124' title='bbox 631 1229 671 1266; x_wconf 92' lang='lat' dir='ltr'>in</span> <span class='ocrx_word' id='word_1_125' title='bbox 698 1229 870 1267; x_wconf 91' lang='lat' dir='ltr'>ecclesiis</span> <span class='ocrx_word' id='word_1_126' title='bbox 898 1240 1011 1266; x_wconf 90' lang='lat' dir='ltr'>suum</span> 
     </span>
     <span class='ocr_line' id='line_1_22' title="bbox 69 1281 1011 1332; baseline 0.001 -14"><span class='ocrx_word' id='word_1_127' title='bbox 69 1281 196 1318; x_wconf 90' lang='lat' dir='ltr'>locum</span> <span class='ocrx_word' id='word_1_128' title='bbox 218 1282 440 1331; x_wconf 80' lang='lat' dir='ltr'>assignare3</span> <span class='ocrx_word' id='word_1_129' title='bbox 462 1283 702 1332; x_wconf 80' lang='lat' dir='ltr'>martyribus</span> <span class='ocrx_word' id='word_1_130' title='bbox 722 1285 760 1320; x_wconf 90' lang='lat' dir='ltr'>et</span> <span class='ocrx_word' id='word_1_131' title='bbox 779 1281 1011 1320; x_wconf 87' lang='lat' dir='ltr'>confessori-</span> 
     </span>
     <span class='ocr_line' id='line_1_23' title="bbox 68 1334 1012 1382; baseline 0.001 -11"><span class='ocrx_word' id='word_1_132' title='bbox 68 1335 139 1372; x_wconf 90' lang='lat' dir='ltr'>bus</span> <span class='ocrx_word' id='word_1_133' title='bbox 157 1334 195 1372; x_wconf 92' lang='lat' dir='ltr'>in</span> <span class='ocrx_word' id='word_1_134' title='bbox 216 1335 438 1373; x_wconf 83' lang='lat' dir='ltr'>carceribus</span> <span class='ocrx_word' id='word_1_135' title='bbox 467 1336 690 1374; x_wconf 88' lang='lat' dir='ltr'>ministrare</span> <span class='ocrx_word' id='word_1_136' title='bbox 707 1365 717 1382; x_wconf 94' lang='lat'>,</span> <span class='ocrx_word' id='word_1_137' title='bbox 749 1337 840 1373; x_wconf 90' lang='lat' dir='ltr'>dum</span> <span class='ocrx_word' id='word_1_138' title='bbox 861 1335 1012 1373; x_wconf 87' lang='lat' dir='ltr'>diaconi</span> 
     </span>
     <span class='ocr_line' id='line_1_24' title="bbox 68 1388 1011 1439; baseline 0 -14"><span class='ocrx_word' id='word_1_139' title='bbox 68 1399 134 1425; x_wconf 91' lang='lat' dir='ltr'>eos</span> <span class='ocrx_word' id='word_1_140' title='bbox 163 1388 270 1425; x_wconf 87' lang='lat' dir='ltr'>adire</span> <span class='ocrx_word' id='word_1_141' title='bbox 299 1401 374 1426; x_wconf 93' lang='lat' dir='ltr'>non</span> <span class='ocrx_word' id='word_1_142' title='bbox 401 1391 592 1439; x_wconf 88' lang='lat' dir='ltr'>poterant.</span> <span class='ocrx_word' id='word_1_143' title='bbox 627 1389 919 1427; x_wconf 87' lang='lat' dir='ltr'>Addicebantur</span> <span class='ocrx_word' id='word_1_144' title='bbox 951 1388 1011 1426; x_wconf 93' lang='lat' dir='ltr'>his</span> 
     </span>
     <span class='ocr_line' id='line_1_25' title="bbox 67 1442 1011 1492; baseline 0.001 -14"><span class='ocrx_word' id='word_1_145' title='bbox 67 1442 290 1480; x_wconf 84' lang='lat' dir='ltr'>muneribus</span> <span class='ocrx_word' id='word_1_146' title='bbox 310 1443 358 1480; x_wconf 87' lang='lat' dir='ltr'>ab</span> <span class='ocrx_word' id='word_1_147' title='bbox 380 1443 557 1492; x_wconf 86' lang='lat' dir='ltr'>episcopo</span> <span class='ocrx_word' id='word_1_148' title='bbox 585 1454 655 1492; x_wconf 91' lang='lat' dir='ltr'>per</span> <span class='ocrx_word' id='word_1_149' title='bbox 673 1454 858 1480; x_wconf 90' lang='lat' dir='ltr'>manuum</span> <span class='ocrx_word' id='word_1_150' title='bbox 884 1442 1011 1491; x_wconf 91' lang='lat' dir='ltr'>impo-</span> 
     </span>
     <span class='ocr_line' id='line_1_26' title="bbox 67 1494 1008 1544; baseline 0.001 -13"><span class='ocrx_word' id='word_1_151' title='bbox 67 1494 260 1542; x_wconf 90' lang='lat' dir='ltr'>sitionem,</span> <span class='ocrx_word' id='word_1_152' title='bbox 281 1507 382 1544; x_wconf 88' lang='lat' dir='ltr'>quae</span> <span class='ocrx_word' id='word_1_153' title='bbox 411 1508 486 1533; x_wconf 92' lang='lat' dir='ltr'>non</span> <span class='ocrx_word' id='word_1_154' title='bbox 514 1501 601 1534; x_wconf 87' lang='lat' dir='ltr'>erat</span> <span class='ocrx_word' id='word_1_155' title='bbox 625 1499 915 1534; x_wconf 89' lang='lat' dir='ltr'>sacramentum</span> <span class='ocrx_word' id='word_1_156' title='bbox 944 1496 1008 1533; x_wconf 89' lang='lat' dir='ltr'>sed</span> 
     </span>
     <span class='ocr_line' id='line_1_27' title="bbox 68 1547 1011 1597; baseline 0.001 -13"><span class='ocrx_word' id='word_1_157' title='bbox 68 1547 234 1597; x_wconf 79' lang='lat' dir='ltr'>simplex</span> <span class='ocrx_word' id='word_1_158' title='bbox 246 1549 490 1588; x_wconf 85' lang='lat' dir='ltr'>caeremonia</span> <span class='ocrx_word' id='word_1_159' title='bbox 500 1548 623 1587; x_wconf 87' lang='lat' dir='ltr'>instar</span> <span class='ocrx_word' id='word_1_160' title='bbox 638 1549 924 1587; x_wconf 81' lang='lat' dir='ltr'>benedictionis.</span> <span class='ocrx_word' id='word_1_161' title='bbox 940 1549 1011 1586; x_wconf 92' lang='lat' dir='ltr'>La-</span> 
     </span>
     <span class='ocr_line' id='line_1_28' title="bbox 67 1600 1009 1652; baseline 0.002 -15"><span class='ocrx_word' id='word_1_162' title='bbox 67 1600 250 1640; x_wconf 89' lang='lat' dir='ltr'>bentibus</span> <span class='ocrx_word' id='word_1_163' title='bbox 268 1603 505 1652; x_wconf 82' lang='lat' dir='ltr'>temporibus</span> <span class='ocrx_word' id='word_1_164' title='bbox 534 1603 839 1641; x_wconf 84' lang='lat' dir='ltr'>diaconissarum</span> <span class='ocrx_word' id='word_1_165' title='bbox 867 1613 1009 1639; x_wconf 90' lang='lat' dir='ltr'>munus</span> 
     </span>
     <span class='ocr_line' id='line_1_29' title="bbox 67 1654 386 1694; baseline 0.009 -3"><span class='ocrx_word' id='word_1_166' title='bbox 67 1654 262 1692; x_wconf 90' lang='lat' dir='ltr'>sublatum</span> <span class='ocrx_word' id='word_1_167' title='bbox 282 1658 341 1693; x_wconf 92' lang='lat' dir='ltr'>est</span> <span class='ocrx_word' id='word_1_168' title='bbox 359 1654 386 1694; x_wconf 88' lang='lat'>⁷.</span> 
     </span>
    </p>

    <p class='ocr_par' dir='ltr' id='par_1_3' title="bbox 65 1707 1009 2492">
     <span class='ocr_line' id='line_1_30' title="bbox 120 1707 1008 1761; baseline 0.001 -17"><span class='ocrx_word' id='word_1_169' title='bbox 120 1707 183 1744; x_wconf 78' lang='lat'>42.</span> <span class='ocrx_word' id='word_1_170' title='bbox 200 1708 436 1746; x_wconf 71' lang='lat' dir='ltr'>Persecutio</span> <span class='ocrx_word' id='word_1_171' title='bbox 457 1709 700 1748; x_wconf 75' lang='lat' dir='ltr'>Neroniana</span> <span class='ocrx_word' id='word_1_172' title='bbox 711 1708 799 1761; x_wconf 75' lang='lat' dir='ltr'>(an.</span> <span class='ocrx_word' id='word_1_173' title='bbox 817 1707 1008 1758; x_wconf 58' lang='lat' dir='ltr'>oza—Fi-</span> 
     </span>
     <span class='ocr_line' id='line_1_31' title="bbox 69 1759 1007 1812; baseline 0.003 -16"><span class='ocrx_word' id='word_1_174' title='bbox 69 1759 137 1797; x_wconf 90' lang='lat' dir='ltr'>des</span> <span class='ocrx_word' id='word_1_175' title='bbox 157 1761 368 1799; x_wconf 88' lang='lat' dir='ltr'>christiana</span> <span class='ocrx_word' id='word_1_176' title='bbox 401 1762 440 1799; x_wconf 91' lang='lat' dir='ltr'>in</span> <span class='ocrx_word' id='word_1_177' title='bbox 469 1763 551 1800; x_wconf 89' lang='lat' dir='ltr'>dies</span> <span class='ocrx_word' id='word_1_178' title='bbox 584 1763 708 1812; x_wconf 87' lang='lat' dir='ltr'>magis</span> <span class='ocrx_word' id='word_1_179' title='bbox 738 1762 941 1811; x_wconf 79' lang='lat' dir='ltr'>magisque</span> <span class='ocrx_word' id='word_1_180' title='bbox 970 1762 1007 1799; x_wconf 92' lang='lat' dir='ltr'>in</span> 
     </span>
     <span class='ocr_line' id='line_1_32' title="bbox 71 1813 1008 1864; baseline 0.002 -14"><span class='ocrx_word' id='word_1_181' title='bbox 71 1813 167 1851; x_wconf 89' lang='lat' dir='ltr'>urbe</span> <span class='ocrx_word' id='word_1_182' title='bbox 187 1818 227 1851; x_wconf 91' lang='lat' dir='ltr'>et</span> <span class='ocrx_word' id='word_1_183' title='bbox 242 1816 333 1852; x_wconf 88' lang='lat' dir='ltr'>orbe</span> <span class='ocrx_word' id='word_1_184' title='bbox 353 1815 457 1853; x_wconf 89' lang='lat' dir='ltr'>laeta</span> <span class='ocrx_word' id='word_1_185' title='bbox 473 1816 734 1854; x_wconf 83' lang='lat' dir='ltr'>foecunditate</span> <span class='ocrx_word' id='word_1_186' title='bbox 751 1815 1008 1864; x_wconf 71' lang='lat' dir='ltr'>germinabat,</span> 
     </span>
     <span class='ocr_line' id='line_1_33' title="bbox 68 1867 1009 1918; baseline 0.002 -15"><span class='ocrx_word' id='word_1_187' title='bbox 68 1867 220 1914; x_wconf 90' lang='lat' dir='ltr'>quando</span> <span class='ocrx_word' id='word_1_188' title='bbox 235 1868 529 1907; x_wconf 86' lang='lat' dir='ltr'>scelestissimus</span> <span class='ocrx_word' id='word_1_189' title='bbox 540 1868 865 1918; x_wconf 87' lang='lat' dir='ltr'>imperatorNero</span> <span class='ocrx_word' id='word_1_190' title='bbox 877 1879 1009 1906; x_wconf 91' lang='lat' dir='ltr'>cruen-</span> 
     </span>
     <span class='ocr_line' id='line_1_34' title="bbox 67 1920 1006 1971; baseline 0.002 -15"><span class='ocrx_word' id='word_1_191' title='bbox 67 1920 147 1956; x_wconf 85' lang='lat' dir='ltr'>tam</span> <span class='ocrx_word' id='word_1_192' title='bbox 168 1920 207 1957; x_wconf 90' lang='lat' dir='ltr'>in</span> <span class='ocrx_word' id='word_1_193' title='bbox 229 1921 406 1959; x_wconf 79' lang='lat' dir='ltr'>innoxios</span> <span class='ocrx_word' id='word_1_194' title='bbox 422 1923 567 1960; x_wconf 82' lang='lat' dir='ltr'>Christi</span> <span class='ocrx_word' id='word_1_195' title='bbox 583 1925 795 1960; x_wconf 85' lang='lat' dir='ltr'>sectatores</span> <span class='ocrx_word' id='word_1_196' title='bbox 819 1933 1006 1971; x_wconf 89' lang='lat' dir='ltr'>persecu-</span> 
     </span>
     <span class='ocr_line' id='line_1_35' title="bbox 66 1972 1008 2024; baseline 0.003 -15"><span class='ocrx_word' id='word_1_197' title='bbox 66 1972 208 2010; x_wconf 91' lang='lat' dir='ltr'>tionem</span> <span class='ocrx_word' id='word_1_198' title='bbox 229 1975 431 2013; x_wconf 84' lang='lat' dir='ltr'>excitavit.</span> <span class='ocrx_word' id='word_1_199' title='bbox 453 1975 561 2017; x_wconf 87' lang='lat' dir='ltr'>Quae</span> <span class='ocrx_word' id='word_1_200' title='bbox 581 1976 630 2013; x_wconf 88' lang='lat' dir='ltr'>ad</span> <span class='ocrx_word' id='word_1_201' title='bbox 650 1976 721 2013; x_wconf 89' lang='lat' dir='ltr'>hoc</span> <span class='ocrx_word' id='word_1_202' title='bbox 736 1977 889 2024; x_wconf 90' lang='lat' dir='ltr'>tempus</span> <span class='ocrx_word' id='word_1_203' title='bbox 910 1975 1008 2012; x_wconf 87' lang='lat' dir='ltr'>chri-</span> 
     </span>
     <span class='ocr_line' id='line_1_36' title="bbox 67 2025 1005 2066; baseline 0.004 -4"><span class='ocrx_word' id='word_1_204' title='bbox 67 2025 204 2064; x_wconf 89' lang='lat' dir='ltr'>stianis</span> <span class='ocrx_word' id='word_1_205' title='bbox 224 2028 306 2065; x_wconf 84' lang='lat' dir='ltr'>sive</span> <span class='ocrx_word' id='word_1_206' title='bbox 335 2040 359 2066; x_wconf 90' lang='lat' dir='ltr'>a</span> <span class='ocrx_word' id='word_1_207' title='bbox 378 2028 531 2066; x_wconf 89' lang='lat' dir='ltr'>Iudaeis</span> <span class='ocrx_word' id='word_1_208' title='bbox 559 2029 642 2066; x_wconf 89' lang='lat' dir='ltr'>sive</span> <span class='ocrx_word' id='word_1_209' title='bbox 671 2029 719 2066; x_wconf 91' lang='lat' dir='ltr'>ab</span> <span class='ocrx_word' id='word_1_210' title='bbox 740 2028 904 2066; x_wconf 88' lang='lat' dir='ltr'>ethnicis</span> <span class='ocrx_word' id='word_1_211' title='bbox 934 2030 1005 2066; x_wconf 91' lang='lat' dir='ltr'>ad-</span> 
     </span>
     <span class='ocr_line' id='line_1_37' title="bbox 69 2081 1006 2131; baseline 0.003 -15"><span class='ocrx_word' id='word_1_212' title='bbox 69 2089 185 2117; x_wconf 85' lang='lat' dir='ltr'>versa</span> <span class='ocrx_word' id='word_1_213' title='bbox 205 2081 450 2128; x_wconf 89' lang='lat' dir='ltr'>acciderant,</span> <span class='ocrx_word' id='word_1_214' title='bbox 470 2083 587 2121; x_wconf 90' lang='lat' dir='ltr'>certis</span> <span class='ocrx_word' id='word_1_215' title='bbox 617 2084 770 2120; x_wconf 89' lang='lat' dir='ltr'>tantum</span> <span class='ocrx_word' id='word_1_216' title='bbox 801 2082 893 2120; x_wconf 92' lang='lat' dir='ltr'>locis</span> <span class='ocrx_word' id='word_1_217' title='bbox 914 2093 1006 2131; x_wconf 89' lang='lat' dir='ltr'>pro-</span> 
     </span>
     <span class='ocr_line' id='line_1_38' title="bbox 66 2132 1005 2184; baseline 0.004 -15"><span class='ocrx_word' id='word_1_218' title='bbox 66 2133 150 2181; x_wconf 90' lang='lat' dir='ltr'>pria</span> <span class='ocrx_word' id='word_1_219' title='bbox 169 2132 345 2183; x_wconf 78' lang='lat' dir='ltr'>fuerant3</span> <span class='ocrx_word' id='word_1_220' title='bbox 365 2136 559 2184; x_wconf 86' lang='lat' dir='ltr'>generalis</span> <span class='ocrx_word' id='word_1_221' title='bbox 588 2147 680 2173; x_wconf 88' lang='lat' dir='ltr'>vero</span> <span class='ocrx_word' id='word_1_222' title='bbox 701 2137 841 2173; x_wconf 88' lang='lat' dir='ltr'>contra</span> <span class='ocrx_word' id='word_1_223' title='bbox 871 2136 1005 2173; x_wconf 89' lang='lat' dir='ltr'>Domi-</span> 
     </span>
     <span class='ocr_line' id='line_1_39' title="bbox 65 2187 1006 2238; baseline 0.004 -16"><span class='ocrx_word' id='word_1_224' title='bbox 65 2197 158 2223; x_wconf 90' lang='lat' dir='ltr'>num</span> <span class='ocrx_word' id='word_1_225' title='bbox 186 2187 345 2237; x_wconf 89' lang='lat' dir='ltr'>eiusque</span> <span class='ocrx_word' id='word_1_226' title='bbox 373 2188 586 2227; x_wconf 86' lang='lat' dir='ltr'>Ecclesiam</span> <span class='ocrx_word' id='word_1_227' title='bbox 616 2188 892 2238; x_wconf 88' lang='lat' dir='ltr'>persecutionis</span> <span class='ocrx_word' id='word_1_228' title='bbox 923 2189 1006 2238; x_wconf 90' lang='lat' dir='ltr'>pri-</span> 
     </span>
     <span class='ocr_line' id='line_1_40' title="bbox 65 2241 1007 2292; baseline 0.003 -16"><span class='ocrx_word' id='word_1_229' title='bbox 65 2249 151 2277; x_wconf 90' lang='lat' dir='ltr'>mus</span> <span class='ocrx_word' id='word_1_230' title='bbox 166 2245 302 2278; x_wconf 89' lang='lat' dir='ltr'>auctor</span> <span class='ocrx_word' id='word_1_231' title='bbox 317 2241 389 2279; x_wconf 91' lang='lat' dir='ltr'>fuit</span> <span class='ocrx_word' id='word_1_232' title='bbox 404 2242 512 2280; x_wconf 89' lang='lat' dir='ltr'>Nero</span> <span class='ocrx_word' id='word_1_233' title='bbox 535 2255 557 2281; x_wconf 84' lang='lat'>«</span> <span class='ocrx_word' id='word_1_234' title='bbox 568 2255 642 2292; x_wconf 88' lang='lat' dir='ltr'>quo</span> <span class='ocrx_word' id='word_1_235' title='bbox 662 2243 884 2280; x_wconf 87' lang='lat' dir='ltr'>dedicatore</span> <span class='ocrx_word' id='word_1_236' title='bbox 904 2243 1007 2280; x_wconf 91' lang='lat' dir='ltr'>dam-</span> 
     </span>
     <span class='ocr_line' id='line_1_41' title="bbox 66 2294 1008 2345; baseline 0.004 -16"><span class='ocrx_word' id='word_1_237' title='bbox 66 2294 233 2332; x_wconf 87' lang='lat' dir='ltr'>nationis</span> <span class='ocrx_word' id='word_1_238' title='bbox 262 2299 417 2333; x_wconf 91' lang='lat' dir='ltr'>nostrae</span> <span class='ocrx_word' id='word_1_239' title='bbox 446 2295 682 2345; x_wconf 86' lang='lat' dir='ltr'>gloriamur,</span> <span class='ocrx_word' id='word_1_240' title='bbox 703 2295 829 2344; x_wconf 89' lang='lat' dir='ltr'>inquit</span> <span class='ocrx_word' id='word_1_241' title='bbox 848 2296 1008 2333; x_wconf 86' lang='lat' dir='ltr'>Tertul-</span> 
     </span>
     <span class='ocr_line' id='line_1_42' title="bbox 65 2345 1008 2398; baseline 0.004 -15"><span class='ocrx_word' id='word_1_242' title='bbox 65 2345 202 2393; x_wconf 88' lang='lat' dir='ltr'>lianus,</span> <span class='ocrx_word' id='word_1_243' title='bbox 218 2348 282 2397; x_wconf 87' lang='lat' dir='ltr'>qui</span> <span class='ocrx_word' id='word_1_244' title='bbox 295 2348 398 2385; x_wconf 87' lang='lat' dir='ltr'>enim</span> <span class='ocrx_word' id='word_1_245' title='bbox 414 2350 488 2387; x_wconf 91' lang='lat' dir='ltr'>scit</span> <span class='ocrx_word' id='word_1_246' title='bbox 500 2350 624 2396; x_wconf 88' lang='lat' dir='ltr'>illum,</span> <span class='ocrx_word' id='word_1_247' title='bbox 640 2349 1008 2398; x_wconf 88' lang='lat' dir='ltr'>intelligerepotest,</span> 
     </span>
     <span class='ocr_line' id='line_1_43' title="bbox 65 2400 1008 2453; baseline 0.005 -18"><span class='ocrx_word' id='word_1_248' title='bbox 65 2410 139 2436; x_wconf 90' lang='lat' dir='ltr'>non</span> <span class='ocrx_word' id='word_1_249' title='bbox 161 2400 233 2438; x_wconf 90' lang='lat' dir='ltr'>nisi</span> <span class='ocrx_word' id='word_1_250' title='bbox 255 2403 399 2451; x_wconf 83' lang='lat' dir='ltr'>grande</span> <span class='ocrx_word' id='word_1_251' title='bbox 415 2403 570 2453; x_wconf 85' lang='lat' dir='ltr'>aliquod</span> <span class='ocrx_word' id='word_1_252' title='bbox 586 2404 730 2440; x_wconf 90' lang='lat' dir='ltr'>bonum</span> <span class='ocrx_word' id='word_1_253' title='bbox 747 2404 795 2440; x_wconf 89' lang='lat' dir='ltr'>ab</span> <span class='ocrx_word' id='word_1_254' title='bbox 810 2402 891 2451; x_wconf 90' lang='lat' dir='ltr'>ipso</span> <span class='ocrx_word' id='word_1_255' title='bbox 907 2403 1008 2441; x_wconf 90' lang='lat' dir='ltr'>dam-</span> 
     </span>
     <span class='ocr_line' id='line_1_44' title="bbox 67 2451 282 2492; baseline 0.014 -3"><span class='ocrx_word' id='word_1_256' title='bbox 67 2454 201 2490; x_wconf 89' lang='lat' dir='ltr'>natum</span> <span class='ocrx_word' id='word_1_257' title='bbox 217 2451 232 2474; x_wconf 73' lang='lat'>⁸</span> <span class='ocrx_word' id='word_1_258' title='bbox 247 2467 282 2492; x_wconf 87' lang='lat'>».</span> 
     </span>
    </p>

    <p class='ocr_par' dir='ltr' id='par_1_4' title="bbox 62 2505 1009 2665">
     <span class='ocr_line' id='line_1_45' title="bbox 62 2505 1008 2559; baseline 0.004 -16"><span class='ocrx_word' id='word_1_259' title='bbox 62 2510 65 2512; x_wconf 84' lang='lat'>&#39;</span> <span class='ocrx_word' id='word_1_260' title='bbox 118 2505 173 2543; x_wconf 90' lang='lat' dir='ltr'>Ut</span> <span class='ocrx_word' id='word_1_261' title='bbox 201 2510 333 2546; x_wconf 90' lang='lat' dir='ltr'>autem</span> <span class='ocrx_word' id='word_1_262' title='bbox 364 2508 527 2547; x_wconf 87' lang='lat' dir='ltr'>historia</span> <span class='ocrx_word' id='word_1_263' title='bbox 556 2510 882 2559; x_wconf 90' lang='lat' dir='ltr'>persecutionum,</span> <span class='ocrx_word' id='word_1_264' title='bbox 911 2521 1008 2558; x_wconf 89' lang='lat' dir='ltr'>quas</span> 
     </span>
     <span class='ocr_line' id='line_1_46' title="bbox 65 2559 1008 2612; baseline 0.004 -16"><span class='ocrx_word' id='word_1_265' title='bbox 65 2559 238 2597; x_wconf 89' lang='lat' dir='ltr'>Ecclesia</span> <span class='ocrx_word' id='word_1_266' title='bbox 257 2561 394 2610; x_wconf 91' lang='lat' dir='ltr'>primis</span> <span class='ocrx_word' id='word_1_267' title='bbox 415 2563 580 2600; x_wconf 88' lang='lat' dir='ltr'>saeculis</span> <span class='ocrx_word' id='word_1_268' title='bbox 610 2564 682 2600; x_wconf 89' lang='lat' dir='ltr'>sub</span> <span class='ocrx_word' id='word_1_269' title='bbox 704 2564 1008 2612; x_wconf 89' lang='lat' dir='ltr'>imperatoribus</span> 
     </span>
     <span class='ocr_line' id='line_1_47' title="bbox 65 2613 1009 2665; baseline 0.004 -15"><span class='ocrx_word' id='word_1_270' title='bbox 65 2613 253 2651; x_wconf 90' lang='lat' dir='ltr'>Romanis</span> <span class='ocrx_word' id='word_1_271' title='bbox 274 2627 386 2664; x_wconf 89' lang='lat' dir='ltr'>passa</span> <span class='ocrx_word' id='word_1_272' title='bbox 400 2619 471 2663; x_wconf 90' lang='lat' dir='ltr'>est,</span> <span class='ocrx_word' id='word_1_273' title='bbox 487 2616 622 2654; x_wconf 88' lang='lat' dir='ltr'>melius</span> <span class='ocrx_word' id='word_1_274' title='bbox 639 2617 1009 2665; x_wconf 87' lang='lat' dir='ltr'>comprehendatur,</span> 
     </span>
    </p>
   </div>
   <div class='ocr_carea' id='block_1_3' title="bbox 103 2761 1010 3052">
    <p class='ocr_par' dir='ltr' id='par_1_5' title="bbox 106 2761 247 2800">
     <span class='ocr_line' id='line_1_48' title="bbox 106 2761 247 2800; baseline -0.014 -6"><span class='ocrx_word' id='word_1_275' title='bbox 106 2762 115 2784; x_wconf 94' lang='lat'>¹</span> <span class='ocrx_word' id='word_1_276' title='bbox 132 2762 205 2800; x_wconf 73' lang='grc' dir='ltr'>ΧΠ,</span> <span class='ocrx_word' id='word_1_277' title='bbox 220 2761 247 2793; x_wconf 86' lang='grc'>1.</span> 
     </span>
    </p>

    <p class='ocr_par' dir='ltr' id='par_1_6' title="bbox 104 2803 266 2842">
     <span class='ocr_line' id='line_1_49' title="bbox 104 2803 266 2842; baseline 0 -8"><span class='ocrx_word' id='word_1_278' title='bbox 104 2804 118 2826; x_wconf 76' lang='lat'><strong>²</strong></span> <span class='ocrx_word' id='word_1_279' title='bbox 135 2805 167 2842; x_wconf 86' lang='lat' dir='ltr'>V,</span> <span class='ocrx_word' id='word_1_280' title='bbox 183 2803 266 2834; x_wconf 79' lang='grc'>9-10.</span> 
     </span>
    </p>

    <p class='ocr_par' dir='ltr' id='par_1_7' title="bbox 104 2842 682 2885">
     <span class='ocr_line' id='line_1_50' title="bbox 104 2842 682 2885; baseline 0.003 -9"><span class='ocrx_word' id='word_1_281' title='bbox 104 2845 118 2866; x_wconf 77' lang='lat'><strong>³</strong></span> <span class='ocrx_word' id='word_1_282' title='bbox 134 2847 162 2876; x_wconf 84' lang='lat' dir='ltr'>L.</span> <span class='ocrx_word' id='word_1_283' title='bbox 180 2845 221 2876; x_wconf 82' lang='lat' dir='ltr'>de</span> <span class='ocrx_word' id='word_1_284' title='bbox 236 2842 370 2876; x_wconf 76' lang='lat' dir='ltr'>veland.</span> <span class='ocrx_word' id='word_1_285' title='bbox 389 2842 594 2885; x_wconf 64' lang='lat' dir='ltr'>virginibus,</span> <span class='ocrx_word' id='word_1_286' title='bbox 612 2856 636 2877; x_wconf 90' lang='lat' dir='ltr'>c.</span> <span class='ocrx_word' id='word_1_287' title='bbox 654 2847 682 2878; x_wconf 84' lang='lat'>9.</span> 
     </span>
    </p>

    <p class='ocr_par' dir='ltr' id='par_1_8' title="bbox 104 2885 522 2926">
     <span class='ocr_line' id='line_1_51' title="bbox 104 2885 522 2926; baseline 0.002 -10"><span class='ocrx_word' id='word_1_288' title='bbox 104 2887 116 2908; x_wconf 77' lang='lat'><em>⁴</em></span> <span class='ocrx_word' id='word_1_289' title='bbox 135 2886 288 2926; x_wconf 70' lang='lat' dir='ltr'>Exposit.</span> <span class='ocrx_word' id='word_1_290' title='bbox 305 2885 412 2923; x_wconf 79' lang='lat' dir='ltr'>Fidei,</span> <span class='ocrx_word' id='word_1_291' title='bbox 429 2895 456 2916; x_wconf 89' lang='lat' dir='ltr'>n.</span> <span class='ocrx_word' id='word_1_292' title='bbox 474 2886 522 2917; x_wconf 67' lang='lat'>⁶21.</span> 
     </span>
    </p>

    <p class='ocr_par' dir='ltr' id='par_1_9' title="bbox 105 2927 466 2967">
     <span class='ocr_line' id='line_1_52' title="bbox 105 2927 466 2967; baseline 0 -9"><span class='ocrx_word' id='word_1_293' title='bbox 105 2928 120 2949; x_wconf 84' lang='lat'><strong>5</strong></span> <span class='ocrx_word' id='word_1_294' title='bbox 135 2928 245 2967; x_wconf 80' lang='lat' dir='ltr'>Epist.</span> <span class='ocrx_word' id='word_1_295' title='bbox 263 2927 309 2959; x_wconf 81' lang='lat' dir='ltr'>ad</span> <span class='ocrx_word' id='word_1_296' title='bbox 325 2927 466 2967; x_wconf 78' lang='lat' dir='ltr'>Smyrn.</span> 
     </span>
    </p>

    <p class='ocr_par' dir='ltr' id='par_1_10' title="bbox 103 2969 280 3001">
     <span class='ocr_line' id='line_1_53' title="bbox 103 2969 280 3001; baseline 0 -1"><span class='ocrx_word' id='word_1_297' title='bbox 103 2969 118 2991; x_wconf 77' lang='grc' dir='ltr'><strong>ὓ</strong></span> <span class='ocrx_word' id='word_1_298' title='bbox 133 2969 207 3000; x_wconf 90' lang='lat' dir='ltr'>Loc.</span> <span class='ocrx_word' id='word_1_299' title='bbox 222 2969 280 3001; x_wconf 80' lang='lat' dir='ltr'>cit.</span> 
     </span>
    </p>

    <p class='ocr_par' dir='ltr' id='par_1_11' title="bbox 103 3010 1010 3052">
     <span class='ocr_line' id='line_1_54' title="bbox 103 3010 1010 3052; baseline 0 -11"><span class='ocrx_word' id='word_1_300' title='bbox 103 3011 117 3032; x_wconf 80' lang='lat'>7</span> <span class='ocrx_word' id='word_1_301' title='bbox 135 3011 171 3041; x_wconf 84' lang='lat' dir='ltr'>Cf</span> <span class='ocrx_word' id='word_1_302' title='bbox 190 3011 275 3042; x_wconf 83' lang='lat' dir='ltr'>eard.</span> <span class='ocrx_word' id='word_1_303' title='bbox 298 3011 391 3048; x_wconf 74' lang='lat' dir='ltr'>nona,</span> <span class='ocrx_word' id='word_1_304' title='bbox 414 3010 550 3041; x_wconf 77' lang='lat' dir='ltr'>Rerum</span> <span class='ocrx_word' id='word_1_305' title='bbox 566 3010 683 3052; x_wconf 73' lang='lat' dir='ltr'>liturq.</span> <span class='ocrx_word' id='word_1_306' title='bbox 702 3012 720 3043; x_wconf 89' lang='lat' dir='ltr'>l.</span> <span class='ocrx_word' id='word_1_307' title='bbox 738 3013 760 3051; x_wconf 92' lang='lat' dir='ltr'>I,</span> <span class='ocrx_word' id='word_1_308' title='bbox 778 3022 803 3044; x_wconf 88' lang='lat' dir='ltr'>c.</span> <span class='ocrx_word' id='word_1_309' title='bbox 819 3011 874 3049; x_wconf 73' lang='lat'>253</span> <span class='ocrx_word' id='word_1_310' title='bbox 891 3011 1010 3049; x_wconf 86' lang='lat' dir='ltr'>Morin.‚</span> 
     </span>
    </p>
   </div>
   <div class='ocr_carea' id='block_1_4' title="bbox 65 3052 1071 3093">
    <p class='ocr_par' dir='ltr' id='par_1_12' title="bbox 65 3052 1071 3093">
     <span class='ocr_line' id='line_1_55' title="bbox 65 3052 1071 3093; baseline 0 -11"><span class='ocrx_word' id='word_1_311' title='bbox 65 3052 114 3082; x_wconf 86' lang='lat' dir='ltr'>De</span> <span class='ocrx_word' id='word_1_312' title='bbox 135 3052 248 3083; x_wconf 73' lang='lat' dir='ltr'>sacris</span> <span class='ocrx_word' id='word_1_313' title='bbox 270 3052 570 3089; x_wconf 77' lang='lat' dir='ltr'>ordinationibus,</span> <span class='ocrx_word' id='word_1_314' title='bbox 594 3058 670 3092; x_wconf 84' lang='lat' dir='ltr'>part.</span> <span class='ocrx_word' id='word_1_315' title='bbox 695 3054 755 3091; x_wconf 84' lang='lat'>111;</span> <span class='ocrx_word' id='word_1_316' title='bbox 778 3053 937 3093; x_wconf 77' lang='lat' dir='ltr'>Raynaud,</span> <span class='ocrx_word' id='word_1_317' title='bbox 960 3053 1011 3083; x_wconf 85' lang='lat' dir='ltr'>De</span> <span class='ocrx_word' id='word_1_318' title='bbox 1059 3066 1071 3067; x_wconf 41' lang='grc'><em>’</em></span> 
     </span>
    </p>
   </div>
   <div class='ocr_carea' id='block_1_5' title="bbox 63 3093 1011 3259">
    <p class='ocr_par' dir='ltr' id='par_1_13' title="bbox 63 3093 1011 3134">
     <span class='ocr_line' id='line_1_56' title="bbox 63 3093 1011 3134; baseline 0.001 -11"><span class='ocrx_word' id='word_1_319' title='bbox 63 3093 179 3124; x_wconf 80' lang='lat' dir='ltr'>sobria</span> <span class='ocrx_word' id='word_1_320' title='bbox 191 3094 339 3125; x_wconf 74' lang='lat' dir='ltr'>alterius</span> <span class='ocrx_word' id='word_1_321' title='bbox 354 3103 460 3124; x_wconf 74' lang='lat' dir='ltr'>sexus</span> <span class='ocrx_word' id='word_1_322' title='bbox 474 3095 687 3133; x_wconf 79' lang='lat' dir='ltr'>frequentia,</span> <span class='ocrx_word' id='word_1_323' title='bbox 705 3104 730 3125; x_wconf 90' lang='lat' dir='ltr'>c.</span> <span class='ocrx_word' id='word_1_324' title='bbox 748 3095 784 3134; x_wconf 76' lang='lat'>83</span> <span class='ocrx_word' id='word_1_325' title='bbox 800 3095 913 3133; x_wconf 88' lang='lat' dir='ltr'>Pinius‚</span> <span class='ocrx_word' id='word_1_326' title='bbox 930 3094 1011 3124; x_wconf 79' lang='lat' dir='ltr'>Dis-</span> 
     </span>
    </p>

    <p class='ocr_par' dir='ltr' id='par_1_14' title="bbox 64 3134 1008 3175">
     <span class='ocr_line' id='line_1_57' title="bbox 64 3134 1008 3175; baseline 0.002 -11"><span class='ocrx_word' id='word_1_327' title='bbox 64 3136 211 3166; x_wconf 77' lang='lat' dir='ltr'>sertatio</span> <span class='ocrx_word' id='word_1_328' title='bbox 233 3135 273 3166; x_wconf 85' lang='lat' dir='ltr'>de</span> <span class='ocrx_word' id='word_1_329' title='bbox 294 3134 554 3166; x_wconf 74' lang='lat' dir='ltr'>diaconissis—</span> <span class='ocrx_word' id='word_1_330' title='bbox 567 3135 652 3167; x_wconf 81' lang='lat' dir='ltr'>Acca</span> <span class='ocrx_word' id='word_1_331' title='bbox 669 3136 727 3167; x_wconf 88' lang='lat' dir='ltr'>SS.</span> <span class='ocrx_word' id='word_1_332' title='bbox 742 3139 760 3167; x_wconf 78' lang='lat' dir='ltr'>t.</span> <span class='ocrx_word' id='word_1_333' title='bbox 778 3138 789 3168; x_wconf 90' lang='lat'>1</span> <span class='ocrx_word' id='word_1_334' title='bbox 805 3140 881 3175; x_wconf 84' lang='lat' dir='ltr'>sept.</span> <span class='ocrx_word' id='word_1_335' title='bbox 898 3137 928 3166; x_wconf 90' lang='lat' dir='ltr'>in</span> <span class='ocrx_word' id='word_1_336' title='bbox 945 3136 1008 3166; x_wconf 89' lang='lat' dir='ltr'>init.</span> 
     </span>
    </p>

    <p class='ocr_par' dir='ltr' id='par_1_15' title="bbox 65 3175 1008 3259">
     <span class='ocr_line' id='line_1_58' title="bbox 65 3175 1008 3217; baseline 0.003 -11"><span class='ocrx_word' id='word_1_337' title='bbox 65 3179 94 3207; x_wconf 89' lang='lat' dir='ltr'>et</span> <span class='ocrx_word' id='word_1_338' title='bbox 110 3185 138 3214; x_wconf 88' lang='lat' dir='ltr'>p.</span> <span class='ocrx_word' id='word_1_339' title='bbox 153 3175 212 3207; x_wconf 81' lang='lat'>603</span> <span class='ocrx_word' id='word_1_340' title='bbox 235 3185 287 3216; x_wconf 87' lang='lat' dir='ltr'>sq;</span> <span class='ocrx_word' id='word_1_341' title='bbox 310 3176 472 3208; x_wconf 73' lang='lat' dir='ltr'>cahassut.</span> <span class='ocrx_word' id='word_1_342' title='bbox 494 3176 628 3209; x_wconf 80' lang='lat' dir='ltr'>Notitia</span> <span class='ocrx_word' id='word_1_343' title='bbox 644 3177 718 3209; x_wconf 82' lang='lat' dir='ltr'>eccl.</span> <span class='ocrx_word' id='word_1_344' title='bbox 735 3187 818 3210; x_wconf 87' lang='lat' dir='ltr'>saec.</span> <span class='ocrx_word' id='word_1_345' title='bbox 833 3178 873 3217; x_wconf 91' lang='lat' dir='ltr'>II,</span> <span class='ocrx_word' id='word_1_346' title='bbox 889 3177 965 3209; x_wconf 86' lang='lat' dir='ltr'>diss.</span> <span class='ocrx_word' id='word_1_347' title='bbox 979 3177 1008 3209; x_wconf 75' lang='lat'>2.</span> 
     </span>
     <span class='ocr_line' id='line_1_59' title="bbox 104 3217 352 3259; baseline 0.008 -12"><span class='ocrx_word' id='word_1_348' title='bbox 104 3217 119 3240; x_wconf 73' lang='grc' dir='ltr'>Β</span> <span class='ocrx_word' id='word_1_349' title='bbox 135 3217 265 3259; x_wconf 74' lang='lat' dir='ltr'>Apoloy.</span> <span class='ocrx_word' id='word_1_350' title='bbox 283 3227 307 3249; x_wconf 79' lang='lat' dir='ltr'>c.</span> <span class='ocrx_word' id='word_1_351' title='bbox 325 3218 352 3249; x_wconf 84' lang='lat'>5.</span> 
     </span>
    </p>
   </div>
   <div class='ocr_carea' id='block_1_6' title="bbox 1890 141 1940 180">
    <p class='ocr_par' dir='ltr' id='par_1_16' title="bbox 1890 141 1940 180">
     <span class='ocr_line' id='line_1_60' title="bbox 1890 141 1940 180; baseline 0 0"><span class='ocrx_word' id='word_1_352' title='bbox 1890 141 1940 180; x_wconf 86' lang='lat'>21</span> 
     </span>
    </p>
   </div>
   <div class='ocr_carea' id='block_1_7' title="bbox 1051 215 2002 3038">
    <p class='ocr_par' dir='ltr' id='par_1_17' title="bbox 1051 215 2002 3038">
     <span class='ocr_line' id='line_1_61' title="bbox 1054 215 1993 267; baseline 0.002 -13"><span class='ocrx_word' id='word_1_353' title='bbox 1054 217 1256 255; x_wconf 86' lang='lat' dir='ltr'>attendere</span> <span class='ocrx_word' id='word_1_354' title='bbox 1276 218 1431 267; x_wconf 89' lang='lat' dir='ltr'>oportet</span> <span class='ocrx_word' id='word_1_355' title='bbox 1450 215 1654 266; x_wconf 86' lang='lat' dir='ltr'>generales</span> <span class='ocrx_word' id='word_1_356' title='bbox 1685 227 1822 254; x_wconf 90' lang='lat' dir='ltr'>earum</span> <span class='ocrx_word' id='word_1_357' title='bbox 1843 227 1993 256; x_wconf 87' lang='lat' dir='ltr'>causas.</span> 
     </span>
     <span class='ocr_line' id='line_1_62' title="bbox 1053 270 1995 320; baseline 0 -12"><span class='ocrx_word' id='word_1_358' title='bbox 1053 271 1234 309; x_wconf 89' lang='lat' dir='ltr'>Cicerone</span> <span class='ocrx_word' id='word_1_359' title='bbox 1255 273 1376 317; x_wconf 87' lang='lat' dir='ltr'>teste,</span> <span class='ocrx_word' id='word_1_360' title='bbox 1396 282 1416 308; x_wconf 92' lang='lat' dir='ltr'>e</span> <span class='ocrx_word' id='word_1_361' title='bbox 1445 270 1576 319; x_wconf 89' lang='lat' dir='ltr'>legum</span> <span class='ocrx_word' id='word_1_362' title='bbox 1606 280 1853 308; x_wconf 89' lang='lat' dir='ltr'>romanarum</span> <span class='ocrx_word' id='word_1_363' title='bbox 1879 282 1995 320; x_wconf 90' lang='lat' dir='ltr'>prae-</span> 
     </span>
     <span class='ocr_line' id='line_1_63' title="bbox 1053 323 1996 373; baseline 0.001 -12"><span class='ocrx_word' id='word_1_364' title='bbox 1053 324 1194 373; x_wconf 86' lang='lat' dir='ltr'>scripto</span> <span class='ocrx_word' id='word_1_365' title='bbox 1227 324 1389 372; x_wconf 84' lang='lat' dir='ltr'>quaevis</span> <span class='ocrx_word' id='word_1_366' title='bbox 1418 323 1556 373; x_wconf 86' lang='lat' dir='ltr'>religio</span> <span class='ocrx_word' id='word_1_367' title='bbox 1589 323 1796 373; x_wconf 88' lang='lat' dir='ltr'>peregrina</span> <span class='ocrx_word' id='word_1_368' title='bbox 1827 325 1996 362; x_wconf 88' lang='lat' dir='ltr'>vetaba-</span> 
     </span>
     <span class='ocr_line' id='line_1_64' title="bbox 1052 376 1996 415; baseline 0.001 -1"><span class='ocrx_word' id='word_1_369' title='bbox 1052 379 1115 414; x_wconf 89' lang='lat' dir='ltr'>tur</span> <span class='ocrx_word' id='word_1_370' title='bbox 1133 376 1152 415; x_wconf 86' lang='lat'>¹.</span> <span class='ocrx_word' id='word_1_371' title='bbox 1175 377 1385 415; x_wconf 79' lang='lat' dir='ltr'>Christiani</span> <span class='ocrx_word' id='word_1_372' title='bbox 1406 388 1500 414; x_wconf 88' lang='lat' dir='ltr'>vero</span> <span class='ocrx_word' id='word_1_373' title='bbox 1520 388 1595 414; x_wconf 89' lang='lat' dir='ltr'>non</span> <span class='ocrx_word' id='word_1_374' title='bbox 1616 378 1768 414; x_wconf 89' lang='lat' dir='ltr'>tantum</span> <span class='ocrx_word' id='word_1_375' title='bbox 1791 389 1932 414; x_wconf 90' lang='lat' dir='ltr'>novam</span> <span class='ocrx_word' id='word_1_376' title='bbox 1954 380 1996 415; x_wconf 92' lang='lat' dir='ltr'>et</span> 
     </span>
     <span class='ocr_line' id='line_1_65' title="bbox 1053 430 1998 479; baseline 0.002 -13"><span class='ocrx_word' id='word_1_377' title='bbox 1053 431 1297 479; x_wconf 85' lang='lat' dir='ltr'>peregrinam</span> <span class='ocrx_word' id='word_1_378' title='bbox 1313 430 1501 468; x_wconf 86' lang='lat' dir='ltr'>Romanis</span> <span class='ocrx_word' id='word_1_379' title='bbox 1522 430 1749 479; x_wconf 83' lang='lat' dir='ltr'>religionem</span> <span class='ocrx_word' id='word_1_380' title='bbox 1765 430 1998 479; x_wconf 87' lang='lat' dir='ltr'>profiteban-</span> 
     </span>
     <span class='ocr_line' id='line_1_66' title="bbox 1051 483 1994 531; baseline 0.001 -11"><span class='ocrx_word' id='word_1_381' title='bbox 1051 487 1128 528; x_wconf 90' lang='lat' dir='ltr'>tur,</span> <span class='ocrx_word' id='word_1_382' title='bbox 1147 484 1214 521; x_wconf 88' lang='lat' dir='ltr'>sed</span> <span class='ocrx_word' id='word_1_383' title='bbox 1235 484 1353 521; x_wconf 87' lang='lat' dir='ltr'>etiam</span> <span class='ocrx_word' id='word_1_384' title='bbox 1375 483 1552 531; x_wconf 86' lang='lat' dir='ltr'>quamvis</span> <span class='ocrx_word' id='word_1_385' title='bbox 1572 483 1690 521; x_wconf 86' lang='lat' dir='ltr'>aliam</span> <span class='ocrx_word' id='word_1_386' title='bbox 1712 486 1753 520; x_wconf 91' lang='lat' dir='ltr'>ut</span> <span class='ocrx_word' id='word_1_387' title='bbox 1773 483 1914 521; x_wconf 88' lang='lat' dir='ltr'>falsam</span> <span class='ocrx_word' id='word_1_388' title='bbox 1930 485 1994 521; x_wconf 88' lang='lat' dir='ltr'>ab-</span> 
     </span>
     <span class='ocr_line' id='line_1_67' title="bbox 1053 536 1995 585; baseline 0.001 -12"><span class='ocrx_word' id='word_1_389' title='bbox 1053 537 1273 574; x_wconf 89' lang='lat' dir='ltr'>horrebant.</span> <span class='ocrx_word' id='word_1_390' title='bbox 1287 537 1498 573; x_wconf 88' lang='lat' dir='ltr'>Praeterca</span> <span class='ocrx_word' id='word_1_391' title='bbox 1514 536 1716 582; x_wconf 85' lang='lat' dir='ltr'>sacrificia,</span> <span class='ocrx_word' id='word_1_392' title='bbox 1727 547 1828 585; x_wconf 90' lang='lat' dir='ltr'>quae</span> <span class='ocrx_word' id='word_1_393' title='bbox 1841 537 1995 574; x_wconf 86' lang='lat' dir='ltr'>Roma-</span> 
     </span>
     <span class='ocr_line' id='line_1_68' title="bbox 1054 588 1998 638; baseline 0.003 -13"><span class='ocrx_word' id='word_1_394' title='bbox 1054 590 1090 626; x_wconf 91' lang='lat' dir='ltr'>ni</span> <span class='ocrx_word' id='word_1_395' title='bbox 1112 602 1178 638; x_wconf 89' lang='lat' dir='ltr'>pro</span> <span class='ocrx_word' id='word_1_396' title='bbox 1195 588 1430 638; x_wconf 87' lang='lat' dir='ltr'>reipublicae</span> <span class='ocrx_word' id='word_1_397' title='bbox 1450 592 1489 626; x_wconf 92' lang='lat' dir='ltr'>et</span> <span class='ocrx_word' id='word_1_398' title='bbox 1504 589 1782 638; x_wconf 87' lang='lat' dir='ltr'>imperatorum</span> <span class='ocrx_word' id='word_1_399' title='bbox 1799 589 1926 628; x_wconf 88' lang='lat' dir='ltr'>salute</span> <span class='ocrx_word' id='word_1_400' title='bbox 1939 590 1998 628; x_wconf 89' lang='lat' dir='ltr'>of-</span> 
     </span>
     <span class='ocr_line' id='line_1_69' title="bbox 1052 642 2000 692; baseline 0.002 -13"><span class='ocrx_word' id='word_1_401' title='bbox 1052 642 1237 688; x_wconf 85' lang='lat' dir='ltr'>ferebant,</span> <span class='ocrx_word' id='word_1_402' title='bbox 1246 642 1564 687; x_wconf 79' lang='lat' dir='ltr'>advcrsabantur3</span> <span class='ocrx_word' id='word_1_403' title='bbox 1577 642 1737 691; x_wconf 89' lang='lat' dir='ltr'>publicis</span> <span class='ocrx_word' id='word_1_404' title='bbox 1749 643 1849 681; x_wconf 91' lang='lat' dir='ltr'>ludis</span> <span class='ocrx_word' id='word_1_405' title='bbox 1859 646 1898 680; x_wconf 91' lang='lat' dir='ltr'>et</span> <span class='ocrx_word' id='word_1_406' title='bbox 1909 655 1977 692; x_wconf 90' lang='lat' dir='ltr'>spe</span> <span class='ocrx_word' id='word_1_407' title='bbox 1986 664 2000 671; x_wconf 99' lang='lat'>-</span> 
     </span>
     <span class='ocr_line' id='line_1_70' title="bbox 1052 695 1996 743; baseline 0.002 -11"><span class='ocrx_word' id='word_1_408' title='bbox 1052 695 1222 740; x_wconf 88' lang='lat' dir='ltr'>ctaculis,</span> <span class='ocrx_word' id='word_1_409' title='bbox 1244 707 1342 743; x_wconf 86' lang='lat' dir='ltr'>quac</span> <span class='ocrx_word' id='word_1_410' title='bbox 1361 706 1430 743; x_wconf 93' lang='lat' dir='ltr'>pro</span> <span class='ocrx_word' id='word_1_411' title='bbox 1451 695 1571 743; x_wconf 89' lang='lat' dir='ltr'>partis</span> <span class='ocrx_word' id='word_1_412' title='bbox 1592 696 1764 733; x_wconf 90' lang='lat' dir='ltr'>victoriis</span> <span class='ocrx_word' id='word_1_413' title='bbox 1785 696 1849 734; x_wconf 90' lang='lat' dir='ltr'>vel</span> <span class='ocrx_word' id='word_1_414' title='bbox 1868 696 1907 733; x_wconf 91' lang='lat' dir='ltr'>in</span> <span class='ocrx_word' id='word_1_415' title='bbox 1927 697 1996 734; x_wconf 89' lang='lat' dir='ltr'>im-</span> 
     </span>
     <span class='ocr_line' id='line_1_71' title="bbox 1053 747 1999 797; baseline 0.002 -11"><span class='ocrx_word' id='word_1_416' title='bbox 1053 751 1274 797; x_wconf 85' lang='lat' dir='ltr'>peratorum</span> <span class='ocrx_word' id='word_1_417' title='bbox 1295 748 1483 786; x_wconf 84' lang='lat' dir='ltr'>natalitiis</span> <span class='ocrx_word' id='word_1_418' title='bbox 1504 747 1824 796; x_wconf 84' lang='lat' dir='ltr'>celebrabantur,</span> <span class='ocrx_word' id='word_1_419' title='bbox 1847 750 1999 797; x_wconf 87' lang='lat' dir='ltr'>adesse,</span> 
     </span>
     <span class='ocr_line' id='line_1_72' title="bbox 1053 800 1998 851; baseline 0.002 -12"><span class='ocrx_word' id='word_1_420' title='bbox 1053 813 1194 851; x_wconf 84' lang='lat' dir='ltr'>perque</span> <span class='ocrx_word' id='word_1_421' title='bbox 1214 800 1456 850; x_wconf 89' lang='lat' dir='ltr'>imperatoris</span> <span class='ocrx_word' id='word_1_422' title='bbox 1473 801 1594 838; x_wconf 88' lang='lat' dir='ltr'>vitam</span> <span class='ocrx_word' id='word_1_423' title='bbox 1616 805 1685 839; x_wconf 92' lang='lat' dir='ltr'>aut</span> <span class='ocrx_word' id='word_1_424' title='bbox 1702 803 1834 851; x_wconf 89' lang='lat' dir='ltr'>genios</span> <span class='ocrx_word' id='word_1_425' title='bbox 1850 803 1998 850; x_wconf 90' lang='lat' dir='ltr'>iurare,</span> 
     </span>
     <span class='ocr_line' id='line_1_73' title="bbox 1052 854 1999 904; baseline 0.002 -12"><span class='ocrx_word' id='word_1_426' title='bbox 1052 866 1186 892; x_wconf 93' lang='lat' dir='ltr'>eorum</span> <span class='ocrx_word' id='word_1_427' title='bbox 1197 854 1387 904; x_wconf 89' lang='lat' dir='ltr'>imagines</span> <span class='ocrx_word' id='word_1_428' title='bbox 1399 854 1538 900; x_wconf 89' lang='lat' dir='ltr'>colere,</span> <span class='ocrx_word' id='word_1_429' title='bbox 1547 854 1655 892; x_wconf 90' lang='lat' dir='ltr'>nefas</span> <span class='ocrx_word' id='word_1_430' title='bbox 1666 855 1869 894; x_wconf 87' lang='lat' dir='ltr'>habebant.</span> <span class='ocrx_word' id='word_1_431' title='bbox 1886 856 1999 894; x_wconf 92' lang='lat' dir='ltr'>Unde</span> 
     </span>
     <span class='ocr_line' id='line_1_74' title="bbox 1053 907 1999 957; baseline 0.003 -13"><span class='ocrx_word' id='word_1_432' title='bbox 1053 908 1231 956; x_wconf 84' lang='lat' dir='ltr'>quamvis</span> <span class='ocrx_word' id='word_1_433' title='bbox 1247 908 1400 957; x_wconf 86' lang='lat' dir='ltr'>integra</span> <span class='ocrx_word' id='word_1_434' title='bbox 1420 909 1522 945; x_wconf 86' lang='lat' dir='ltr'>esset</span> <span class='ocrx_word' id='word_1_435' title='bbox 1537 907 1842 946; x_wconf 90' lang='lat' dir='ltr'>christianorum</span> <span class='ocrx_word' id='word_1_436' title='bbox 1858 910 1943 947; x_wconf 87' lang='lat' dir='ltr'>vita</span> <span class='ocrx_word' id='word_1_437' title='bbox 1959 913 1999 947; x_wconf 91' lang='lat' dir='ltr'>et</span> 
     </span>
     <span class='ocr_line' id='line_1_75' title="bbox 1053 960 2000 1011; baseline 0.002 -12"><span class='ocrx_word' id='word_1_438' title='bbox 1053 962 1230 999; x_wconf 90' lang='lat' dir='ltr'>ordinata</span> <span class='ocrx_word' id='word_1_439' title='bbox 1250 973 1344 1010; x_wconf 89' lang='lat' dir='ltr'>erga</span> <span class='ocrx_word' id='word_1_440' title='bbox 1372 960 1628 1010; x_wconf 87' lang='lat' dir='ltr'>imperatores</span> <span class='ocrx_word' id='word_1_441' title='bbox 1655 961 1773 998; x_wconf 87' lang='lat' dir='ltr'>etiam</span> <span class='ocrx_word' id='word_1_442' title='bbox 1795 963 2000 1011; x_wconf 86' lang='lat' dir='ltr'>nequiores</span> 
     </span>
     <span class='ocr_line' id='line_1_76' title="bbox 1053 1013 2000 1063; baseline 0.003 -12"><span class='ocrx_word' id='word_1_443' title='bbox 1053 1014 1311 1060; x_wconf 85' lang='lat' dir='ltr'>observantia,</span> <span class='ocrx_word' id='word_1_444' title='bbox 1327 1013 1412 1062; x_wconf 89' lang='lat' dir='ltr'>ipsa</span> <span class='ocrx_word' id='word_1_445' title='bbox 1430 1013 1629 1062; x_wconf 86' lang='lat' dir='ltr'>religionis</span> <span class='ocrx_word' id='word_1_446' title='bbox 1650 1025 1744 1051; x_wconf 89' lang='lat' dir='ltr'>suae</span> <span class='ocrx_word' id='word_1_447' title='bbox 1765 1015 2000 1063; x_wconf 85' lang='lat' dir='ltr'>professione</span> 
     </span>
     <span class='ocr_line' id='line_1_77' title="bbox 1054 1066 2001 1117; baseline 0.003 -13"><span class='ocrx_word' id='word_1_448' title='bbox 1054 1068 1091 1104; x_wconf 92' lang='lat' dir='ltr'>in</span> <span class='ocrx_word' id='word_1_449' title='bbox 1107 1080 1147 1105; x_wconf 91' lang='lat' dir='ltr'>se</span> <span class='ocrx_word' id='word_1_450' title='bbox 1167 1068 1393 1106; x_wconf 79' lang='lat' dir='ltr'>excitabant</span> <span class='ocrx_word' id='word_1_451' title='bbox 1408 1067 1537 1104; x_wconf 92' lang='lat' dir='ltr'>odium</span> <span class='ocrx_word' id='word_1_452' title='bbox 1554 1066 1815 1115; x_wconf 89' lang='lat' dir='ltr'>ethnicorum,</span> <span class='ocrx_word' id='word_1_453' title='bbox 1832 1069 1895 1117; x_wconf 92' lang='lat' dir='ltr'>qui</span> <span class='ocrx_word' id='word_1_454' title='bbox 1913 1069 2001 1107; x_wconf 88' lang='lat' dir='ltr'>illos</span> 
     </span>
     <span class='ocr_line' id='line_1_78' title="bbox 1056 1120 2000 1169; baseline 0.002 -11"><span class='ocrx_word' id='word_1_455' title='bbox 1056 1133 1128 1158; x_wconf 92' lang='lat' dir='ltr'>non</span> <span class='ocrx_word' id='word_1_456' title='bbox 1148 1121 1274 1159; x_wconf 90' lang='lat' dir='ltr'>solum</span> <span class='ocrx_word' id='word_1_457' title='bbox 1295 1120 1492 1169; x_wconf 85' lang='lat' dir='ltr'>religionis</span> <span class='ocrx_word' id='word_1_458' title='bbox 1511 1123 1551 1157; x_wconf 92' lang='lat' dir='ltr'>et</span> <span class='ocrx_word' id='word_1_459' title='bbox 1580 1120 1741 1157; x_wconf 88' lang='lat' dir='ltr'>deorum</span> <span class='ocrx_word' id='word_1_460' title='bbox 1757 1150 1766 1167; x_wconf 95' lang='lat'>,</span> <span class='ocrx_word' id='word_1_461' title='bbox 1788 1123 1854 1159; x_wconf 93' lang='lat' dir='ltr'>sed</span> <span class='ocrx_word' id='word_1_462' title='bbox 1882 1122 2000 1160; x_wconf 89' lang='lat' dir='ltr'>etiam</span> 
     </span>
     <span class='ocr_line' id='line_1_79' title="bbox 1053 1173 2001 1223; baseline 0.002 -12"><span class='ocrx_word' id='word_1_463' title='bbox 1053 1174 1289 1223; x_wconf 87' lang='lat' dir='ltr'>reipublicae</span> <span class='ocrx_word' id='word_1_464' title='bbox 1305 1175 1344 1211; x_wconf 91' lang='lat' dir='ltr'>et</span> <span class='ocrx_word' id='word_1_465' title='bbox 1359 1174 1641 1222; x_wconf 85' lang='lat' dir='ltr'>imperatorum</span> <span class='ocrx_word' id='word_1_466' title='bbox 1660 1173 1794 1212; x_wconf 91' lang='lat' dir='ltr'>hostes</span> <span class='ocrx_word' id='word_1_467' title='bbox 1814 1177 1853 1212; x_wconf 91' lang='lat' dir='ltr'>et</span> <span class='ocrx_word' id='word_1_468' title='bbox 1872 1174 2001 1213; x_wconf 90' lang='lat' dir='ltr'>homi-</span> 
     </span>
     <span class='ocr_line' id='line_1_80' title="bbox 1054 1227 2000 1277; baseline 0.003 -14"><span class='ocrx_word' id='word_1_469' title='bbox 1054 1240 1120 1265; x_wconf 89' lang='lat' dir='ltr'>nes</span> <span class='ocrx_word' id='word_1_470' title='bbox 1141 1227 1352 1277; x_wconf 87' lang='lat' dir='ltr'>flagitiosos</span> <span class='ocrx_word' id='word_1_471' title='bbox 1372 1239 1455 1264; x_wconf 91' lang='lat' dir='ltr'>esse</span> <span class='ocrx_word' id='word_1_472' title='bbox 1471 1227 1778 1265; x_wconf 88' lang='lat' dir='ltr'>arbitrabantur.</span> <span class='ocrx_word' id='word_1_473' title='bbox 1800 1227 1871 1265; x_wconf 90' lang='lat' dir='ltr'>His</span> <span class='ocrx_word' id='word_1_474' title='bbox 1886 1229 2000 1266; x_wconf 89' lang='lat' dir='ltr'>adde-</span> 
     </span>
     <span class='ocr_line' id='line_1_81' title="bbox 1054 1280 1999 1330; baseline 0.001 -12"><span class='ocrx_word' id='word_1_475' title='bbox 1054 1292 1094 1318; x_wconf 90' lang='lat' dir='ltr'>re</span> <span class='ocrx_word' id='word_1_476' title='bbox 1111 1283 1263 1330; x_wconf 87' lang='lat' dir='ltr'>oportet</span> <span class='ocrx_word' id='word_1_477' title='bbox 1277 1281 1496 1330; x_wconf 86' lang='lat' dir='ltr'>praesidum</span> <span class='ocrx_word' id='word_1_478' title='bbox 1513 1280 1801 1329; x_wconf 87' lang='lat' dir='ltr'>provinciarum</span> <span class='ocrx_word' id='word_1_479' title='bbox 1818 1283 1856 1319; x_wconf 93' lang='lat' dir='ltr'>et</span> <span class='ocrx_word' id='word_1_480' title='bbox 1871 1282 1999 1330; x_wconf 86' lang='lat' dir='ltr'>magi-</span> 
     </span>
     <span class='ocr_line' id='line_1_82' title="bbox 1053 1333 2000 1382; baseline 0.001 -11"><span class='ocrx_word' id='word_1_481' title='bbox 1053 1337 1248 1372; x_wconf 87' lang='lat' dir='ltr'>stratuum</span> <span class='ocrx_word' id='word_1_482' title='bbox 1274 1333 1481 1371; x_wconf 88' lang='lat' dir='ltr'>civitatum</span> <span class='ocrx_word' id='word_1_483' title='bbox 1510 1333 1664 1382; x_wconf 88' lang='lat' dir='ltr'>privata</span> <span class='ocrx_word' id='word_1_484' title='bbox 1698 1334 1736 1371; x_wconf 91' lang='lat' dir='ltr'>in</span> <span class='ocrx_word' id='word_1_485' title='bbox 1767 1334 2000 1373; x_wconf 88' lang='lat' dir='ltr'>christianos</span> 
     </span>
     <span class='ocr_line' id='line_1_83' title="bbox 1053 1386 2002 1437; baseline 0.002 -13"><span class='ocrx_word' id='word_1_486' title='bbox 1053 1388 1158 1434; x_wconf 85' lang='lat' dir='ltr'>odia,</span> <span class='ocrx_word' id='word_1_487' title='bbox 1179 1390 1296 1436; x_wconf 89' lang='lat' dir='ltr'>atque</span> <span class='ocrx_word' id='word_1_488' title='bbox 1324 1387 1630 1424; x_wconf 86' lang='lat' dir='ltr'>sacrificulorum</span> <span class='ocrx_word' id='word_1_489' title='bbox 1659 1386 1867 1435; x_wconf 88' lang='lat' dir='ltr'>invidiam,</span> <span class='ocrx_word' id='word_1_490' title='bbox 1896 1390 2002 1437; x_wconf 91' lang='lat' dir='ltr'>quod</span> 
     </span>
     <span class='ocr_line' id='line_1_84' title="bbox 1052 1440 1998 1490; baseline 0.001 -12"><span class='ocrx_word' id='word_1_491' title='bbox 1052 1441 1213 1478; x_wconf 90' lang='lat' dir='ltr'>deorum</span> <span class='ocrx_word' id='word_1_492' title='bbox 1234 1452 1346 1479; x_wconf 88' lang='lat' dir='ltr'>sacra</span> <span class='ocrx_word' id='word_1_493' title='bbox 1364 1453 1385 1479; x_wconf 88' lang='lat' dir='ltr'>e</span> <span class='ocrx_word' id='word_1_494' title='bbox 1406 1440 1624 1489; x_wconf 84' lang='lat' dir='ltr'>Religionis</span> <span class='ocrx_word' id='word_1_495' title='bbox 1645 1440 1880 1479; x_wconf 89' lang='lat' dir='ltr'>christianae</span> <span class='ocrx_word' id='word_1_496' title='bbox 1903 1453 1998 1490; x_wconf 88' lang='lat' dir='ltr'>pro-</span> 
     </span>
     <span class='ocr_line' id='line_1_85' title="bbox 1052 1493 1999 1544; baseline 0.001 -12"><span class='ocrx_word' id='word_1_497' title='bbox 1052 1506 1188 1543; x_wconf 90' lang='lat' dir='ltr'>gressu</span> <span class='ocrx_word' id='word_1_498' title='bbox 1208 1494 1513 1544; x_wconf 78' lang='lat' dir='ltr'>despicerentur.</span> <span class='ocrx_word' id='word_1_499' title='bbox 1535 1493 1797 1532; x_wconf 87' lang='lat' dir='ltr'>Accesserunt</span> <span class='ocrx_word' id='word_1_500' title='bbox 1833 1494 1999 1533; x_wconf 86' lang='lat' dir='ltr'>infames</span> 
     </span>
     <span class='ocr_line' id='line_1_86' title="bbox 1052 1546 1999 1586; baseline 0.001 -1"><span class='ocrx_word' id='word_1_501' title='bbox 1052 1548 1268 1585; x_wconf 89' lang='lat' dir='ltr'>calumniae</span> <span class='ocrx_word' id='word_1_502' title='bbox 1289 1550 1428 1585; x_wconf 89' lang='lat' dir='ltr'>contra</span> <span class='ocrx_word' id='word_1_503' title='bbox 1447 1546 1753 1585; x_wconf 86' lang='lat' dir='ltr'>christianorum</span> <span class='ocrx_word' id='word_1_504' title='bbox 1782 1551 1999 1586; x_wconf 90' lang='lat' dir='ltr'>conventus</span> 
     </span>
     <span class='ocr_line' id='line_1_87' title="bbox 1054 1600 2000 1650; baseline 0.002 -12"><span class='ocrx_word' id='word_1_505' title='bbox 1054 1601 1249 1650; x_wconf 88' lang='lat' dir='ltr'>vulgatae.</span> <span class='ocrx_word' id='word_1_506' title='bbox 1286 1601 1371 1639; x_wconf 87' lang='lat' dir='ltr'>Hae</span> <span class='ocrx_word' id='word_1_507' title='bbox 1410 1600 1521 1638; x_wconf 86' lang='lat' dir='ltr'>fuere</span> <span class='ocrx_word' id='word_1_508' title='bbox 1560 1601 1791 1650; x_wconf 84' lang='lat' dir='ltr'>praecipuae</span> <span class='ocrx_word' id='word_1_509' title='bbox 1830 1613 1973 1640; x_wconf 89' lang='lat' dir='ltr'>causae</span> <span class='ocrx_word' id='word_1_510' title='bbox 1990 1631 2000 1649; x_wconf 96' lang='lat'>,</span> 
     </span>
     <span class='ocr_line' id='line_1_88' title="bbox 1052 1653 1998 1704; baseline 0.001 -12"><span class='ocrx_word' id='word_1_511' title='bbox 1052 1657 1209 1704; x_wconf 88' lang='lat' dir='ltr'>propter</span> <span class='ocrx_word' id='word_1_512' title='bbox 1241 1665 1337 1702; x_wconf 87' lang='lat' dir='ltr'>quas</span> <span class='ocrx_word' id='word_1_513' title='bbox 1371 1653 1516 1691; x_wconf 89' lang='lat' dir='ltr'>ethnici</span> <span class='ocrx_word' id='word_1_514' title='bbox 1549 1653 1744 1702; x_wconf 90' lang='lat' dir='ltr'>principes</span> <span class='ocrx_word' id='word_1_515' title='bbox 1780 1656 1820 1692; x_wconf 91' lang='lat' dir='ltr'>et</span> <span class='ocrx_word' id='word_1_516' title='bbox 1853 1656 1998 1693; x_wconf 88' lang='lat' dir='ltr'>subditi</span> 
     </span>
     <span class='ocr_line' id='line_1_89' title="bbox 1053 1707 1998 1758; baseline 0.002 -13"><span class='ocrx_word' id='word_1_517' title='bbox 1053 1709 1182 1745; x_wconf 87' lang='lat' dir='ltr'>omnia</span> <span class='ocrx_word' id='word_1_518' title='bbox 1215 1707 1287 1745; x_wconf 91' lang='lat' dir='ltr'>sibi</span> <span class='ocrx_word' id='word_1_519' title='bbox 1315 1707 1434 1744; x_wconf 90' lang='lat' dir='ltr'>licere</span> <span class='ocrx_word' id='word_1_520' title='bbox 1467 1707 1765 1745; x_wconf 88' lang='lat' dir='ltr'>arbitrabantur</span> <span class='ocrx_word' id='word_1_521' title='bbox 1789 1708 1828 1745; x_wconf 88' lang='lat' dir='ltr'>in</span> <span class='ocrx_word' id='word_1_522' title='bbox 1860 1721 1998 1758; x_wconf 90' lang='lat' dir='ltr'>perse-</span> 
     </span>
     <span class='ocr_line' id='line_1_90' title="bbox 1053 1760 1786 1810; baseline 0 -12"><span class='ocrx_word' id='word_1_523' title='bbox 1053 1761 1214 1810; x_wconf 90' lang='lat' dir='ltr'>quendis</span> <span class='ocrx_word' id='word_1_524' title='bbox 1234 1762 1273 1798; x_wconf 92' lang='lat' dir='ltr'>et</span> <span class='ocrx_word' id='word_1_525' title='bbox 1293 1760 1523 1798; x_wconf 88' lang='lat' dir='ltr'>damnandis</span> <span class='ocrx_word' id='word_1_526' title='bbox 1551 1760 1786 1799; x_wconf 89' lang='lat' dir='ltr'>christianis.</span> 
     </span>
     <span class='ocr_line' id='line_1_91' title="bbox 1104 1813 2000 1863; baseline 0.001 -10"><span class='ocrx_word' id='word_1_527' title='bbox 1104 1813 1352 1853; x_wconf 87' lang='lat' dir='ltr'>Neronianae</span> <span class='ocrx_word' id='word_1_528' title='bbox 1365 1813 1640 1863; x_wconf 89' lang='lat' dir='ltr'>persecutionis</span> <span class='ocrx_word' id='word_1_529' title='bbox 1651 1814 1853 1863; x_wconf 90' lang='lat' dir='ltr'>originem,</span> <span class='ocrx_word' id='word_1_530' title='bbox 1862 1826 2000 1854; x_wconf 87' lang='lat' dir='ltr'>causas</span> 
     </span>
     <span class='ocr_line' id='line_1_92' title="bbox 1052 1867 1999 1916; baseline 0.002 -11"><span class='ocrx_word' id='word_1_531' title='bbox 1052 1869 1169 1916; x_wconf 88' lang='lat' dir='ltr'>atque</span> <span class='ocrx_word' id='word_1_532' title='bbox 1188 1867 1394 1905; x_wconf 88' lang='lat' dir='ltr'>saevitiam</span> <span class='ocrx_word' id='word_1_533' title='bbox 1425 1867 1602 1904; x_wconf 89' lang='lat' dir='ltr'>novimus</span> <span class='ocrx_word' id='word_1_534' title='bbox 1622 1879 1696 1904; x_wconf 92' lang='lat' dir='ltr'>non</span> <span class='ocrx_word' id='word_1_535' title='bbox 1718 1867 1842 1905; x_wconf 91' lang='lat' dir='ltr'>solum</span> <span class='ocrx_word' id='word_1_536' title='bbox 1863 1880 1883 1905; x_wconf 93' lang='lat' dir='ltr'>e</span> <span class='ocrx_word' id='word_1_537' title='bbox 1903 1869 1999 1907; x_wconf 89' lang='lat' dir='ltr'>Sul-</span> 
     </span>
     <span class='ocr_line' id='line_1_93' title="bbox 1053 1919 1998 1969; baseline 0.003 -11"><span class='ocrx_word' id='word_1_538' title='bbox 1053 1921 1150 1969; x_wconf 90' lang='lat' dir='ltr'>picio</span> <span class='ocrx_word' id='word_1_539' title='bbox 1169 1921 1312 1958; x_wconf 87' lang='lat' dir='ltr'>Severo</span> <span class='ocrx_word' id='word_1_540' title='bbox 1329 1919 1343 1941; x_wconf 80' lang='lat'><strong>²</strong></span> <span class='ocrx_word' id='word_1_541' title='bbox 1364 1919 1525 1969; x_wconf 87' lang='lat' dir='ltr'>aliisque</span> <span class='ocrx_word' id='word_1_542' title='bbox 1541 1919 1792 1969; x_wconf 88' lang='lat' dir='ltr'>scriptoribus</span> <span class='ocrx_word' id='word_1_543' title='bbox 1822 1922 1998 1961; x_wconf 90' lang='lat' dir='ltr'>christia-</span> 
     </span>
     <span class='ocr_line' id='line_1_94' title="bbox 1053 1972 2000 2020; baseline 0.004 -10"><span class='ocrx_word' id='word_1_544' title='bbox 1053 1974 1121 2020; x_wconf 91' lang='lat' dir='ltr'>nis,</span> <span class='ocrx_word' id='word_1_545' title='bbox 1142 1974 1208 2012; x_wconf 90' lang='lat' dir='ltr'>sed</span> <span class='ocrx_word' id='word_1_546' title='bbox 1228 1974 1345 2011; x_wconf 89' lang='lat' dir='ltr'>etiam</span> <span class='ocrx_word' id='word_1_547' title='bbox 1366 1985 1386 2011; x_wconf 92' lang='lat' dir='ltr'>e</span> <span class='ocrx_word' id='word_1_548' title='bbox 1407 1972 1568 2011; x_wconf 83' lang='lat' dir='ltr'>Tacito3</span> <span class='ocrx_word' id='word_1_549' title='bbox 1589 1977 1629 2011; x_wconf 90' lang='lat' dir='ltr'>et</span> <span class='ocrx_word' id='word_1_550' title='bbox 1648 1973 1836 2012; x_wconf 87' lang='lat' dir='ltr'>Suetonio</span> <span class='ocrx_word' id='word_1_551' title='bbox 1846 1973 1873 2013; x_wconf 74' lang='lat'>4.</span> <span class='ocrx_word' id='word_1_552' title='bbox 1891 1975 2000 2014; x_wconf 84' lang='lat' dir='ltr'>Scri-</span> 
     </span>
     <span class='ocr_line' id='line_1_95' title="bbox 1051 2026 1997 2074; baseline 0.003 -10"><span class='ocrx_word' id='word_1_553' title='bbox 1051 2027 1107 2065; x_wconf 87' lang='lat' dir='ltr'>bit</span> <span class='ocrx_word' id='word_1_554' title='bbox 1126 2028 1299 2073; x_wconf 86' lang='lat' dir='ltr'>Tacitus,</span> <span class='ocrx_word' id='word_1_555' title='bbox 1319 2026 1529 2074; x_wconf 91' lang='lat' dir='ltr'>Neronem,</span> <span class='ocrx_word' id='word_1_556' title='bbox 1550 2039 1637 2064; x_wconf 91' lang='lat' dir='ltr'>cum</span> <span class='ocrx_word' id='word_1_557' title='bbox 1657 2027 1763 2065; x_wconf 90' lang='lat' dir='ltr'>nulla</span> <span class='ocrx_word' id='word_1_558' title='bbox 1782 2039 1827 2065; x_wconf 93' lang='lat' dir='ltr'>re</span> <span class='ocrx_word' id='word_1_559' title='bbox 1843 2028 1997 2067; x_wconf 90' lang='lat' dir='ltr'>efficere</span> 
     </span>
     <span class='ocr_line' id='line_1_96' title="bbox 1051 2080 2000 2129; baseline 0.004 -12"><span class='ocrx_word' id='word_1_560' title='bbox 1051 2083 1190 2129; x_wconf 89' lang='lat' dir='ltr'>posset,</span> <span class='ocrx_word' id='word_1_561' title='bbox 1203 2081 1296 2129; x_wconf 88' lang='lat' dir='ltr'>quin</span> <span class='ocrx_word' id='word_1_562' title='bbox 1314 2080 1420 2118; x_wconf 89' lang='lat' dir='ltr'>urbis</span> <span class='ocrx_word' id='word_1_563' title='bbox 1436 2081 1585 2118; x_wconf 85' lang='lat' dir='ltr'>Romae</span> <span class='ocrx_word' id='word_1_564' title='bbox 1599 2080 1819 2118; x_wconf 89' lang='lat' dir='ltr'>incendium</span> <span class='ocrx_word' id='word_1_565' title='bbox 1833 2094 1857 2119; x_wconf 91' lang='lat' dir='ltr'>a</span> <span class='ocrx_word' id='word_1_566' title='bbox 1871 2093 1911 2120; x_wconf 90' lang='lat' dir='ltr'>se</span> <span class='ocrx_word' id='word_1_567' title='bbox 1921 2083 2000 2121; x_wconf 92' lang='lat' dir='ltr'>ius-</span> 
     </span>
     <span class='ocr_line' id='line_1_97' title="bbox 1051 2134 1997 2181; baseline 0.002 -9"><span class='ocrx_word' id='word_1_568' title='bbox 1051 2146 1134 2172; x_wconf 89' lang='lat' dir='ltr'>sum</span> <span class='ocrx_word' id='word_1_569' title='bbox 1151 2135 1398 2181; x_wconf 89' lang='lat' dir='ltr'>crederetur,</span> <span class='ocrx_word' id='word_1_570' title='bbox 1423 2136 1577 2173; x_wconf 87' lang='lat' dir='ltr'>tantum</span> <span class='ocrx_word' id='word_1_571' title='bbox 1607 2134 1752 2172; x_wconf 88' lang='lat' dir='ltr'>crimen</span> <span class='ocrx_word' id='word_1_572' title='bbox 1785 2135 1997 2174; x_wconf 88' lang='lat' dir='ltr'>coniecisse</span> 
     </span>
     <span class='ocr_line' id='line_1_98' title="bbox 1051 2187 1997 2239; baseline 0.002 -14"><span class='ocrx_word' id='word_1_573' title='bbox 1051 2188 1091 2225; x_wconf 93' lang='lat' dir='ltr'>in</span> <span class='ocrx_word' id='word_1_574' title='bbox 1111 2188 1343 2225; x_wconf 89' lang='lat' dir='ltr'>christianos</span> <span class='ocrx_word' id='word_1_575' title='bbox 1362 2199 1432 2236; x_wconf 89' lang='lat' dir='ltr'>per</span> <span class='ocrx_word' id='word_1_576' title='bbox 1445 2187 1598 2236; x_wconf 84' lang='lat' dir='ltr'>flagitia</span> <span class='ocrx_word' id='word_1_577' title='bbox 1617 2187 1774 2226; x_wconf 89' lang='lat' dir='ltr'>invisos.</span> <span class='ocrx_word' id='word_1_578' title='bbox 1791 2188 1885 2226; x_wconf 89' lang='lat' dir='ltr'>Inde</span> <span class='ocrx_word' id='word_1_579' title='bbox 1902 2201 1997 2239; x_wconf 87' lang='lat' dir='ltr'>ergo</span> 
     </span>
     <span class='ocr_line' id='line_1_99' title="bbox 1054 2240 1995 2290; baseline 0.002 -12"><span class='ocrx_word' id='word_1_580' title='bbox 1054 2241 1273 2290; x_wconf 88' lang='lat' dir='ltr'>persecutio</span> <span class='ocrx_word' id='word_1_581' title='bbox 1300 2241 1338 2278; x_wconf 90' lang='lat' dir='ltr'>in</span> <span class='ocrx_word' id='word_1_582' title='bbox 1361 2240 1594 2278; x_wconf 89' lang='lat' dir='ltr'>christianos</span> <span class='ocrx_word' id='word_1_583' title='bbox 1623 2241 1797 2279; x_wconf 80' lang='lat' dir='ltr'>excitata</span> <span class='ocrx_word' id='word_1_584' title='bbox 1817 2244 1898 2289; x_wconf 90' lang='lat' dir='ltr'>est,</span> <span class='ocrx_word' id='word_1_585' title='bbox 1918 2256 1995 2280; x_wconf 91' lang='lat' dir='ltr'>non</span> 
     </span>
     <span class='ocr_line' id='line_1_100' title="bbox 1053 2294 1996 2342; baseline 0.002 -10"><span class='ocrx_word' id='word_1_586' title='bbox 1053 2297 1204 2332; x_wconf 88' lang='lat' dir='ltr'>tantum</span> <span class='ocrx_word' id='word_1_587' title='bbox 1217 2294 1339 2332; x_wconf 89' lang='lat' dir='ltr'>veluti</span> <span class='ocrx_word' id='word_1_588' title='bbox 1355 2294 1394 2331; x_wconf 89' lang='lat' dir='ltr'>in</span> <span class='ocrx_word' id='word_1_589' title='bbox 1409 2297 1587 2332; x_wconf 88' lang='lat' dir='ltr'>auctores</span> <span class='ocrx_word' id='word_1_590' title='bbox 1601 2294 1781 2342; x_wconf 90' lang='lat' dir='ltr'>incendii,</span> <span class='ocrx_word' id='word_1_591' title='bbox 1794 2297 1860 2333; x_wconf 89' lang='lat' dir='ltr'>sed</span> <span class='ocrx_word' id='word_1_592' title='bbox 1877 2296 1996 2334; x_wconf 90' lang='lat' dir='ltr'>etiam</span> 
     </span>
     <span class='ocr_line' id='line_1_101' title="bbox 1055 2347 1999 2397; baseline 0.002 -12"><span class='ocrx_word' id='word_1_593' title='bbox 1055 2348 1179 2386; x_wconf 86' lang='lat' dir='ltr'>veluti</span> <span class='ocrx_word' id='word_1_594' title='bbox 1211 2349 1251 2385; x_wconf 92' lang='lat' dir='ltr'>in</span> <span class='ocrx_word' id='word_1_595' title='bbox 1279 2348 1452 2385; x_wconf 90' lang='lat' dir='ltr'>homines</span> <span class='ocrx_word' id='word_1_596' title='bbox 1485 2347 1769 2397; x_wconf 89' lang='lat' dir='ltr'>superstitionis</span> <span class='ocrx_word' id='word_1_597' title='bbox 1804 2361 1927 2387; x_wconf 90' lang='lat' dir='ltr'>novae</span> <span class='ocrx_word' id='word_1_598' title='bbox 1957 2353 1999 2387; x_wconf 90' lang='lat' dir='ltr'>et</span> 
     </span>
     <span class='ocr_line' id='line_1_102' title="bbox 1053 2400 1994 2452; baseline 0.002 -14"><span class='ocrx_word' id='word_1_599' title='bbox 1053 2401 1254 2439; x_wconf 90' lang='lat' dir='ltr'>maleficae</span> <span class='ocrx_word' id='word_1_600' title='bbox 1284 2400 1356 2451; x_wconf 88' lang='lat' dir='ltr'>(sic</span> <span class='ocrx_word' id='word_1_601' title='bbox 1381 2401 1611 2450; x_wconf 88' lang='lat' dir='ltr'>religionem</span> <span class='ocrx_word' id='word_1_602' title='bbox 1640 2401 1892 2439; x_wconf 88' lang='lat' dir='ltr'>christianam</span> <span class='ocrx_word' id='word_1_603' title='bbox 1921 2414 1994 2452; x_wconf 89' lang='lat' dir='ltr'>ap-</span> 
     </span>
     <span class='ocr_line' id='line_1_103' title="bbox 1054 2454 1995 2505; baseline 0.001 -13"><span class='ocrx_word' id='word_1_604' title='bbox 1054 2455 1250 2504; x_wconf 86' lang='lat' dir='ltr'>pellabant</span> <span class='ocrx_word' id='word_1_605' title='bbox 1267 2454 1429 2505; x_wconf 88' lang='lat' dir='ltr'>ethnici)</span> <span class='ocrx_word' id='word_1_606' title='bbox 1445 2459 1485 2492; x_wconf 90' lang='lat' dir='ltr'>et</span> <span class='ocrx_word' id='word_1_607' title='bbox 1499 2455 1574 2492; x_wconf 92' lang='lat' dir='ltr'>odii</span> <span class='ocrx_word' id='word_1_608' title='bbox 1592 2455 1630 2492; x_wconf 91' lang='lat' dir='ltr'>in</span> <span class='ocrx_word' id='word_1_609' title='bbox 1642 2455 1856 2492; x_wconf 86' lang='lat' dir='ltr'>humanum</span> <span class='ocrx_word' id='word_1_610' title='bbox 1872 2467 1995 2504; x_wconf 88' lang='lat' dir='ltr'>genus</span> 
     </span>
     <span class='ocr_line' id='line_1_104' title="bbox 1053 2508 1993 2557; baseline 0.001 -12"><span class='ocrx_word' id='word_1_611' title='bbox 1053 2520 1148 2546; x_wconf 89' lang='lat' dir='ltr'>reos.</span> <span class='ocrx_word' id='word_1_612' title='bbox 1180 2520 1202 2545; x_wconf 85' lang='grc'>&lt;&lt;</span> <span class='ocrx_word' id='word_1_613' title='bbox 1227 2508 1341 2546; x_wconf 84' lang='lat' dir='ltr'>Haud</span> <span class='ocrx_word' id='word_1_614' title='bbox 1370 2508 1530 2557; x_wconf 86' lang='lat' dir='ltr'>perinde</span> <span class='ocrx_word' id='word_1_615' title='bbox 1553 2509 1593 2546; x_wconf 91' lang='lat' dir='ltr'>in</span> <span class='ocrx_word' id='word_1_616' title='bbox 1623 2508 1784 2546; x_wconf 90' lang='lat' dir='ltr'>crimine</span> <span class='ocrx_word' id='word_1_617' title='bbox 1814 2508 1993 2557; x_wconf 89' lang='lat' dir='ltr'>incendii,</span> 
     </span>
     <span class='ocr_line' id='line_1_105' title="bbox 1052 2561 1993 2611; baseline 0.001 -12"><span class='ocrx_word' id='word_1_618' title='bbox 1052 2561 1180 2611; x_wconf 89' lang='lat' dir='ltr'>inquit</span> <span class='ocrx_word' id='word_1_619' title='bbox 1199 2561 1383 2608; x_wconf 90' lang='lat' dir='ltr'>Tacitus,</span> <span class='ocrx_word' id='word_1_620' title='bbox 1404 2573 1522 2610; x_wconf 89' lang='lat' dir='ltr'>quam</span> <span class='ocrx_word' id='word_1_621' title='bbox 1551 2561 1637 2599; x_wconf 89' lang='lat' dir='ltr'>odio</span> <span class='ocrx_word' id='word_1_622' title='bbox 1658 2562 1817 2599; x_wconf 88' lang='lat' dir='ltr'>humani</span> <span class='ocrx_word' id='word_1_623' title='bbox 1837 2562 1993 2610; x_wconf 85' lang='lat' dir='ltr'>generis</span> 
     </span>
     <span class='ocr_line' id='line_1_106' title="bbox 1053 2614 1994 2664; baseline 0.001 -12"><span class='ocrx_word' id='word_1_624' title='bbox 1053 2615 1223 2653; x_wconf 87' lang='lat' dir='ltr'>convicti</span> <span class='ocrx_word' id='word_1_625' title='bbox 1241 2619 1329 2653; x_wconf 87' lang='lat' dir='ltr'>sunt</span> <span class='ocrx_word' id='word_1_626' title='bbox 1346 2626 1382 2652; x_wconf 89' lang='lat'>».</span> <span class='ocrx_word' id='word_1_627' title='bbox 1404 2615 1454 2652; x_wconf 87' lang='lat' dir='ltr'>Et</span> <span class='ocrx_word' id='word_1_628' title='bbox 1472 2615 1695 2661; x_wconf 87' lang='lat' dir='ltr'>Suetonius,</span> <span class='ocrx_word' id='word_1_629' title='bbox 1718 2626 1741 2652; x_wconf 87' lang='lat'>«</span> <span class='ocrx_word' id='word_1_630' title='bbox 1756 2614 1886 2652; x_wconf 86' lang='lat' dir='ltr'>affecti</span> <span class='ocrx_word' id='word_1_631' title='bbox 1907 2627 1994 2664; x_wconf 92' lang='lat' dir='ltr'>sup-</span> 
     </span>
     <span class='ocr_line' id='line_1_107' title="bbox 1055 2668 1994 2717; baseline 0.002 -12"><span class='ocrx_word' id='word_1_632' title='bbox 1055 2668 1180 2717; x_wconf 87' lang='lat' dir='ltr'>pliciis</span> <span class='ocrx_word' id='word_1_633' title='bbox 1198 2668 1413 2715; x_wconf 88' lang='lat' dir='ltr'>christiani,</span> <span class='ocrx_word' id='word_1_634' title='bbox 1433 2680 1557 2717; x_wconf 88' lang='lat' dir='ltr'>genus</span> <span class='ocrx_word' id='word_1_635' title='bbox 1578 2668 1774 2705; x_wconf 88' lang='lat' dir='ltr'>hominum</span> <span class='ocrx_word' id='word_1_636' title='bbox 1804 2670 1994 2717; x_wconf 89' lang='lat' dir='ltr'>supersti-</span> 
     </span>
     <span class='ocr_line' id='line_1_108' title="bbox 1052 2721 1996 2770; baseline 0.001 -11"><span class='ocrx_word' id='word_1_637' title='bbox 1052 2722 1170 2760; x_wconf 90' lang='lat' dir='ltr'>tionis</span> <span class='ocrx_word' id='word_1_638' title='bbox 1190 2734 1314 2759; x_wconf 88' lang='lat' dir='ltr'>novae</span> <span class='ocrx_word' id='word_1_639' title='bbox 1335 2724 1375 2759; x_wconf 89' lang='lat' dir='ltr'>et</span> <span class='ocrx_word' id='word_1_640' title='bbox 1394 2721 1592 2759; x_wconf 88' lang='lat' dir='ltr'>maleficae</span> <span class='ocrx_word' id='word_1_641' title='bbox 1607 2733 1642 2759; x_wconf 88' lang='lat'>&gt;›.</span> <span class='ocrx_word' id='word_1_642' title='bbox 1665 2721 1801 2758; x_wconf 90' lang='lat' dir='ltr'>Primo</span> <span class='ocrx_word' id='word_1_643' title='bbox 1820 2721 1996 2770; x_wconf 92' lang='lat' dir='ltr'>quidem,</span> 
     </span>
     <span class='ocr_line' id='line_1_109' title="bbox 1053 2774 1993 2824; baseline 0 -11"><span class='ocrx_word' id='word_1_644' title='bbox 1053 2777 1152 2813; x_wconf 90' lang='lat' dir='ltr'>teste</span> <span class='ocrx_word' id='word_1_645' title='bbox 1167 2776 1315 2821; x_wconf 85' lang='lat' dir='ltr'>Tacito,</span> <span class='ocrx_word' id='word_1_646' title='bbox 1332 2774 1495 2823; x_wconf 87' lang='lat' dir='ltr'>correpti</span> <span class='ocrx_word' id='word_1_647' title='bbox 1512 2778 1601 2812; x_wconf 89' lang='lat' dir='ltr'>sunt</span> <span class='ocrx_word' id='word_1_648' title='bbox 1616 2774 1680 2824; x_wconf 88' lang='lat' dir='ltr'>qui</span> <span class='ocrx_word' id='word_1_649' title='bbox 1696 2786 1736 2812; x_wconf 90' lang='lat' dir='ltr'>se</span> <span class='ocrx_word' id='word_1_650' title='bbox 1752 2774 1880 2824; x_wconf 89' lang='lat' dir='ltr'>palam</span> <span class='ocrx_word' id='word_1_651' title='bbox 1897 2776 1993 2813; x_wconf 91' lang='lat' dir='ltr'>chri-</span> 
     </span>
     <span class='ocr_line' id='line_1_110' title="bbox 1053 2828 1997 2878; baseline 0 -12"><span class='ocrx_word' id='word_1_652' title='bbox 1053 2829 1199 2866; x_wconf 90' lang='lat' dir='ltr'>stianos</span> <span class='ocrx_word' id='word_1_653' title='bbox 1219 2828 1517 2878; x_wconf 82' lang='lat' dir='ltr'>profitebantur3</span> <span class='ocrx_word' id='word_1_654' title='bbox 1538 2839 1752 2876; x_wconf 91' lang='lat' dir='ltr'>eorumque</span> <span class='ocrx_word' id='word_1_655' title='bbox 1780 2828 1923 2866; x_wconf 88' lang='lat' dir='ltr'>indicio</span> <span class='ocrx_word' id='word_1_656' title='bbox 1943 2829 1997 2866; x_wconf 87' lang='lat' dir='ltr'>in-</span> 
     </span>
     <span class='ocr_line' id='line_1_111' title="bbox 1054 2880 1996 2931; baseline 0 -12"><span class='ocrx_word' id='word_1_657' title='bbox 1054 2894 1148 2931; x_wconf 87' lang='lat' dir='ltr'>gens</span> <span class='ocrx_word' id='word_1_658' title='bbox 1163 2881 1370 2919; x_wconf 88' lang='lat' dir='ltr'>multitudo</span> <span class='ocrx_word' id='word_1_659' title='bbox 1381 2880 1694 2929; x_wconf 86' lang='lat' dir='ltr'>exquisitissimis</span> <span class='ocrx_word' id='word_1_660' title='bbox 1711 2881 1842 2930; x_wconf 91' lang='lat' dir='ltr'>poenis</span> <span class='ocrx_word' id='word_1_661' title='bbox 1858 2881 1996 2920; x_wconf 86' lang='lat' dir='ltr'>affecta</span> 
     </span>
     <span class='ocr_line' id='line_1_112' title="bbox 1053 2933 1996 2982; baseline -0.001 -9"><span class='ocrx_word' id='word_1_662' title='bbox 1053 2936 1138 2982; x_wconf 88' lang='lat' dir='ltr'>fuit,</span> <span class='ocrx_word' id='word_1_663' title='bbox 1159 2935 1225 2972; x_wconf 89' lang='lat' dir='ltr'>alii</span> <span class='ocrx_word' id='word_1_664' title='bbox 1245 2934 1426 2972; x_wconf 87' lang='lat' dir='ltr'>crucibus</span> <span class='ocrx_word' id='word_1_665' title='bbox 1452 2933 1556 2971; x_wconf 78' lang='lat' dir='ltr'>affixi</span> <span class='ocrx_word' id='word_1_666' title='bbox 1574 2964 1583 2981; x_wconf 90' lang='lat'>,</span> <span class='ocrx_word' id='word_1_667' title='bbox 1610 2935 1675 2972; x_wconf 91' lang='lat' dir='ltr'>alii</span> <span class='ocrx_word' id='word_1_668' title='bbox 1705 2934 1873 2973; x_wconf 86' lang='lat' dir='ltr'>flammis</span> <span class='ocrx_word' id='word_1_669' title='bbox 1905 2935 1996 2981; x_wconf 89' lang='lat' dir='ltr'>usti,</span> 
     </span>
     <span class='ocr_line' id='line_1_113' title="bbox 1053 2986 1996 3038; baseline -0.001 -12"><span class='ocrx_word' id='word_1_670' title='bbox 1053 2989 1120 3026; x_wconf 89' lang='lat' dir='ltr'>alii</span> <span class='ocrx_word' id='word_1_671' title='bbox 1140 3000 1278 3025; x_wconf 89' lang='lat' dir='ltr'>canum</span> <span class='ocrx_word' id='word_1_672' title='bbox 1297 2986 1462 3025; x_wconf 87' lang='lat' dir='ltr'>laniatui</span> <span class='ocrx_word' id='word_1_673' title='bbox 1484 2987 1643 3035; x_wconf 90' lang='lat' dir='ltr'>obiecti,</span> <span class='ocrx_word' id='word_1_674' title='bbox 1665 2988 1729 3026; x_wconf 91' lang='lat' dir='ltr'>alii</span> <span class='ocrx_word' id='word_1_675' title='bbox 1748 2987 1832 3038; x_wconf 90' lang='lat' dir='ltr'>pice</span> <span class='ocrx_word' id='word_1_676' title='bbox 1853 2990 1893 3026; x_wconf 92' lang='lat' dir='ltr'>et</span> <span class='ocrx_word' id='word_1_677' title='bbox 1912 2988 1996 3027; x_wconf 88' lang='lat' dir='ltr'>adi-</span> 
     </span>
    </p>
   </div>
   <div class='ocr_carea' id='block_1_8' title="bbox 1138 3064 1288 3067">
    <p class='ocr_par' dir='ltr' id='par_1_18' title="bbox 1138 3064 1288 3067">
     <span class='ocr_line' id='line_1_114' title="bbox 1138 3064 1288 3067; baseline 0 0"><span class='ocrx_word' id='word_1_678' title='bbox 1138 3064 1288 3067; x_wconf 95' lang='lat' dir='ltr'> </span> 
     </span>
    </p>
   </div>
   <div class='ocr_carea' id='block_1_9' title="bbox 1090 3092 1537 3259">
    <p class='ocr_par' dir='ltr' id='par_1_19' title="bbox 1093 3092 1406 3133">
     <span class='ocr_line' id='line_1_115' title="bbox 1093 3092 1406 3133; baseline -0.003 -9"><span class='ocrx_word' id='word_1_679' title='bbox 1093 3094 1104 3115; x_wconf 80' lang='lat'><strong>1</strong></span> <span class='ocrx_word' id='word_1_680' title='bbox 1118 3093 1168 3124; x_wconf 78' lang='lat' dir='ltr'>De</span> <span class='ocrx_word' id='word_1_681' title='bbox 1183 3093 1323 3133; x_wconf 76' lang='lat' dir='ltr'>leyibus,</span> <span class='ocrx_word' id='word_1_682' title='bbox 1338 3092 1358 3123; x_wconf 80' lang='lat' dir='ltr'>l.</span> <span class='ocrx_word' id='word_1_683' title='bbox 1373 3093 1406 3123; x_wconf 88' lang='lat'>11.</span> 
     </span>
    </p>

    <p class='ocr_par' dir='ltr' id='par_1_20' title="bbox 1091 3134 1537 3213">
     <span class='ocr_line' id='line_1_116' title="bbox 1091 3134 1537 3172; baseline 0.007 -8"><span class='ocrx_word' id='word_1_684' title='bbox 1091 3136 1106 3157; x_wconf 77' lang='lat'><strong>2</strong></span> <span class='ocrx_word' id='word_1_685' title='bbox 1122 3135 1304 3168; x_wconf 77' lang='lat' dir='ltr'>Historiae</span> <span class='ocrx_word' id='word_1_686' title='bbox 1318 3144 1450 3172; x_wconf 80' lang='lat' dir='ltr'>Sacrae,</span> <span class='ocrx_word' id='word_1_687' title='bbox 1466 3135 1483 3167; x_wconf 86' lang='lat'>1.</span> <span class='ocrx_word' id='word_1_688' title='bbox 1500 3134 1537 3167; x_wconf 92' lang='lat'>11.</span> 
     </span>
     <span class='ocr_line' id='line_1_117' title="bbox 1091 3175 1467 3213; baseline 0 -4"><span class='ocrx_word' id='word_1_689' title='bbox 1091 3178 1106 3199; x_wconf 83' lang='grc'>3</span> <span class='ocrx_word' id='word_1_690' title='bbox 1121 3177 1247 3209; x_wconf 85' lang='lat' dir='ltr'>Annal.</span> <span class='ocrx_word' id='word_1_691' title='bbox 1266 3177 1284 3207; x_wconf 89' lang='lat' dir='ltr'>l.</span> <span class='ocrx_word' id='word_1_692' title='bbox 1301 3176 1358 3213; x_wconf 85' lang='lat' dir='ltr'>XV,</span> <span class='ocrx_word' id='word_1_693' title='bbox 1375 3185 1400 3206; x_wconf 87' lang='lat' dir='ltr'>c.</span> <span class='ocrx_word' id='word_1_694' title='bbox 1417 3175 1467 3209; x_wconf 63' lang='lat'>44.</span> 
     </span>
    </p>

    <p class='ocr_par' dir='ltr' id='par_1_21' title="bbox 1090 3216 1468 3259">
     <span class='ocr_line' id='line_1_118' title="bbox 1090 3216 1468 3259; baseline 0 -9"><span class='ocrx_word' id='word_1_695' title='bbox 1090 3219 1103 3242; x_wconf 78' lang='grc'><strong><em>4</em></strong></span> <span class='ocrx_word' id='word_1_696' title='bbox 1120 3219 1164 3250; x_wconf 80' lang='lat' dir='ltr'>In</span> <span class='ocrx_word' id='word_1_697' title='bbox 1180 3217 1325 3259; x_wconf 78' lang='lat' dir='ltr'>Nerone,</span> <span class='ocrx_word' id='word_1_698' title='bbox 1342 3226 1366 3248; x_wconf 88' lang='lat' dir='ltr'>c.</span> <span class='ocrx_word' id='word_1_699' title='bbox 1383 3216 1432 3251; x_wconf 83' lang='lat'>16.</span> <span class='ocrx_word' id='word_1_700' title='bbox 1464 3238 1468 3241; x_wconf 92' lang='lat'><em>-</em></span> 
     </span>
    </p>
   </div>
  </div>
 </body>
</html>
