2241 3473
694 147 820 178 stvss
847 147 899 174 AD
928 142 1257 173 IANSENISTARVM
1285 146 1462 174 EXORDIA

174 210 237 248 58.
257 209 485 258 Reliqionis
504 215 635 249 status
656 213 700 248 in
723 212 862 259 Bel-aio
879 233 929 239 -—
944 209 1055 248 Vidi-

122 275 208 301 mus
228 274 358 312 supra,
378 263 462 311 quis
484 263 600 301 fuerit
630 264 843 314 Religionis
863 266 990 302 status
1019 263 1054 299 in

123 316 256 365 Belgio
279 328 399 364 usque
419 316 466 353 ad
489 329 550 355 an.
574 318 687 364 1573,
708 330 781 366 quo
802 318 1001 366 Philippus
1022 316 1055 353 ΙΙ

119 369 256 405 «lucem
273 368 393 406 Albae
407 382 452 406 ex
468 382 511 407 eo
523 371 560 407 in
581 371 802 419 Hispaniam
817 370 1015 407 revocavit
1030 369 1054 406 ¹.

119 421 344 459 Ludovicus
365 423 629 471 Requescnius
658 436 723 461 seu
745 425 792 461 de
814 425 1054 471 Requesens,

119 474 179 511 cui
202 474 403 524 Philippus
433 477 743 524 procurationem
768 476 1052 525 provinciarum

117 527 362 577 Belgicarum
375 529 874 574 commisit,Catholicorum
892 540 960 566 rex
977 541 1053 566 ere·

116 580 190 625 xit,
210 581 275 618 sed
297 593 357 619 an.
382 582 481 619 1576
500 585 673 620 mortuus
693 585 762 620 est.
785 582 928 619 Eodem
953 594 1051 619 anno

114 634 403 682 provinciarum
420 635 591 681 Ordines,
613 635 806 672 nonnullis
819 634 1051 683 Hispanico-

113 697 198 724 rum
219 687 385 725 militum
404 687 599 725 violentiis
615 687 761 733 offensi,
776 699 860 724 cum
880 687 1048 736 principe

113 740 362 784 Arausicano,
382 752 494 788 quem
511 741 671 778 Ordines
686 740 970 790 provinciarum
987 752 1047 777 se-

113 793 430 841 ptentrionalium
447 794 745 843 gubernatorem
761 805 870 831 suum
888 805 1046 830 creave-

110 850 216 892 rant,
231 846 408 883 Gandavi
430 846 562 884 foedus
581 847 766 892 inierunt,
795 846 893 895 quod
915 846 1044 895 pacifi-

109 899 210 936 catio
230 899 500 937 Gandavensis
520 900 662 937 dictum
693 903 762 937 est.
786 900 866 936 Hoc
893 898 1043 937 foedere

107 951 180 988 sibi
204 955 380 989 mutuum
401 953 592 991 auxilium
613 954 661 990 ad
683 953 878 1002 pellendos
899 953 1039 1000 Hispa-

108 1005 215 1042 nicos
236 1005 378 1042 milites
399 1007 668 1054 promiserunt3
690 1007 876 1054 quantum
893 1006 941 1043 ad
957 1006 1041 1043 Re—

105 1056 290 1106 ligionem
306 1060 516 1107 spectabat,
536 1063 775 1104 statuerunt,
798 1063 840 1097 ut
860 1059 936 1096 fine
964 1059 1038 1096 isto

104 1111 276 1157 obtento,
297 1111 459 1150 Ordines
474 1113 673 1162 generales
693 1114 1037 1162 congregarentur,

103 1162 143 1200 in
165 1165 302 1213 quibus
332 1166 545 1215 Religionis
570 1166 764 1216 negotium
785 1166 1035 1212 definiretur3

101 1216 253 1255 interea
280 1218 414 1267 religio
441 1219 632 1257 catholica
660 1220 777 1257 etiam
806 1219 844 1256 in
876 1218 1035 1268 provin-

101 1270 168 1307 ciis
188 1272 551 1319 septentrionalibus
572 1273 691 1310 libere
707 1273 877 1311 exerceri
895 1275 1033 1321 posset.

101 1323 200 1360 Hinc
228 1323 374 1362 factum
404 1329 475 1371 est,
509 1328 552 1363 ut
584 1326 794 1375 Belgarum
828 1325 1032 1374 imperium

100 1377 364 1424 praevaluerit
384 1379 608 1428 Hispanico,
633 1379 802 1428 exceptis
835 1378 1031 1417 Namurco

99 1432 138 1466 et
149 1429 296 1479 aliquot
311 1431 547 1478 civitatibus,
563 1444 660 1481 quas
675 1433 838 1470 Ioannes
850 1433 1031 1469 Austria-

97 1493 186 1530 cus,
216 1485 264 1521 ab
291 1496 394 1522 anno
425 1485 525 1523 1576
559 1498 678 1535 usque
706 1487 754 1524 ad
777 1485 876 1524 1578
906 1485 1029 1534 Belgii

96 1540 341 1584 procurator,
361 1540 473 1587 cepit.

148 1589 296 1628 Verum
317 1592 520 1640 quominus
549 1592 754 1630 concordia
773 1592 875 1630 inter
894 1591 1027 1629 foede·

95 1645 201 1680 ratos
220 1645 462 1692 perduraret,
474 1646 718 1683 obsteterunt
734 1645 947 1694 Religionis
966 1645 1027 1683 di-

96 1696 261 1734 versitas
294 1701 334 1735 et
360 1698 661 1737 Calvinistarum
692 1698 950 1736 intolerantia.
978 1699 1024 1736 Hi

95 1748 216 1787 libero
232 1750 430 1800 religionis
441 1763 534 1790 suae
546 1752 733 1790 exercitio
750 1764 824 1789 non
840 1753 1026 1798 contenti,

93 1801 192 1839 idem
213 1802 251 1840 in
265 1803 371 1850 locis,
387 1805 450 1842 ubi
472 1806 589 1843 etiam
605 1806 744 1854 exiguo
761 1816 921 1842 numero
941 1805 1024 1842 exi-

91 1855 257 1902 stebant,
272 1857 479 1896 Catholicis
499 1859 707 1908 denegare,
727 1860 936 1906 horumque
956 1870 1021 1895 sa-

91 1919 158 1945 cra
194 1910 349 1948 abolere
377 1912 415 1948 vi
445 1912 675 1950 nitebantur.
709 1912 772 1949 Sic
801 1923 901 1949 anno
923 1911 1023 1949 1578

90 1962 380 2010 Amstelodami,
397 1965 459 2002 ubi
475 1966 597 2002 maior
612 1965 821 2002 incolarum
839 1977 926 2013 pars
946 1965 1023 2002 avi-

90 2018 152 2051 tae
172 2016 352 2065 religioni
363 2006 488 2055 adhuc
504 2019 741 2064 inhaerebat,
753 2018 940 2056 seditione
960 2030 1021 2055 ex-

89 2067 226 2113 citata,
245 2071 424 2109 ecclesias
443 2074 690 2120 occuparunt,
707 2071 846 2109 altaria
865 2073 904 2108 et
919 2072 1018 2109 ima-

89 2120 196 2169 gines
224 2123 518 2173 confregerunt,
539 2128 578 2162 et
607 2125 777 2174 deposito
807 2124 1018 2173 magistra-

86 2174 144 2211 tui
181 2176 368 2214 catholico
414 2178 677 2216 calvinianum
724 2179 1017 2216 substituerunt.

87 2226 175 2264 Non
195 2229 317 2267 multo
337 2234 422 2278 post
441 2231 556 2268 etiam
578 2232 767 2269 Harlemii
788 2232 825 2268 in
842 2230 1017 2270 Catholi-

88 2291 152 2317 cos
170 2281 382 2330 irruerunt,
400 2285 602 2322 nonnullos
617 2284 910 2330 interfecerunt,
926 2297 1016 2322 cae-

88 2334 190 2371 teros
210 2337 371 2382 pessime
390 2338 813 2384 tractarunt,ecclesias
829 2341 1016 2376 etmona-

86 2386 205 2424 steria
220 2389 453 2436 expilarunt,
467 2395 506 2428 et
521 2392 738 2429 calviniano
755 2392 874 2430 cultui
892 2393 1016 2430 tradi-

87 2438 396 2479 derunt.Similia
416 2443 455 2480 in
477 2444 650 2492 pluribus
663 2445 1014 2492 Flandriae,Guel-

85 2491 191 2529 driae
208 2494 247 2530 et
267 2494 431 2532 aliarum
449 2498 729 2545 provinciarum
750 2499 908 2537 urbibus
923 2511 1012 2548 per-

83 2548 238 2593 petrata
254 2552 355 2585 sunt.
369 2549 468 2586 Hinc
487 2549 630 2588 factum
644 2555 714 2598 est,
736 2554 778 2589 ut
792 2553 1012 2601 provinciae

83 2598 367 2646 meridionales‚
387 2604 611 2651 praesertim
638 2605 894 2651 Wallonicae,
915 2618 1012 2655 quae

82 2653 322 2690 constantius
343 2653 381 2691 in
401 2656 560 2704 antiqua
578 2657 763 2706 religione
784 2671 892 2707 perse
901 2672 1009 2697 vera—

81 2703 186 2751 bant,
207 2717 229 2742 a
245 2705 398 2744 foedere
414 2708 656 2747 Gandavensi
672 2712 932 2758 discesserint,
946 2725 1008 2750 se-

79 2768 153 2805 que
169 2769 254 2795 cum
273 2758 442 2808 lchtimo
462 2772 553 2811 rege
568 2765 608 2800 et
622 2764 719 2801 duee
731 2767 946 2812 Parmensi,
957 2767 1007 2804 A·

78 2809 266 2848 lexandro
286 2813 482 2860 Farnesi0‚
505 2816 552 2852 ab
572 2828 632 2854 an.
655 2817 754 2855 1578
775 2819 899 2868 Belgii
920 2832 1006 2869 pro·

79 2867 271 2911 curatore,
288 2867 584 2906 reconciliarint.

130 2917 316 2967 Princeps
331 2920 595 2959 Arausicanus
613 2924 830 2971 provincias
851 2928 1005 2975 septen-

77 2969 272 3017 trionales,
292 2973 460 3010 maxima
475 2985 520 3010 ex
542 2981 652 3023 parte
672 2978 918 3026 calvinianas,
938 2992 1003 3018 ar-

76 3022 177 3060 etius
196 3024 298 3061 inter
317 3037 356 3062 se
377 3027 665 3074 coniuncturus,
685 3030 826 3076 effecit,
851 3036 892 3069 ut
907 3045 1004 3070 anno

79 3074 177 3113 1579
210 3077 440 3126 Hollandia,
468 3079 695 3130 Zcelandia,
733 3084 1003 3135 Ultraiectum‚

114 3176 124 3198 ¹
141 3177 204 3209 vid.
220 3189 249 3220 p.
266 3179 334 3214 175.

1910 139 1983 178 185

1099 208 1225 247 Frisia
1243 213 1283 248 et
1302 211 1487 250 Gueldria
1515 211 1651 250 foedus
1669 212 1812 252 inirent
1831 213 2032 252 Ultraiecti

1099 266 1236 301 contra
1264 276 1376 302 omne
1405 265 1664 315 Hispanorum
1695 266 1927 312 dominium3
1957 279 2031 315 qua

1100 316 1237 354 unione
1248 316 1543 356 fundamentum
1559 319 1792 367 reipublicae
1804 320 1925 368 Belgii
1947 320 2031 357 foe-

1097 368 1220 406 derati
1245 371 1409 418 positum
1429 376 1498 408 est.
1516 373 1626 409 Anno
1646 373 1740 410 1581
1759 373 1916 411 eaedem
1940 385 2029 422 pro-

1099 421 1246 459 vinciae
1267 423 1304 459 in
1325 425 1488 462 comitiis
1508 426 1642 474 Hagac
1652 426 1868 470 celebratis.
1882 426 2028 475 Hispa-

1098 474 1183 512 niae
1204 486 1335 524 regem
1356 477 1459 514 omni
1487 478 1571 515 iure
1591 478 1629 515 in
1658 479 1838 527 Belgium
1867 482 2029 517 exutum

1095 526 1360 566 declararunt.
1380 530 1530 567 Bellum
1551 531 1661 569 annis
1681 533 1810 570 multis
1830 534 1933 570 inter
1953 533 2026 570 Hi-

1094 591 1233 627 spanos
1253 586 1292 619 et
1303 581 1517 620 foederatos
1530 584 1671 633 Belgas
1686 586 1952 624 continuatum
1969 588 2027 624 est

1092 644 1136 669 eo
1155 633 1277 680 exitu,
1297 637 1340 672 ut
1358 634 1383 672 5
1402 637 1622 684 praedictae
1640 638 1872 686 provinciae,
1888 639 2024 687 quibus

1090 690 1337 725 accesserunt
1349 688 1636 727 Transisalania
1647 691 1901 740 etGroninga,
1913 692 2025 729 inde-

1091 738 1315 785 pendentem
1338 741 1613 790 rempublicam
1643 744 1927 791 constituerint3
1948 745 2022 782 Hi-

1087 791 1196 840 spani
1217 804 1310 830 vero
1330 797 1505 832 caeteras
1526 796 1573 832 ad
1593 808 1705 833 suum
1739 798 1950 835 dominium
1982 801 2022 836 et

1091 844 1317 893 religionem
1334 847 1564 885 catholicam
1586 849 1812 888 reduxerint
1834 849 1856 888 ¹.

1135 898 1197 935 59.
1232 899 1388 947 Xystus
1430 900 1464 937 V
1492 902 1686 950 Pontifex
1715 902 1796 952 (cm.
1829 902 2014 954 1585)—

1084 949 1209 991 Quum
1239 953 1451 1002 Gregorius
1479 955 1548 1003 Pp.
1578 955 1674 992 XIII
1703 956 1950 1000 decessisset,
1980 957 2017 994 in

1083 1003 1164 1041 eius
1185 1004 1313 1042 locum
1333 1005 1423 1044 vn1⁰
1443 1006 1624 1045 calendas
1652 1008 1775 1046 maias
1794 1021 1895 1047 anno
1917 1010 2019 1048 1585

1080 1055 1227 1096 electus
1262 1058 1336 1096 fuit
1363 1060 1472 1097 Felix
1505 1061 1674 1107 Peretti,
1705 1062 1839 1100 humili
1867 1063 1950 1100 loco
1977 1063 2016 1100 in

1080 1110 1223 1148 Piceno
1245 1115 1367 1158 natus,
1385 1113 1473 1151 Ord.
1487 1114 1846 1160 Franciscanorum,
1859 1119 1898 1154 et
1913 1117 1960 1154 R.
1973 1117 2014 1154 E.

1078 1163 1299 1211 cardinalis,
1328 1166 1392 1214 qni
1426 1179 1561 1204 nomen
1584 1168 1703 1217 Xysti
1723 1169 1758 1206 V
1778 1169 1956 1218 suscepit,
1976 1172 2016 1207 et

1077 1215 1291 1255 Ecclesiam
1307 1220 1543 1267 gubernavit
1555 1232 1673 1270 usque
1690 1222 1735 1259 ad
1750 1223 2013 1261 annum1590.

1076 1269 1113 1306 Is
1132 1271 1256 1308 multa
1277 1272 1473 1320 praeclare
1493 1276 1533 1311 et
1551 1285 1693 1323 magno
1714 1275 1840 1312 animo
1865 1276 2012 1314 consti-

1074 1322 1152 1360 tuit
1185 1325 1389 1373 gessitque.
1419 1326 1512 1364 Fuit
1539 1326 1764 1366 litterarum
1791 1331 1831 1366 et
1868 1329 2011 1367 artium

1074 1378 1271 1424 patronus,
1284 1378 1467 1416 vitiorum
1483 1380 1706 1427 insectator,
1717 1383 1877 1429 cunctis,
1893 1383 2012 1420 etiam

1072 1430 1232 1468 summis
1252 1431 1542 1481 imperantibus,
1563 1434 1780 1482 diligendus
1812 1447 1937 1484 aeque
1966 1448 2011 1474 ac

1072 1481 1349 1522 formidandus.
1368 1487 1605 1524 Sicariorum
1625 1490 1663 1524 et
1682 1488 1844 1526 aliorum
1866 1489 2009 1528 facino-

1072 1547 1247 1574 rosorum
1277 1537 1474 1576 licentiam
1501 1539 1541 1577 in
1570 1541 1674 1578 Urbe
1703 1543 1742 1579 et
1769 1542 1917 1581 ditione
1937 1555 2006 1581 ec-

1073 1588 1290 1628 clesiastica
1309 1593 1556 1641 compescuit,
1585 1596 1624 1630 et
1651 1595 1845 1642 publicam
1865 1597 2007 1634 securi-

1071 1644 1193 1679 tatem
1231 1644 1414 1684 restituit.
1453 1647 1617 1684 Praeter
1656 1646 2006 1698 Congregationem

1069 1706 1205 1733 sacrae
1221 1696 1493 1746 Inquisitionis,
1505 1711 1621 1748 quam
1637 1701 1895 1748 confirmavit,
1911 1703 2006 1741 alias

1072 1748 1118 1785 14
1139 1749 1464 1799 Congregationes
1485 1753 1750 1791 Cardinalium
1770 1755 1941 1794 instituit
1956 1757 2003 1794 ad

1067 1800 1276 1840 faciliorem
1307 1804 1508 1843 universae
1524 1806 1757 1855 reipublicae
1773 1809 2005 1847 christianae

1067 1857 1265 1904 statusque
1294 1858 1542 1896 ecclesiastici
1570 1863 1610 1897 et
1637 1861 1839 1900 Romanae
1867 1862 2004 1901 Curiae

1067 1910 1307 1956 negotiorum
1336 1913 1634 1960 expeditionem3
1665 1914 1848 1952 nimirum
1871 1916 1916 1953 1a
1936 1928 2014 1965 pro·

1066 1961 1268 2009 signatura
1295 1965 1447 2012 gratIae
1463 1995 1472 2008 .
1500 1965 1546 2003 2ἃ
1562 1978 1628 2015 pro
1657 1968 1850 2006 erectione
1879 1970 2002 2007 eccle-

1064 2014 1206 2052 siarum
1248 2018 1288 2053 et
1327 2019 1609 2066 provisionibus
1646 2021 1999 2070 consistorialibus,

1064 2065 1110 2105 3a
1139 2080 1206 2116 pro
1237 2069 1414 2108 ubertate
1449 2084 1624 2110 annonae
1653 2074 1691 2110 in
1720 2074 1833 2112 Statu
1872 2077 2001 2113 eccle-

1063 2120 1228 2168 siastico,
1244 2123 1290 2159 4ἃ
1309 2135 1375 2172 pro
1391 2125 1511 2162 sacris
1526 2125 1667 2164 ritibus
1684 2130 1723 2165 et
1737 2129 2001 2176 caeremoniis,

1062 2173 1108 2211 5a
1124 2186 1190 2223 pro
1211 2175 1333 2214 classe
1350 2179 1524 2225 paranda
1539 2180 1577 2216 et
1593 2181 1787 2218 servanda
1806 2182 1853 2219 ad
1873 2182 2000 2220 defen-

1060 2227 1208 2265 sionem
1240 2229 1374 2267 Status
1403 2231 1676 2281 ecclesiastici,
1696 2233 1744 2271 62
1771 2246 1838 2283 pro
1868 2236 1999 2273 Indice

1060 2280 1245 2318 librorum
1266 2283 1564 2331 prohibitorum,
1585 2285 1630 2323 7’ιι
1656 2297 1724 2335 pro
1752 2287 1997 2326 sublevandis

1060 2335 1349 2382 gravaminibus
1366 2366 1375 2382 ,
1396 2338 1438 2374 8³
1465 2350 1533 2386 pro
1564 2339 1819 2378 universitate
1847 2342 1996 2379 studio-

1060 2398 1144 2424 rum
1159 2417 1168 2431 ,
1188 2388 1235 2424 9²²
1256 2401 1324 2438 pro
1352 2391 1579 2428 executione
1608 2394 1648 2430 et
1676 2393 1996 2442 interpretatione

1058 2440 1217 2478 Concilii
1231 2442 1467 2490 Tridentini,
1487 2445 1553 2482 10a
1568 2457 1635 2494 pro
1651 2446 1993 2486 consultationibus

1057 2493 1330 2542 Regularium,
1355 2496 1422 2534 11a
1442 2508 1508 2545 pro
1529 2498 1879 2538 consultationibus
1895 2501 1991 2549 Epi-

1055 2558 1256 2595 scoporum
1278 2551 1317 2587 et
1337 2549 1502 2587 aliorum
1522 2551 1811 2599 Praelatorum,
1835 2553 1904 2591 12ιι
1925 2566 1992 2602 pro

1056 2599 1140 2644 viis,
1163 2601 1341 2649 pontibus
1360 2605 1398 2640 et
1419 2604 1541 2652 aquis,
1566 2605 1630 2643 13a
1649 2616 1716 2653 pro
1736 2607 1993 2655 typographia

1056 2653 1257 2700 Vaticana,
1279 2654 1349 2692 14a
1365 2668 1432 2704 pro
1448 2657 1728 2695 consultatione
1748 2659 1989 2707 negotiorum

1053 2704 1187 2744 Status
1207 2708 1468 2747 ecclesiastici.
1489 2710 1596 2747 Idem
1614 2710 1795 2748 Pontifex
1812 2711 1992 2752 Cardina·

1054 2756 1147 2796 lium
1182 2772 1386 2799 numerum
1427 2762 1670 2811 praefinivit,
1705 2765 1891 2802 mandans
1907 2795 1916 2812 ,
1946 2769 1990 2804 ut

1052 2816 1276 2850 crearentur
1296 2815 1544 2864 septuaginta
1564 2817 1781 2862 dumtaxat,
1801 2829 1868 2855 sex
1891 2820 1988 2868 Epi-

1050 2866 1164 2914 scopi,
1193 2866 1418 2916 Presbyteri
1449 2868 1727 2917 quinquaginta
1755 2873 1794 2907 et
1823 2871 1987 2910 Diaconi

1050 2920 1340 2965 quatuordecim
1357 2950 1366 2965 ,
1395 2922 1510 2969 atque
1539 2933 1588 2958 ex
1624 2921 1672 2959 iis
1710 2922 1878 2971 insignes
1913 2927 1987 2963 viri

1051 2972 1087 3007 in
1109 2984 1219 3009 sacra
1248 2973 1461 3022 Theologia
1488 2974 1663 3022 magistri
1692 2987 1741 3012 ex
1769 2977 1986 3027 Regulari-

1048 3024 1142 3071 bus,
1173 3028 1211 3062 et
1239 3025 1543 3063 Mendicantium
1572 3027 1804 3076 Ordinibus,
1842 3030 1981 3069 saltem

1086 3158 1154 3229 ¹¹De
1171 3157 1335 3195 Gerlache,
1351 3155 1434 3188 [list.
1449 3156 1491 3188 du
1509 3166 1664 3197 royaume
1679 3159 1730 3192 des
1746 3161 1828 3202 Pays
1843 3162 1913 3203 Bas,
1930 3165 1979 3197 In-

1047 3203 1105 3231 [rm
1119 3203 1176 3229 uel.
