2241 3473
709 118 834 150 VSQVE
860 118 913 145 AD
942 104 1135 145 AETATEM
1163 118 1308 146 CAROLI
1335 119 1377 146 M.

83 188 157 233 set,
175 185 370 227 redderet,
389 195 477 222 cum
506 184 679 222 exercitu
709 184 747 221 in
768 183 922 222 Italiam
942 193 1027 219 mo-

85 240 155 285 vit,
175 237 370 286 Aistulphi
391 237 519 286 copias
538 237 774 286 profligavit,
789 247 953 285 eumque
968 234 1027 271 Ti-

83 292 158 330 cini
183 290 344 329 obsedit.
365 290 475 327 Tunc
495 291 723 340 Aistulphus
753 302 887 339 pacem
916 288 1027 338 petiit

83 344 308 394 accepitque
319 355 365 380 ea
380 343 478 392 lege,
489 346 531 380 ut
546 344 773 381 Ravennam
789 343 963 390 aliasque
979 341 1027 378 ci-

84 398 223 436 vitates
247 400 287 434 et
307 397 570 445 Pentapolim,
589 407 751 445 quorum
772 395 1025 433 administra-

83 450 136 487 tio
155 450 231 488 iam
253 454 342 487 ante
371 451 418 487 ad
440 451 527 487 RR.
550 449 754 486 Pontifices
774 447 959 485 devoluta
980 459 1024 484 e-

83 505 165 548 rat,
185 503 408 540 restitueret
428 504 476 541 R.
499 502 695 540 Ecclesiae
712 531 722 545 ,
742 501 805 538 cui
835 501 904 537 has
933 512 1024 548 pro-

82 555 228 598 vincias
248 567 335 593 cum
358 568 506 593 summo
528 557 566 592 in
586 555 740 592 easdem
761 554 843 591 iure
864 553 1025 602 Pipinus

81 608 251 647 donavit.
282 609 428 651 Quibus
454 608 643 657 peractis,
673 606 833 655 Pipinus
858 606 1023 643 Pontifi-

80 673 165 698 cem
184 674 270 699 cum
291 662 500 699 honorifico
519 660 706 698 comitatu
723 660 931 707 multisque
949 671 1025 696 mu·

82 715 237 753 neribus
258 716 421 753 Romam
450 714 621 759 remisit3
642 714 721 762 ipse
755 724 848 750 vero
870 714 906 749 in
927 712 1023 748 Gal-

82 767 172 805 liam
194 768 310 805 rediit
331 766 354 805 ¹.

133 821 281 858 Verum
294 820 533 869 Aistulphus,
553 822 679 868 spreto
698 820 914 857 iuramento
943 830 1026 863 suo,

81 873 175 911 nihil
203 873 396 918 restituit,
415 873 507 920 quin
537 873 653 910 etiam
674 873 860 910 Romanis
879 872 1024 909 bellum

79 926 234 973 intulit,
259 938 397 975 agrum
417 927 640 964 Romanum
671 926 863 970 vastavit,
884 938 930 963 ne
959 937 1025 962 ec-

78 979 208 1017 clesiis
235 980 393 1028 quidem
422 991 606 1028 parcens,
628 980 837 1027 urbemque
857 980 1024 1016 Romam

78 1032 237 1070 obsedit.
261 1033 423 1082 Pipinus
450 1032 572 1070 literis
593 1033 781 1081 Stephani
802 1033 871 1081 Pp.
892 1044 1027 1070 evoca-

78 1088 152 1129 tus,
182 1097 243 1124 an.
273 1086 350 1124 755
377 1086 542 1124 secundo
571 1087 786 1123 exercitum
812 1085 851 1122 in
872 1085 1024 1123 Italiam

79 1138 201 1176 duxit.
222 1139 352 1180 Quum
371 1151 488 1188 prope
509 1139 687 1176 Ticinum
707 1141 854 1188 ageret,
869 1140 916 1176 ad
937 1151 1023 1176 eum

79 1194 270 1230 venerunt
299 1192 416 1241 legati
436 1192 684 1241 imperatoris
705 1192 867 1239 Graeci,
888 1194 1023 1241 postu-

78 1243 226 1292 lantes,
255 1248 300 1282 ut
328 1246 583 1283 exarchatum
612 1247 954 1283 Ravennatensem
985 1248 1024 1283 et

78 1298 321 1348 Pentapolim
349 1299 530 1336 redderet
558 1299 802 1348 imperatori3
825 1299 1024 1347 respondit

78 1361 171 1388 vero
199 1351 272 1388 sub
299 1351 550 1389 iureiurando
571 1353 753 1401 Pipinus,
772 1365 814 1390 se
848 1363 915 1401 pro
943 1352 1023 1390 solo

78 1415 210 1442 amore
229 1405 274 1442 B.
295 1404 404 1442 Petri
423 1408 623 1443 certamen
643 1406 870 1454 suscepisse,
893 1405 1022 1443 nulla—

77 1469 152 1506 que
170 1457 324 1496 ratione
344 1470 559 1506 passurum,
579 1462 623 1496 ut
641 1459 864 1508 praedictae
885 1459 1021 1496 eivita-

76 1512 157 1557 tes,
177 1523 272 1560 quas
291 1511 334 1549 B.
356 1512 474 1549 Petro
494 1513 705 1558 obtulerat,
725 1524 748 1549 a
775 1513 859 1549 iure
878 1513 1022 1550 Roma-

76 1575 150 1601 nae
178 1564 364 1602 ecclesiae
391 1565 455 1602 vel
476 1565 675 1604 Pontificis
696 1566 807 1603 Sedis
825 1566 1022 1614 Apostoli-

75 1628 145 1655 cae
163 1616 424 1657 auferrentur.
447 1619 612 1656 Interim
631 1619 861 1668 Aistulphus
880 1619 1022 1656 iterum

76 1670 206 1709 victus
225 1673 266 1708 et
285 1671 412 1708 Ticini
431 1671 470 1709 in
489 1675 600 1710 arcta
620 1672 816 1710 obsidione
837 1673 1023 1710 constitu-

76 1725 155 1770 tus,
175 1736 216 1762 se
236 1724 377 1774 Pipino
397 1725 554 1771 dedidit,
571 1728 611 1763 et
631 1737 698 1774 per
717 1726 900 1775 scriptam
921 1726 1023 1775 pagi-

77 1788 178 1824 nam,
200 1789 223 1814 ‹<
237 1789 337 1826 quae
358 1790 477 1826 usque
497 1779 697 1825 hactenus,
716 1779 841 1828 inquit
858 1780 1023 1816 Anasta-

76 1830 182 1876 sius,
201 1830 240 1868 in
269 1831 429 1869 archivo
454 1832 491 1869 S.
512 1832 708 1870 Ecclesiae
735 1833 931 1870 recondita
958 1835 1021 1869 te-

76 1885 194 1921 netur
207 1896 230 1922 ›>
253 1896 385 1922 omnes
413 1885 592 1923 civitates
604 1915 614 1932 ,
633 1897 729 1934 quas
748 1888 1023 1935 occupaverat,

77 1936 121 1973 B.
137 1937 256 1976 Petro
276 1941 316 1976 et
330 1939 529 1976 Romanae
548 1938 732 1977 ecclesiae
747 1952 813 1977 seu
829 1939 912 1977 eius
928 1938 1023 1977 Pon-

76 1989 247 2028 tificibus
278 1991 318 2029 in
351 1994 579 2041 perpetuum
611 1993 860 2041 possidendas
897 1993 1020 2030 dona-

77 2043 136 2081 vit
144 2041 170 2081 ².
187 2043 347 2094 Pipinus
362 2045 400 2082 in
411 2045 580 2083 Galliam
595 2046 763 2094 rediens,
779 2047 818 2084 in
834 2046 947 2084 Italia
965 2057 1022 2083 re·

116 2173 129 2195 ¹
146 2174 248 2205 Anasi.
270 2172 325 2206 Vn.
343 2173 403 2206 RH.
420 2173 479 2206 PP.
494 2174 552 2206 loc.
570 2174 618 2205 cit.

71 2228 82 2239 ·
117 2214 133 2236 Ξ
147 2217 250 2246 Anast.
268 2214 346 2247 Ibid.
365 2227 376 2243 u
393 2216 537 2254 Pipinus,
554 2216 681 2254 scribit,
707 2225 786 2248 novo
817 2217 1019 2257 sollemnique

78 2260 207 2288 tractatu
219 2259 483 2289 Ravennatensem
498 2259 695 2289 exarchatum
711 2262 740 2290 et
756 2259 1021 2298 Pentapolimqui-

78 2298 136 2329 bus
149 2297 189 2329 202
205 2298 345 2330 civitates
360 2299 439 2329 inter
454 2299 626 2330 Comacium
653 2305 682 2330 et
707 2300 903 2340 Senogaliam
919 2301 1016 2331 conti-

77 2340 228 2370 nebantur
243 2364 250 2377 ‚
267 2341 298 2371 R.
317 2340 473 2371 Ecclesiae
499 2341 530 2370 in
553 2344 733 2380 perpetuum
756 2341 880 2372 donavit
902 2354 929 2372 γι.
954 2341 1018 2372 Vid.

77 2389 198 2420 quoque
220 2381 302 2412 Paul.
327 2381 548 2420 Warnesr.,De
569 2384 642 2421 qest.
665 2382 867 2423 Longobard.
886 2384 928 2414 De
951 2383 1020 2421 ple-

78 2430 117 2452 na
140 2422 170 2452 in
197 2422 289 2453 rebus
315 2422 453 2453 civilibus
479 2422 744 2456 administratione
773 2433 791 2454 a
821 2425 1018 2456 Pontificibus

78 2466 140 2494 tam
161 2464 286 2500 Romae,
309 2472 399 2503 quam
421 2465 452 2494 in
467 2465 635 2495 exarchatu
650 2466 876 2497 Ravennatensi
899 2467 938 2497 ab
961 2467 1019 2497 hoc

78 2508 214 2544 tempore
236 2506 379 2542 exercita,
397 2505 486 2543 adde,
501 2506 581 2545 quod
605 2507 728 2546 quando
751 2508 925 2547 Stephanus
951 2508 974 2538 11
989 2508 1018 2538 in

78 2547 141 2576 suis
163 2546 272 2576 litteris
298 2545 335 2576 de
359 2546 516 2586 Aistulpho
540 2548 813 2588 Longobardorum
837 2557 920 2589 rege,
938 2553 966 2581 et
982 2549 1018 2579 de

77 2587 237 2618 vexatione
259 2586 349 2618 Urbis
379 2588 494 2618 Romae
516 2597 687 2620 sermonem
717 2590 809 2621 habet
828 2615 835 2627 ,
867 2600 1017 2632 nusquam

77 2629 213 2659 meminit
228 2629 434 2667 Imperatoris,
455 2629 668 2670 Romanosque
692 2632 835 2670 populum
857 2641 945 2663 suum
963 2643 1018 2672 ap-

77 2669 182 2709 pellat,
199 2674 230 2701 ut
246 2669 349 2700 videre
365 2673 411 2700 est
426 2669 456 2700 in
473 2671 537 2700 eius
553 2670 702 2710 Epistolis
718 2672 736 2703 3
749 2697 756 2707 ,
772 2673 792 2704 4
806 2678 835 2704 et
850 2673 869 2704 6
885 2674 924 2705 ad
940 2675 1023 2714 Pipi—

78 2719 148 2742 num
164 2719 278 2752 regem.
292 2710 403 2741 Eodem
414 2710 504 2741 modo
517 2711 651 2751 loquitur
663 2714 784 2752 Paulus,
797 2716 942 2754 Stephani
956 2726 1021 2747 sue-

78 2760 196 2790 cessor,
211 2756 241 2783 et
256 2752 429 2782 Hadrianus
446 2753 467 2789 l,
483 2752 532 2782 ille
548 2754 578 2782 in
594 2754 735 2792 Epistolis
750 2755 769 2785 Ξ)
786 2759 815 2786 et
831 2756 846 2786 7
871 2755 912 2787 ad
930 2757 1020 2798 Pipi-

77 2801 166 2828 num,
181 2794 230 2825 hic
245 2793 380 2833 Epistola
394 2792 414 2823 4
429 2792 469 2824 ad
485 2793 639 2824 Carozum
655 2795 823 2835 Maynum,
839 2799 954 2837 scripta
970 2809 1020 2830 an.

78 2833 146 2865 775.
155 2835 280 2866 Frustra
295 2843 368 2865 vcro
384 2839 413 2864 et
428 2835 493 2866 sine
509 2844 603 2865 causa
618 2835 739 2867 laborat
751 2838 914 2869 Caietanus
928 2841 1019 2871 Cenni

78 2875 220 2914 (Pi-aetat.
235 2878 265 2907 in
290 2879 362 2907 tom.
378 2875 416 2906 lv
430 2876 584 2906 Anastasii
606 2877 915 2919 Bibliothecarii,g⁶2¹
931 2886 960 2911 et
971 2881 1020 2920 02⁹2,

79 2919 112 2946 ut
125 2917 267 2948 ostendat
282 2921 388 2948 contra
404 2918 551 2955 Panium),
567 2918 782 2956 amplificatum
796 2929 814 2950 a
826 2922 942 2959 Pipino,
959 2931 1018 2953 non

77 2957 246 2990 institutum
274 2959 428 2989 Romanae
457 2959 612 2989 Ecclesiae
633 2960 847 2999 Principatum.
865 2963 917 2993 Est
940 2965 1018 2995 enim

80 2998 192 3039 Pagtus
206 3001 237 3030 in
258 2999 366 3030 eadem
380 3001 450 3039 ipsa
466 3000 618 3030 sententia
642 3000 681 3030 ad
699 3009 747 3031 an.
765 3001 834 3039 755,
855 3001 916 3043 Ξῦ,
931 3013 1019 3044 quem

79 3038 178 3071 locum
194 3041 324 3072 Cennius
339 3042 403 3080 ipse
419 3046 575 3072 memorat.
591 3042 632 3071 lbi
647 3041 737 3079 enim,
754 3043 805 3080 ait,
821 3044 860 3074 ab
877 3045 934 3075 hoc
951 3049 1021 3077 tem-

81 3088 155 3118 pore
170 3082 290 3120 plenam
305 3090 370 3112 non
392 3091 509 3114 novam
524 3085 554 3114 et
570 3082 742 3119 insolitam,
760 3084 788 3113 in
814 3085 904 3115 rebus
922 3087 1022 3117 civili—

79 3120 136 3152 bus
159 3123 455 3154 administrationem
480 3124 640 3154 Pontifices
665 3127 725 3154 tam
746 3125 870 3163 Romae,
886 3136 976 3166 quam
993 3129 1020 3159 iu

81 3163 243 3195 exarchatu
267 3164 496 3197 Ravennatensi
520 3166 704 3196 exercuisse.
729 3166 823 3197 Antea
846 3167 942 3207 igitur
964 3169 1021 3200 ali-

1868 109 1951 148 203

1070 181 1185 231 liquit
1217 183 1429 222 Folradum
1459 184 1640 223 abbatem
1669 195 1700 222 s.
1730 183 1916 233 Dionysii,
1946 184 2009 232 qui

1069 237 1269 275 contentas
1290 237 1327 275 in
1349 240 1461 287 pacto
1477 237 1656 276 civitates
1671 237 1719 275 ab
1733 237 1938 286 Aistulpho
1954 249 2012 275 re-

1070 288 1213 336 ciperet
1240 294 1492 340 receptasque
1521 302 1611 329 mox
1637 291 1675 328 in
1704 292 1936 340 potestatem
1959 290 2007 327 R.

1073 341 1270 381 Pontificis
1292 344 1524 383 transferret
1545 342 1567 381 ¹.

1119 395 1182 432 Sic
1225 396 1384 445 Pipinus
1430 397 1688 446 principatum
1729 395 1985 445 temporalem
1998 425 2008 441 ,

1068 459 1180 496 quem
1203 449 1287 486 RR.
1306 449 1384 487 PP.
1405 450 1480 487 iam
1501 453 1619 487 antea
1637 461 1754 499 super
1774 449 1955 487 civitates
1975 461 2010 486 e-

1069 502 1276 539 xarchatus
1296 504 1335 539 et
1354 501 1519 540 ducatus
1539 503 1706 540 Romani
1726 514 1747 540 e
1766 502 1889 540 libera
1907 502 2010 540 inco—

1068 553 1208 600 larum,
1223 566 1246 591 a
1264 555 1456 604 prioribus
1477 556 1554 592 suis
1571 555 1734 593 dominis
1754 556 2008 602 desertorum,

1068 606 1254 645 electione
1283 609 1515 646 exercebant
1528 637 1538 653 ,
1557 608 1803 656 Apostolicae
1823 609 1913 646 Sedi
1941 621 2008 646 as-

1067 661 1201 697 seruit.
1222 661 1281 697 Ab
1301 660 1371 697 hoc
1391 663 1562 710 tempore
1583 661 1668 699 RR.
1694 661 1772 699 PP.
1796 661 1948 711 plenam
1969 666 2009 699 et

1067 712 1387 760 independentem
1415 714 1454 750 in
1482 715 1598 751 rebus
1627 714 1807 752 civilibus
1837 715 2007 752 admini-

1067 765 1294 803 strationem
1323 769 1404 803 tam
1425 767 1574 804 Romae
1595 778 1710 816 quam
1731 768 1770 804 in
1792 768 2008 806 exarchatu

1067 820 1330 867 possederunt.
1351 819 1580 857 Consulatus
1616 831 1709 857 vero
1729 832 1799 858 seu
1822 821 2010 869 patricia-

1066 876 1128 909 tus
1147 872 1361 917 Romanus,
1377 884 1450 920 quo
1471 884 1580 921 reges
1596 873 1839 911 Francorum
1859 874 1930 911 hac
1952 886 2012 912 ae-

1066 927 1146 975 tate
1167 925 1339 963 decorati
1359 925 1538 970 fuerunt,
1558 925 1605 962 iis
1626 926 1837 964 dominium
1853 939 1920 964 seu
1943 939 2012 964 ve-

1066 990 1149 1016 ram
1179 981 1413 1027 potestatem
1447 979 1484 1016 in
1516 979 1661 1016 Urbem
1692 982 1759 1016 aut
1792 981 2011 1028 provincias

1067 1033 1264 1069 Romanae
1285 1032 1470 1070 ecclesiae
1491 1044 1565 1069 non
1586 1032 1763 1074 contulit,
1775 1033 1839 1070 sed
1855 1034 2010 1070 tantum

1066 1085 1342 1123 iurisdictionis
1359 1097 1472 1123 usum
1488 1097 1536 1123 ex
1555 1097 1741 1123 consensu
1759 1086 1973 1132 Pontificis,
1988 1099 2011 1124 a

1065 1150 1141 1187 quo
1156 1139 1219 1176 isti
1236 1139 1426 1188 principes
1442 1138 1624 1187 peculiari
1641 1138 1790 1185 ratione
1807 1140 2009 1177 Romanae

1067 1192 1250 1230 ecclesiae
1280 1195 1320 1229 et
1348 1192 1464 1229 Urbis
1493 1191 1710 1230 defensores
1731 1196 1844 1230 erant
1863 1192 2010 1230 consti-

1066 1246 1153 1283 tuti.
1174 1245 1423 1284 Manifestum
1443 1246 1560 1282 etiam
1581 1248 1641 1282 est
1660 1257 1708 1284 ex
1727 1245 1905 1284 omnibus
1925 1257 2011 1283 mo-

1066 1299 1281 1345 numentis,
1300 1299 1348 1336 ad
1368 1310 1547 1347 magnam
1567 1298 1666 1336 hanc
1685 1310 1815 1337 rerum
1836 1298 1875 1335 in
1895 1299 2012 1336 Italia

1067 1352 1319 1390 mutationem
1329 1351 1624 1401 pertinentibus,
1638 1352 1897 1401 principatum
1917 1354 2011 1389 tem-

1065 1406 1234 1455 poralem
1250 1436 1260 1452 ,
1280 1418 1353 1455 quo
1373 1405 1490 1443 Sedes
1508 1406 1731 1454 Apostolica
1760 1410 1840 1442 tam
1861 1406 2011 1443 Romae

1065 1471 1177 1508 quam
1199 1459 1237 1496 in
1258 1460 1408 1508 reliqua
1429 1460 1630 1496 Romanae
1659 1459 1846 1496 ecclesiae
1868 1458 2012 1496 ditione

1066 1513 1222 1562 potitur,
1242 1512 1475 1551 iustissimae
1495 1512 1743 1561 possessionis
1762 1511 1886 1549 titulis
1906 1512 2012 1553 inni,-

1066 1567 1107 1604 ti.
1129 1566 1373 1604 Peculiarem
1395 1565 1548 1603 divinae
1568 1565 1834 1614 providentiae
1855 1565 2012 1614 disposi-

1064 1620 1209 1657 tionem
1228 1620 1267 1657 in
1287 1621 1359 1657 hoc
1380 1619 1543 1667 quisque
1564 1618 1781 1667 perspiciet,
1796 1617 1861 1667 qui
1881 1620 2006 1656 atten-

1063 1674 1179 1719 derit,
1199 1673 1335 1722 quanti
1363 1673 1411 1710 ad
1430 1672 1593 1709 liberam
1613 1671 1808 1709 Ecclesiae
1842 1671 2010 1709 admini-

1064 1728 1293 1764 strationem
1312 1725 1471 1771 referat,
1491 1727 1535 1762 ut
1554 1724 1638 1762 eius
1658 1724 1842 1762 Pontifex
1863 1724 2010 1762 nullius

1063 1780 1163 1818 inter
1182 1782 1242 1818 tot
1260 1780 1435 1817 diversos
1455 1778 1557 1816 orbis
1577 1778 1765 1827 principes
1785 1778 2010 1816 dominatio-

1065 1834 1101 1871 ni
1121 1834 1172 1871 sit
1190 1833 1380 1871 obnoxius
1394 1833 1419 1870 ².

1115 1886 1176 1925 75.
1194 1887 1235 1925 S.
1251 1887 1414 1924 Paulus
1432 1886 1458 1922 I
1468 1885 1668 1934 Pontifex
1687 1882 2010 1934 (an.757)—An-

1063 1952 1112 1977 no
1131 1940 1221 1985 757,
1240 1938 1334 1976 vm⁰
1367 1939 1447 1976 kal.
1480 1938 1583 1983 maii,
1602 1938 1823 1987 Stephanus
1843 1938 1880 1975 II
1900 1938 2011 1980 obiit,

1062 2006 1148 2031 cum
1169 1992 1399 2030 Pontificem
1420 2004 1460 2029 se
1479 1991 1657 2041 gessisset
1676 2003 1796 2028 annos
1815 1990 1852 2037 5,
1872 1993 1911 2029 et
1930 1992 2009 2029 dies

1060 2047 1122 2085 29.
1139 2047 1183 2084 In
1212 2046 1295 2084 eius
1309 2047 1438 2083 locum
1465 2044 1526 2082 1v⁰
1545 2044 1625 2082 kal.
1649 2044 1746 2081 iunii
1764 2047 2009 2082 consecratus

1060 2100 1134 2138 fuit
1156 2100 1304 2139 Paulus
1329 2100 1360 2146 I,
1383 2098 1488 2136 illius
1515 2097 1650 2145 frater,
1681 2097 1746 2147 qui
1765 2098 1865 2135 sedit
1886 2110 2009 2148 usque

1059 2155 1109 2193 ad
1128 2166 1189 2192 an.
1209 2153 1298 2191 767.

1112 2208 1150 2245 Is
1168 2207 1264 2244 inito
1284 2204 1522 2255 pontificatu,
1537 2203 1740 2253 epistolam
1757 2203 1864 2241 dedit
1881 2205 1929 2241 ad
1945 2204 2009 2242 Pi·
2065 2217 2070 2221 ·

1060 2261 1192 2310 pinum
1211 2260 1453 2297 Francorum
1474 2269 1618 2307 regem,
1638 2269 1715 2306 qua
1736 2257 1772 2295 ei
1791 2269 1903 2294 suam
1923 2258 2008 2295 ele-

1059 2315 1223 2351 ctionem
1243 2312 1479 2361 significavit
1495 2341 1504 2357 ,
1523 2310 1723 2360 petiitque,
1744 2312 1788 2348 ut
1807 2311 1846 2347 in
1871 2310 2009 2348 defen-

1060 2368 1184 2405 denda
1209 2365 1384 2404 Ecclesia
1411 2367 1697 2415 perseveraret,
1717 2364 2008 2412 spoponditque,

1061 2479 1151 2509 quam
1167 2470 1363 2501 exercebant.
1379 2470 1490 2510 Pagius
1508 2470 1610 2509 itaque
1626 2469 1698 2499 facit
1713 2468 1851 2507 Pipinum
1879 2468 2007 2508 amplifi-

1060 2516 1195 2543 catorem
1217 2520 1278 2543 non
1301 2512 1504 2542 institutorem
1528 2511 1630 2541 Civilis
1658 2509 1851 2548 Principatus
1875 2510 2004 2540 Pontifi-

1061 2562 1144 2591 cum;
1168 2553 1350 2592 praesertim
1375 2562 1443 2584 cum
1475 2551 1687 2582 restitutiones
1711 2556 1780 2581 ante
1811 2551 2007 2581 donationem

1061 2595 1248 2633 Pipinianam
1269 2594 1424 2625 Ecclesiae
1441 2594 1554 2630 saetas,
1572 2602 1648 2633 quas
1670 2596 1829 2631 tantopere
1855 2592 2006 2623 adversus

1063 2637 1186 2675 pagium
1202 2635 1333 2666 Cennius
1348 2639 1447 2676 urget,
1470 2635 1583 2674 Pagius
1600 2635 1665 2672 ipse
1687 2636 1836 2671 agnoscat
1853 2636 1883 2663 et
1898 2637 2004 2664 narret

1061 2678 1098 2707 ad
1117 2686 1165 2708 an.
1183 2676 1250 2715 7⁵20,
1267 2676 1282 2716 Ξ
1297 2676 1325 2712 2.
1342 2677 1379 2707 ad
1396 2686 1446 2707 an.
1465 2675 1533 2713 741,
1549 2674 1563 2715 Ξ
1585 2675 1628 2713 10,
1646 2674 1727 2717 etad
1745 2683 1792 2704 an.
1812 2673 1888 2712 755,
1906 2673 1922 2715 Ξ
1938 2674 1965 2705 5.

1100 2717 1111 2739 1
1128 2720 1231 2749 Anast.
1249 2722 1278 2749 et
1294 2718 1474 2749 Warnet'rid.
1492 2718 1551 2747 loc.
1569 2716 1618 2747 cit.

1100 2759 1114 2779 ²
1130 2761 1167 2791 Cf
1179 2760 1281 2796 Cenni‚
1296 2759 1435 2790 Monam.
1450 2758 1601 2789 dommac.
1620 2755 1734 2795 Pontes.
1759 2757 1842 2786 Rom.
1867 2755 1956 2795 1761,
1989 2757 2008 2788 Ξ).

1062 2801 1118 2832 vol.
1136 2800 1239 2838 in-4⁰;
1255 2801 1333 2837 Orsi,
1350 2800 1437 2831 Delta
1457 2798 1584 2838 Origine
1599 2796 1649 2827 del
1661 2796 1803 2827 clonzinio
1821 2806 1837 2828 e
1852 2795 1937 2829 della
1953 2807 2003 2830 so-

1063 2842 1191 2873 rranitlz
1205 2840 1254 2872 dei
1268 2841 1330 2873 ΗΒ.
1349 2841 1405 2872 ΡΡ.
1422 2842 1507 2871 nom.
1528 2839 1621 2873 1789:
1639 2839 1724 2877 Pagi,
1743 2838 1864 2869 Critica
1888 2839 1926 2870 ad
1953 2848 2003 2871 an,

1062 2883 1175 2915 751-55
1190 2887 1219 2913 et
1235 2882 1301 2920 796;
1318 2884 1358 2913 De
1372 2882 1510 2917 Maistre‚
1526 2880 1579 2910 Du
1603 2879 1694 2919 Ραρε,
1719 2879 1737 2909 l.
1753 2879 1800 2917 11;
1819 2880 2008 2920 Muzzarelli,

1062 2926 1186 2955 Dissert.
1205 2924 1265 2955 Sul
1285 2931 1424 2963 yoverno
1456 2920 1628 2962 temporale
1649 2919 1696 2950 (ιε’
1712 2919 1799 2952 Rom.
1829 2921 2006 2961 Pontefici;

1062 2965 1220 3002 Gosselffl,
1243 2964 1388 2995 Pouvoit·
1410 2962 1452 2993 dn
1481 2963 1568 3002 Pape
1593 2970 1634 2992 au
1660 2969 1776 3001 moyen
1805 2970 1862 3002 aye
1880 2986 1888 3000 ,
1916 2972 1944 3002 p,
1974 2965 2006 3002 l,

1062 3017 1088 3038 c.
1107 3006 1172 3037 1-2.
1199 3006 1390 3044 Dupanlonp‚
1413 3003 1456 3035 La
1479 3002 1699 3034 souverainete'
1713 3002 1756 3034 du
1771 3003 1879 3043 Pape;
1909 3004 2008 3044 Pavy,

1062 3047 1206 3088 nequisse
1219 3046 1300 3077 ct'un
1326 3044 1429 3076 Τιάἱιέ
1443 3054 1499 3075 sm·
1515 3045 1544 3074 la
1560 3043 1782 3076 souverainete'
1814 3051 1920 3083 tempo
1928 3046 2007 3076 relle

1063 3088 1104 3119 dn
1127 3088 1226 3128 Pape;
1242 3088 1416 3126 Brnnengo,
1433 3086 1472 3117 Le
1487 3084 1609 3126 Oriqini
1630 3084 1713 3116 della
1728 3085 1900 3117 Sovranita‘
1925 3088 2010 3117 tem-

1062 3129 1174 3170 parate
1195 3128 1331 3167 ‹te'Papi;
1350 3129 1389 3158 De
1408 3127 1438 3158 la
1454 3128 1545 3166 Tour,
1562 3126 1618 3158 Del
1633 3129 1749 3167 potere,
1761 3127 1943 3167 temporale
1959 3127 2007 3159 de'

1066 3171 1153 3211 Ριιρί,
