2241 3473
632 155 759 186 vSQVE
786 157 840 184 AD
868 157 1061 185 Exclmx'M
1089 158 1250 187 IMPERII
1281 160 1565 189 OCCIDENTALIS

137 219 227 256 dere
259 227 346 254 cum
375 217 522 265 Sapore
543 217 756 256 Persarum
777 230 892 267 rege,
913 219 950 256 in
976 220 1085 257 litte-

135 271 187 309 ris
200 269 249 308 ad
265 281 352 306 eum
369 270 468 307 datis
486 270 688 319 Evangelii
706 271 985 320 praestantiam
999 273 1077 320 plu-

133 323 273 362 rimum
304 322 499 367 laudarat,
529 323 691 372 eiusque
720 324 948 373 protectioni
972 325 1078 362 Chri-

135 377 280 414 stianos
303 376 647 414 commendaverat
669 375 689 414 ¹.

185 428 245 466 Ad
267 428 467 466 iberorum
498 432 672 478 gentem,
703 441 799 478 quae
824 429 861 466 in
891 429 1075 468 hodierna

133 481 301 530 Georgia
320 482 450 519 sedem
471 494 579 519 suam
600 482 783 527 habebat,
800 481 996 520 Ecclesiae
1013 496 1077 531 ag—

130 534 366 584 gregandam
385 535 517 572 divina
533 535 787 572 Providentia
802 535 906 572 cirea
922 548 981 573 an.
998 536 1076 573 320

134 599 202 625 usa
222 592 283 625 est
303 588 447 625 femina
467 588 680 624 christiana
701 588 802 636 apud
824 600 888 625 eos
908 589 1075 637 captiva,

131 651 232 688 quae
253 647 335 678 tum
357 641 460 678 vitae
481 640 739 679 sanctimonia
758 644 842 678 tum
863 643 1008 679 morbis
1023 642 1077 678 in-

130 697 268 731 vocato
290 694 373 731 Iesu
396 693 548 730 nomine
569 694 714 731 curatis
743 695 870 742 gentis
899 695 1074 732 admira—

134 747 276 783 tionem
296 746 497 784 excitavit.
521 746 643 784 Paulo
664 750 749 794 post
773 747 910 795 regina
939 748 1075 785 lbero-

130 810 214 836 rum
238 800 414 848 precibus
434 800 515 837 eius
536 812 557 837 a
578 799 687 847 gravi
705 801 837 837 morbo
855 801 1020 838 liberata
1037 804 1073 838 et

129 852 177 889 ab
207 853 343 890 eadem
374 854 420 889 de
453 865 527 889 uno
557 863 707 889 summo
737 853 816 889 Deo
847 853 1007 902 eiusque
1029 853 1074 891 fi-

131 905 183 942 lio
213 905 241 942 I.
273 906 424 943 Christo
453 906 602 950 edocta,
622 905 804 942 maritum
828 907 1075 952 hortabatur,

131 960 174 996 ut
198 958 355 996 reiectis
375 958 500 1004 idolis,
520 959 622 995 hunc
650 958 774 996 solum
804 959 958 997 coleret.
989 961 1075 997 Rex

131 1011 242 1048 brevi
266 1018 351 1060 post
371 1024 391 1049 e
412 1015 519 1049 certo
541 1011 712 1060 periculo
732 1015 817 1060 post
838 1012 984 1050 factum
1007 1026 1075 1050 eo-

129 1064 232 1102 lendi
243 1065 439 1103 Christum
451 1068 583 1102 votum
595 1064 981 1114 liberatus,populum
993 1079 1078 1103 0011-

131 1118 300 1163 vocavit,
320 1119 433 1167 eique
453 1118 649 1155 beneficiis
664 1147 674 1163 ,
693 1130 792 1166 quae
813 1119 882 1156 sibi
906 1123 944 1155 et
966 1120 1077 1156 uxori

128 1182 152 1207 a
172 1171 483 1209 Christianorum
504 1172 585 1208 Deo
607 1171 841 1219 obtigerant,
867 1172 1072 1221 expositis,

130 1223 234 1261 hunc
250 1224 543 1269 solum‚reiectis
558 1224 680 1269 idolis,
694 1224 894 1262 colendum
912 1237 1076 1274 pronun-

129 1276 260 1314 ciavit.
282 1278 495 1315 Confestim
516 1277 720 1315 eeclesiam
743 1278 874 1315 extrui
894 1279 1076 1316 0151111111-

129 1334 189 1367 tos
208 1342 276 1379 per
297 1330 481 1368 feminam
501 1331 697 1380 captivam
718 1331 757 1367 111
773 1331 986 1369 christiana
1001 1333 1076 1369 Re-

127 1382 269 1431 ligione
287 1384 437 1421 institui
449 1385 615 1428 curavit,
627 1384 763 1421 deinde
779 1385 906 1422 11115515
915 1385 962 1422 ad
972 1387 1071 1423 Con-

127 1437 344 1474 stantinum
360 1437 635 1485 imperatorem
651 1437 803 1485 legatis,
821 1438 1018 1486 episcopos
1035 1442 1073 1475 et

127 1489 236 1527 Fidei
259 1502 470 1539 praecones
491 1491 736 1540 impetravit,
763 1503 926 1539 qnorum
955 1504 1073 1540 opera

127 1542 331 1581 Iberorum
360 1545 407 1581 ad
439 1544 637 1582 Christum
666 1545 869 1582 conversio
899 1545 1073 1594 perfecta

128 1598 187 1633 est
208 1594 234 1633 ².

181 1650 324 1687 Eodem
355 1649 512 1687 circiter
539 1652 715 1698 tempore
742 1662 790 1687 ex
821 1654 963 1689 eventu
996 1665 1070 1688 non

126 1703 252 1740 minus
272 1702 446 1750 fortuito,
466 1715 581 1751 quem
601 1703 705 1740 Deus
725 1703 773 1740 ad
796 1704 994 1741 hominum
1012 1717 1071 1742 sa—

127 1755 249 1793 lntem
269 1756 435 1803 direxit,
456 1759 571 1794 enata
592 1759 651 1793 est
679 1757 882 1795 conversio
908 1758 1069 1795 AEthio-

127 1821 216 1857 pum
237 1809 276 1846 in
296 1810 483 1847 hodierna
506 1809 1074 1860 Abyssinia.Meropius,philo-

124 1862 268 1910 sophus
284 1863 531 1908 christianus,
547 1863 654 1911 Tyro
671 1863 869 1909 oriundus,
883 1876 969 1901 cum
984 1865 1072 1901 duo-

127 1915 199 1952 bus
219 1916 528 1953 adolescentibus
554 1915 744 1953 fratribus
764 1916 802 1952 in
828 1917 1070 1965 AEthiopiam

127 1969 175 2005 ad
195 1980 281 2005 eam
302 1969 522 2006 accuratius
539 1970 847 2017 cognoscendam
864 1969 1070 2021 profectus,

125 2021 165 2058 in
187 2022 316 2059 reditu
338 2034 360 2059 a
380 2021 474 2060 feris
502 2022 638 2059 ineolis
663 2022 813 2060 occisus
831 2023 975 2070 fuerat3
997 2023 1071 2060 duo

126 2086 218 2112 vero
248 2075 510 2113 adolescentes
540 2075 587 2112 ad
617 2086 750 2125 regem
779 2077 984 2114 Auxumae
1005 2089 1071 2114 re—

125 2127 311 2166 sidentem
340 2128 445 2166 ducti
473 2130 573 2166 sunt.
592 2128 691 2176 Rex,
721 2129 782 2166 cui
810 2129 970 2168 iuvenes
990 2130 1072 2178 pla—

125 2185 289 2219 cuerunt
305 2211 315 2228 ,
353 2182 408 2219 eis
435 2182 568 2219 munia
605 2181 643 2217 in
682 2182 771 2219 aula
805 2194 874 2220 sua
907 2183 1046 2220 detulit
1064 2213 1072 2228 ,

128 2237 168 2271 et
186 2238 278 2272 natu
301 2236 486 2272 maiorem
521 2235 793 2272 Frumentium
823 2236 1014 2273 tabulario
1034 2242 1068 2273 et

127 2288 287 2326 seeretis
320 2288 517 2337 praefecit.
551 2289 660 2336 Rege
696 2291 850 2326 mortuo
865 2319 875 2336 ,
911 2290 1046 2339 regina
1063 2320 1071 2335 ,

127 2340 189 2377 cui
222 2353 396 2390 regnum,
431 2353 521 2378 cum
547 2340 650 2380 filius
679 2343 804 2379 adhue
836 2354 933 2391 puer
961 2346 1070 2388 esset,

131 2394 479 2432 administrandum
511 2397 622 2439 erat,
647 2395 920 2433 Frumentium
949 2397 987 2432 in
1009 2408 1070 2433 re—

126 2446 282 2495 giminis
311 2447 536 2485 societatem
567 2448 743 2486 adscivit.
773 2449 810 2486 Is
839 2449 1070 2486 auctoritate

126 2511 196 2537 sua
212 2499 352 2545 effecit,
366 2504 410 2538 ut
426 2501 634 2539 Christiani
641 2513 703 2547 ,ex
717 2502 879 2550 imperio
894 2503 1069 2539 Romano

128 2558 369 2590 mercaturae
397 2566 516 2591 eausa
535 2554 625 2592 illuc
644 2555 868 2601 venientes,
889 2555 1012 2604 primo
1032 2556 1070 2593 in

129 2605 292 2654 privatis
312 2606 481 2653 aedibus,
501 2607 638 2645 deinde
658 2607 697 2644 in
719 2608 980 2656 peculiaribus
1003 2621 1069 2646 ee-

126 2657 269 2705 clesiis,
281 2658 405 2696 Deum
421 2660 631 2698 christiano
647 2673 753 2699 more
765 2661 890 2698 colere
902 2665 1068 2711 possent.

126 2711 212 2759 Ipse
231 2713 408 2761 exemplo
429 2724 497 2749 suo
518 2716 558 2751 et
572 2726 749 2751 sermone
766 2715 968 2764 indigenas
982 2728 1071 2764 quo-

126 2775 201 2813 que
225 2765 273 2802 ad
295 2777 431 2802 eorum
452 2777 561 2803 sacra
581 2767 864 2815 frequentanda
884 2769 1070 2806 hortaba-

127 2821 208 2854 tur.
220 2818 329 2867 Rege
346 2818 479 2855 adulto
490 2819 744 2858 Frumentius
760 2833 847 2858 eum
863 2821 985 2859 fratre
1001 2834 1071 2859 suo

125 2869 164 2906 in
181 2871 346 2918 patriam
364 2882 566 2920 regressus
582 2874 932 2911 est.Alexandriam
948 2878 1066 2912 trans-

125 2922 226 2969 iens,
254 2923 368 2962 huius
391 2923 497 2962 urbis
517 2926 760 2973 patriarchae
789 2927 833 2965 D.
856 2928 1070 2966 Athanasio

168 3037 179 3058 ¹
194 3039 402 3076 Euseb.,Vz'ta
418 3038 595 3071 Constant.
609 3040 627 3071 Ι.
641 3041 720 3079 lV‚c.
735 3041 945 3079 19;Sozomen
961 3046 1068 3082 ,Hist

1949 153 1997 192 91

1120 222 1293 260 narravit
1321 234 1419 271 quae
1448 224 1550 262 Deus
1583 225 1621 262 in
1642 225 1849 274 AEthiopia
1876 226 1923 263 ad
1956 225 2059 264 dila-

1120 275 1275 312 tandam
1295 276 1509 315 Ecclesiam
1532 283 1714 327 operatus
1743 281 1858 323 esset,
1887 290 2059 327 quaeque

1119 327 1243 364 adhue
1263 328 1363 366 estiei
1385 335 1565 378 possent,
1592 331 1623 368 si
1645 331 1862 380 Religionis
1882 332 2059 370 doctores

1119 378 1208 416 illue
1227 381 1487 421 mitterentur.
1506 384 1743 422 Athanasius
1760 384 1950 422 neminem
1966 384 2062 422 Fru-

1118 433 1261 469 mentio
1270 435 1458 482 aptiorem
1474 437 1521 474 ad
1538 438 1609 475 hoc
1625 449 1708 475 esse
1723 437 1958 487 intelligens,
1972 449 2058 475 eum

1119 496 1179 521 an.
1200 486 1277 523 326
1296 487 1515 536 episcopum
1536 490 1779 528 consecravit
1798 494 1838 528 et
1857 503 1946 528 cum
1965 490 2055 539 plu-

1120 537 1226 575 ribus
1265 541 1505 588 presbyteris
1542 543 1580 579 in
1621 543 1865 592 [Ethiopiam
1894 543 2055 581 remisit.

1119 590 1367 629 Frumentius
1389 605 1528 642 magna
1548 607 1633 632 cum
1657 597 1807 634 laetitia
1827 597 1874 634 ab
1896 597 2058 634 AEthio-

1118 643 1231 691 pibus
1251 648 1445 693 receptus,
1466 650 1574 685 tanto
1595 661 1684 686 eum
1713 662 1892 688 successu
1920 651 2057 688 Evan-

1119 697 1260 744 gelium
1282 699 1533 746 praedicavit,
1556 703 1598 738 ut
1620 713 1687 739 rex
1710 703 1827 740 Aizan
1849 706 1889 740 et
1914 703 2054 740 subditi

1119 749 1260 802 passim
1281 750 1416 788 Fidem
1435 754 1695 802 susceperint,
1716 756 1915 804 omnisque
1946 756 2055 806 regio

1119 802 1315 840 Ecclesiae
1336 803 1477 842 Christi
1498 811 1711 855 aggregata
1730 809 1790 846 sit.
1813 809 1827 845 1
1832 821 1897 858 pse
1924 813 2054 847 autem

1118 855 1324 893 coelestem
1344 869 1525 895 coronam
1546 862 1776 898 consecutus
1795 867 1854 899 est
1872 862 1897 900 ¹.

1171 909 1380 947 Conversio
1402 911 1627 958 Gothorum,
1647 915 1710 961 qui
1728 914 1826 951 inter
1842 915 2002 953 Tanaim
2020 918 2059 952 et

1119 961 1312 999 Tibiscum
1352 964 1397 1000 ad
1434 964 1566 1002 littora
1595 967 1909 1014 septentrionalia
1943 969 2056 1005 Ponti

1118 1014 1260 1051 Euxini
1291 1018 1329 1052 et
1355 1016 1521 1054 Danubii
1550 1018 1734 1057 latissime
1764 1024 1874 1058 erant
1901 1021 2028 1059 diffusi
2049 1052 2058 1068 ,

1117 1068 1195 1104 iam
1210 1068 1297 1105 inde
1313 1069 1360 1106 ab
1377 1082 1438 1107 an.
1454 1071 1532 1108 260
1547 1073 1757 1121 repetenda
1773 1076 1842 1119 est,
1851 1085 1924 1122 quo
1936 1074 2016 1111 irru
2022 1087 2058 1124 p-

1118 1121 1222 1158 tione
1242 1121 1278 1158 in
1301 1122 1432 1160 Asiam
1454 1124 1640 1162 minorem
1663 1125 1787 1172 facta,
1809 1139 1895 1163 cum
1917 1139 2057 1176 magna

1118 1175 1262 1221 praeda
1289 1175 1404 1213 etiam
1436 1177 1611 1225 captivos
1639 1190 1767 1216 secum
1797 1180 2054 1218 abduxerant.

1121 1227 1242 1264 Erant
1262 1228 1363 1265 inter
1384 1230 1452 1266 hos
1473 1230 1616 1277 clerici,
1636 1232 1702 1280 qui
1722 1233 1826 1270 vitae
1847 1234 2056 1270 severitate

1119 1291 1163 1317 ac
1179 1280 1569 1331 pietate,prodigiosis
1584 1284 1823 1323 infirmorum
1840 1286 2056 1324 sanationi-

1117 1334 1210 1379 bus,
1230 1334 1441 1373 multorum
1462 1337 1677 1375 Gothorum
1698 1339 1844 1376 animos
1862 1339 2056 1388 Religioni

1117 1387 1352 1425 christianae
1368 1389 1683 1436 conciliarunt,et
1698 1393 1900 1429 ecclesiam
1922 1391 2056 1429 funda-

1117 1442 1220 1478 runt.
1238 1441 1344 1478 Haec
1363 1442 1443 1479 iam
1469 1455 1529 1480 an.
1556 1444 1633 1482 325
1659 1445 1858 1494 proprium
1887 1446 2056 1483 habebat

1117 1494 1338 1542 episcopum
1359 1496 1513 1533 nomine
1533 1497 1804 1546 Theophilum,
1823 1502 1865 1536 ut
1885 1501 1923 1535 in
1943 1501 2054 1536 acto-

1120 1557 1206 1583 rum
1227 1548 1384 1585 eoneilii
1404 1549 1565 1587 Nicacni
1591 1551 1870 1599 subscriptione
1903 1551 2053 1601 legitur.

1117 1599 1228 1637 Circa
1248 1601 1450 1639 dimidium
1466 1603 1580 1641 huius
1595 1604 1740 1641 saeculi
1748 1605 2054 1642 Christianorum

1116 1664 1298 1691 numerus
1312 1655 1417 1693 inter
1436 1656 1582 1694 Gothos
1601 1657 1806 1707 insigniter
1831 1661 1967 1696 auctus
1997 1661 2055 1696 est

1115 1717 1232 1754 opera
1248 1708 1485 1756 potissimum
1503 1710 1697 1759 Ulphilae;
1712 1712 1776 1760 qui
1792 1711 1893 1748 inter
1910 1724 1974 1749 eos
1989 1724 2054 1749 na-

1116 1764 1177 1796 tus
1198 1763 1238 1797 et
1257 1764 1390 1809 postea
1415 1764 1638 1801 eorumdem
1665 1765 1864 1813 episcopus
1893 1766 2052 1802 ordina—-

1114 1814 1189 1854 tus,
1210 1825 1284 1850 non
1306 1817 1458 1852 tantum
1480 1817 1653 1854 muneris
1672 1819 1731 1855 sui
1748 1820 1877 1866 partes
1893 1818 2055 1855 solerter

1115 1865 1300 1914 explevit,
1321 1868 1388 1905 sed
1408 1869 1526 1906 etiam
1545 1869 1713 1907 inventis
1728 1871 1893 1920 propriis
1909 1871 2054 1909 littera-

1114 1929 1199 1955 rum
1209 1920 1565 1968 characteribus,ad
1577 1923 1735 1972 linguae
1751 1923 1927 1972 gothicae
1944 1936 2054 1962 sonos

1116 1974 1429 2020 accommodatis,
1450 1976 1654 2025 utriusque
1674 1977 1916 2015 Testamenti
1931 1977 2056 2026 Scrip-

1115 2027 1246 2062 turam
1268 2026 1305 2063 in
1327 2027 1426 2064 hanc
1442 2028 1616 2077 linguam
1638 2030 1851 2075 transtulit,
1867 2032 1983 2079 atque
1999 2032 2055 2068 ita

1115 2077 1271 2126 legendi
1291 2092 1431 2129 gnaros
1452 2082 1621 2120 reddidit
1639 2083 1806 2129 idoneos,
1825 2085 1867 2122 ut
1886 2097 1926 2122 se
1954 2084 2054 2133 ipsos

1115 2135 1154 2167 et
1173 2132 1374 2171 audientes
1394 2133 1433 2170 in
1454 2135 1586 2173 divina
1605 2136 1740 2174 salutis
1756 2137 1931 2175 doctrina
1946 2137 2054 2175 insti—

1114 2187 1273 2223 tuerent
1293 2187 1356 2224 vel
1377 2188 1683 2227 confirmarent?

1167 2238 1292 2276 Paulo
1322 2241 1460 2287 serius,
1481 2242 1698 2291 imperante
1717 2243 1794 2280 iam
1815 2244 2050 2290 Constantio,

1114 2290 1354 2330 Constantini
1374 2293 1426 2331 M.
1447 2294 1546 2341 filio,
1566 2295 1621 2332 illi
1642 2297 1811 2334 Arabiae
1840 2297 1960 2335 felicis
1989 2297 2051 2333 in-

1114 2343 1231 2390 colae,
1253 2346 1318 2394 qui
1339 2347 1562 2386 Homeritae
1592 2349 1833 2396 dicebantur,
1860 2350 2052 2399 iidemque

1114 2409 1200 2434 cum
1216 2398 1373 2438 Sabaeis
1388 2401 1673 2449 existimantur,
1690 2403 1737 2440 ad
1753 2403 1949 2441 Christum
1966 2415 2052 2452 per-

1114 2450 1217 2488 ducti
1237 2455 1339 2498 sunt,
1358 2465 1472 2502 quem
1494 2457 1623 2492 tamen
1654 2469 1729 2492 non
1748 2458 1853 2494 recte
1869 2468 2054 2505 cognove-

1115 2506 1217 2550 runt,
1239 2508 1373 2555 utpote
1385 2508 1432 2544 ab
1440 2508 1594 2546 Arianis
1609 2508 1786 2546 instituti.
1799 2510 1950 2547 Etenim
1962 2510 2051 2546 Con-

1113 2558 1278 2596 stantius
1299 2559 1524 2609 imperator,
1538 2562 1616 2598 iam
1633 2562 1787 2599 Arianis
1803 2563 1992 2607 addictus,
2004 2562 2051 2600 ad

1115 2621 1245 2658 regem
1262 2612 1554 2651 Homeritaruni
1570 2614 1720 2664 legatos
1736 2627 1820 2652 cum
1832 2616 2052 2653 muneribus

1114 2663 1229 2710 misit,
1251 2667 1318 2713 qui
1340 2669 1528 2714 peterent,
1551 2671 1593 2705 ut
1612 2669 1650 2704 in
1671 2680 1740 2705 sua
1759 2668 1903 2705 ditione
1923 2668 2052 2706 eccle-

1115 2717 1191 2754 sias
1211 2718 1443 2757 christianas
1464 2721 1595 2757 extrui
1616 2720 1859 2769 permitteret
1878 2722 1916 2758 in
1940 2734 2051 2759 11511111

1114 2770 1197 2807 111111
1214 2772 1494 2819 Romanorum,
1514 2775 1757 2811 mercaturae
1777 2786 1895 2812 causa
1914 2787 1958 2812 eo
1979 2787 2050 2812 ve-

1117 2822 1318 2871 nientium,
1348 2828 1429 2862 tum
1459 2837 1606 2873 eorum,
1627 2827 1691 2874 qui
1711 2839 1732 2863 e
1751 2828 1912 2866 subditis
1937 2828 2050 2865 tidem

1114 2876 1365 2915 christianam
1385 2880 1513 2916 essent
1534 2879 1762 2927 suscepturi.
1783 2881 1869 2918 Rex
1896 2881 2049 2930 legato-

1115 2940 1199 2966 rum
1221 2931 1392 2979 petitioni
1413 2932 1596 2978 assensit,
1625 2932 1734 2970 Fidei
1765 2946 1972 2982 praecones
2002 2935 2050 2971 ab

1156 3046 1163 3066 ¹
1180 3047 1313 3084 Soet-at,
1338 3046 1421 3078 llz'sc.
1444 3047 1494 3078 lib.
1511 3048 1560 3078 cit.
1578 3058 1601 3078 c.
1620 3048 1672 3087 19;
1689 3050 1844 3081 Sozomen.
1863 3051 1935 3081 ibid.
1953 3061 1976 3082 e.
1994 3050 2051 3089 ⁹2.st

126 3079 200 3110 eccl.
223 3079 242 3111 Ι.
259 3080 303 3119 ΙΙ,
319 3089 344 3111 c.
361 3080 378 3111 8
396 3085 424 3112 et
443 3081 704 3120 15;T}1eod0ret.,
721 3081 740 3112 1.
756 3083 778 3121 Ι,
796 3093 822 3114 c.
839 3083 893 3123 253
910 3087 948 3116 Le
964 3087 1070 3126 Quien,
1113 3088 1294 3119 Theodorei.
1317 3089 1387 3118 ibid.
1412 3098 1438 3118 c.
1454 3088 1509 3126 ‘233
1527 3090 1636 3121 Rusfin.
1657 3092 1746 3129 ibid.;
1764 3092 1879 3123 Ludolf.
1896 3092 2050 3124 Historia

127 3119 322 3202 Ιιῃέἰι8001111,
338 3163 432 3194 Hist.
449 3164 524 3195 eccl.
539 3163 558 3194 l.
574 3164 598 3201 Ι,
615 3173 640 3195 c.
656 3163 711 3202 ⁶20;
729 3165 886 3197 Sozomen.
904 3167 922 3198 1.
940 3169 979 3208 ΙΙ,
992 3179 1018 3201 0.
1034 3170 1068 3207 7;

127 3202 305 3235 Theodoret.
323 3204 342 3236 l.
358 3205 381 3244 1,
398 3214 423 3236 c.
440 3204 496 3243 im
512 3205 621 3236 Rusfin.
639 3205 658 3237 1.
674 3205 696 3243 Ι,
714 3215 738 3236 c.
755 3205 782 3237 9.

1112 3128 1327 3168 AEtIzz'opmn,
1344 3129 1362 3159 1.
1378 3130 1431 3161 ΙΙΙ.

1151 3170 1164 3190 2
1181 3171 1298 3201 Soet-at.
1321 3170 1410 3201 Hist.
1433 3171 1505 3201 ecel.
1523 3171 1540 3202 1.
1566 3173 1610 3209 lV,
1633 3182 1659 3205 c.
1682 3172 1736 3211 333
1760 3175 2051 3214 Sozom.l.11‚c.6;

1102 3210 1284 3242 Theodoret.
1300 3211 1317 3241 1.
1335 3212 1381 3250 iV,
1398 3221 1423 3243 c.
1440 3212 1493 3251 32;
1511 3214 1644 3252 I’hilost,
1662 3215 1751 3246 Hist.
1769 3216 1842 3247 eccl.
1860 3217 1877 3247 1.
1893 3217 1930 3254 11,
1947 3225 1971 3247 c.
1990 3216 2017 3248 5.
