2241 3473
557 186 682 216 VSQVE
710 186 764 212 AD
793 171 1103 214 CONVERSIONifflu
1130 185 1392 213 CONSTANTlNI
1419 185 1463 213 M.

1851 175 1900 213 61

19 261 127 290 mum
155 260 222 286 seu
244 246 556 286 Millenariorum
585 259 756 286 errorem
775 247 964 285 instaura—
1008 247 1057 284 rii
1078 247 1137 285 sui
1158 247 1269 285 initio
1286 247 1464 286 crudelia
1478 247 1608 286 edicta
1623 249 1760 285 contra
1774 247 1956 287 Christia-

19 305 93 349 rat,
110 301 261 339 duobus
281 300 401 345 libris,
423 302 482 338 De
496 301 857 350 promissionibus,
877 312 963 336 eon·
1010 312 1079 337 nos
1095 300 1142 336 ad
1160 301 1451 348 provinciarum
1468 300 1663 350 praesides
1679 300 1832 346 dedit,a
1847 312 1955 349 prae-

20 354 183 400 futavit,
212 356 250 390 et
270 365 349 398 θος,
375 354 437 402 qni
461 353 622 402 Nepotis
642 352 876 390 auctoritate
897 364 962 389 er-

18 418 146 446 rorem
175 410 436 454 susceperant,
459 407 508 443 ab
528 419 573 443 eo
595 405 754 443 reduxit
772 403 795 441 ¹.
817 404 964 442 Confu-

17 459 120 499 tavit
140 459 257 496 etiam
279 458 497 496 doctrinam
517 458 741 503 Sabellii‚ut
756 456 961 502 dixi1nus²‚

17 523 93 562 qua
114 511 316 548 occasione
337 511 418 560 ipse
440 511 541 560 apud
563 510 795 558 Dionysium
817 510 884 558 I'p.
903 521 962 546 ac-

17 566 174 603 cusatus
197 563 281 608 fuit,
304 570 346 599 ut
367 563 469 600 infra
491 563 716 600 videbimus.
737 562 768 598 E
787 562 962 610 pluribus

17 618 100 656 eius
115 616 267 664 scriptis
284 620 439 665 praeter
455 616 674 664 fragmenta
691 616 868 662 superest
879 616 964 652 tan-

16 674 101 708 tum
121 669 296 717 Epistola
316 669 503 706 canonica
518 668 568 706 ad
584 667 805 713 Basilidem,
822 666 963 715 episco-

17 734 108 772 pum
129 722 473 770 Pentapolitanum
494 721 531 757 in
553 720 685 757 Africa
697 718 723 756 ³.

70 775 134 812 62.
146 774 289 811 Status
306 774 476 810 moralis
498 771 962 809 Clire'stt‘anorum—Do-

17 827 177 865 lendum
192 837 285 863 sanc
305 828 374 869 cst,
397 825 637 862 Christianos
658 824 798 861 multos
814 853 823 869 ,
845 823 962 860 etiam

16 878 270 917 ecclesiastici
290 877 450 922 ordinis,
470 877 507 913 in
531 877 716 914 diuturna
735 876 962 923 tranquilli-

15 934 114 977 tate,
134 941 213 978 qua
234 930 290 966 usi
311 932 413 973 sunt,
434 941 457 966 a
476 931 612 966 sancta
633 929 738 966 vitae
759 928 963 976 disciplina

14 982 213 1022 defecisse.
244 982 299 1018 De
329 982 376 1018 iis
406 992 539 1018 amare
568 985 729 1029 questus
751 984 859 1018 ests.
883 980 961 1029 Cy—

16 1036 175 1086 prianus
194 1034 232 1071 in
253 1034 351 1071 libro
372 1034 431 1070 De
454 1035 588 1082 lapsis.
611 1046 633 1071 «
654 1034 888 1078 studebant,
908 1033 962 1070 in-

16 1088 114 1138 quit,
134 1086 312 1135 augendo
333 1086 567 1134 patrimonio
587 1086 745 1135 singuli,
766 1089 805 1124 et
825 1086 934 1123 obliti
952 1115 961 1131 ,

15 1141 107 1190 quid
127 1140 330 1176 credentes
351 1140 420 1176 aut
440 1139 510 1176 sub
530 1139 726 1187 Apostolis
747 1141 835 1176 ante
853 1138 962 1175 fecis-

15 1195 101 1232 sent
120 1194 191 1229 aut
209 1203 362 1240 semper
382 1190 510 1228 facere
531 1192 728 1237 deberent,
750 1191 959 1229 insatiabili

16 1244 242 1294 cupiditatis
262 1245 403 1282 ardore
424 1243 656 1292 ampliandis
685 1244 964 1293 cupiditatibus

17 1298 270 1336 incubabant.
293 1297 380 1334 Non
402 1296 440 1333 in
462 1297 730 1334 sacerdotibus
750 1296 886 1345 religio
903 1297 965 1333 de·

16 1353 109 1388 vota
122 1379 131 1395 ,
155 1361 229 1387 non
249 1349 288 1386 in
310 1349 501 1387 ministris
520 1349 615 1387 fides
635 1349 805 1398 integra,
826 1361 902 1386 non
922 1349 960 1385 in

15 1402 199 1453 operibus
220 1402 502 1448 misericordia,
520 1414 595 1439 non
612 1402 649 1438 in
667 1401 836 1439 moribus
853 1401 965 1439 disci-

15 1456 131 1505 plina.
161 1455 354 1503 Corrupta
382 1455 502 1491 barba
530 1455 570 1491 in
600 1455 706 1500 viris,
740 1455 779 1491 in
808 1454 963 1491 feminis

14 1508 139 1546 forma
158 1507 327 1545 fucata...
350 1508 518 1555 Iungere
544 1519 630 1544 cum
651 1507 871 1544 infidelibus
884 1507 964 1543 vin-

15 1559 148 1598 culum
163 1559 440 1598 matrimonii...
461 1560 709 1609 Praepositos
721 1560 886 1608 superbo
901 1561 962 1597 tu-

15 1624 123 1651 more
144 1614 428 1650 contemnere...
452 1612 559 1649 Odiis
579 1612 842 1661 pertinacibus
858 1612 963 1648 invi-

16 1678 100 1704 cem
120 1664 308 1703 dissidere
323 1679 330 1701 :
353 1664 519 1713 episcopi
532 1665 700 1714 plurimi,
712 1676 807 1714 quos
823 1666 862 1701 et
878 1665 961 1702 hor-

17 1721 194 1756 tamento
227 1728 312 1755 esse
342 1718 495 1765 oportet
515 1718 680 1755 caeteris
701 1721 741 1755 et
760 1717 938 1765 exemplo
956 1747 965 1764 ,

19 1770 153 1808 divina
173 1770 448 1819 procuratione
470 1772 710 1818 contempta,
731 1771 964 1818 procurato-

20 1835 84 1861 res
99 1834 232 1860 rerum
251 1822 511 1860 saecularium
528 1822 627 1868 fieri,
638 1823 826 1860 derelicta
840 1822 965 1859 cathe-

20 1877 104 1921 dra,
133 1875 242 1923 plebe
272 1875 437 1920 deserta,
466 1886 535 1922 per
570 1875 717 1912 alienas
746 1875 964 1923 provincias

20 1929 246 1965 oberrantes
262 1956 271 1973 ,
297 1926 572 1975 negotiationis
591 1930 849 1975 quaestuosae
870 1939 964 1964 nun-

20 1980 131 2018 dinas
150 1979 353 2028 aucupari,
369 1979 631 2017 esurientibus
647 1980 687 2016 in
703 1980 877 2018 Ecclesia
891 1979 965 2017 fra-

13 2033 138 2072 tribus
161 2044 237 2069 non
266 2032 512 2070 subvenire...
534 2044 571 2070 >›.
594 2032 842 2081 Quapropter
861 2033 965 2070 idem

12 2088 170 2124 sanctus
187 2085 349 2134 praesul
365 2096 525 2122 saevam
536 2085 643 2122 Decii
656 2086 963 2134 persecutionem

13 2138 248 2187 depravatae
267 2137 306 2174 in
328 2137 459 2174 multis
481 2137 707 2175 Christianis
736 2137 963 2187 disciplinae

13 2191 218 2228 coelestem
239 2201 444 2227 censuram
459 2190 599 2227 merito
624 2190 736 2228 dixit.

64 2243 126 2281 63.
147 2243 354 2281 Ecclesiae
363 2247 495 2279 status
507 2243 580 2281 sub
591 2243 713 2281 Decio
726 2242 962 2294 (cm.249)—-

11 2296 123 2334 Anno
154 2297 240 2344 post
267 2295 462 2332 Christum
482 2297 619 2333 natum
639 2296 717 2333 249
738 2297 962 2345 Philippum

13 2347 52 2385 in
71 2348 249 2385 Romano
269 2347 432 2396 imperio
453 2347 608 2397 excepit
627 2348 786 2394 Decius,
807 2349 871 2397 qui
893 2350 962 2386 ad-

13 2411 152 2438 versus
168 2399 331 2437 rebelles
348 2400 387 2436 in
404 2400 609 2438 Pannonia
624 2401 797 2449 legiones
808 2401 963 2448 missus,

13 2453 62 2489 ab
90 2451 136 2490 iis
164 2453 377 2501 imperator
407 2452 601 2490 salutatus
620 2456 701 2500 est,
722 2457 761 2491 et
782 2454 962 2503 Philippo

13 2506 124 2552 patre
139 2506 179 2541 et
195 2504 274 2541 filio
289 2516 313 2542 a
328 2504 516 2542 militibus
532 2505 732 2554 iugulatis,
749 2518 963 2555 purpuram

13 2556 152 2601 induit,
171 2556 461 2604 imperavitque
484 2569 607 2606 usque
627 2559 676 2595 ad
698 2571 843 2596 annum
871 2560 961 2597 251.

12 2609 154 2646 Decius
188 2609 455 2646 saevissimam
482 2611 794 2658 persecutionem
826 2613 962 2649 contra

12 2660 252 2699 Christianos
283 2662 486 2708 excitavit,
502 2674 604 2710 quae
626 2664 767 2712 passim
787 2664 962 2713 Septima

10 2713 168 2758 dieitur,
185 2713 417 2761 duravitque
434 2726 556 2763 usque
573 2715 621 2752 ad
642 2716 726 2753 eius
743 2716 959 2755 interitum.

13 2765 165 2803 Partim
187 2766 275 2803 odio
308 2769 444 2803 contra
463 2768 804 2815 praedecessorem
825 2781 961 2817 suum,

11 2817 50 2855 in
66 2817 304 2856 Christianos
322 2819 371 2856 ab
387 2830 432 2855 eo
448 2820 643 2866 protectos
658 2822 866 2869 translato,
878 2834 963 2871 par-

10 2870 81 2907 tim
113 2870 372 2908 sollicitudine
405 2871 451 2908 dc
479 2871 668 2920 religione
690 2874 846 2922 publica
863 2904 872 2921 ,
892 2887 962 2924 per

13 2922 274 2961 Christianam
294 2922 503 2970 diminuta,
518 2926 659 2972 motus,
679 2927 726 2963 ab
746 2927 831 2976 ipso
847 2927 964 2977 impe-

52 3036 63 3058 ¹
79 3038 200 3076 Euseb„
216 3037 301 3070 Hist.
316 3037 389 3070 eccl.
406 3038 423 3069 l.
439 3038 498 3076 Vll,
514 3048 541 3071 c.
555 3038 605 3071 24.

51 3076 66 3098 2
82 3078 146 3110 Vid.
161 3088 189 3118 p.
206 3078 255 3111 59.

51 3118 67 3139 ³
81 3119 181 3150 Edidit
204 3129 283 3160 quae
306 3123 474 3160 supersunt
487 3121 671 3160 Gallandus,
688 3121 837 3154 Bibliolh.
854 3125 925 3163 PP„
940 3129 960 3157 t.

11 3159 64 3196 111,
76 3163 104 3190 et
119 3161 275 3200 copiosius
287 3162 390 3192 Simon
408 3161 445 3192 de
462 3163 631 3203 Magistris,
644 3164 759 3195 Romae
772 3163 958 3199 17961n-f01.

12 3203 42 3230 et
55 3200 165 3241 migne,
182 3202 267 3233 Patr.
281 3211 389 3242 yraec.
406 3206 425 3233 t.
443 3204 476 3233 x.

1010 352 1229 389 cedent-ium
1247 356 1542 401 persecutorum
1559 352 1696 391 edictis
1712 353 1749 390 in
1766 365 1809 390 eo
1826 353 1957 391 distin-

1007 408 1084 448 cta,
1104 405 1206 452 quod
1224 405 1315 453 ipsis
1335 406 1630 455 magistratibus
1652 406 1690 442 in
1712 417 1845 442 eorum
1862 417 1956 443 exe-

1006 457 1160 494 cutione
1187 457 1430 505 segnioribus
1452 470 1593 508 graves
1613 470 1758 507 poenas
1781 458 1954 496 intenta-

1006 511 1114 555 rent,
1145 512 1183 546 et
1212 510 1451 548 Christianos
1479 523 1553 547 non
1585 511 1662 548 cito
1683 510 1867 557 enecari,
1887 511 1954 548 sed

1005 561 1120 598 lentis
1149 563 1190 598 ct
1213 562 1409 600 diuturnis
1436 563 1673 601 cruciatibus
1700 563 1817 612 plecti
1839 563 1951 601 iube-

1006 616 1102 651 rent.
1125 614 1218 651 Indc
1239 615 1418 663 proprius
1440 616 1555 652 huius
1572 615 1848 663 persecutionis
1866 616 1952 653 cha-

1006 668 1136 703 racter
1165 666 1252 712 fuit,
1282 668 1396 714 quod,
1426 671 1470 704 ut
1498 668 1635 705 scribit
1663 681 1693 706 s.
1712 669 1948 717 Cyprianus,

1005 723 1142 756 essent
1157 724 1362 756 tormenta
1377 721 1462 757 sine
1477 723 1562 768 fine
1581 723 1757 767 tortoris,
1767 723 1857 759 sine
1872 723 1952 758 eoez'-

1008 776 1052 806 tzc
1072 771 1370 817 damnationis,
1389 773 1479 808 sine
1498 773 1643 809 solatio
1664 776 1824 818 mortis,
1847 784 1954 822 quae

1007 823 1111 860 lente
1138 823 1193 859 ad
1215 834 1409 861 coronam
1428 824 1701 869 dimittebant,
1721 837 1827 874 quae
1848 831 1954 863 tam-

1004 875 1077 911 dia
1100 876 1357 923 torquebant,
1378 876 1577 924 quamdiu
1597 878 1853 923 clez'z'cz'ehant,
1870 879 1955 915 nisi

1004 928 1156 975 aliquis
1172 928 1315 964 divina
1329 928 1569 975 clamatione
1583 930 1820 967 subtractus
1835 931 1950 968 intra

1007 985 1212 1016 tormenta
1237 980 1439 1028 deficeret,
1472 980 1646 1029 adeptus
1665 984 1848 1029 gloriam
1867 984 1957 1020 sine

1007 1033 1179 1068 termino
1196 1034 1393 1080 supplicii
1405 1031 1428 1070 ¹.

1063 1084 1174 1121 Tunc
1194 1084 1436 1122 ethnicorum
1454 1084 1575 1131 furor,
1594 1087 1665 1123 sub
1688 1087 1957 1134 praecedenti-

1009 1137 1081 1174 bus
1101 1137 1401 1186 imperatoribus
1418 1137 1483 1175 diu
1501 1149 1713 1186 repressus,
1729 1139 1853 1176 veluti
1871 1151 1958 1188 rup-

1005 1190 1054 1227 tis
1083 1190 1296 1239 aggeribus
1326 1190 1364 1227 in
1399 1190 1640 1228 Christianos
1660 1191 1829 1240 prosiliit
1848 1194 1957 1229 tanto

1004 1242 1164 1291 impetu,
1195 1244 1239 1279 ut
1266 1255 1295 1280 s.
1326 1242 1512 1291 Dionysio
1534 1243 1807 1281 Alexandrino
1828 1244 1956 1281 adim-

1005 1295 1143 1343 plenda
1172 1295 1375 1332 videretur
1403 1295 1593 1333 terribilis
1626 1296 1852 1343 sententia,
1882 1308 1958 1345 qua

1003 1347 1178 1385 Christus
1194 1348 1402 1396 praedixit,
1419 1347 1563 1385 electos
1580 1348 1714 1395 etiam,
1726 1348 1757 1386 si
1777 1348 1863 1386 fieri
1877 1361 1961 1397 pos-

1006 1402 1079 1445 set,
1099 1399 1183 1437 fore
1203 1401 1443 1438 seducendos
1458 1400 1483 1438 2.
1506 1401 1777 1449 Magistratus,
1799 1402 1954 1449 postha-

1006 1453 1095 1490 bitis
1125 1453 1283 1501 reliquis
1312 1453 1478 1502 negotiis
1494 1483 1503 1499 ,
1534 1455 1608 1490 toti
1636 1454 1674 1490 in
1697 1466 1742 1491 eo
1763 1456 1890 1501 erant,
1914 1457 1956 1493 ut

1007 1505 1249 1543 Christianos
1265 1506 1541 1554 conquirerent
1553 1508 1591 1544 et
1605 1507 1655 1543 ad
1667 1507 1885 1555 negandam
1897 1507 1958 1544 Fi-

1007 1558 1092 1595 dem
1126 1558 1232 1595 omni
1256 1561 1541 1596 tormentorum
1569 1571 1712 1608 genere
1743 1560 1954 1608 compelle-

1007 1613 1107 1648 rent.
1129 1611 1264 1656 Enses,
1284 1611 1398 1659 ignis,
1417 1611 1569 1648 ferreae
1588 1612 1710 1649 sellae
1729 1611 1892 1661 ignitae,
1912 1624 1958 1650 a-

1007 1663 1135 1711 liaque
1156 1663 1349 1700 terribilia
1369 1664 1633 1702 instrumenta
1653 1665 1784 1713 palam
1800 1665 1955 1713 exposi-

1007 1717 1060 1760 ta,
1090 1718 1285 1753 terrorem
1314 1718 1354 1754 et
1372 1716 1706 1765 perturbationem
1729 1718 1957 1766 generalem

1007 1768 1233 1812 inficiebant
1245 1767 1271 1806 ³.

1059 1821 1122 1858 64.
1146 1821 1360 1869 Martyres
1375 1843 1425 1848 —
1441 1822 1503 1859 Ex
1523 1821 1597 1868 his,
1617 1833 1717 1869 quae
1740 1823 1892 1859 veteres
1910 1821 1957 1858 de

1007 1874 1275 1921 persecutione
1296 1873 1469 1911 Deciana
1487 1874 1739 1922 scripserunt,
1759 1875 1821 1911 sat
1841 1874 1954 1911 colli-

1007 1937 1099 1974 gere
1128 1928 1213 1971 est,
1244 1928 1416 1973 quantus
1445 1937 1528 1964 esse
1559 1926 1740 1963 debuerit
1767 1938 1957 1964 numerus

1006 1977 1337 2024 Christianorum,
1358 1979 1422 2027 qui
1444 1978 1481 2019 in
1503 1991 1550 2016 ea
1570 1979 1807 2027 martyrium
1827 1978 1959 2017 subie-

1006 2034 1110 2068 runt.
1133 2031 1300 2068 Praeter
1314 2031 1413 2069 alios
1429 2032 1578 2070 Romae
1595 2031 1698 2080 passi
1716 2033 1806 2069 sunt
1821 2031 1960 2070 Fabia-

1006 2095 1078 2121 nus
1099 2084 1184 2132 Pp„
1205 2084 1342 2121 Abdon
1364 2086 1404 2121 et
1424 2084 1581 2122 Sennen
1599 2097 1608 2131 3
1624 2085 1855 2131 Ravennae,
1872 2085 1959 2122 Tu-

1005 2136 1086 2174 scia
1106 2138 1145 2174 et
1164 2136 1322 2183 Maura3
1344 2137 1530 2183 Catanae,
1547 2137 1702 2185 Agatha
1718 2137 1961 2186 virgo3A1·e-

1005 2189 1072 2235 tii,
1106 2189 1368 2238 Pergentinus
1388 2191 1428 2226 et
1447 2190 1685 2227 Laurentius
1702 2203 1711 2235 3
1731 2189 1772 2226 in
1789 2189 1934 2227 Tuscia
1949 2218 1959 2236 ,

1004 2241 1284 2288 Secundianus,
1317 2242 1598 2279 Marcellianus
1617 2245 1659 2279 et
1674 2242 1872 2280 Verianus
1890 2255 1899 2288 3
1918 2241 1958 2279 in

1005 2294 1134 2332 Gallia
1150 2324 1159 2341 ,
1199 2294 1438 2332 Saturninus
1476 2294 1676 2343 episcopus
1715 2295 1932 2333 Tolosanus
1948 2307 1958 2341 ς

1004 2347 1224 2395 Lampsaci,
1245 2347 1618 2394 Petrus,Andreas,
1639 2347 1788 2384 Paulus
1809 2350 1847 2384 et
1867 2346 1953 2384 Dio-

1004 2399 1135 2448 nysia3
1157 2400 1387 2446 Lambesae,
1407 2399 1609 2438 Marianus
1628 2401 1669 2437 et
1689 2401 1871 2445 Iacobus3
1891 2400 1950 2437 A-

1005 2452 1245 2498 lexandriae,
1264 2452 1460 2499 Iulianus,
1481 2452 1698 2490 Chronicon
1711 2482 1719 2498 ,
1742 2453 1951 2489 Dioscorus

1005 2506 1044 2541 et
1069 2505 1325 2542 Amonarium
1354 2505 1491 2553 virg03
1522 2504 1806 2553 Hierosolymis
1822 2534 1831 2551 ,
1857 2503 1953 2540 Ale-

1005 2557 1157 2594 xander
1176 2557 1396 2606 episcopus3
1418 2557 1680 2603 Nicomediae,
1700 2557 1896 2594 Lucianus
1915 2558 1955 2593 et

1006 2609 1249 2657 Marcianus3
1269 2610 1454 2656 Nicaeae,
1475 2610 1663 2659 Tryphon
1679 2612 1718 2647 et
1733 2608 1951 2658 Respicius;

1005 2662 1248 2709 Antiochiae,
1277 2662 1449 2710 Babylas
1469 2663 1672 2711 episcopus
1688 2661 1714 2699 ⁴.

1065 2714 1127 2752 65.
1144 2715 1274 2763 Lapsz'
1288 2736 1338 2742 —
1354 2715 1640 2753 Verumtamen
1655 2714 1756 2762 quod
1771 2713 1959 2751 hactenus

1011 2779 1084 2804 non
1102 2766 1233 2805 fuerat
1244 2767 1552 2816 Yisum,magnus
1567 2766 1879 2804 Christianorum
1893 2778 1960 2803 nu-

1010 2831 1143 2857 merus
1165 2820 1334 2857 durante
1350 2820 1425 2856 hac
1445 2819 1714 2868 persecutione
1735 2831 1759 2857 a
1772 2819 1870 2856 Fide
1891 2819 1958 2856 de-

1008 2872 1110 2910 fecit.
1132 2872 1175 2909 Id
1192 2872 1348 2920 quidem
1368 2871 1548 2910 effectum
1567 2874 1627 2910 est
1646 2872 1789 2921 partim
1818 2882 1958 2921 perse-

1046 2964 1057 2985 1
1075 2966 1103 2995 S.
1120 2965 1261 3003 cyprian.
1278 2963 1321 2994 De
1338 2963 1444 3003 lapsis.

1045 3005 1059 3026 2
1075 3006 1163 3044 Apud
1180 3005 1300 3041 Enseb.,
1317 3004 1393 3035 Hist.
1410 3004 1484 3036 eccl.
1501 3005 1519 3036 1.
1537 3006 1582 3043 Vl,
1599 3014 1623 3036 c.
1640 3005 1690 3037 41.

1046 3046 1059 3068 3
1075 3047 1103 3077 S.
1120 3046 1271 3085 cyprian,
1285 3045 1368 3083 il›id.;
1384 3046 1495 3076 Euseb.
1509 3046 1591 3083 ibid.;
1605 3048 1637 3077 D.
1653 3047 1781 3086 Gregor.
1794 3045 1959 3086 NyssVita

1004 3096 1027 3117 s.
1047 3086 1174 3126 Greyor.
1198 3085 1380 3124 Thaumat.;
1401 3095 1424 3116 s.
1439 3087 1561 3118 Hieron.
1574 3086 1642 3119 Vita
1655 3087 1689 3119 D.
1701 3087 1808 3125 Pault;
1822 3089 1957 3118 Lactant.

1005 3128 1049 3159 De
1063 3128 1161 3158 mort.
1175 3129 1334 3166 persecut.
1350 3136 1374 3157 c.
1390 3127 1427 3166 43
1443 3128 1529 3160 Oros.
1547 3129 1565 3159 Ι.
1582 3130 1640 3168 VII,
1658 3139 1681 3161 c.
1699 3128 1753 3168 213
1771 3128 1885 3168 Sulpic.
1902 3129 1957 3160 Se-

1005 3177 1068 3199 ver.
1087 3167 1163 3198 [list.
1179 3168 1197 3198 Ι.
1214 3168 1250 3204 II,
1266 3176 1292 3198 c.
1310 3166 1356 3197 32.

1045 3209 1058 3231 4
1075 3207 1243 3247 Martyrol.
1257 3207 1390 3239 Roman.
