2241 3473
644 186 782 216 VSQVE
804 187 857 214 AD
878 182 1165 212 PRAESENTEM
1189 184 1393 212 ΑΕΤΑΤΕΜ

58 258 352 297 ecclesiasticae
378 259 603 305 provinciae
632 260 831 309 Synodum
858 259 1004 296 habere

58 317 261 354 commode
281 318 418 365 potum
437 320 634 356 saeculari
662 321 778 358 Clero
805 319 1006 356 adiumen-

61 374 142 408 tum
160 376 365 419 praestant
391 371 560 410 Ordines
586 375 1004 421 Congregationesque

59 424 312 471 Regularium
334 454 342 465 ,
373 424 817 469 praemonstratenses,
848 426 1006 467 Franci,-

57 477 184 514 scales
201 489 290 514 cum
306 479 555 525 Camicciiiis,
571 480 736 516 Fratres
755 479 1008 516 Praedicato-

59 541 136 575 res,
147 531 440 578 Augustiniani,
454 533 708 575 Boi-nardini,
720 533 889 569 Ministri
901 534 1006 569 Infir—

59 595 227 628 morum,
243 585 774 634 lesuitac,Redemptoristae
790 597 836 622 ac
856 586 1007 623 Passio-

59 637 198 682 nistae,
212 639 275 686 qui
287 636 621 686 etiamparoecias
636 639 924 683 administrant;
937 651 1008 677 ncc

57 690 335 728 desiderantur
354 693 454 728 aliae
475 693 562 740 piae
582 693 803 729 Societates
827 693 1003 729 virorum

57 745 128 782 sub
145 745 261 782 ductu
282 746 578 793 Episcoporum.
600 751 639 783 et
658 747 847 783 Sororum
876 747 1005 794 appel-

57 799 213 835 lationis
226 799 421 835 diversac.
437 799 736 846 Qnamplurima
752 811 822 846 per
843 812 1006 846 regnum

57 852 267 899 eriguntur
285 863 401 888 sacra
423 854 581 900 templa,
601 854 792 894 oratoria,
813 860 1008 890 monaste-

61 906 283 950 ria,domus
298 907 600 951 beneficentiae,
611 913 650 944 et
664 907 882 943 catholicae
898 908 1008 943 scho-

59 960 135 1003 lae,
153 960 209 996 ita
234 964 277 996 ut
304 965 586 1007 protestantes,
612 972 776 1008 quorum
805 961 942 1007 religio
970 962 1006 996 in

60 1012 270 1050 Hollandia
284 1019 344 1050 est
357 1013 576 1057 dominans,
590 1020 700 1050 tanta
715 1015 920 1051 Ecclesiae
936 1015 1007 1051 Ca-

60 1066 227 1104 tholicae
258 1068 564 1115 amplificatione
599 1067 823 1116 perterriti,
850 1073 1007 1104 ceteras

57 1131 194 1157 omnes
228 1126 358 1157 sectas
388 1121 702 1169 compellarunt,
730 1133 778 1158 ne
811 1122 912 1157 forte
937 1122 1006 1157 im-

58 1173 235 1221 pleretur
260 1175 362 1223 apud
389 1176 562 1211 Batavos
590 1176 829 1212 reformatae
854 1176 1006 1223 religio-

12 1233 15 1235 '
58 1227 118 1264 nis
151 1228 360 1264 excidium.
396 1229 502 1264 Nulli
534 1229 706 1272 dubium,
743 1230 832 1276 quin
867 1241 1005 1266 eorum

61 1282 173 1318 malis
193 1283 342 1318 artibus
369 1283 617 1319 tribuendum
645 1283 712 1326 sit,
739 1283 840 1330 quod
868 1296 1007 1320 recens

59 1336 266 1372 Hollandia
283 1348 395 1373 suum
414 1337 461 1374 de
474 1337 668 1374 Vaticano
689 1338 889 1374 revocarit
907 1338 1006 1374 Ora-

59 1396 200 1428 torem-

104 1448 337 1485 Hollandiae
373 1460 441 1484 rex
467 1459 544 1483 uno
578 1447 792 1494 eodemque
829 1452 1005 1495 tempore

55 1506 116 1538 est
131 1503 302 1550 Magnus
312 1503 399 1538 Dux
411 1503 694 1549 Luxemburgi,
706 1502 806 1549 qnod
822 1503 1002 1549 Belgium

57 1555 159 1593 inter
172 1557 339 1594 Galliam
357 1561 394 1593 et
412 1557 641 1593 Bor-iissiam
661 1556 893 1592 Rhenanam
914 1567 1005 1592 con—

57 1611 215 1655 tinetur;
243 1611 446 1658 ipsumque
474 1610 644 1657 propriis
665 1610 816 1657 legibus
845 1609 1004 1646 admini-

55 1668 168 1707 strat,
189 1665 349 1700 omnino
376 1664 566 1700 distinctis
593 1665 642 1700 ab
668 1664 743 1706 his,
771 1664 906 1711 quibus
934 1665 1004 1700 Ba-

58 1718 135 1753 tavi
165 1725 367 1765 reguntur.
398 1718 437 1753 In
465 1718 691 1765 Principum
719 1723 912 1754 conventu
941 1718 1005 1755 ha-

60 1771 136 1806 bito
167 1772 420 1808 Vindobonae
437 1782 537 1807 anno
560 1772 663 1815 1815,
688 1772 1003 1819 Luxemburgum

54 1825 254 1861 Germano
285 1825 452 1862 Foederi
487 1825 734 1872 adsignatum
766 1825 848 1861 fuit.
887 1827 928 1861 In
959 1839 1005 1862 eo

53 1878 364 1915 adnumerantur
390 1880 546 1922 ‘200‚000
574 1880 813 1921 incolarum,
840 1891 1004 1926 quorum

53 1932 148 1970 ‘2000
174 1937 263 1969 sunt
287 1933 531 1975 heterodoxi,
553 1933 690 1979 reliqui
709 1937 841 1968 autem
869 1944 1006 1969 omnes

54 1985 250 2022 catholici.
267 1988 380 2022 Anno
398 1986 486 2023 1841
503 1986 722 2033 Gregorius
736 1986 826 2021 XVI
841 1987 1006 2022 Luxem-

55 2038 219 2086 burgum
239 2039 442 2075 constituit
457 2039 728 2086 Apostolicum
744 2039 1004 2084 Vicariatum;

55 2104 158 2129 anno
191 2105 286 2130 vero
313 2094 404 2130 1870
431 2092 524 2128 Pius
550 2092 620 2139 Pp.
643 2093 697 2128 IX
719 2092 810 2128 illud
839 2093 874 2127 in
902 2093 1005 2129 dioe-

55 2147 176 2183 cesim
204 2147 343 2188 erexit,
364 2151 403 2182 et
431 2146 469 2181 in
487 2145 735 2183 Consistorio
754 2145 830 2182 diei
849 2146 893 2182 27
912 2147 1005 2182 iunii

55 2200 174 2246 ipsius
188 2200 279 2236 anni
289 2200 525 2248 Episcopum
535 2200 840 2246 choeemburgyen.
856 2202 1007 2238 creavit

56 2254 260 2290 Nicolaum
272 2254 560 2297 Adames,tunc
579 2254 1002 2301 temporisAntistitem

56 2310 205 2345 vicaria
231 2309 448 2357 apostolica
468 2312 660 2356 potestate
687 2307 890 2344 donatum.

101 2364 160 2400 64.
189 2363 397 2399 Ecclesiae
414 2364 541 2398 stcctzcs
561 2361 601 2397 in
619 2362 803 2398 Heluetia
818 2384 852 2388 —
867 2363 924 2399 De
944 2374 1006 2399 or-

57 2417 235 2454 dinandis
269 2416 472 2453 Ecclesiae
500 2416 616 2452 rebus
651 2415 688 2451 in
715 2416 900 2452 Helvetia
927 2417 1003 2453 iam

56 2470 144 2507 inde
163 2471 213 2506 ab
231 2481 332 2506 anno
353 2470 442 2506 1814
462 2469 554 2505 Pius
574 2469 644 2516 Pp.
667 2469 736 2505 VII
756 2474 898 2516 egerat
915 2481 1002 2505 cum

55 2525 201 2572 aliquot
219 2523 432 2560 foederatis
452 2523 554 2559 illius
581 2523 755 2569 regionis
775 2524 900 2570 pagis,
919 2535 1003 2566 sen,

55 2583 96 2615 ut
112 2577 534 2621 vocant‚Cctntonibus.
553 2577 633 2612 Leo
651 2576 722 2624 Pp.
745 2577 815 2613 Xll
836 2588 921 2612 cum
942 2589 1004 2612 eo-

55 2645 140 2669 rum
159 2633 348 2680 aliquibus
366 2632 657 2669 Concordatum
676 2632 762 2667 iniit
795 2632 1001 2667 confirma·

56 2687 187 2734 vitque
205 2697 274 2732 per
293 2686 447 2721 Bullam
473 2685 586 2722 Inter·
607 2685 844 2733 praecipua,
872 2685 1001 2721 datam

56 2742 76 2776 7
96 2741 187 2776 maii
206 2739 311 2777 1828.
341 2739 509 2786 Propter
533 2744 692 2776 exortas
712 2750 806 2776 vero
825 2738 872 2775 de
891 2740 1002 2774 huius

56 2794 291 2832 Concordati
311 2794 541 2830 executione
568 2793 833 2837 difficultates,
860 2804 1002 2828 novum

58 2849 279 2884 confectum
307 2848 378 2883 fuit
404 2847 508 2883 inter
535 2858 728 2894 pagorum
756 2848 909 2882 illorum
938 2858 1004 2893 gu-

57 2901 191 2938 bernia
217 2905 258 2937 et
284 2900 395 2936 Pium
423 2900 492 2947 Pp.
520 2901 628 2943 V111;
655 2900 754 2947 quod
782 2900 1004 2936 continetur

58 2956 94 2991 in
114 2955 315 2991 Pontificis
341 2954 453 2990 huius
480 2954 581 2989 bulla
606 2955 664 2990 Dc
691 2954 917 2989 animarum
942 2965 1003 2989 sct-

57 3009 136 3045 lute
162 3008 238 3045 diei
264 3009 310 3044 23
336 3008 468 3043 martii
499 3007 602 3044 1830.
632 3007 709 3043 Per
735 3008 808 3043 hoc
835 3010 1003 3044 Concor-

57 3063 189 3098 datum
208 3064 402 3098 formatae
414 3065 503 3096 sunt
520 3061 685 3108 quinque
705 3061 919 3104 dioeceses,
932 3063 1004 3098 Ba-

56 3117 237 3153 sileensis
256 3115 425 3155 scilicet,
443 3116 1004 3160 Lausanno-Genevensis‚Cu-

57 3170 212 3214 riensis‚
241 3168 376 3206 Sancti
401 3168 517 3209 Galli,
543 3168 1003 3206 Sedunensis-Tessinen-

58 3223 122 3265 sis,
152 3223 399 3270 Apostolicae
427 3222 517 3258 Sedi
537 3221 760 3258 immediate
788 3223 1002 3260 subiectae.

105 3277 253 3314 Verum
275 3287 410 3313 mense
430 3275 596 3312 ianuarii
620 3287 720 3312 anno
744 3276 836 3314 1834
864 3278 1001 3315 Lucer-

1871 167 1948 207 367

1056 259 1187 294 nensis
1220 263 1259 295 et
1292 258 1458 294 aliorum
1501 254 1774 292 nonnullorum
1812 262 2004 300 pagorum

1055 312 1227 358 deputati
1258 312 1294 347 in
1321 312 1419 348 urbe
1446 310 1554 348 Bada
1579 308 1671 357 pagi
1690 306 1889 355 Argoviae
1917 317 2005 342 con-

1056 365 1211 412 gregati
1232 366 1491 402 confecerunt
1509 364 1564 400 sic
1582 363 1706 398 dictos
1721 359 1908 397 articulos
1921 359 2006 397 Col-

1058 419 1210 455 lationis
1228 418 1434 461 Badensis,
1450 418 1585 465 quibus
1603 415 1651 452 de
1670 417 1864 463 potestate
1883 413 2007 450 eccle-

1057 472 1218 508 siastica
1248 472 1430 508 doctrina
1457 469 1782 512 labefactabatur,
1810 466 2005 504 Ecclesia-

1058 537 1131 572 qne
1160 526 1245 572 ipsa
1270 525 1308 560 in
1337 525 1579 572 probrosam,
1610 523 1867 570 iniustamque
1886 520 2005 558 servi-

1060 583 1180 615 tutem
1202 578 1482 621 adducebatur,
1501 577 1631 614 addito
1658 576 1778 613 etiam
1806 574 2006 623 proposito

1059 632 1104 668 de
1127 633 1262 679 poenis
1281 631 1473 668 adversus
1498 642 1579 674 eOS,
1595 630 1658 678 qui
1673 641 1787 666 secus
1806 628 2005 671 fecissent,

1060 685 1288 722 statuendis,
1318 686 1389 721 Ast
1408 684 1506 732 quod
1528 683 1755 720 incredibile
1774 693 1935 730 prorsus
1952 682 2006 717 vi-

1060 738 1186 782 detur,
1205 739 1241 773 in
1263 739 1386 786 ipsam
1407 741 1660 774 sacramenta
1677 735 1928 784 dispensandi
1948 745 2007 771 ra-

1061 792 1207 827 tionem
1228 792 1424 828 saeculari
1443 789 1669 827 auctoritati
1688 791 1747 826 ius
1773 794 1814 826 et
1837 788 2006 824 officium

1062 845 1217 881 fuerant
1231 846 1438 881 attributa.
1455 846 1511 881 De
1527 843 1766 881 matrimonii
1781 853 2006 879 sacramen-

1062 902 1098 933 to
1126 899 1340 935 temerario
1368 910 1464 935 ausu
1492 897 1705 944 conscripti
1736 901 1826 933 sunt
1851 896 2005 932 articuli

1061 953 1264 989 Ecclesiae
1283 952 1502 988 doctrinam
1524 951 1844 988 manifestissime
1865 949 2003 987 adver-

1060 1011 1206 1042 santes.
1244 1007 1413 1042 Romani
1443 1006 1645 1041 Pontificis
1677 1005 1890 1052 primatum
1926 1015 2003 1040 non

1059 1060 1184 1094 solum
1203 1061 1374 1103 lionoris,
1395 1058 1644 1096 auctoritatis
1671 1059 1790 1094 etiam
1818 1068 1865 1093 ac
1893 1057 2005 1093 iuris-

1059 1112 1238 1149 dictionis
1265 1113 1304 1148 in
1329 1114 1518 1149 universa
1545 1111 1724 1148 Ecclesia
1750 1111 1826 1146 alia
1853 1114 2002 1146 statuta

1059 1166 1360 1212 pessundabant;
1373 1171 1549 1202 attamen
1568 1164 1667 1212 quod
1689 1164 1798 1199 circa
1811 1163 2002 1199 eiusmodi

1060 1224 1177 1266 caput
1197 1224 1270 1263 est,
1296 1224 1432 1266 utpote
1450 1219 1696 1266 disciplinam
1723 1217 1935 1264 attingens,
1952 1218 2003 1253 ci·

1059 1273 1126 1308 vili
1147 1273 1332 1320 potestati
1351 1272 1689 1309 indiscriminatim
1719 1275 1929 1314 assertum,
1949 1274 2004 1307 at-

1059 1338 1132 1374 que
1152 1339 1338 1375 expresse
1358 1332 1606 1364 reservatum
1632 1327 1775 1363 fuerat.
1797 1326 1946 1368 Quibus
1964 1330 2005 1362 et

1059 1381 1125 1417 illa
1150 1387 1243 1418 sunt
1269 1382 1530 1430 adiungenda,
1550 1393 1648 1429 quae
1675 1381 1723 1418 de
1749 1381 1898 1417 iuribus
1925 1381 2007 1427 epi·

1058 1446 1268 1483 scoporum
1295 1436 1529 1474 exercendis
1555 1437 1708 1472 sancita
1735 1439 1838 1477 sunt,
1855 1434 2004 1481 episco-

1060 1500 1198 1536 porum
1217 1491 1370 1528 scilicet
1388 1490 1697 1527 iurisdictionem
1714 1490 1825 1526 iustis
1843 1490 1938 1526 licet
1955 1488 2001 1525 de

1059 1545 1188 1580 causis
1219 1557 1296 1580 non
1324 1557 1452 1593 posse,
1482 1551 1549 1581 aut
1583 1557 1658 1580 non
1693 1544 1837 1581 debere
1871 1554 2006 1590 supre-

1059 1610 1122 1634 ma
1142 1599 1311 1635 Romani
1332 1599 1534 1635 Pontificis
1552 1599 1788 1635 auctoritate
1807 1597 2000 1634 coerceri.

1057 1652 1192 1693 Quare
1211 1654 1429 1700 Gregorius
1451 1654 1514 1700 Pp.
1536 1653 1628 1689 XVI
1656 1652 1847 1688 articulos
1872 1652 2004 1687 istius-

1058 1706 1160 1742 modi
1191 1707 1395 1743 damnavit
1422 1720 1492 1754 per
1520 1707 1735 1754 Epistolam
1763 1705 2004 1753 encyclicam

1057 1759 1131 1796 diei
1159 1761 1202 1796 17
1223 1761 1314 1797 maii
1334 1772 1398 1797 an.
1422 1762 1528 1806 1835,
1547 1761 1594 1797 ad
1617 1761 1834 1807 episcopos,
1856 1759 2006 1806 capitu-

1059 1813 1106 1856 la,
1127 1814 1320 1860 parochos
1339 1820 1590 1863 ceterumque
1619 1815 1770 1851 clerum
1797 1813 2004 1849 Helvetiae

1055 1866 1202 1903 datam.

1104 1920 1279 1957 Praefati
1318 1922 1473 1958 articuli
1508 1920 1767 1958 Febronianis
1802 1919 2005 1967 principiis

1057 1974 1207 2017 affines,
1235 1975 1388 2023 aliaque
1414 1987 1517 2011 nova
1535 1987 1582 2012 ac
1601 1986 1742 2011 recens
1761 1974 1921 2010 inventa
1939 1984 2005 2008 no-

1056 2027 1140 2064 xias
1172 2028 1435 2066 dissensiones
1454 2030 1556 2065 inter
1583 2030 1689 2075 ipsos
1706 2027 1912 2063 Helvetiae
1932 2027 2005 2063 Ca-

1057 2080 1220 2117 tholicos
1247 2087 1502 2130 pepererunt.
1523 2082 1673 2118 Deinde
1700 2085 1784 2117 tum
1818 2079 2004 2117 ecclesia-

1057 2134 1177 2172 sticae
1197 2135 1404 2180 libertatis,
1416 2141 1497 2173 tum
1514 2136 1639 2172 civilis
1654 2135 1874 2182 regiminis,
1889 2139 2004 2181 prout

1059 2192 1148 2224 tunc
1174 2193 1262 2225 erat
1280 2191 1555 2237 compositum,
1583 2189 1798 2226 adversarii
1827 2186 2001 2231 (quenis

1057 2241 1264 2279 Heluetiae
1278 2246 1289 2267 1
1303 2248 1536 2288 sectatores)
1553 2244 1672 2291 vulgo
1688 2241 1908 2278 Radicales
1935 2250 2002 2285 ap-

1057 2297 1205 2343 pellati,
1220 2297 1282 2334 hic
1300 2298 1378 2334 illic
1393 2299 1440 2335 ad
1454 2298 1690 2335 offensiones
1705 2302 1845 2334 contra
1861 2295 2001 2333 Catho-

1059 2351 1153 2386 licos
1178 2356 1458 2400 proruperunt;
1486 2358 1525 2389 et
1550 2353 1727 2401 quamvis
1750 2351 1922 2399 repressi
1941 2361 2003 2386 ar-

1058 2405 1207 2452 misque
1233 2405 1384 2449 domiti,
1411 2407 1638 2443 turbulenta
1663 2418 1733 2443 sua
1759 2405 1923 2442 consilia
1945 2404 2002 2440 ita

1058 2460 1254 2505 prosecuti
1272 2465 1375 2504 sunt,
1393 2466 1435 2497 ut
1455 2462 1492 2496 in
1513 2472 1704 2509 pagorum
1723 2459 1889 2496 comitiis
1905 2458 1999 2495 etin

1059 2512 1196 2548 Diaeta
1206 2517 1338 2559 partes
1353 2525 1444 2550 suas
1459 2516 1654 2558 auxerint,
1666 2519 1705 2551 et
1720 2513 1877 2550 tandem
1888 2522 2003 2560 prae·

1057 2566 1262 2602 valuerint.
1284 2568 1395 2604 Tunc
1420 2569 1542 2604 multa
1569 2569 1606 2603 in
1633 2567 1927 2604 ecclesiasticae
1953 2576 2002 2601 ac

1057 2620 1181 2656 civilis
1201 2621 1259 2657 rei
1277 2621 1555 2659 detrimentum
1575 2623 1735 2659 decreta
1753 2627 1794 2659 et
1811 2622 2001 2657 innovata

1055 2678 1158 2717 sunt;
1186 2676 1408 2712 constitutio
1428 2688 1495 2712 seu
1515 2681 1671 2724 pactum
1690 2676 2001 2712 confoederatio-

1056 2727 1113 2762 nis
1140 2728 1211 2764 fuit
1245 2730 1375 2765 revisa
1407 2736 1522 2776 atque
1554 2731 1780 2774 immutata;
1816 2731 1998 2773 lesuitae,

1056 2780 1397 2829 Redemptoristae
1425 2784 1565 2830 aliique
1593 2784 1767 2831 religiosi
1786 2788 1827 2821 et
1845 2785 2001 2832 religio-

1055 2847 1121 2871 sae
1138 2837 1279 2882 passim
1296 2838 1680 2885 expulsi,eorumque
1695 2839 1796 2874 bona
1810 2839 1996 2875 confisca-

1104 2963 1290 3004 llosephus
1321 2963 1454 2996 Mazzini
1482 2964 1513 2996 in
1538 2964 1715 2998 Helvetiam
1742 2975 1758 2998 a
1784 2966 1997 2999 clandestinis

1055 3010 1152 3043 sectis
1178 3009 1362 3050 appellatus
1384 3034 1391 3048 ,
1420 3010 1524 3043 factus
1550 3015 1598 3043 est
1627 3012 1824 3053 praecipuus
1851 3013 1994 3045 omnium

1056 3055 1326 3088 machinationum
1353 3060 1450 3097 atque
1477 3062 1694 3089 conventuum
1714 3057 1923 3090 factiosorum
1941 3059 1995 3090 ad-

1058 3101 1190 3132 mnister
1216 3103 1247 3131 et
1271 3100 1348 3132 dux.
1378 3101 1502 3134 Bernae
1529 3102 1734 3134 fundamenta
1756 3104 1863 3143 posuit
1880 3112 1995 3137 conso-

1057 3146 1205 3179 ciationis
1224 3147 1474 3188 cosmopolitae,
1489 3148 1540 3180 eui
1561 3148 1697 3181 Iuvenis
1711 3147 1866 3190 Europae
1878 3158 1991 3182 nomen

1057 3193 1162 3230 dixit,
1190 3195 1221 3222 et
1247 3200 1285 3223 ex
1313 3200 1370 3229 ca,
1401 3196 1557 3235 tamquam
1585 3203 1600 3226 e
1626 3194 1755 3231 radice,
1783 3195 1995 3236 pullularunt

1060 3237 1194 3270 Iuvenis
1227 3235 1407 3276 Helvetia,
1442 3239 1501 3271 sub
1532 3240 1633 3282 Drney
1661 3241 1760 3282 ipsius
1786 3238 1991 3282 Reipublicae

1058 3283 1270 3321 moderatore,
1299 3284 1432 3317 Iuvenis
1461 3285 1561 3318 ltalia
1588 3289 1619 3318 et
1646 3285 1779 3320 Iuvenis
1807 3286 1958 3321 Polonia.
