2241 3473
234 129 310 168 100

179 216 240 254 nis
258 215 454 264 tentavit;
475 225 643 262 cumque
664 212 759 249 nihil
779 211 1001 260 proficeret,
1022 209 1129 247 exilii

184 269 268 307 vice
305 268 436 306 Sirmii
474 267 674 316 captivum
711 264 875 302 detineri
913 263 1039 301 iussit.
1077 264 1131 301 At

180 323 314 368 Osius,
335 321 495 358 summis
515 321 589 356 huc
611 330 730 366 usque
758 317 910 354 meritis
929 328 999 366 pro
1018 316 1130 353 Fidei

179 374 397 413 defensione
414 374 555 418 clarus,
571 372 695 416 annis,
706 373 857 408 terrore
872 372 911 407 et
926 369 1034 406 exilii
1053 381 1132 406 ma-

177 429 224 466 lis
244 428 390 465 fractus
409 430 478 471 est,
500 429 538 463 et
558 424 748 462 formulae
768 423 967 461 Sirmiensi
987 434 1130 460 secun-

179 482 263 526 dae,
297 492 395 528 quae
426 479 539 528 plane
573 477 708 515 ariana
739 480 837 522 erat,
858 475 1087 524 subscripsit
1102 475 1128 514 ¹.

178 535 279 571 Eum
293 535 426 570 tamen
442 534 533 569 ante
549 531 700 569 obitum
714 530 807 568 facti
822 531 880 568 sui
895 529 1130 579 poenituisse

179 590 218 624 et
244 586 418 623 arianam
440 585 633 622 haeresim
660 585 888 630 damnasse,
909 583 1005 621 satis
1026 582 1130 620 clare

177 640 325 677 indicat
347 639 392 676 D.
415 638 652 676 Athanasius
672 635 698 675 ².

230 690 467 730 Athanasius
483 703 545 729 an.
558 691 648 737 356,
664 690 823 728 iubente
839 690 1090 738 imperatore,
1109 702 1131 727 a

177 745 338 783 militari
354 745 513 782 cohorte
527 745 567 782 in
583 744 746 782 ecelesia
757 744 967 793 impetitus,
979 743 1047 781 sed
1060 755 1081 780 a
1092 742 1133 780 fi-

177 798 325 836 delibus
340 810 473 835 eorum
488 798 666 836 manibus
682 800 850 847 ereptus,
863 798 910 835 ad
921 797 1131 834 monachos

176 852 217 889 in
237 852 408 900 AEgypti
436 852 575 890 eremis
603 853 787 901 degentes
815 850 1008 900 confugit,
1028 850 1131 887 inter

177 917 272 954 quos
301 917 421 954 usque
451 906 500 943 ad
528 906 745 943 Constantii
775 908 940 942 mortem
965 903 1129 941 delituit.

176 958 234 996 Ibi
251 959 346 996 duas
361 959 640 1008 suiApologias
657 959 788 1004 edidit,
800 969 966 1007 quarum
984 970 1061 995 una
1077 958 1132 994 ad

183 1013 487 1059 Constantium,
509 1013 634 1050 altera
649 1013 708 1050 De
726 1015 831 1061 faya
850 1011 1039 1060 inscripta
1058 1013 1129 1048 est.

178 1067 273 1103 Post
292 1066 374 1102 eius
395 1066 607 1103 discessum
623 1067 815 1115 Georgius
832 1066 1053 1114 Cappadox,
1069 1065 1131 1102 vir

177 1119 335 1156 arianus
355 1121 394 1157 et
412 1119 642 1168 flagitiosus,
662 1119 937 1157 Alexandrinis
957 1118 1130 1168 patriar-

177 1173 252 1209 cha
271 1172 387 1210 datus
407 1175 478 1220 est,
498 1173 561 1222 qui
582 1174 741 1222 tyranni
773 1173 895 1222 magis
916 1184 1033 1220 quam
1054 1171 1130 1221 epi-

177 1226 282 1275 scopi
310 1238 451 1264 munus
481 1227 615 1276 gessit.
636 1227 692 1264 Eo
713 1228 851 1276 agente
874 1224 1040 1275 episcopi
1061 1237 1128 1262 or-

177 1279 338 1317 thodoxi
357 1291 426 1328 per
446 1283 568 1317 totam
592 1280 815 1329 AEgyptum
834 1279 1011 1327 depositi,
1031 1282 1071 1317 et
1090 1279 1128 1316 in

178 1344 312 1370 eorum
332 1333 416 1371 loca
444 1333 568 1371 ariani
593 1334 735 1371 intrusi
754 1338 854 1371 sunt.
876 1333 971 1371 Cum
991 1333 1131 1370 horum

177 1386 490 1424 communionem
522 1388 693 1426 vitarent
712 1387 920 1433 Catholici,
939 1386 1053 1424 multi
1082 1399 1130 1423 u-

177 1440 354 1488 triusque
373 1452 503 1486 sexus,
523 1441 742 1489 presbyteri
761 1443 800 1479 et
815 1440 967 1478 diaconi
984 1440 1129 1487 vexati,

178 1493 355 1538 cruciati,
376 1494 505 1531 necati
525 1497 615 1532 sunt
633 1494 659 1532 3.

229 1547 292 1584 29.
314 1547 434 1585 Felix
449 1547 498 1584 ΙΙ
512 1549 713 1596 Pontifex
732 1546 814 1597 (an.
837 1546 1128 1596 355)—Libe-

178 1599 234 1638 rio
264 1600 335 1649 Pp.
357 1612 380 1638 a
399 1600 625 1638 Constantio
654 1601 693 1638 in
713 1601 873 1638 exilium
892 1601 1027 1648 eiecto,
1046 1601 1129 1638 suf-

178 1653 303 1691 fectus
331 1658 389 1691 est
418 1654 531 1692 Felix
561 1655 611 1698 ΙΙ,
640 1654 705 1703 qui
736 1667 857 1703 usque
887 1655 936 1692 ad
956 1655 1060 1692 illius
1081 1655 1129 1692 ab

179 1707 297 1744 exilio
317 1707 492 1744 reditum
512 1707 783 1757 pontificatum
805 1708 934 1757 gessit.
957 1709 1013 1745 De
1034 1708 1130 1746 Feli-

179 1761 233 1798 cis
252 1760 367 1798 huius
386 1761 616 1810 pontificatu
639 1762 846 1798 admodum
869 1762 1024 1799 diversa
1040 1764 1130 1799 sunt

179 1814 419 1851 eruditorum
437 1814 591 1852 iudicia.
608 1815 819 1853 Tillemont
835 1814 862 1860 ⁴¹,
874 1815 1028 1853 Natalis
1044 1816 1131 1852 Ale-

181 1867 331 1905 xander
345 1866 372 1913 ⁵,
388 1867 427 1905 C.
446 1868 594 1917 Lupus,
613 1868 726 1906 Card.
743 1868 845 1914 Orsi,
862 1869 889 1906 Ι.
906 1869 949 1905 Β.
969 1867 1130 1906 Palma6

179 1920 324 1970 aliique
339 1924 508 1967 censent,
523 1921 690 1960 Felicem
707 1922 810 1959 inter
826 1922 1020 1971 legitimos
1034 1922 1131 1959 Pon-

179 1974 308 2011 tifices
336 1974 470 2012 haberi
491 1987 564 2012 non
593 1987 719 2024 posse:
745 1974 796 2021 1⁰,
817 1975 909 2023 quia
936 1987 1056 2012 unum
1073 1978 1131 2013 est

180 2027 377 2066 Ecclesiae
406 2031 542 2077 caput,
564 2040 663 2067 unus
693 2028 836 2066 Christi
866 2029 1035 2066 vicarius
1055 2058 1064 2073 ,
1092 2033 1131 2065 et

179 2081 359 2118 Liberius
389 2093 579 2130 nusquam
605 2094 644 2120 se
674 2082 900 2131 pontificatu
930 2082 1130 2119 abdicasse

180 2134 346 2183 legitur3
372 2133 427 2180 2⁰,
449 2135 539 2183 quia
554 2147 582 2172 S.
601 2135 835 2173 Athanasius
855 2134 882 2181 ⁷,
905 2136 1082 2173 Ruffinus
1102 2133 1129 2181 8,

179 2188 359 2225 Socrates
379 2186 392 2207 ⁹
411 2188 596 2235 referunt,
617 2189 787 2226 Felicem
808 2190 855 2226 ab
877 2189 1023 2227 arianis
1040 2188 1130 2226 fuis-

180 2253 221 2279 se
240 2241 481 2288 ordinatum3
502 2242 557 2287 3⁰,
573 2242 664 2291 quia
682 2243 726 2280 I).
744 2243 911 2292 Optatus
929 2242 1130 2279 Milevita-

180 2293 341 2332 nus1⁰et
360 2294 700 2344 s.Augustinus¹¹,
717 2297 804 2334 RR.
826 2296 1059 2333 Pontificum
1079 2308 1134 2333 se-

180 2349 278 2385 riem
299 2352 560 2394 recensentes,
578 2349 724 2387 nullan]
743 2350 857 2387 huius
874 2349 1017 2387 Felicis
1032 2362 1133 2386 men-

181 2401 326 2439 tionem
356 2401 521 2449 faciunt3
549 2402 605 2448 4⁰,
627 2403 717 2451 quia
744 2404 942 2440 Romanos
969 2403 1132 2440 assiduis

182 2455 418 2492 clamoribus
438 2455 582 2492 Liber-ii
610 2457 778 2493 reditum
800 2456 1028 2505 postulasse,
1045 2468 1131 2493 eum

181 2509 410 2546 redeuntem
426 2521 576 2546 summa
591 2521 680 2547 cum
695 2509 847 2547 laetitia
863 2510 1077 2559 excepisse,
1094 2514 1132 2547 et

181 2562 351 2600 Felicem
372 2562 467 2600 urbe
490 2562 669 2610 eiecisse,
692 2563 834 2612 legitur
863 2564 963 2613 apud
986 2564 1131 2601 Socra-

222 2687 230 2708 ¹
251 2687 278 2717 S.
297 2687 400 2756 Hiflar„
418 2685 461 2717 De
475 2686 614 2728 synod.;
630 2686 748 2717 Socrat.
773 2686 791 2717 1.
809 2686 848 2725 11,
865 2695 890 2717 c.
905 2685 939 2717 31
953 2695 959 2724 ;
974 2686 1130 2718 Sozomen.

183 2729 202 2759 l.
220 2729 265 2764 lv,
282 2738 307 2759 r.
335 2742 353 2758 ι.

223 2769 236 2791 2
253 2770 362 2809 Epist.
388 2770 434 2801 ad
455 2769 593 2801 solitar.
617 2770 655 2801 Cf
673 2769 771 2800 Natal.
797 2769 891 2808 Alex,
915 2769 1007 2801 Diss.
1031 2769 1069 2800 3⁹2.
1095 2770 1131 2800 in

183 2821 270 2843 saec.
288 2811 347 2848 IV,
365 2821 392 2842 a.
407 2812 434 2842 2.

222 2854 278 2883 ³5.
297 2853 458 2889 Amanus„
483 2852 594 2892 Epist.
617 2853 664 2884 ad
685 2853 789 2887 solia:
813 2853 1016 2892 Theodorct.,
1038 2853 1130 2885 Ilist.

184 2895 259 2926 eccl.
278 2894 295 2924 1.
313 2893 353 2931 11,
369 2904 393 2924 c.
413 2894 462 2929 113
482 2895 591 2925 Baron.
611 2895 648 2924 ad
668 2904 716 2925 an.
733 2895 802 2926 355.

224 2936 237 2959 ⁴
254 2936 376 2967 Αηηοε.
393 2935 433 2965 fio
449 2936 487 2965 in
505 2936 586 2967 [list.
603 2936 721 2967 arian.
741 2940 760 2968 t.
778 2937 821 2967 Vl.

225 2978 239 3000 5
256 2978 382 3007 Dissert.
399 2978 447 3007 cit.
465 2987 492 3007 a.
509 2977 535 3008 3.

223 3020 238 3041 ⁰
254 3018 423 3049 Praelect.
442 3018 520 3048 hist.
537 3019 612 3050 eccl.
629 3023 649 3050 t.
666 3020 687 3057 1,
706 3029 733 3059 p.
752 3019 791 3058 ΙΙ,
809 3029 835 3050 c.
854 3018 900 3049 14.

225 3060 240 3082 7
258 3059 368 3099 Epist.
387 3060 431 3090 acl
447 3061 582 3092 solitar.

224 3102 238 3122 ⁸
257 3102 348 3131 Hisl.
366 3102 440 3131 eccl.
459 3102 475 3131 Ι.
495 3103 527 3137 Χ,
545 3112 569 3132 c.
588 3101 634 3132 22.

224 3143 238 3164 9
256 3143 345 3173 Hist.
362 3143 436 3173 ecel.
455 3143 461 3173 Ι
486 3143 523 3179 ΙΙ,
540 3153 565 3174 c.
581 3143 629 3173 37.

213 3184 240 3205 ¹0
257 3186 284 3215 1,.
303 3185 328 3215 11
345 3191 469 3215 contra
487 3185 645 3216 Parmen.

214 3225 235 3246 ¹¹
255 3225 365 3266 Epist.
381 3226 429 3265 53,
449 3227 547 3266 Oper.
565 3231 582 3257 ι.
600 3227 636 3265 11,
654 3227 725 3258 edit.
743 3229 828 3259 Antv.

656 137 812 165 EPOCHA
841 136 897 163 111.
926 137 955 164 Α
984 133 1266 162 CONVERSIONE
1294 134 1565 162 CONSTANTINI
1593 135 1639 164 M.

1171 212 1251 247 tem
1269 209 1294 256 ¹,
1325 211 1580 249 Sozomenum
1592 210 1620 258 ²,
1647 212 1875 251 Faustinum
1896 215 1937 252 et
1955 213 2127 252 Mareel-

1171 263 1294 301 linum
1324 263 1351 302 3.
1372 265 1528 311 Contra,
1557 265 1748 304 Baronius
1766 265 1795 313 ⁴,
1823 267 2088 306 Bellarminus
2099 265 2127 314 ⁵,

1171 316 1450 364 Schelstratess,
1463 318 1651 356 Sollerius
1663 319 1974 367 Bollandianus7,
1990 323 2030 358 et
2047 319 2128 367 alii,

1171 370 1343 421 Felicem
1371 371 1555 420 legitimis
1577 371 1833 411 Pontificibus
1861 375 2128 412 adnumeran-

1172 423 1263 460 dum
1283 436 1365 462 esse
1386 425 1641 467 arbitrantur:
1665 424 1717 470 10,
1733 427 1833 473 quod
1848 426 1963 465 Felix
1978 427 2025 465 de
2045 439 2131 465 con-

1171 488 1288 514 sensu
1313 478 1457 515 Liberii
1477 478 1626 516 electus
1645 478 1828 516 videatur
1846 491 1935 518 cum
1949 481 1990 518 in
2005 481 2129 518 Libro

1173 531 1416 580 Pontificczli
1442 532 1614 581 legatur:
1646 543 1667 569 «
1695 532 1960 581 Congregatos
1997 545 2129 572 sacer-

1172 583 1281 621 dotes
1305 587 1344 623 et
1364 597 1451 622 cum
1477 585 1638 622 consilio
1668 597 1802 622 eorum
1820 586 2018 625 Liberium
2037 587 2128 639 (seu

1172 637 1330 675 consilio
1359 638 1518 686 Liberii,
1548 638 1610 676 vel
1640 640 1875 687 procurante
1896 639 2065 685 Liberi0,
2086 643 2131 678 ut

1172 689 1268 738 legit
1287 691 1495 742 Baronius)
1516 693 1716 730 ordinasse
1736 692 1774 729 in
1797 692 1881 730 eius
1899 692 2027 730 locum
2047 693 2129 730 Fe-

1171 743 1287 780 licem
1302 756 1347 792 ›>;
1367 744 1423 792 2⁰,
1438 746 1538 794 quod
1556 746 1826 783 Theodoretus
1840 746 1976 784 laudet
1989 745 2131 784 Felicis

1171 796 1301 843 fidem,
1313 798 1432 836 solam
1451 799 1535 837 eius
1550 811 1637 836 cum
1653 799 1796 837 arianis
1816 799 2129 837 communionem

1171 850 1324 899 culpat,
1346 854 1557 901 narratque
1577 852 1825 902 simpliciter:
1848 865 1870 890 «
1897 853 2129 891 Successum

1171 915 1254 941 esse
1283 904 1438 942 Liberio
1467 917 1489 942 a
1509 906 1613 943 fideli
1639 906 1807 955 quodam
1836 906 1940 944 illius
1969 906 2132 944 diacono

1198 957 1325 995 omine
1346 958 1474 996 Felice
1488 956 1503 979 ⁸
1523 971 1568 1006 »ς
1588 958 1641 1006 30,
1661 960 1761 1008 quod
1782 959 1923 997 Felicis
1943 960 2129 998 orthodo-

1172 1010 1260 1048 xiae
1273 1023 1425 1060 quoque
1437 1012 1573 1050 favent
1583 1011 1783 1050 Soerates⁹
1795 1016 1834 1050 et
1848 1011 2130 1060 Sozomenus103

1171 1062 1332 1113 4⁰,quod
1345 1065 1486 1103 Felicis
1506 1066 1695 1104 memoria
1709 1066 1909 1103 recolatur
1919 1065 1958 1103 in
1975 1066 2130 1104 Sacra-

1171 1120 1372 1155 mentario
1393 1130 1422 1157 s.
1443 1119 1644 1168 Gregorii,
1665 1120 1703 1157 in
1726 1120 2045 1168 Martyroloyz'z's
2066 1119 2128 1157 U-

1171 1171 1317 1216 suardi,
1329 1172 1486 1219 Adonis,
1502 1173 1645 1220 Bedae,
1666 1177 1708 1211 et
1723 1173 1914 1219 Romano,
1929 1173 1967 1210 in
1984 1184 2059 1221 quo
2075 1173 2131 1211 IV

1171 1224 1320 1262 calend.
1340 1228 1495 1274 august.
1512 1226 1675 1274 legitur:
1690 1238 1713 1263 «
1723 1227 1873 1264 Romae
1888 1226 1952 1263 via
1966 1226 2131 1264 Aurelia

1172 1290 1199 1316 s.
1223 1278 1363 1316 Felicis
1384 1279 1453 1328 Pp.
1474 1282 1513 1317 et
1527 1280 1659 1326 Mart„
1676 1279 1743 1328 qui
1763 1291 1787 1317 a
1807 1280 2035 1318 Constantio
2050 1279 2130 1317 im-

1172 1334 1351 1381 peratore
1367 1332 1502 1370 ariano
1522 1334 1570 1371 ob
1590 1333 1803 1371 catholicae
1822 1333 1911 1370 fidei
1933 1333 2129 1371 defensio-

1173 1397 1280 1432 nem,
1300 1398 1320 1422 e
1340 1387 1430 1424 sede
1459 1398 1530 1424 sua
1560 1387 1745 1436 deiectus,
1775 1387 1896 1425 Cerae
1926 1387 1966 1424 in
1986 1387 2131 1425 Tuscia

1172 1439 1323 1476 occulte
1338 1440 1466 1489 gladio
1488 1444 1665 1486 necatus,
1686 1440 1855 1490 gloriose
1883 1439 2069 1479 occubuit
2083 1451 2129 1488 »3

1171 1491 1226 1539 5⁶,
1247 1494 1349 1541 quod
1379 1505 1480 1530 anno
1504 1494 1604 1532 1582
1619 1493 1809 1543 Gregorio
1824 1494 1921 1531 XIII
1941 1493 2127 1542 pontifice

1173 1549 1349 1596 repertus
1364 1547 1481 1584 fuerit
1495 1547 1556 1584 hic
1577 1548 1727 1593 titulus,
1744 1548 1903 1585 humato
1923 1547 2047 1585 Felici
2063 1547 2127 1585 ad-

1174 1600 1340 1637 hibitus:
1365 1612 1387 1637 ‹<
1409 1601 1480 1637 Hic
1500 1600 1602 1638 iacet
1617 1613 1756 1650 corpus
1775 1612 1804 1638 s.
1827 1600 1970 1638 Felicis
1992 1601 2062 1650 Pp.
2089 1602 2130 1638 et

1174 1653 1376 1702 Martyris,
1397 1654 1463 1703 qui
1478 1654 1747 1692 Constantium
1763 1654 2009 1692 haereticum
2025 1654 2130 1692 dam-

1173 1708 1285 1744 navit
1304 1719 1339 1744 >›.
1370 1707 1448 1745 Alii
1477 1720 1565 1745 eum
1593 1720 1668 1745 non
1691 1711 1734 1745 ut
1754 1707 1973 1757 pontificem
1998 1707 2065 1745 sed
2086 1709 2130 1745 ut

1173 1760 1316 1798 Liberii
1357 1761 1545 1798 vicarium
1574 1762 1742 1807 sedisse,
1777 1761 2017 1799 existimant.
2046 1760 2129 1799 Nos

1174 1817 1305 1852 autem
1334 1826 1421 1852 cum
1442 1815 1704 1852 eruditissimo
1726 1815 1769 1852 P.
1790 1814 1948 1853 Lazzari
1963 1812 1991 1836 ¹¹
2014 1815 2054 1851 et
2073 1813 2127 1852 M.

1175 1868 1202 1905 Ι.
1224 1868 1388 1905 Maceda
1409 1866 1440 1888 ¹2
1465 1868 1697 1915 iudicamus,
1725 1879 1809 1906 rem
1837 1880 1920 1906 esse
1948 1867 2129 1915 dubiam,

1177 1933 1299 1969 neque
1321 1921 1466 1969 aliquid
1487 1922 1581 1959 certi
1599 1924 1644 1959 de
1665 1934 1712 1959 ea
1731 1921 1982 1971 pronunciari
2001 1933 2125 1971 posse.

1227 1975 1288 2011 30.
1310 1975 1470 2012 Lz'berz'z'
1486 1975 1641 2013 reditus
1662 1975 1747 2025 (an.
1765 1975 2059 2026 358)-Elapso
2076 1975 2129 2012 ab-

1173 2027 1292 2064 exilio
1312 2028 1457 2065 Liberii
1488 2029 1557 2077 Pp.
1580 2029 1752 2074 biennio,
1772 2028 2024 2067 Constantius
2043 2028 2124 2066 im-

1176 2083 1332 2128 perator
1360 2082 1528 2119 Romam
1558 2083 1676 2120 venit.
1699 2083 1800 2120 Eum
1829 2081 2007 2120 sollemni
2035 2093 2126 2119 cum

1175 2136 1314 2171 ornatu
1345 2137 1385 2172 et
1413 2135 1519 2172 cultu
1557 2136 1741 2173 adierunt
1768 2135 2126 2185 praestantissimae

1176 2187 1363 2225 mulieres
1385 2199 1580 2233 romanae,
1597 2192 1820 2226 senatorum
1836 2191 1876 2227 et
1891 2188 2125 2227 nobiliorum

1177 2241 1347 2278 virorum
1378 2241 1584 2289 coniuges,
1615 2242 1709 2279 viris
1743 2243 1781 2279 id
1811 2244 2011 2291 praestare
2041 2253 2127 2280 me-

1176 2295 1387 2341 tuentibus,
1404 2295 1710 2345 suppliciterque
1728 2297 1776 2334 ab
1791 2308 1836 2333 eo
1853 2296 2067 2344 petierunt,
2086 2296 2129 2334 ut

1178 2348 1305 2393 urbis,
1328 2352 1482 2396 pastore
1513 2349 1671 2387 orbatae
1702 2352 1741 2387 et
1771 2350 1951 2398 luporum
1978 2348 2128 2387 insidiis

1175 2401 1388 2450 expositae,
1400 2402 1704 2440 misereretur¹³.
1725 2403 1897 2452 Populus
1914 2402 2030 2440 etiam
2046 2413 2126 2440 cre-

1175 2455 1254 2492 bris
1275 2455 1618 2493 acclamationibus
1646 2469 1734 2494 eum
1755 2468 1823 2505 pro
1840 2455 1995 2494 Liberio
2011 2457 2128 2493 inter-

1177 2509 1318 2557 pellare
1346 2521 1419 2545 non
1449 2509 1611 2556 destitit,
1635 2512 1677 2547 ut
1698 2510 1771 2547 sibi
1791 2510 2070 2548 restitueretur
2082 2507 2125 2557 ¹⁴,

1217 2646 1225 2667 ¹
1247 2645 1330 2677 llist.
1345 2646 1419 2676 cccl.
1438 2645 1455 2676 1.
1474 2645 1511 2681 ΙΙ,
1528 2656 1552 2676 c.
1573 2645 1620 2677 37.

1217 2687 1231 2709 2
1249 2687 1325 2718 llis-c
1351 2688 1424 2718 eccl.
1445 2688 1462 2718 1.
1482 2689 1526 2725 IV,
1543 2698 1569 2718 c.
1590 2687 1635 2718 11.

1215 2730 1229 2750 ³
1246 2729 1362 2760 Libell.
1381 2739 1525 2769 precum
1543 2730 1588 2760 ad
1608 2730 1780 2770 imperat„
1798 2730 1879 2770 apud
1896 2728 2048 2760 Sit-mund.
2065 2731 2082 2760 t.
2101 2728 2126 2768 1,

1177 2781 1204 2811 p.
1228 2771 1292 2806 1:37,
1310 2770 1378 2801 edii.
1399 2772 1500 2801 Vcnct.

1216 2813 1228 2835 ⁴
1246 2812 1289 2842 Ad
1307 2821 1355 2843 an.
1371 2811 1440 2844 3:37.

1216 2855 1229 2875 5
1247 2854 1294 2883 Dr
1313 2854 1351 2883 R.
1369 2853 1506 2893 Pontis.
1525 2855 1531 2884 Ι
1560 2855 1606 2891 lv,
1623 2864 1646 2884 e.
1666 2854 1693 2885 9.

1215 2896 1230 2917 6
1246 2895 1420 2934 Antiqui&
1439 2896 1569 2926 illustr.
1589 2900 1606 2927 t.
1623 2896 1647 2934 Ι,
1663 2896 1736 2926 diss.
1754 2896 1792 2935 II,
1808 2905 1835 2928 c.
1847 2896 1875 2927 9.

1216 2938 1229 2959 7
1247 2940 1332 2967 Acta
1348 2936 1393 2967 δέ.
1411 2941 1429 2967 t.
1448 2938 1497 2968 x·11
1516 2939 1566 2968 iul.
1585 2938 1622 2969 ad
1639 2938 1717 2969 diem
1734 2937 1782 2968 ⁵29.

1217 2979 1230 2999 ⁸
1248 2979 1332 3010 llise.
1349 2979 1422 3009 eccl.
1441 2979 1556 3017 1.11,c.
1576 2979 1620 3011 16.

1217 3020 1230 3041 ⁰
1249 3021 1315 3050 Luc.
1334 3021 1382 3050 cit.

1204 3061 1231 3083 ¹0
1250 3063 1315 3092 [ηρ.
1334 3063 1381 3091 cil.

1203 3103 1224 3123 ¹¹
1245 3103 1334 3133 mss.
1351 3104 1391 3134 (le
1407 3104 1537 3135 (luobus
1552 3103 1721 3144 cacaloyis
1738 3104 1813 3135 RR.
1832 3103 2000 3146 Pontific.

1204 3144 1228 3165 ¹²
1247 3145 1281 3176 L.
1298 3145 1429 3175 Hosius
1443 3156 1521 3176 vern
1537 3146 1675 3177 Hosius.

1205 3186 1229 3206 ¹³¹
1245 3188 1416 3218 'sm-odoret
1431 3213 1437 3225 ,
1454 3187 1535 3218 [list.
1554 3188 1629 3219 eccl.
1647 3188 1665 3218 l.
1680 3187 1720 3226 ΙΙ,
1737 3197 1761 3218 c.
1782 3187 1829 3219 17.

1205 3227 1228 3250 ¹⁴
1245 3231 1402 3259 sozomen.
1419 3230 1437 3260 1.
1455 3230 1503 3269 lv,
1520 3239 1544 3260 c.
1566 3229 1611 3260 11.
