2241 3473
243 131 321 169 218

186 206 343 253 eiusque
375 204 581 253 discipulus
601 203 793 241 Antonius
813 202 988 240 Arnauld
1008 201 1124 238 theo-

186 259 313 308 logiae
359 259 492 294 doctor
531 257 702 305 specioso
748 255 1040 293 reformationis
1086 258 1125 291 et

187 312 395 350 sanctionis
419 310 640 359 disciplinae
670 311 876 358 praetextu
899 308 1124 353 multorum,

187 364 415 414 praesertim
453 376 607 408 eorum,
629 363 693 411 qui
724 363 906 411 pietatem
936 362 1126 405 colebant,

188 418 335 455 animos
367 418 668 465 corrumpebant
697 420 736 453 et
763 417 811 454 ad
839 415 1126 464 suscipiendum

188 470 354 509 Iansenii
382 470 521 507 librum
553 469 676 507 veluti
707 481 842 507 veram
867 482 896 507 s.
918 468 1126 517 Augustini

187 524 403 561 doctrinam
441 525 677 561 excitabant.
717 523 807 561 Ideo
840 523 1024 561 Urbanus
1056 521 1126 569 Pp.

186 577 332 615 bullam
351 588 459 614 suam
481 589 632 626 quoque
653 578 692 613 in
709 577 877 614 Galliam
897 574 1127 619 transmisit,

190 631 253 667 ubi
275 630 393 667 etiam
414 642 460 668 ac
479 631 516 667 in
529 630 665 680 Belgio
681 631 763 667 eius
781 630 990 679 publicatio
1012 631 1129 677 atque

188 684 402 731 acceptatio
415 684 615 722 obstacula
635 684 746 721 varia
766 687 932 732 experta
953 686 1022 720 est.

240 737 400 774 Interim
421 737 603 775 Pontifex
625 737 766 775 litteris
787 738 835 775 ad
857 738 1018 775 nuncios
1038 746 1127 773 suos

189 790 227 827 in
262 790 390 827 Gallia
422 793 462 828 et
495 792 596 840 apud
624 791 824 828 Coloniam
858 794 975 839 atque
997 790 1046 827 ad
1068 789 1130 825 in—

188 844 438 881 ternuncium
481 845 780 882 Bruxellensem
797 875 806 891 ,
848 845 896 882 ad
934 843 1130 893 episcopos

190 897 329 946 Belgii,
357 898 404 934 ad
435 898 724 936 Universitates
755 899 1064 943 Lovaniensem,
1093 898 1132 933 et

189 951 433 989 Duacensem
467 952 581 996 datis,
610 952 899 990 constitutionis
928 963 1023 989 suae
1052 962 1130 999 pu-

189 1004 438 1042 blicationem
474 1009 513 1043 et
541 1006 850 1055 acceptationem
879 1006 1056 1054 urgebat.
1087 1003 1129 1040 In

193 1057 320 1095 Gallia
331 1059 498 1096 an.I644
508 1059 706 1097 Pontificis
723 1059 828 1096 bulla
844 1060 883 1097 in
901 1058 1061 1096 concilio
1077 1069 1133 1094 re-

190 1112 252 1161 gio
274 1114 730 1161 acceptata,transmissa
750 1117 809 1151 est
825 1114 873 1151 ad
891 1113 1127 1157 Serbonam3

193 1177 292 1214 quae
325 1166 483 1214 quidem
511 1168 666 1204 notavit
698 1167 1003 1216 propositiones,
1033 1176 1131 1214 quae

191 1220 391 1267 tamquam
412 1232 434 1257 a
452 1220 642 1268 prioribus
652 1221 906 1258 Pontificibus
924 1220 1003 1257 iam
1018 1219 1132 1256 dam-

194 1275 308 1310 natae
334 1273 371 1310 in
400 1286 447 1311 ea
474 1274 768 1323 allegabantur,
798 1275 1054 1322 omnibusque
1084 1273 1131 1310 ad

194 1338 234 1364 se
264 1327 547 1375 pertinentibus
566 1329 613 1365 de
633 1328 681 1365 iis
700 1328 901 1377 disputare
922 1326 1131 1377 prohibuit3

194 1380 320 1428 quoad
341 1380 436 1418 alias
451 1381 580 1418 bullae
597 1381 793 1420 clausulas
809 1382 1026 1431 spectabat,
1039 1392 1133 1418 sen-

194 1434 358 1470 tentiam
391 1446 501 1472 suam
541 1435 754 1484 suspendit.
792 1435 1041 1473 Innocentius
1071 1434 1109 1471 X
1127 1463 1135 1479 ,

195 1487 261 1535 qui
294 1500 356 1525 an.
393 1488 492 1526 1644
525 1488 686 1526 Urbano
717 1489 813 1527 VIII
833 1489 1033 1534 successit,
1052 1489 1136 1524 tum

196 1541 298 1589 apud
315 1553 445 1591 regem
462 1542 672 1591 Hispaniae
684 1545 766 1580 tum
781 1543 883 1592 apud
901 1541 1136 1590 Leopoldum

197 1595 446 1633 archiducem
475 1597 738 1642 Austriacum,
760 1596 885 1645 Belgii
909 1599 1138 1645 procurato—

197 1659 294 1694 rem,
323 1651 416 1699 egit,
446 1653 488 1687 ut
516 1649 765 1688 refractarios
785 1651 823 1688 in
845 1649 981 1699 Belgio
1001 1650 1049 1687 ad
1070 1661 1140 1686 ac-

197 1704 428 1750 ceptandam
468 1704 617 1741 Urbani
659 1704 802 1741 bullam
847 1703 1138 1752 compellerent.

199 1755 373 1794 Tandem
406 1757 605 1807 utriusque
626 1758 842 1806 potestatis,
863 1756 1080 1807 pontificiae
1101 1760 1141 1793 et

198 1809 343 1858 regiae,
363 1811 557 1848 mandatis
577 1811 757 1849 effectum
778 1815 850 1858 est,
873 1815 916 1848 ut
935 1810 1139 1849 annol65l

199 1862 357 1902 Bullam
386 1866 608 1914 receperint
634 1865 681 1912 ii,
703 1865 769 1914 qui
799 1865 836 1902 in
858 1865 993 1915 Belgio
1014 1865 1143 1902 hacte-

202 1927 275 1953 nus
295 1919 525 1956 abnuerant.

260 1972 319 2009 Ex
340 1973 412 2010 hoc
427 1976 602 2022 tempore
619 1972 877 2010 Iansenianae
893 1973 981 2010 lites
998 1972 1035 2009 in
1054 1971 1144 2009 Bel-

202 2029 265 2079 gio
284 2026 432 2074 sopitae
451 2031 551 2064 sunt.
570 2027 612 2064 In
629 2026 758 2064 Gallia
775 2039 869 2064 vero
887 2026 1010 2075 magis
1025 2026 1143 2063 effer-

201 2083 386 2120 buerunt.
425 2080 645 2118 Ianseniani
675 2080 764 2118 libri
794 2080 1012 2118 defensores
1041 2080 1145 2117 illius

203 2134 422 2174 doctrinam
452 2134 553 2171 omni
575 2134 639 2171 via
659 2145 876 2183 propagare
895 2134 1144 2172 studuerunt.

208 2190 302 2228 Cum
325 2192 453 2225 autem
477 2199 567 2236 prae
583 2187 670 2225 aliis
686 2188 852 2225 Iesuitas
869 2188 938 2225 sibi
956 2188 1146 2237 oppositos

207 2242 494 2292 experirentur,
515 2241 644 2278 omnia
664 2244 877 2286 tentarunt,
899 2244 942 2279 ut
962 2253 1026 2279 eos
1042 2241 1148 2279 invi—

207 2309 268 2335 sos
289 2296 509 2333 redderent.
532 2295 631 2332 Hinc
651 2295 787 2332 famosi
805 2294 936 2341 libelli,
952 2295 989 2332 in
1007 2296 1146 2344 quibus

206 2351 375 2388 Iesuitae
403 2348 575 2397 satyrica
605 2352 644 2386 et
675 2348 862 2385 maledica
890 2349 1038 2386 ratione
1056 2360 1146 2398 pro-

203 2404 490 2442 scindebantur.
507 2402 636 2439 Tanta
650 2404 738 2439 erat
754 2402 974 2439 animorum
991 2406 1147 2440 conten-

203 2459 258 2495 tio
277 2487 286 2505 ,
316 2460 360 2494 ut
389 2457 428 2494 in
458 2456 698 2494 sermonibus
714 2485 723 2501 ,
752 2456 928 2504 scriptis,
950 2457 1090 2494 scholis
1109 2459 1149 2493 et

204 2511 453 2561 suggestibus
481 2510 519 2547 in
552 2512 757 2558 utramque
778 2513 927 2559 partem
950 2510 1147 2559 discepta-

206 2571 329 2604 retur.

260 2622 371 2658 Anno
395 2618 495 2656 1649
515 2617 563 2655 N.
585 2618 741 2663 Cornet,
763 2617 896 2654 doctor
917 2617 1147 2655 Parisiensis

207 2675 247 2711 et
267 2672 466 2710 facultatis
487 2671 724 2721 theologicae
745 2671 941 2720 syndicus,
963 2672 985 2707 7
1002 2682 1146 2720 propo-

207 2727 364 2765 sitiones
393 2738 440 2763 ex
471 2726 710 2774 Auyustz'no
740 2724 906 2762 lansenii
944 2728 1148 2773 excerptas

209 2781 257 2819 ad
289 2781 503 2818 Serbonam
540 2780 689 2817 detulit.
724 2778 1037 2816 Serbonistarum
1081 2777 1145 2815 alii

209 2835 397 2871 iudicium
428 2836 672 2878 recusarunt,
701 2831 765 2870 alii
787 2843 853 2869 eas
875 2832 1091 2869 haereticas
1111 2835 1149 2867 et

210 2900 257 2926 ss.
287 2888 513 2936 Scripturao
542 2886 758 2924 contrarias
786 2886 1018 2923 iudicarunt.
1041 2885 1148 2922 Tunc

210 2942 256 2979 de
277 2941 470 2990 excerptis
491 2940 816 2990 propositionibus
843 2939 1042 2977 ardentius
1069 2939 1148 2976 dis-

212 2999 408 3044 ceptatum
430 2994 515 3031 fuit.

265 3050 300 3086 3.
341 3050 530 3097 Quinque
560 3049 860 3097 proposiliones
896 3047 1083 3085 Iansenii
1100 3068 1149 3073 --

214 3103 326 3140 Anno
358 3102 458 3139 1650
488 3113 548 3139 res
578 3101 709 3140 delata
735 3102 861 3139 estad
884 3101 1039 3139 comitia
1058 3101 1149 3139 cleri

214 3155 417 3202 Gallicani,
435 3155 596 3193 Parisiis
612 3158 864 3205 congregata.
883 3155 1059 3205 Episcopi
1079 3166 1151 3192 nu-

215 3220 323 3248 mero
342 3210 392 3247 85
413 3222 433 3246 e
454 3209 796 3259 propositionibus,
817 3221 839 3246 a
858 3208 1035 3247 Sorbona
1058 3221 1154 3247 cen-

692 144 698 150 '
754 138 909 166 EPOCHA
938 138 1008 164 XII.
1033 135 1061 162 A
1089 134 1243 162 LITIBVS
1271 135 1556 164 IANSENISTICIS

1172 200 1336 245 suratis,
1372 201 1596 250 selegerunt
1621 200 1665 246 5,
1695 200 1742 238 de
1770 200 1908 250 quibus
1939 199 2112 238 maxime

1173 254 1458 302 disputabatur,
1487 257 1526 291 et
1545 266 1657 302 quae,
1678 253 2002 292 consentientibus
2021 253 2114 302 ipsis

1173 308 1244 344 hoc
1266 311 1439 356 tempore
1456 307 1697 352 Iansenistis,
1709 319 1900 345 summam
1912 307 2112 344 doctrinae

1172 360 1208 396 in
1240 360 1338 397 libro
1368 361 1535 398 Iansenii
1564 360 1781 410 explicatae
1811 361 2112 398 constituebant.

1175 414 1382 452 Praesules
1403 415 1505 452 Galli
1527 426 1598 452 eas¹
1613 415 1779 451 Romam
1795 414 2116 461 transmiserunt,

1172 471 1211 503 et
1231 467 1460 506 Pontificem
1477 467 1746 505 Innocentium
1762 468 1801 505 X
1819 468 2002 505 obtestati
2020 471 2113 505 sunt

1177 522 1218 557 ut
1237 522 1390 558 easdem
1410 522 1619 571 diligenter
1639 521 1891 569 expenderet,
1911 524 1951 558 et
1969 522 2017 558 de
2029 521 2112 558 sin-

1174 574 1275 622 gulis
1318 576 1566 624 perspicuam
1613 578 1837 623 certamque
1876 574 2113 612 sententiam

1174 627 1306 665 ferret.
1328 629 1472 666 Contra
1493 629 1557 666 alii
1583 629 1629 665 11
1648 628 1814 677 episcopi
1836 627 1952 673 Galli,
1976 628 2112 665 Ianse-

1176 681 1227 718 nii
1251 682 1449 720 doctrinae
1468 682 1663 728 faventes,
1685 681 1916 719 Pontificem
1936 693 1960 719 a
1979 680 2112 719 feren-

1176 735 1225 772 da
1244 736 1440 773 sententia
1460 736 1654 773 dehortati
1676 739 1778 773 sunt.

1228 788 1406 838 Quinque
1426 790 1522 827 istae
1543 789 1823 838 propositiones
1842 788 1897 826 sic
1912 789 2115 826 sonabant:

1180 842 1233 885 la,
1260 841 1403 891 Aliqua
1432 843 1502 880 Dei
1530 846 1737 892 praecepta
1757 843 1974 880 hominibus
1993 842 2123 888 iustis,

1179 896 1397 934 volentibus
1425 902 1463 934 et
1492 897 1733 941 conantibus,
1760 896 1973 933 secundum
2002 907 2120 944 prae-

1177 952 1320 995 sentes,
1332 962 1426 999 quas
1443 951 1586 988 habent
1605 951 1720 994 vires,
1738 954 1828 987 sunt
1847 948 2120 998 impossibilia,

1177 1004 1284 1041 deest
1303 1016 1456 1053 quoque
1475 1004 1521 1041 iis
1542 1004 1684 1052 gratia,
1700 1016 1776 1053 qua
1791 1002 1991 1053 possibilia
2009 1002 2121 1050 fiant3

1177 1057 1219 1094 2²
1236 1087 1245 1102 ,
1266 1058 1450 1095 Interiori
1479 1057 1630 1106 gratiae
1659 1059 1698 1095 in
1718 1060 1822 1095 statu
1843 1059 2008 1094 naturae
2026 1057 2121 1106 lap-

1177 1123 1242 1149 sae
1274 1123 1472 1160 nunquam
1492 1112 1710 1158 resistitur3
1732 1111 1790 1157 3²²,
1811 1111 1872 1148 Ad
1892 1110 2122 1147 merendum

1177 1169 1216 1202 et
1238 1165 1514 1202 demerendum
1534 1165 1571 1202 in
1593 1169 1698 1203 statu
1723 1168 1885 1202 naturae
1900 1163 2031 1212 lapsae
2047 1175 2122 1200 non

1179 1219 1390 1267 requiritur
1421 1219 1460 1256 in
1481 1219 1635 1256 homine
1656 1219 1815 1256 libertas
1834 1230 1858 1255 a
1877 1217 2125 1264 necessitate,

1178 1273 1245 1310 sed
1274 1272 1415 1310 sufficit
1444 1272 1607 1310 libertas
1629 1285 1651 1310 a
1677 1273 1896 1319 coactione3
1917 1272 1980 1319 4²,
2000 1271 2125 1308 Semi-

1181 1326 1372 1375 pelagiani
1394 1326 1655 1364 admittebant
1671 1326 1959 1375 praevenientis
1973 1324 2124 1375 gratiae

1181 1379 1379 1418 interioris
1409 1380 1681 1417 necessitatem
1707 1380 1755 1417 ad
1787 1379 1958 1428 singulos
1996 1382 2120 1425 actus,

1181 1434 1302 1471 etiam
1324 1434 1372 1471 ad
1392 1433 1547 1471 initium
1568 1433 1659 1471 fidei
1677 1447 1685 1480 ;
1705 1438 1744 1471 et
1765 1433 1802 1470 in
1820 1433 1891 1470 hoc
1908 1435 2021 1470 erant
2035 1432 2126 1470 hae-

1185 1487 1307 1533 retici,
1329 1488 1428 1536 quod
1450 1487 1596 1524 vellent
1615 1499 1698 1524 eam
1720 1487 1840 1524 talem
1859 1498 1942 1525 esse
1962 1485 2024 1523 cui
2044 1497 2124 1535 pos-

1182 1544 1242 1579 set
1272 1541 1442 1578 humana
1470 1541 1653 1579 voluntas
1683 1540 1859 1578 resistere
1891 1540 1948 1578 vel
1969 1540 2124 1577 obtem-

1183 1606 1333 1644 perare3
1352 1594 1408 1640 5³,
1424 1594 1775 1643 Semipelagianum
1796 1597 1856 1632 est
1871 1594 2008 1640 dicere,
2024 1591 2128 1631 Chri-

1183 1654 1285 1687 stum
1315 1660 1381 1697 pro
1404 1648 1580 1685 omnibus
1601 1648 1757 1685 omnint>
1777 1647 1999 1685 hominibus
2018 1657 2127 1685 mor-

1184 1706 1294 1741 tuum
1316 1713 1399 1740 esse
1421 1705 1488 1740 aut
1507 1702 1736 1752 sanguinem
1758 1701 1913 1740 fudisse.

1239 1757 1320 1794 Has
1341 1755 1620 1805 propositiones
1642 1754 1824 1793 Pontifex
1850 1756 1890 1793 in
1911 1765 2126 1805 congrega-

1186 1811 1368 1856 tionibus,
1399 1810 1447 1847 ad
1477 1810 1547 1847 hoc
1574 1809 1778 1856 institutis,
1797 1821 1928 1848 coram
1949 1810 1973 1847 4
1994 1807 2124 1858 cardi-

1189 1865 1340 1902 nalibus
1368 1865 1407 1901 et
1440 1863 1486 1901 13
1507 1863 1753 1912 peritissimis
1772 1874 1870 1901 sacr.
1891 1861 2128 1911 Theologiae

1188 1917 1487 1964 consultoribus,
1518 1929 1565 1955 ex
1594 1916 1698 1954 omni
1719 1916 1852 1954 ordine
1873 1916 2020 1963 electis,
2040 1927 2128 1954 ma-

1189 1975 1276 2010 ture
1307 1971 1472 2020 expendi
1500 1970 1624 2009 iussit.
1655 1970 1867 2020 Postquam
1900 1971 1973 2009 hoc
2005 1981 2128 2020 nego-

1188 2027 1286 2065 tium
1322 2024 1545 2074 diligentia,
1564 2036 1642 2073 qua
1663 2024 1798 2062 maiori
1819 2024 2033 2063 desiderari
2053 2034 2128 2061 non

1190 2082 1330 2129 posset,
1364 2081 1467 2116 esset
1502 2078 1729 2125 discussum,
1763 2080 1803 2116 et
1834 2078 1861 2116 ii
1881 2077 2013 2123 etiam,
2033 2088 2129 2126 quos

1192 2133 1413 2182 praedictae
1452 2131 1652 2169 doctrinae
1697 2131 1867 2170 asseclae
1905 2131 1942 2169 in
1987 2142 2130 2169 causae

1189 2199 1281 2225 suae
1298 2186 1556 2235 patrocinium
1573 2185 1739 2223 Romam
1759 2185 1952 2236 legarant,
1964 2183 2128 2223 fuissent

1190 2240 1323 2285 auditi,
1353 2239 1601 2277 innocentius
1630 2239 1667 2276 X
1689 2238 1809 2288 pridie
1830 2239 2014 2277 calendas
2033 2237 2129 2276 iunii

1191 2307 1251 2332 an.
1284 2293 1385 2331 1653
1414 2292 1740 2330 Constitutionem
1771 2293 1904 2339 edidit,
1938 2292 2041 2330 Cum
2060 2302 2131 2330 oc—

1191 2349 1365 2393 casz'one,
1395 2358 1473 2395 qua
1502 2349 1826 2384 commemoratas
1852 2347 1877 2385 5
1897 2345 2129 2396 propositio-

1192 2413 1297 2447 nes,e
1312 2400 1478 2438 Iansenii
1500 2399 1599 2437 libro
1619 2404 1836 2450 excerptas,
1857 2399 2071 2446 damnavit,
2091 2401 2132 2436 et

1193 2455 1398 2504 unicuique
1420 2465 1556 2491 earum
1579 2454 1854 2502 particularem
1871 2451 2133 2492 damnationis

1193 2513 1321 2546 notam
1351 2520 1419 2546 seu
1449 2519 1657 2545 censuram
1678 2507 1837 2546 inussit:
1860 2508 1932 2546 lam
1954 2506 2133 2545 declara-

1193 2563 1247 2600 vit
1275 2562 1552 2606 temerariam,
1580 2561 1752 2610 impiam,
1783 2561 2062 2612 blasphemam,
2090 2572 2134 2598 a·

1192 2617 1414 2654 nathemate
1436 2617 1609 2652 notatam
1629 2619 1668 2652 et
1687 2615 1938 2662 haereticam,
1958 2617 1999 2653 et
2019 2617 2064 2652 ut
2078 2615 2134 2652 ta-

1191 2669 1266 2708 lem
1296 2669 1522 2715 damnavit;
1551 2668 1625 2705 2³¹¹*
1657 2669 1874 2708 declaravit
1893 2668 2131 2707 haereticam

1189 2727 1228 2762 et
1259 2727 1300 2761 nt
1329 2723 1446 2761 talem
1477 2722 1705 2770 damnavit3
1734 2724 1809 2761 gam
1832 2722 1982 2772 pariter
2001 2721 2130 2760 decla-

1193 2779 1295 2815 ravit
1319 2776 1557 2814 haereticam
1576 2806 1584 2821 ,
1619 2780 1658 2814 et
1692 2779 1734 2814 ut
1762 2776 1880 2815 talem
1901 2774 2130 2821 damnavit;

1192 2832 1264 2869 43·ΠΙ
1287 2831 1503 2868 declaravit
1522 2829 1672 2873 falsam,
1691 2834 1731 2868 et
1747 2829 1997 2875 haereticam,
2017 2831 2134 2878 atque

1194 2889 1236 2921 ut
1256 2885 1374 2922 talem
1402 2884 1629 2930 damnavit3
1650 2884 1724 2922 5³³¹
1747 2884 1962 2922 declaravit
1982 2882 2135 2928 falsam,

1194 2938 1455 2982 temerariam,
1476 2937 1755 2986 scandalosam,
1775 2942 1815 2975 et
1834 2937 2071 2975 intellectam
2089 2947 2135 2974 eo

1194 3005 1322 3038 sensu,
1362 2995 1404 3029 ut
1441 2991 1620 3029 Christus
1661 3003 1728 3041 pro
1765 2990 1889 3029 salute
1927 2990 2134 3028 dumtaxat

1198 3045 1573 3095 praedestinatorum
1598 3048 1773 3083 mortuus
1792 3044 2038 3093 sit,impiam‚
2053 3043 2133 3081 bla-

1195 3100 1410 3148 sphemam,
1442 3099 1779 3145 contumeliosam,
1813 3097 1966 3136 divinae
1999 3096 2134 3146 pietati

1196 3154 1466 3202 derogantem,
1487 3152 1739 3198 haereticam,
1760 3154 1800 3190 et
1821 3155 1865 3189 ut
1884 3149 2004 3189 talem
2026 3149 2137 3188 dam-

1198 3207 1316 3246 navit.
1352 3206 1562 3244 ⁴Mandavit
1597 3205 1776 3244 omnibus
1809 3202 2137 3243 Christifldelibus
