<?xml version="1.0" encoding="UTF-8"?>
<!DOCTYPE html PUBLIC "-//W3C//DTD XHTML 1.0 Transitional//EN"
    "http://www.w3.org/TR/xhtml1/DTD/xhtml1-transitional.dtd">
<html xmlns="http://www.w3.org/1999/xhtml" xml:lang="en" lang="en">
 <head>
  <title>
</title>
<meta http-equiv="Content-Type" content="text/html;charset=utf-8" />
  <meta name='ocr-system' content='tesseract 3.04.00' />
  <meta name='ocr-capabilities' content='ocr_page ocr_carea ocr_par ocr_line ocrx_word'/>
</head>
<body>
  <div class='ocr_page' id='page_1' title='image "./historiaeecclesi01wout_0157.png"; bbox 0 0 2241 3473; ppageno 0'>
   <div class='ocr_carea' id='block_1_1' title="bbox 548 182 1477 218">
    <p class='ocr_par' dir='ltr' id='par_1_1' title="bbox 548 182 1477 218">
     <span class='ocr_line' id='line_1_1' title="bbox 548 182 1477 218; baseline -0.004 -4"><span class='ocrx_word' id='word_1_1' title='bbox 548 187 675 218; x_wconf 78' lang='lat' dir='ltr'><strong>VSQVE</strong></span> <span class='ocrx_word' id='word_1_2' title='bbox 703 187 754 213; x_wconf 77' lang='lat' dir='ltr'>AD</span> <span class='ocrx_word' id='word_1_3' title='bbox 783 183 975 212; x_wconf 70' lang='lat' dir='ltr'>Exctnlvm</span> <span class='ocrx_word' id='word_1_4' title='bbox 1002 183 1164 211; x_wconf 80' lang='lat' dir='ltr'><strong>IMPERII</strong></span> <span class='ocrx_word' id='word_1_5' title='bbox 1193 182 1477 211; x_wconf 81' lang='lat' dir='ltr'>OCCIDENTALIS</span> 
     </span>
    </p>
   </div>
   <div class='ocr_carea' id='block_1_2' title="bbox 54 250 1014 1837">
    <p class='ocr_par' dir='ltr' id='par_1_2' title="bbox 54 250 1003 872">
     <span class='ocr_line' id='line_1_2' title="bbox 55 250 999 301; baseline -0.007 -8"><span class='ocrx_word' id='word_1_6' title='bbox 55 265 118 294; x_wconf 86' lang='lat' dir='ltr'>res</span> <span class='ocrx_word' id='word_1_7' title='bbox 133 251 212 291; x_wconf 89' lang='lat' dir='ltr'>illic</span> <span class='ocrx_word' id='word_1_8' title='bbox 230 261 453 301; x_wconf 86' lang='lat' dir='ltr'>progressus</span> <span class='ocrx_word' id='word_1_9' title='bbox 473 250 576 288; x_wconf 88' lang='lat' dir='ltr'>fecit.</span> <span class='ocrx_word' id='word_1_10' title='bbox 599 250 880 287; x_wconf 76' lang='lat' dir='ltr'>Verumtamen</span> <span class='ocrx_word' id='word_1_11' title='bbox 901 259 999 286; x_wconf 89' lang='lat' dir='ltr'>anno</span> 
     </span>
     <span class='ocr_line' id='line_1_3' title="bbox 55 301 1001 354; baseline -0.007 -9"><span class='ocrx_word' id='word_1_12' title='bbox 55 307 131 346; x_wconf 79' lang='lat'>420</span> <span class='ocrx_word' id='word_1_13' title='bbox 149 304 345 354; x_wconf 87' lang='lat' dir='ltr'>Isdegerdi</span> <span class='ocrx_word' id='word_1_14' title='bbox 367 305 405 341; x_wconf 93' lang='lat' dir='ltr'>in</span> <span class='ocrx_word' id='word_1_15' title='bbox 426 304 639 341; x_wconf 75' lang='lat' dir='ltr'><strong>Persarum</strong></span> <span class='ocrx_word' id='word_1_16' title='bbox 668 313 788 351; x_wconf 88' lang='lat' dir='ltr'>regno</span> <span class='ocrx_word' id='word_1_17' title='bbox 817 301 1001 339; x_wconf 88' lang='lat' dir='ltr'>successit</span> 
     </span>
     <span class='ocr_line' id='line_1_4' title="bbox 54 354 1001 406; baseline -0.01 -8"><span class='ocrx_word' id='word_1_18' title='bbox 54 360 277 398; x_wconf 84' lang='lat' dir='ltr'>Vararanes</span> <span class='ocrx_word' id='word_1_19' title='bbox 291 357 405 402; x_wconf 87' lang='lat' dir='ltr'>filius,</span> <span class='ocrx_word' id='word_1_20' title='bbox 421 357 485 406; x_wconf 90' lang='lat' dir='ltr'>qui</span> <span class='ocrx_word' id='word_1_21' title='bbox 504 368 618 394; x_wconf 83' lang='lat' dir='ltr'>suasu</span> <span class='ocrx_word' id='word_1_22' title='bbox 639 366 843 404; x_wconf 79' lang='lat' dir='ltr'>magorum</span> <span class='ocrx_word' id='word_1_23' title='bbox 861 357 900 391; x_wconf 91' lang='lat' dir='ltr'>et</span> <span class='ocrx_word' id='word_1_24' title='bbox 915 354 1001 390; x_wconf 85' lang='lat' dir='ltr'>odio</span> 
     </span>
     <span class='ocr_line' id='line_1_5' title="bbox 54 407 1001 459; baseline -0.007 -10"><span class='ocrx_word' id='word_1_25' title='bbox 54 413 330 455; x_wconf 84' lang='lat' dir='ltr'>Romanorum,</span> <span class='ocrx_word' id='word_1_26' title='bbox 350 410 578 459; x_wconf 77' lang='lat' dir='ltr'><strong>quibuscum</strong></span> <span class='ocrx_word' id='word_1_27' title='bbox 599 409 740 446; x_wconf 90' lang='lat' dir='ltr'>bellum</span> <span class='ocrx_word' id='word_1_28' title='bbox 760 407 921 455; x_wconf 84' lang='lat' dir='ltr'>gerebat</span> <span class='ocrx_word' id='word_1_29' title='bbox 936 435 946 450; x_wconf 91' lang='lat'>,</span> <span class='ocrx_word' id='word_1_30' title='bbox 966 417 1001 442; x_wconf 86' lang='lat' dir='ltr'>a·</span> 
     </span>
     <span class='ocr_line' id='line_1_6' title="bbox 54 460 1002 511; baseline -0.007 -9"><span class='ocrx_word' id='word_1_31' title='bbox 54 464 258 503; x_wconf 87' lang='lat' dir='ltr'>cerrimam</span> <span class='ocrx_word' id='word_1_32' title='bbox 271 463 575 511; x_wconf 76' lang='lat' dir='ltr'><strong>persecutionem</strong></span> <span class='ocrx_word' id='word_1_33' title='bbox 589 462 628 498; x_wconf 91' lang='lat' dir='ltr'>in</span> <span class='ocrx_word' id='word_1_34' title='bbox 637 460 876 499; x_wconf 86' lang='lat' dir='ltr'>Christianos</span> <span class='ocrx_word' id='word_1_35' title='bbox 896 470 1002 496; x_wconf 82' lang='lat' dir='ltr'>exer-</span> 
     </span>
     <span class='ocr_line' id='line_1_7' title="bbox 55 515 1000 561; baseline -0.007 -6"><span class='ocrx_word' id='word_1_36' title='bbox 55 518 146 555; x_wconf 88' lang='lat' dir='ltr'>cuit.</span> <span class='ocrx_word' id='word_1_37' title='bbox 162 519 215 554; x_wconf 90' lang='lat' dir='ltr'>At</span> <span class='ocrx_word' id='word_1_38' title='bbox 235 527 297 553; x_wconf 88' lang='lat' dir='ltr'>an.</span> <span class='ocrx_word' id='word_1_39' title='bbox 316 516 392 553; x_wconf 78' lang='lat'>422</span> <span class='ocrx_word' id='word_1_40' title='bbox 408 515 628 552; x_wconf 83' lang='lat' dir='ltr'>aRomanis</span> <span class='ocrx_word' id='word_1_41' title='bbox 641 515 859 561; x_wconf 85' lang='lat' dir='ltr'>superatus,</span> <span class='ocrx_word' id='word_1_42' title='bbox 870 522 1000 561; x_wconf 88' lang='lat' dir='ltr'>pacem</span> 
     </span>
     <span class='ocr_line' id='line_1_8' title="bbox 54 565 1003 618; baseline -0.007 -10"><span class='ocrx_word' id='word_1_43' title='bbox 54 580 280 618; x_wconf 88' lang='lat' dir='ltr'>componere</span> <span class='ocrx_word' id='word_1_44' title='bbox 297 572 456 606; x_wconf 90' lang='lat' dir='ltr'>coaetus</span> <span class='ocrx_word' id='word_1_45' title='bbox 471 567 656 605; x_wconf 87' lang='lat' dir='ltr'>est.Tunc</span> <span class='ocrx_word' id='word_1_46' title='bbox 672 565 880 603; x_wconf 75' lang='lat' dir='ltr'>Christiani</span> <span class='ocrx_word' id='word_1_47' title='bbox 898 565 1003 613; x_wconf 91' lang='lat' dir='ltr'>quie-</span> 
     </span>
     <span class='ocr_line' id='line_1_9' title="bbox 54 619 1002 661; baseline -0.008 0"><span class='ocrx_word' id='word_1_48' title='bbox 54 622 172 661; x_wconf 82' lang='lat' dir='ltr'>tiores</span> <span class='ocrx_word' id='word_1_49' title='bbox 200 622 281 659; x_wconf 86' lang='lat' dir='ltr'>dies</span> <span class='ocrx_word' id='word_1_50' title='bbox 311 621 414 658; x_wconf 86' lang='lat' dir='ltr'>nacti</span> <span class='ocrx_word' id='word_1_51' title='bbox 442 623 545 658; x_wconf 89' lang='lat' dir='ltr'>sunt.</span> <span class='ocrx_word' id='word_1_52' title='bbox 568 619 847 657; x_wconf 81' lang='lat' dir='ltr'><strong>Verumtamen</strong></span> <span class='ocrx_word' id='word_1_53' title='bbox 867 629 1002 655; x_wconf 89' lang='lat' dir='ltr'>eorum</span> 
     </span>
     <span class='ocr_line' id='line_1_10' title="bbox 55 670 1002 717; baseline -0.006 -4"><span class='ocrx_word' id='word_1_54' title='bbox 55 677 181 714; x_wconf 85' lang='lat' dir='ltr'>status</span> <span class='ocrx_word' id='word_1_55' title='bbox 200 674 239 712; x_wconf 92' lang='lat' dir='ltr'>in</span> <span class='ocrx_word' id='word_1_56' title='bbox 257 674 413 712; x_wconf 77' lang='lat' dir='ltr'>Perside</span> <span class='ocrx_word' id='word_1_57' title='bbox 429 672 685 710; x_wconf 86' lang='lat' dir='ltr'>vicissitudini</span> <span class='ocrx_word' id='word_1_58' title='bbox 701 675 785 708; x_wconf 88' lang='lat' dir='ltr'>erat</span> <span class='ocrx_word' id='word_1_59' title='bbox 801 670 1002 717; x_wconf 77' lang='lat' dir='ltr'>obnoxius3</span> 
     </span>
     <span class='ocr_line' id='line_1_11' title="bbox 56 723 1001 777; baseline -0.006 -11"><span class='ocrx_word' id='word_1_60' title='bbox 56 740 147 766; x_wconf 89' lang='lat' dir='ltr'>nam</span> <span class='ocrx_word' id='word_1_61' title='bbox 176 728 326 777; x_wconf 86' lang='lat' dir='ltr'>quoties</span> <span class='ocrx_word' id='word_1_62' title='bbox 354 727 496 764; x_wconf 79' lang='lat' dir='ltr'>Persae</span> <span class='ocrx_word' id='word_1_63' title='bbox 518 729 555 762; x_wconf 89' lang='lat' dir='ltr'>et</span> <span class='ocrx_word' id='word_1_64' title='bbox 574 725 738 762; x_wconf 88' lang='lat' dir='ltr'>Romani</span> <span class='ocrx_word' id='word_1_65' title='bbox 760 724 862 761; x_wconf 89' lang='lat' dir='ltr'>inter</span> <span class='ocrx_word' id='word_1_66' title='bbox 880 735 921 761; x_wconf 93' lang='lat' dir='ltr'>se</span> <span class='ocrx_word' id='word_1_67' title='bbox 942 723 1001 760; x_wconf 88' lang='lat' dir='ltr'>di-</span> 
     </span>
     <span class='ocr_line' id='line_1_12' title="bbox 56 776 1003 826; baseline -0.005 -8"><span class='ocrx_word' id='word_1_68' title='bbox 56 781 266 826; x_wconf 84' lang='lat' dir='ltr'>micabant,</span> <span class='ocrx_word' id='word_1_69' title='bbox 294 779 407 817; x_wconf 85' lang='lat' dir='ltr'>toties</span> <span class='ocrx_word' id='word_1_70' title='bbox 435 777 658 821; x_wconf 81' lang='lat' dir='ltr'>Christiani,</span> <span class='ocrx_word' id='word_1_71' title='bbox 679 789 743 826; x_wconf 90' lang='lat' dir='ltr'>qu</span> <span class='ocrx_word' id='word_1_72' title='bbox 733 777 787 814; x_wconf 68' lang='lat' dir='ltr'>tsi</span> <span class='ocrx_word' id='word_1_73' title='bbox 817 776 1003 814; x_wconf 87' lang='lat' dir='ltr'>Romanis</span> 
     </span>
     <span class='ocr_line' id='line_1_13' title="bbox 57 829 858 878; baseline -0.008 -6"><span class='ocrx_word' id='word_1_74' title='bbox 57 834 249 878; x_wconf 79' lang='lat' dir='ltr'>fav‚erent</span> <span class='ocrx_word' id='word_1_75' title='bbox 270 832 402 869; x_wconf 90' lang='lat' dir='ltr'>multis</span> <span class='ocrx_word' id='word_1_76' title='bbox 425 831 546 869; x_wconf 89' lang='lat' dir='ltr'>modis</span> <span class='ocrx_word' id='word_1_77' title='bbox 568 831 858 868; x_wconf 81' lang='lat' dir='ltr'>vexabantur.</span> <span class='ocrx_word' id='word_1_78' title='bbox 834 829 845 850; x_wconf 89' lang='lat'>¹</span> 
     </span>
    </p>

    <p class='ocr_par' dir='ltr' id='par_1_3' title="bbox 57 881 1014 1837">
     <span class='ocr_line' id='line_1_14' title="bbox 109 881 1005 934; baseline -0.007 -10"><span class='ocrx_word' id='word_1_79' title='bbox 109 887 172 924; x_wconf 83' lang='lat'>77.</span> <span class='ocrx_word' id='word_1_80' title='bbox 203 885 447 934; x_wconf 70' lang='lat' dir='ltr'>Suppresszo</span> <span class='ocrx_word' id='word_1_81' title='bbox 467 884 702 921; x_wconf 74' lang='lat' dir='ltr'>ethni&#39;czsmz</span> <span class='ocrx_word' id='word_1_82' title='bbox 715 903 766 911; x_wconf 58' lang='grc' dir='ltr'>υ·-</span> <span class='ocrx_word' id='word_1_83' title='bbox 781 883 824 920; x_wconf 90' lang='lat' dir='ltr'>In</span> <span class='ocrx_word' id='word_1_84' title='bbox 844 881 1005 931; x_wconf 90' lang='lat' dir='ltr'>imperio</span> 
     </span>
     <span class='ocr_line' id='line_1_15' title="bbox 57 936 1007 985; baseline -0.005 -8"><span class='ocrx_word' id='word_1_85' title='bbox 57 950 218 977; x_wconf 85' lang='lat' dir='ltr'>romano</span> <span class='ocrx_word' id='word_1_86' title='bbox 248 937 502 975; x_wconf 84' lang='lat' dir='ltr'>ethnicismus</span> <span class='ocrx_word' id='word_1_87' title='bbox 532 937 656 985; x_wconf 89' lang='lat' dir='ltr'>magis</span> <span class='ocrx_word' id='word_1_88' title='bbox 677 936 878 984; x_wconf 77' lang='lat' dir='ltr'>magisque</span> <span class='ocrx_word' id='word_1_89' title='bbox 898 936 1007 984; x_wconf 90' lang='lat' dir='ltr'>depe-</span> 
     </span>
     <span class='ocr_line' id='line_1_16' title="bbox 57 989 1007 1039; baseline -0.005 -9"><span class='ocrx_word' id='word_1_90' title='bbox 57 993 171 1030; x_wconf 88' lang='lat' dir='ltr'>ribat.</span> <span class='ocrx_word' id='word_1_91' title='bbox 201 991 330 1032; x_wconf 87' lang='lat' dir='ltr'>Quum</span> <span class='ocrx_word' id='word_1_92' title='bbox 360 992 444 1039; x_wconf 91' lang='lat' dir='ltr'>post</span> <span class='ocrx_word' id='word_1_93' title='bbox 473 989 666 1027; x_wconf 87' lang='lat' dir='ltr'>Iulianum</span> <span class='ocrx_word' id='word_1_94' title='bbox 697 989 826 1026; x_wconf 90' lang='lat' dir='ltr'>nullus</span> <span class='ocrx_word' id='word_1_95' title='bbox 845 989 1007 1037; x_wconf 89' lang='lat' dir='ltr'>impera-</span> 
     </span>
     <span class='ocr_line' id='line_1_17' title="bbox 57 1042 1006 1093; baseline -0.004 -11"><span class='ocrx_word' id='word_1_96' title='bbox 57 1048 187 1083; x_wconf 88' lang='lat' dir='ltr'>torum</span> <span class='ocrx_word' id='word_1_97' title='bbox 202 1043 429 1093; x_wconf 83' lang='lat' dir='ltr'>religionem</span> <span class='ocrx_word' id='word_1_98' title='bbox 445 1042 639 1080; x_wconf 82' lang='lat' dir='ltr'>ethnicam</span> <span class='ocrx_word' id='word_1_99' title='bbox 651 1042 787 1080; x_wconf 88' lang='lat' dir='ltr'>fuisset</span> <span class='ocrx_word' id='word_1_100' title='bbox 797 1042 1006 1090; x_wconf 88' lang='lat' dir='ltr'>professus,</span> 
     </span>
     <span class='ocr_line' id='line_1_18' title="bbox 58 1094 1009 1145; baseline -0.005 -9"><span class='ocrx_word' id='word_1_101' title='bbox 58 1098 157 1136; x_wconf 89' lang='lat' dir='ltr'>haec</span> <span class='ocrx_word' id='word_1_102' title='bbox 186 1096 327 1145; x_wconf 88' lang='lat' dir='ltr'>ubique</span> <span class='ocrx_word' id='word_1_103' title='bbox 356 1096 591 1133; x_wconf 81' lang='lat' dir='ltr'>christianae</span> <span class='ocrx_word' id='word_1_104' title='bbox 621 1095 834 1144; x_wconf 86' lang='lat' dir='ltr'>Religionis</span> <span class='ocrx_word' id='word_1_105' title='bbox 862 1094 1009 1144; x_wconf 91' lang='lat' dir='ltr'>praedi-</span> 
     </span>
     <span class='ocr_line' id='line_1_19' title="bbox 60 1147 1007 1198; baseline -0.004 -10"><span class='ocrx_word' id='word_1_106' title='bbox 60 1150 203 1189; x_wconf 88' lang='lat' dir='ltr'>cationi</span> <span class='ocrx_word' id='word_1_107' title='bbox 219 1152 334 1198; x_wconf 87' lang='lat' dir='ltr'>atque</span> <span class='ocrx_word' id='word_1_108' title='bbox 351 1149 486 1187; x_wconf 82' lang='lat' dir='ltr'>virtuti</span> <span class='ocrx_word' id='word_1_109' title='bbox 504 1149 676 1186; x_wconf 82' lang='lat' dir='ltr'>cedebat.</span> <span class='ocrx_word' id='word_1_110' title='bbox 693 1148 865 1186; x_wconf 75' lang='lat' dir='ltr'>Maxime</span> <span class='ocrx_word' id='word_1_111' title='bbox 886 1147 1007 1185; x_wconf 85' lang='lat' dir='ltr'>ethni-</span> 
     </span>
     <span class='ocr_line' id='line_1_20' title="bbox 59 1201 1008 1250; baseline -0.005 -8"><span class='ocrx_word' id='word_1_112' title='bbox 59 1215 192 1242; x_wconf 88' lang='lat' dir='ltr'>corum</span> <span class='ocrx_word' id='word_1_113' title='bbox 221 1214 406 1240; x_wconf 90' lang='lat' dir='ltr'>numerus</span> <span class='ocrx_word' id='word_1_114' title='bbox 427 1202 599 1239; x_wconf 88' lang='lat' dir='ltr'>decrevit</span> <span class='ocrx_word' id='word_1_115' title='bbox 619 1202 689 1239; x_wconf 92' lang='lat' dir='ltr'>sub</span> <span class='ocrx_word' id='word_1_116' title='bbox 709 1201 1008 1250; x_wconf 82' lang='lat' dir='ltr'>imperatoribus</span> 
     </span>
     <span class='ocr_line' id='line_1_21' title="bbox 60 1253 1008 1303; baseline -0.003 -9"><span class='ocrx_word' id='word_1_117' title='bbox 60 1257 269 1303; x_wconf 83' lang='lat' dir='ltr'>Gratiano,</span> <span class='ocrx_word' id='word_1_118' title='bbox 303 1255 578 1293; x_wconf 90' lang='lat' dir='ltr'>Valentiniano</span> <span class='ocrx_word' id='word_1_119' title='bbox 612 1255 661 1301; x_wconf 91' lang='lat' dir='ltr'>II,</span> <span class='ocrx_word' id='word_1_120' title='bbox 694 1255 909 1292; x_wconf 90' lang='lat' dir='ltr'>Theodosio</span> <span class='ocrx_word' id='word_1_121' title='bbox 941 1253 1008 1299; x_wconf 65' lang='lat' dir='ltr'>M„</span> 
     </span>
     <span class='ocr_line' id='line_1_22' title="bbox 61 1307 1008 1358; baseline -0.004 -10"><span class='ocrx_word' id='word_1_122' title='bbox 61 1321 277 1358; x_wconf 90' lang='lat' dir='ltr'>eorumque</span> <span class='ocrx_word' id='word_1_123' title='bbox 306 1309 604 1354; x_wconf 86' lang='lat' dir='ltr'>successoribus,</span> <span class='ocrx_word' id='word_1_124' title='bbox 633 1308 819 1354; x_wconf 89' lang='lat' dir='ltr'>Arcadio,</span> <span class='ocrx_word' id='word_1_125' title='bbox 839 1307 1008 1345; x_wconf 87' lang='lat' dir='ltr'>Honorio</span> 
     </span>
     <span class='ocr_line' id='line_1_23' title="bbox 64 1361 1010 1410; baseline -0.004 -9"><span class='ocrx_word' id='word_1_126' title='bbox 64 1365 104 1401; x_wconf 88' lang='lat' dir='ltr'>et</span> <span class='ocrx_word' id='word_1_127' title='bbox 123 1361 337 1400; x_wconf 89' lang='lat' dir='ltr'>Theodosio</span> <span class='ocrx_word' id='word_1_128' title='bbox 357 1362 414 1408; x_wconf 80' lang='lat'>113</span> <span class='ocrx_word' id='word_1_129' title='bbox 434 1361 489 1399; x_wconf 90' lang='lat' dir='ltr'>ita</span> <span class='ocrx_word' id='word_1_130' title='bbox 508 1364 550 1399; x_wconf 93' lang='lat' dir='ltr'>ut</span> <span class='ocrx_word' id='word_1_131' title='bbox 570 1361 714 1398; x_wconf 87' lang='lat' dir='ltr'>ethnici</span> <span class='ocrx_word' id='word_1_132' title='bbox 734 1361 812 1398; x_wconf 92' lang='lat' dir='ltr'>iam</span> <span class='ocrx_word' id='word_1_133' title='bbox 828 1362 876 1398; x_wconf 90' lang='lat' dir='ltr'>ad</span> <span class='ocrx_word' id='word_1_134' title='bbox 891 1371 1010 1410; x_wconf 83' lang='lat' dir='ltr'>pagos</span> 
     </span>
     <span class='ocr_line' id='line_1_24' title="bbox 59 1414 1010 1466; baseline -0.004 -12"><span class='ocrx_word' id='word_1_135' title='bbox 59 1415 302 1466; x_wconf 90' lang='lat' dir='ltr'>potissimum</span> <span class='ocrx_word' id='word_1_136' title='bbox 314 1414 757 1464; x_wconf 84' lang='lat' dir='ltr'>restringerentur,unde</span> <span class='ocrx_word' id='word_1_137' title='bbox 770 1425 1010 1463; x_wconf 75' lang='lat' dir='ltr'>paganorum</span> 
     </span>
     <span class='ocr_line' id='line_1_25' title="bbox 61 1466 1013 1516; baseline -0.004 -9"><span class='ocrx_word' id='word_1_138' title='bbox 61 1480 202 1507; x_wconf 92' lang='lat' dir='ltr'>nomen</span> <span class='ocrx_word' id='word_1_139' title='bbox 220 1468 268 1505; x_wconf 93' lang='lat' dir='ltr'>iis</span> <span class='ocrx_word' id='word_1_140' title='bbox 288 1468 486 1506; x_wconf 83' lang='lat' dir='ltr'>tributum.</span> <span class='ocrx_word' id='word_1_141' title='bbox 503 1468 707 1505; x_wconf 89' lang='lat' dir='ltr'>Memorati</span> <span class='ocrx_word' id='word_1_142' title='bbox 724 1467 913 1516; x_wconf 85' lang='lat' dir='ltr'>principes</span> <span class='ocrx_word' id='word_1_143' title='bbox 933 1466 1013 1516; x_wconf 88' lang='lat' dir='ltr'>plu-</span> 
     </span>
     <span class='ocr_line' id='line_1_26' title="bbox 61 1520 1010 1571; baseline -0.004 -11"><span class='ocrx_word' id='word_1_144' title='bbox 61 1522 168 1560; x_wconf 87' lang='lat' dir='ltr'>ribus</span> <span class='ocrx_word' id='word_1_145' title='bbox 203 1521 355 1571; x_wconf 87' lang='lat' dir='ltr'>legibus</span> <span class='ocrx_word' id='word_1_146' title='bbox 391 1521 551 1558; x_wconf 91' lang='lat' dir='ltr'>deorum</span> <span class='ocrx_word' id='word_1_147' title='bbox 584 1520 776 1558; x_wconf 89' lang='lat' dir='ltr'>sacrificia</span> <span class='ocrx_word' id='word_1_148' title='bbox 808 1524 846 1558; x_wconf 87' lang='lat' dir='ltr'>et</span> <span class='ocrx_word' id='word_1_149' title='bbox 878 1520 1010 1557; x_wconf 90' lang='lat' dir='ltr'>ethni—</span> 
     </span>
     <span class='ocr_line' id='line_1_27' title="bbox 61 1573 1012 1624; baseline -0.004 -11"><span class='ocrx_word' id='word_1_150' title='bbox 61 1586 126 1613; x_wconf 89' lang='lat' dir='ltr'>cos</span> <span class='ocrx_word' id='word_1_151' title='bbox 152 1574 253 1612; x_wconf 89' lang='lat' dir='ltr'>ritus</span> <span class='ocrx_word' id='word_1_152' title='bbox 280 1574 602 1624; x_wconf 89' lang='lat' dir='ltr'>proscripserunt,</span> <span class='ocrx_word' id='word_1_153' title='bbox 630 1575 789 1622; x_wconf 86' lang='lat' dir='ltr'>templa,</span> <span class='ocrx_word' id='word_1_154' title='bbox 810 1573 952 1611; x_wconf 87' lang='lat' dir='ltr'>sacella</span> <span class='ocrx_word' id='word_1_155' title='bbox 972 1574 1012 1609; x_wconf 89' lang='lat' dir='ltr'>et</span> 
     </span>
     <span class='ocr_line' id='line_1_28' title="bbox 63 1627 1012 1674; baseline -0.003 -8"><span class='ocrx_word' id='word_1_156' title='bbox 63 1627 270 1666; x_wconf 89' lang='lat' dir='ltr'>simulacra</span> <span class='ocrx_word' id='word_1_157' title='bbox 298 1627 411 1664; x_wconf 92' lang='lat' dir='ltr'>deiici</span> <span class='ocrx_word' id='word_1_158' title='bbox 439 1629 651 1665; x_wconf 89' lang='lat' dir='ltr'>iusserunt.</span> <span class='ocrx_word' id='word_1_159' title='bbox 682 1627 869 1668; x_wconf 85' lang='lat' dir='ltr'>Quamvis</span> <span class='ocrx_word' id='word_1_160' title='bbox 896 1627 1012 1674; x_wconf 91' lang='lat' dir='ltr'>impe-</span> 
     </span>
     <span class='ocr_line' id='line_1_29' title="bbox 63 1679 1013 1729; baseline -0.003 -10"><span class='ocrx_word' id='word_1_161' title='bbox 63 1683 214 1719; x_wconf 88' lang='lat' dir='ltr'>ratores</span> <span class='ocrx_word' id='word_1_162' title='bbox 232 1680 299 1718; x_wconf 90' lang='lat' dir='ltr'>isti</span> <span class='ocrx_word' id='word_1_163' title='bbox 317 1680 490 1718; x_wconf 88' lang='lat' dir='ltr'>ethnicos</span> <span class='ocrx_word' id='word_1_164' title='bbox 509 1681 558 1717; x_wconf 92' lang='lat' dir='ltr'>ad</span> <span class='ocrx_word' id='word_1_165' title='bbox 573 1679 818 1729; x_wconf 89' lang='lat' dir='ltr'>suscipienda</span> <span class='ocrx_word' id='word_1_166' title='bbox 833 1679 1013 1717; x_wconf 85' lang='lat' dir='ltr'>Christia-</span> 
     </span>
     <span class='ocr_line' id='line_1_30' title="bbox 64 1735 1007 1782; baseline -0.003 -10"><span class='ocrx_word' id='word_1_167' title='bbox 64 1745 203 1772; x_wconf 92' lang='lat' dir='ltr'>norum</span> <span class='ocrx_word' id='word_1_168' title='bbox 230 1745 340 1772; x_wconf 88' lang='lat' dir='ltr'>sacra</span> <span class='ocrx_word' id='word_1_169' title='bbox 369 1745 443 1770; x_wconf 91' lang='lat' dir='ltr'>non</span> <span class='ocrx_word' id='word_1_170' title='bbox 472 1735 683 1782; x_wconf 85' lang='lat' dir='ltr'>cogerent,</span> <span class='ocrx_word' id='word_1_171' title='bbox 716 1745 841 1782; x_wconf 89' lang='lat' dir='ltr'>neque</span> <span class='ocrx_word' id='word_1_172' title='bbox 875 1744 1007 1770; x_wconf 91' lang='lat' dir='ltr'>eorum</span> 
     </span>
     <span class='ocr_line' id='line_1_31' title="bbox 64 1786 1014 1837; baseline -0.003 -12"><span class='ocrx_word' id='word_1_173' title='bbox 64 1787 238 1837; x_wconf 90' lang='lat' dir='ltr'>personis</span> <span class='ocrx_word' id='word_1_174' title='bbox 268 1788 338 1824; x_wconf 89' lang='lat' dir='ltr'>aut</span> <span class='ocrx_word' id='word_1_175' title='bbox 365 1786 544 1824; x_wconf 85' lang='lat' dir='ltr'>fortunae</span> <span class='ocrx_word' id='word_1_176' title='bbox 572 1786 680 1823; x_wconf 91' lang='lat' dir='ltr'>bonis</span> <span class='ocrx_word' id='word_1_177' title='bbox 713 1787 783 1823; x_wconf 91' lang='lat' dir='ltr'>sub</span> <span class='ocrx_word' id='word_1_178' title='bbox 816 1786 1014 1835; x_wconf 83' lang='lat' dir='ltr'>religionis</span> 
     </span>
    </p>
   </div>
   <div class='ocr_carea' id='block_1_3' title="bbox 63 1838 1017 1890">
    <p class='ocr_par' dir='ltr' id='par_1_4' title="bbox 63 1838 1017 1890">
     <span class='ocr_line' id='line_1_32' title="bbox 63 1838 1017 1890; baseline -0.002 -12"><span class='ocrx_word' id='word_1_179' title='bbox 63 1839 469 1890; x_wconf 78' lang='lat' dir='ltr'>praetextu-iniuriam</span> <span class='ocrx_word' id='word_1_180' title='bbox 492 1838 696 1884; x_wconf 84' lang='lat' dir='ltr'>inferrent,</span> <span class='ocrx_word' id='word_1_181' title='bbox 711 1839 750 1876; x_wconf 92' lang='lat' dir='ltr'>hi</span> <span class='ocrx_word' id='word_1_182' title='bbox 768 1842 898 1877; x_wconf 90' lang='lat' dir='ltr'>tamen</span> <span class='ocrx_word' id='word_1_183' title='bbox 916 1839 1017 1888; x_wconf 92' lang='lat' dir='ltr'>prin-</span> 
     </span>
    </p>
   </div>
   <div class='ocr_carea' id='block_1_4' title="bbox 64 1893 1017 3109">
    <p class='ocr_par' dir='ltr' id='par_1_5' title="bbox 64 1893 1016 2037">
     <span class='ocr_line' id='line_1_33' title="bbox 65 1893 1016 1942; baseline -0.002 -11"><span class='ocrx_word' id='word_1_184' title='bbox 65 1894 196 1942; x_wconf 91' lang='lat' dir='ltr'>cipum</span> <span class='ocrx_word' id='word_1_185' title='bbox 223 1893 411 1941; x_wconf 81' lang='lat' dir='ltr'>exemplis</span> <span class='ocrx_word' id='word_1_186' title='bbox 432 1893 593 1930; x_wconf 80' lang='lat' dir='ltr'>excitati</span> <span class='ocrx_word' id='word_1_187' title='bbox 613 1895 652 1930; x_wconf 91' lang='lat' dir='ltr'>et</span> <span class='ocrx_word' id='word_1_188' title='bbox 674 1893 835 1930; x_wconf 90' lang='lat' dir='ltr'>deorum</span> <span class='ocrx_word' id='word_1_189' title='bbox 857 1903 1016 1930; x_wconf 86' lang='lat' dir='ltr'>suorum</span> 
     </span>
     <span class='ocr_line' id='line_1_34' title="bbox 64 1944 1016 1995; baseline -0.002 -12"><span class='ocrx_word' id='word_1_190' title='bbox 64 1946 295 1994; x_wconf 81' lang='lat' dir='ltr'>impotentia</span> <span class='ocrx_word' id='word_1_191' title='bbox 322 1946 543 1992; x_wconf 87' lang='lat' dir='ltr'>intellecta,</span> <span class='ocrx_word' id='word_1_192' title='bbox 572 1945 714 1995; x_wconf 89' lang='lat' dir='ltr'>passim</span> <span class='ocrx_word' id='word_1_193' title='bbox 748 1946 796 1984; x_wconf 90' lang='lat' dir='ltr'>ad</span> <span class='ocrx_word' id='word_1_194' title='bbox 829 1945 914 1983; x_wconf 74' lang='lat' dir='ltr'>veri</span> <span class='ocrx_word' id='word_1_195' title='bbox 945 1944 1016 1982; x_wconf 91' lang='lat' dir='ltr'>Dei</span> 
     </span>
     <span class='ocr_line' id='line_1_35' title="bbox 65 1999 464 2037; baseline 0 0"><span class='ocrx_word' id='word_1_196' title='bbox 65 2000 216 2037; x_wconf 90' lang='lat' dir='ltr'>cultum</span> <span class='ocrx_word' id='word_1_197' title='bbox 234 1999 464 2037; x_wconf 86' lang='lat' dir='ltr'>transibant.</span> 
     </span>
    </p>

    <p class='ocr_par' dir='ltr' id='par_1_6' title="bbox 66 2050 1017 3109">
     <span class='ocr_line' id='line_1_36' title="bbox 116 2050 1015 2100; baseline -0.003 -10"><span class='ocrx_word' id='word_1_198' title='bbox 116 2052 386 2090; x_wconf 77' lang='lat' dir='ltr'>Incursz‘ones</span> <span class='ocrx_word' id='word_1_199' title='bbox 405 2052 782 2090; x_wconf 77' lang='lat' dir='ltr'>barbarorum—At</span> <span class='ocrx_word' id='word_1_200' title='bbox 799 2051 837 2088; x_wconf 90' lang='lat' dir='ltr'>in</span> <span class='ocrx_word' id='word_1_201' title='bbox 853 2050 1015 2100; x_wconf 89' lang='lat' dir='ltr'>imperio</span> 
     </span>
     <span class='ocr_line' id='line_1_37' title="bbox 66 2105 1016 2155; baseline -0.002 -12"><span class='ocrx_word' id='word_1_202' title='bbox 66 2105 303 2144; x_wconf 88' lang='lat' dir='ltr'>Occidentali</span> <span class='ocrx_word' id='word_1_203' title='bbox 323 2105 496 2143; x_wconf 87' lang='lat' dir='ltr'>Ecclesia</span> <span class='ocrx_word' id='word_1_204' title='bbox 515 2106 811 2155; x_wconf 85' lang='lat' dir='ltr'>tempestatibus</span> <span class='ocrx_word' id='word_1_205' title='bbox 831 2105 1016 2153; x_wconf 87' lang='lat' dir='ltr'>gravibus</span> 
     </span>
     <span class='ocr_line' id='line_1_38' title="bbox 67 2157 1015 2208; baseline -0.001 -12"><span class='ocrx_word' id='word_1_206' title='bbox 67 2170 252 2197; x_wconf 88' lang='lat' dir='ltr'>concussa</span> <span class='ocrx_word' id='word_1_207' title='bbox 281 2157 366 2205; x_wconf 88' lang='lat' dir='ltr'>fuit,</span> <span class='ocrx_word' id='word_1_208' title='bbox 387 2159 424 2196; x_wconf 91' lang='lat' dir='ltr'>in</span> <span class='ocrx_word' id='word_1_209' title='bbox 453 2159 500 2196; x_wconf 90' lang='lat' dir='ltr'>iis</span> <span class='ocrx_word' id='word_1_210' title='bbox 520 2171 658 2207; x_wconf 90' lang='lat' dir='ltr'>nempe</span> <span class='ocrx_word' id='word_1_211' title='bbox 676 2158 899 2208; x_wconf 86' lang='lat' dir='ltr'>provinciis,</span> <span class='ocrx_word' id='word_1_212' title='bbox 918 2169 1015 2205; x_wconf 85' lang='lat' dir='ltr'>quas</span> 
     </span>
     <span class='ocr_line' id='line_1_39' title="bbox 66 2212 1016 2260; baseline -0.003 -10"><span class='ocrx_word' id='word_1_213' title='bbox 66 2212 224 2250; x_wconf 86' lang='lat' dir='ltr'>barbari</span> <span class='ocrx_word' id='word_1_214' title='bbox 244 2216 495 2260; x_wconf 87' lang='lat' dir='ltr'>occuparunt.</span> <span class='ocrx_word' id='word_1_215' title='bbox 516 2213 573 2249; x_wconf 91' lang='lat' dir='ltr'>De</span> <span class='ocrx_word' id='word_1_216' title='bbox 593 2212 903 2260; x_wconf 81' lang='lat' dir='ltr'>Visigothorum,</span> <span class='ocrx_word' id='word_1_217' title='bbox 923 2212 1016 2249; x_wconf 91' lang='lat' dir='ltr'>Zue-</span> 
     </span>
     <span class='ocr_line' id='line_1_40' title="bbox 67 2264 1015 2312; baseline -0.001 -10"><span class='ocrx_word' id='word_1_218' title='bbox 67 2276 218 2312; x_wconf 86' lang='lat' dir='ltr'>vorum,</span> <span class='ocrx_word' id='word_1_219' title='bbox 245 2265 516 2303; x_wconf 90' lang='lat' dir='ltr'>Vandalorum</span> <span class='ocrx_word' id='word_1_220' title='bbox 543 2267 582 2303; x_wconf 88' lang='lat' dir='ltr'>et</span> <span class='ocrx_word' id='word_1_221' title='bbox 601 2265 765 2303; x_wconf 89' lang='lat' dir='ltr'>aliorum</span> <span class='ocrx_word' id='word_1_222' title='bbox 787 2265 826 2308; x_wconf 88' lang='lat' dir='ltr'>in</span> <span class='ocrx_word' id='word_1_223' title='bbox 846 2264 1015 2310; x_wconf 90' lang='lat' dir='ltr'>Italiam,</span> 
     </span>
     <span class='ocr_line' id='line_1_41' title="bbox 69 2318 1017 2368; baseline -0.001 -13"><span class='ocrx_word' id='word_1_224' title='bbox 69 2318 240 2356; x_wconf 87' lang='lat' dir='ltr'>Galliam</span> <span class='ocrx_word' id='word_1_225' title='bbox 269 2320 311 2355; x_wconf 92' lang='lat' dir='ltr'>et</span> <span class='ocrx_word' id='word_1_226' title='bbox 337 2318 566 2368; x_wconf 88' lang='lat' dir='ltr'>Hispaniam</span> <span class='ocrx_word' id='word_1_227' title='bbox 594 2318 878 2356; x_wconf 88' lang='lat' dir='ltr'>incursionibus</span> <span class='ocrx_word' id='word_1_228' title='bbox 898 2328 1017 2366; x_wconf 91' lang='lat' dir='ltr'>supra</span> 
     </span>
     <span class='ocr_line' id='line_1_42' title="bbox 68 2370 1015 2420; baseline -0.002 -11"><span class='ocrx_word' id='word_1_229' title='bbox 68 2371 236 2409; x_wconf 76' lang='lat' dir='ltr'>diximus</span> <span class='ocrx_word' id='word_1_230' title='bbox 256 2370 282 2409; x_wconf 76' lang='lat'>².</span> <span class='ocrx_word' id='word_1_231' title='bbox 299 2372 452 2409; x_wconf 84' lang='lat' dir='ltr'>An.415</span> <span class='ocrx_word' id='word_1_232' title='bbox 461 2372 607 2409; x_wconf 90' lang='lat' dir='ltr'>Wallia</span> <span class='ocrx_word' id='word_1_233' title='bbox 622 2371 918 2420; x_wconf 88' lang='lat' dir='ltr'>Visigothorum</span> <span class='ocrx_word' id='word_1_234' title='bbox 932 2382 1015 2416; x_wconf 79' lang='lat' dir='ltr'>rex,</span> 
     </span>
     <span class='ocr_line' id='line_1_43' title="bbox 66 2424 1015 2473; baseline -0.002 -11"><span class='ocrx_word' id='word_1_235' title='bbox 66 2424 162 2462; x_wconf 91' lang='lat' dir='ltr'>inito</span> <span class='ocrx_word' id='word_1_236' title='bbox 181 2436 270 2462; x_wconf 86' lang='lat' dir='ltr'>eum</span> <span class='ocrx_word' id='word_1_237' title='bbox 286 2425 458 2462; x_wconf 90' lang='lat' dir='ltr'>Honorio</span> <span class='ocrx_word' id='word_1_238' title='bbox 486 2425 720 2473; x_wconf 87' lang='lat' dir='ltr'>imperatore</span> <span class='ocrx_word' id='word_1_239' title='bbox 748 2424 923 2470; x_wconf 85' lang='lat' dir='ltr'>foedere,</span> <span class='ocrx_word' id='word_1_240' title='bbox 944 2424 1015 2461; x_wconf 90' lang='lat' dir='ltr'>ad-</span> 
     </span>
     <span class='ocr_line' id='line_1_44' title="bbox 67 2477 1015 2526; baseline -0.001 -12"><span class='ocrx_word' id='word_1_241' title='bbox 67 2488 204 2515; x_wconf 89' lang='lat' dir='ltr'>versus</span> <span class='ocrx_word' id='word_1_242' title='bbox 237 2477 398 2523; x_wconf 88' lang='lat' dir='ltr'>Suevos,</span> <span class='ocrx_word' id='word_1_243' title='bbox 419 2478 632 2524; x_wconf 92' lang='lat' dir='ltr'>Vandalos,</span> <span class='ocrx_word' id='word_1_244' title='bbox 662 2478 807 2515; x_wconf 85' lang='lat' dir='ltr'>Alanos</span> <span class='ocrx_word' id='word_1_245' title='bbox 826 2478 864 2514; x_wconf 91' lang='lat' dir='ltr'>in</span> <span class='ocrx_word' id='word_1_246' title='bbox 884 2477 1015 2526; x_wconf 90' lang='lat' dir='ltr'>Hispa-</span> 
     </span>
     <span class='ocr_line' id='line_1_45' title="bbox 68 2530 1016 2579; baseline -0.001 -12"><span class='ocrx_word' id='word_1_247' title='bbox 68 2530 132 2567; x_wconf 89' lang='lat' dir='ltr'>nia</span> <span class='ocrx_word' id='word_1_248' title='bbox 160 2541 341 2579; x_wconf 87' lang='lat' dir='ltr'>prospero</span> <span class='ocrx_word' id='word_1_249' title='bbox 362 2534 487 2569; x_wconf 90' lang='lat' dir='ltr'>marte</span> <span class='ocrx_word' id='word_1_250' title='bbox 509 2531 723 2577; x_wconf 82' lang='lat' dir='ltr'>dimicavit,</span> <span class='ocrx_word' id='word_1_251' title='bbox 742 2543 804 2568; x_wconf 89' lang='lat' dir='ltr'>res</span> <span class='ocrx_word' id='word_1_252' title='bbox 824 2531 1016 2568; x_wconf 88' lang='lat' dir='ltr'>Romano-</span> 
     </span>
     <span class='ocr_line' id='line_1_46' title="bbox 68 2583 1015 2633; baseline 0.001 -13"><span class='ocrx_word' id='word_1_253' title='bbox 68 2593 159 2620; x_wconf 91' lang='lat' dir='ltr'>rum</span> <span class='ocrx_word' id='word_1_254' title='bbox 186 2583 266 2620; x_wconf 89' lang='lat' dir='ltr'>illic</span> <span class='ocrx_word' id='word_1_255' title='bbox 292 2584 476 2631; x_wconf 85' lang='lat' dir='ltr'>restituit,</span> <span class='ocrx_word' id='word_1_256' title='bbox 506 2597 656 2622; x_wconf 88' lang='lat' dir='ltr'>omnem</span> <span class='ocrx_word' id='word_1_257' title='bbox 685 2584 885 2633; x_wconf 88' lang='lat' dir='ltr'>regionem</span> <span class='ocrx_word' id='word_1_258' title='bbox 913 2584 1015 2621; x_wconf 89' lang='lat' dir='ltr'>inter</span> 
     </span>
     <span class='ocr_line' id='line_1_47' title="bbox 70 2636 1014 2682; baseline 0.002 -10"><span class='ocrx_word' id='word_1_259' title='bbox 70 2636 322 2682; x_wconf 88' lang='lat' dir='ltr'>Garumnam,</span> <span class='ocrx_word' id='word_1_260' title='bbox 351 2637 561 2675; x_wconf 89' lang='lat' dir='ltr'>Pirenaeos</span> <span class='ocrx_word' id='word_1_261' title='bbox 590 2642 629 2675; x_wconf 90' lang='lat' dir='ltr'>et</span> <span class='ocrx_word' id='word_1_262' title='bbox 647 2649 755 2674; x_wconf 87' lang='lat' dir='ltr'>mare</span> <span class='ocrx_word' id='word_1_263' title='bbox 776 2639 824 2675; x_wconf 90' lang='lat' dir='ltr'>ab</span> <span class='ocrx_word' id='word_1_264' title='bbox 844 2637 1014 2675; x_wconf 88' lang='lat' dir='ltr'>Honorio</span> 
     </span>
     <span class='ocr_line' id='line_1_48' title="bbox 71 2689 1016 2738; baseline 0.001 -12"><span class='ocrx_word' id='word_1_265' title='bbox 71 2689 234 2738; x_wconf 88' lang='lat' dir='ltr'>accepit,</span> <span class='ocrx_word' id='word_1_266' title='bbox 251 2689 440 2738; x_wconf 86' lang='lat' dir='ltr'>regnique</span> <span class='ocrx_word' id='word_1_267' title='bbox 459 2691 516 2728; x_wconf 89' lang='lat' dir='ltr'>sui</span> <span class='ocrx_word' id='word_1_268' title='bbox 536 2691 668 2728; x_wconf 91' lang='lat' dir='ltr'>sedem</span> <span class='ocrx_word' id='word_1_269' title='bbox 688 2691 887 2729; x_wconf 89' lang='lat' dir='ltr'>constituit</span> <span class='ocrx_word' id='word_1_270' title='bbox 907 2690 1016 2728; x_wconf 88' lang='lat' dir='ltr'>Tolo-</span> 
     </span>
     <span class='ocr_line' id='line_1_49' title="bbox 70 2742 1015 2793; baseline 0.001 -14"><span class='ocrx_word' id='word_1_271' title='bbox 70 2753 137 2779; x_wconf 89' lang='lat' dir='ltr'>sae</span> <span class='ocrx_word' id='word_1_272' title='bbox 164 2753 227 2779; x_wconf 88' lang='lat' dir='ltr'>an.</span> <span class='ocrx_word' id='word_1_273' title='bbox 248 2742 335 2779; x_wconf 87' lang='lat'>419.</span> <span class='ocrx_word' id='word_1_274' title='bbox 356 2742 500 2780; x_wconf 90' lang='lat' dir='ltr'>Eodem</span> <span class='ocrx_word' id='word_1_275' title='bbox 527 2747 697 2793; x_wconf 83' lang='lat' dir='ltr'>tempore</span> <span class='ocrx_word' id='word_1_276' title='bbox 718 2743 1015 2793; x_wconf 84' lang='lat' dir='ltr'>Burgundiones</span> 
     </span>
     <span class='ocr_line' id='line_1_50' title="bbox 71 2794 1013 2845; baseline 0.002 -13"><span class='ocrx_word' id='word_1_277' title='bbox 71 2794 337 2844; x_wconf 90' lang='lat' dir='ltr'>Burgundiam</span> <span class='ocrx_word' id='word_1_278' title='bbox 372 2799 412 2832; x_wconf 92' lang='lat' dir='ltr'>et</span> <span class='ocrx_word' id='word_1_279' title='bbox 443 2796 584 2833; x_wconf 90' lang='lat' dir='ltr'>Franci</span> <span class='ocrx_word' id='word_1_280' title='bbox 614 2797 833 2845; x_wconf 88' lang='lat' dir='ltr'>provincias</span> <span class='ocrx_word' id='word_1_281' title='bbox 862 2797 1013 2834; x_wconf 86' lang='lat' dir='ltr'>Galliae</span> 
     </span>
     <span class='ocr_line' id='line_1_51' title="bbox 72 2847 1016 2897; baseline 0.003 -13"><span class='ocrx_word' id='word_1_282' title='bbox 72 2847 391 2896; x_wconf 83' lang='lat' dir='ltr'>septentrionales</span> <span class='ocrx_word' id='word_1_283' title='bbox 419 2854 664 2897; x_wconf 89' lang='lat' dir='ltr'>occuparunt.</span> <span class='ocrx_word' id='word_1_284' title='bbox 685 2850 758 2887; x_wconf 88' lang='lat' dir='ltr'>An.</span> <span class='ocrx_word' id='word_1_285' title='bbox 779 2850 855 2888; x_wconf 80' lang='lat'>429</span> <span class='ocrx_word' id='word_1_286' title='bbox 876 2851 1016 2887; x_wconf 88' lang='lat' dir='ltr'>Gense-</span> 
     </span>
     <span class='ocr_line' id='line_1_52' title="bbox 72 2899 1016 2946; baseline 0.003 -9"><span class='ocrx_word' id='word_1_287' title='bbox 72 2899 176 2938; x_wconf 88' lang='lat' dir='ltr'>ricus</span> <span class='ocrx_word' id='word_1_288' title='bbox 207 2912 294 2938; x_wconf 90' lang='lat' dir='ltr'>cum</span> <span class='ocrx_word' id='word_1_289' title='bbox 323 2901 464 2946; x_wconf 87' lang='lat'>80‚000</span> <span class='ocrx_word' id='word_1_290' title='bbox 484 2902 747 2939; x_wconf 86' lang='lat' dir='ltr'>Vandalorum</span> <span class='ocrx_word' id='word_1_291' title='bbox 778 2903 950 2940; x_wconf 75' lang='lat' dir='ltr'>exercitu</span> <span class='ocrx_word' id='word_1_292' title='bbox 967 2915 1016 2940; x_wconf 79' lang='lat' dir='ltr'>ex</span> 
     </span>
     <span class='ocr_line' id='line_1_53' title="bbox 72 2953 1014 3005; baseline 0.003 -15"><span class='ocrx_word' id='word_1_293' title='bbox 72 2953 258 3001; x_wconf 89' lang='lat' dir='ltr'>Hispania</span> <span class='ocrx_word' id='word_1_294' title='bbox 277 2954 434 2991; x_wconf 87' lang='lat' dir='ltr'>transiit</span> <span class='ocrx_word' id='word_1_295' title='bbox 454 2955 492 2991; x_wconf 94' lang='lat' dir='ltr'>in</span> <span class='ocrx_word' id='word_1_296' title='bbox 507 2954 693 3000; x_wconf 87' lang='lat' dir='ltr'>Africam,</span> <span class='ocrx_word' id='word_1_297' title='bbox 713 2968 828 3004; x_wconf 89' lang='lat' dir='ltr'>quam</span> <span class='ocrx_word' id='word_1_298' title='bbox 848 2957 1014 3005; x_wconf 86' lang='lat' dir='ltr'>subegit,</span> 
     </span>
     <span class='ocr_line' id='line_1_54' title="bbox 73 3006 1016 3058; baseline 0.004 -16"><span class='ocrx_word' id='word_1_299' title='bbox 73 3006 258 3055; x_wconf 88' lang='lat' dir='ltr'>regnique</span> <span class='ocrx_word' id='word_1_300' title='bbox 275 3007 477 3044; x_wconf 89' lang='lat' dir='ltr'>Vandalici</span> <span class='ocrx_word' id='word_1_301' title='bbox 494 3008 624 3045; x_wconf 89' lang='lat' dir='ltr'>sedem</span> <span class='ocrx_word' id='word_1_302' title='bbox 641 3009 768 3055; x_wconf 87' lang='lat' dir='ltr'>posuit</span> <span class='ocrx_word' id='word_1_303' title='bbox 783 3009 1016 3058; x_wconf 86' lang='lat' dir='ltr'>Carthagine</span> 
     </span>
     <span class='ocr_line' id='line_1_55' title="bbox 74 3059 1017 3109; baseline 0.005 -14"><span class='ocrx_word' id='word_1_304' title='bbox 74 3069 174 3096; x_wconf 88' lang='lat' dir='ltr'>anno</span> <span class='ocrx_word' id='word_1_305' title='bbox 193 3059 280 3098; x_wconf 86' lang='lat'>439.</span> <span class='ocrx_word' id='word_1_306' title='bbox 302 3059 371 3097; x_wconf 91' lang='lat' dir='ltr'>Isti</span> <span class='ocrx_word' id='word_1_307' title='bbox 403 3062 532 3098; x_wconf 86' lang='lat' dir='ltr'>autem</span> <span class='ocrx_word' id='word_1_308' title='bbox 565 3060 696 3109; x_wconf 85' lang='lat' dir='ltr'>populi</span> <span class='ocrx_word' id='word_1_309' title='bbox 724 3073 792 3109; x_wconf 90' lang='lat' dir='ltr'>pro</span> <span class='ocrx_word' id='word_1_310' title='bbox 812 3061 957 3100; x_wconf 88' lang='lat' dir='ltr'>ferocia</span> <span class='ocrx_word' id='word_1_311' title='bbox 977 3065 1017 3100; x_wconf 91' lang='lat' dir='ltr'>et</span> 
     </span>
    </p>
   </div>
   <div class='ocr_carea' id='block_1_5' title="bbox 77 3163 1018 3288">
    <p class='ocr_par' dir='ltr' id='par_1_7' title="bbox 77 3163 1018 3288">
     <span class='ocr_line' id='line_1_56' title="bbox 115 3163 1018 3207; baseline 0.001 -11"><span class='ocrx_word' id='word_1_312' title='bbox 115 3163 127 3185; x_wconf 87' lang='lat'>¹</span> <span class='ocrx_word' id='word_1_313' title='bbox 144 3166 272 3203; x_wconf 64' lang='lat' dir='ltr'>socrat„</span> <span class='ocrx_word' id='word_1_314' title='bbox 286 3165 305 3196; x_wconf 94' lang='lat' dir='ltr'>l.</span> <span class='ocrx_word' id='word_1_315' title='bbox 321 3166 380 3202; x_wconf 87' lang='lat' dir='ltr'>V,ll</span> <span class='ocrx_word' id='word_1_316' title='bbox 398 3165 493 3204; x_wconf 87' lang='lat' dir='ltr'>c.18;</span> <span class='ocrx_word' id='word_1_317' title='bbox 510 3164 788 3204; x_wconf 59' lang='lat' dir='ltr'>Theodoret„1.V‚</span> <span class='ocrx_word' id='word_1_318' title='bbox 805 3174 829 3197; x_wconf 91' lang='lat' dir='ltr'>c</span> <span class='ocrx_word' id='word_1_319' title='bbox 847 3164 909 3204; x_wconf 88' lang='lat'>39,</span> <span class='ocrx_word' id='word_1_320' title='bbox 932 3167 1018 3207; x_wconf 83' lang='lat' dir='ltr'>Pagi,</span> 
     </span>
     <span class='ocr_line' id='line_1_57' title="bbox 77 3203 397 3238; baseline 0.01 -3"><span class='ocrx_word' id='word_1_321' title='bbox 77 3203 194 3238; x_wconf 73' lang='lat' dir='ltr'>critica</span> <span class='ocrx_word' id='word_1_322' title='bbox 208 3206 247 3237; x_wconf 87' lang='lat' dir='ltr'>ad</span> <span class='ocrx_word' id='word_1_323' title='bbox 263 3215 313 3238; x_wconf 87' lang='lat' dir='ltr'>an.</span> <span class='ocrx_word' id='word_1_324' title='bbox 327 3205 397 3238; x_wconf 76' lang='lat'>420.</span> 
     </span>
     <span class='ocr_line' id='line_1_58' title="bbox 115 3246 343 3288; baseline -0.005 -9"><span class='ocrx_word' id='word_1_325' title='bbox 115 3246 212 3280; x_wconf 83' lang='lat' dir='ltr'>‘²vid.</span> <span class='ocrx_word' id='word_1_326' title='bbox 228 3256 259 3288; x_wconf 85' lang='lat' dir='ltr'>p.</span> <span class='ocrx_word' id='word_1_327' title='bbox 276 3246 343 3278; x_wconf 81' lang='lat'>116.</span> 
     </span>
    </p>
   </div>
   <div class='ocr_carea' id='block_1_6' title="bbox 1856 168 1930 206">
    <p class='ocr_par' dir='ltr' id='par_1_8' title="bbox 1856 168 1930 206">
     <span class='ocr_line' id='line_1_59' title="bbox 1856 168 1930 206; baseline 0 0"><span class='ocrx_word' id='word_1_328' title='bbox 1856 168 1930 206; x_wconf 82' lang='lat'>127</span> 
     </span>
    </p>
   </div>
   <div class='ocr_carea' id='block_1_7' title="bbox 1041 244 2008 3107">
    <p class='ocr_par' dir='ltr' id='par_1_9' title="bbox 1041 244 1988 707">
     <span class='ocr_line' id='line_1_60' title="bbox 1045 244 1983 296; baseline -0.006 -10"><span class='ocrx_word' id='word_1_329' title='bbox 1045 249 1175 286; x_wconf 87' lang='lat' dir='ltr'>furore</span> <span class='ocrx_word' id='word_1_330' title='bbox 1195 247 1331 286; x_wconf 90' lang='lat' dir='ltr'>bellico</span> <span class='ocrx_word' id='word_1_331' title='bbox 1350 247 1429 285; x_wconf 83' lang='lat' dir='ltr'>fere</span> <span class='ocrx_word' id='word_1_332' title='bbox 1447 246 1587 296; x_wconf 89' lang='lat' dir='ltr'>ubique</span> <span class='ocrx_word' id='word_1_333' title='bbox 1601 244 1787 290; x_wconf 89' lang='lat' dir='ltr'>locorum,</span> <span class='ocrx_word' id='word_1_334' title='bbox 1801 255 1870 293; x_wconf 89' lang='lat' dir='ltr'>per</span> <span class='ocrx_word' id='word_1_335' title='bbox 1884 254 1983 292; x_wconf 89' lang='lat' dir='ltr'>quae</span> 
     </span>
     <span class='ocr_line' id='line_1_61' title="bbox 1043 296 1985 349; baseline -0.005 -11"><span class='ocrx_word' id='word_1_336' title='bbox 1043 301 1274 346; x_wconf 88' lang='lat' dir='ltr'>transibant,</span> <span class='ocrx_word' id='word_1_337' title='bbox 1296 301 1385 349; x_wconf 89' lang='lat' dir='ltr'>igne</span> <span class='ocrx_word' id='word_1_338' title='bbox 1406 300 1588 348; x_wconf 87' lang='lat' dir='ltr'>ferroque</span> <span class='ocrx_word' id='word_1_339' title='bbox 1607 297 1851 342; x_wconf 89' lang='lat' dir='ltr'>saevierunt,</span> <span class='ocrx_word' id='word_1_340' title='bbox 1871 296 1985 334; x_wconf 91' lang='lat' dir='ltr'>urbes</span> 
     </span>
     <span class='ocr_line' id='line_1_62' title="bbox 1043 351 1984 402; baseline -0.003 -12"><span class='ocrx_word' id='word_1_341' title='bbox 1043 357 1083 390; x_wconf 91' lang='lat' dir='ltr'>et</span> <span class='ocrx_word' id='word_1_342' title='bbox 1102 365 1220 402; x_wconf 88' lang='lat' dir='ltr'>pagos</span> <span class='ocrx_word' id='word_1_343' title='bbox 1250 355 1548 398; x_wconf 81' lang='lat' dir='ltr'>destruxerunt,</span> <span class='ocrx_word' id='word_1_344' title='bbox 1566 351 1712 401; x_wconf 88' lang='lat' dir='ltr'>templa</span> <span class='ocrx_word' id='word_1_345' title='bbox 1730 354 1769 388; x_wconf 89' lang='lat' dir='ltr'>et</span> <span class='ocrx_word' id='word_1_346' title='bbox 1788 351 1984 388; x_wconf 87' lang='lat' dir='ltr'>monaste-</span> 
     </span>
     <span class='ocr_line' id='line_1_63' title="bbox 1041 402 1986 451; baseline -0.004 -8"><span class='ocrx_word' id='word_1_347' title='bbox 1041 406 1100 443; x_wconf 92' lang='lat' dir='ltr'>ria</span> <span class='ocrx_word' id='word_1_348' title='bbox 1119 406 1388 451; x_wconf 85' lang='lat' dir='ltr'>incenderunt,</span> <span class='ocrx_word' id='word_1_349' title='bbox 1405 406 1565 443; x_wconf 88' lang='lat' dir='ltr'>elericos</span> <span class='ocrx_word' id='word_1_350' title='bbox 1584 408 1623 443; x_wconf 91' lang='lat' dir='ltr'>et</span> <span class='ocrx_word' id='word_1_351' title='bbox 1639 405 1757 442; x_wconf 90' lang='lat' dir='ltr'>laicos</span> <span class='ocrx_word' id='word_1_352' title='bbox 1773 403 1917 440; x_wconf 89' lang='lat' dir='ltr'>multos</span> <span class='ocrx_word' id='word_1_353' title='bbox 1932 402 1986 439; x_wconf 92' lang='lat' dir='ltr'>in-</span> 
     </span>
     <span class='ocr_line' id='line_1_64' title="bbox 1043 455 1987 507; baseline -0.003 -12"><span class='ocrx_word' id='word_1_354' title='bbox 1043 458 1294 504; x_wconf 86' lang='lat' dir='ltr'>terfecerunt,</span> <span class='ocrx_word' id='word_1_355' title='bbox 1303 459 1481 507; x_wconf 85' lang='lat' dir='ltr'>malaque</span> <span class='ocrx_word' id='word_1_356' title='bbox 1497 457 1672 506; x_wconf 86' lang='lat' dir='ltr'>ingentia</span> <span class='ocrx_word' id='word_1_357' title='bbox 1682 455 1866 501; x_wconf 82' lang='lat' dir='ltr'>ecclesiis,</span> <span class='ocrx_word' id='word_1_358' title='bbox 1879 466 1987 504; x_wconf 87' lang='lat' dir='ltr'>prae-</span> 
     </span>
     <span class='ocr_line' id='line_1_65' title="bbox 1044 507 1987 557; baseline -0.003 -9"><span class='ocrx_word' id='word_1_359' title='bbox 1044 512 1177 548; x_wconf 84' lang='lat' dir='ltr'>sertim</span> <span class='ocrx_word' id='word_1_360' title='bbox 1197 511 1235 548; x_wconf 87' lang='lat' dir='ltr'>in</span> <span class='ocrx_word' id='word_1_361' title='bbox 1256 511 1412 557; x_wconf 89' lang='lat' dir='ltr'>Norico,</span> <span class='ocrx_word' id='word_1_362' title='bbox 1435 511 1663 557; x_wconf 88' lang='lat' dir='ltr'>Vindelieia,</span> <span class='ocrx_word' id='word_1_363' title='bbox 1684 509 1867 554; x_wconf 87' lang='lat' dir='ltr'>Rhaetia,</span> <span class='ocrx_word' id='word_1_364' title='bbox 1887 507 1987 545; x_wconf 86' lang='lat' dir='ltr'>Ger-</span> 
     </span>
     <span class='ocr_line' id='line_1_66' title="bbox 1044 560 1988 602; baseline -0.002 -2"><span class='ocrx_word' id='word_1_365' title='bbox 1044 565 1173 601; x_wconf 90' lang='lat' dir='ltr'>mania</span> <span class='ocrx_word' id='word_1_366' title='bbox 1188 575 1350 601; x_wconf 91' lang='lat' dir='ltr'>romana</span> <span class='ocrx_word' id='word_1_367' title='bbox 1366 568 1439 601; x_wconf 89' lang='lat' dir='ltr'>etc.</span> <span class='ocrx_word' id='word_1_368' title='bbox 1455 564 1680 602; x_wconf 88' lang='lat' dir='ltr'>intulerunt.</span> <span class='ocrx_word' id='word_1_369' title='bbox 1699 564 1754 600; x_wconf 91' lang='lat' dir='ltr'>De</span> <span class='ocrx_word' id='word_1_370' title='bbox 1771 560 1988 600; x_wconf 88' lang='lat' dir='ltr'>Vandalica</span> 
     </span>
     <span class='ocr_line' id='line_1_67' title="bbox 1042 614 1988 666; baseline -0.003 -12"><span class='ocrx_word' id='word_1_371' title='bbox 1042 617 1310 666; x_wconf 89' lang='lat' dir='ltr'>persecutione</span> <span class='ocrx_word' id='word_1_372' title='bbox 1330 617 1369 653; x_wconf 91' lang='lat' dir='ltr'>in</span> <span class='ocrx_word' id='word_1_373' title='bbox 1390 617 1630 654; x_wconf 85' lang='lat' dir='ltr'>Christianos</span> <span class='ocrx_word' id='word_1_374' title='bbox 1645 616 1801 654; x_wconf 86' lang='lat' dir='ltr'>Africae</span> <span class='ocrx_word' id='word_1_375' title='bbox 1816 614 1921 652; x_wconf 88' lang='lat' dir='ltr'>infra</span> <span class='ocrx_word' id='word_1_376' title='bbox 1935 614 1988 651; x_wconf 90' lang='lat' dir='ltr'>di-</span> 
     </span>
     <span class='ocr_line' id='line_1_68' title="bbox 1045 670 1191 707; baseline 0 0"><span class='ocrx_word' id='word_1_377' title='bbox 1045 670 1191 707; x_wconf 87' lang='lat' dir='ltr'>cemus.</span> 
     </span>
    </p>

    <p class='ocr_par' dir='ltr' id='par_1_10' title="bbox 1045 721 1996 1239">
     <span class='ocr_line' id='line_1_69' title="bbox 1098 721 1987 771; baseline 0 -12"><span class='ocrx_word' id='word_1_378' title='bbox 1098 724 1253 760; x_wconf 86' lang='lat' dir='ltr'>Interea</span> <span class='ocrx_word' id='word_1_379' title='bbox 1281 723 1448 760; x_wconf 89' lang='lat' dir='ltr'>Arcadio</span> <span class='ocrx_word' id='word_1_380' title='bbox 1476 722 1703 771; x_wconf 90' lang='lat' dir='ltr'>imperatori</span> <span class='ocrx_word' id='word_1_381' title='bbox 1731 721 1898 760; x_wconf 88' lang='lat' dir='ltr'>Orientis</span> <span class='ocrx_word' id='word_1_382' title='bbox 1927 732 1987 759; x_wconf 87' lang='lat' dir='ltr'>an.</span> 
     </span>
     <span class='ocr_line' id='line_1_70' title="bbox 1045 773 1990 819; baseline -0.002 -6"><span class='ocrx_word' id='word_1_383' title='bbox 1045 775 1122 813; x_wconf 89' lang='lat'>408</span> <span class='ocrx_word' id='word_1_384' title='bbox 1141 775 1335 819; x_wconf 90' lang='lat' dir='ltr'>defuncto,</span> <span class='ocrx_word' id='word_1_385' title='bbox 1351 775 1535 812; x_wconf 90' lang='lat' dir='ltr'>successit</span> <span class='ocrx_word' id='word_1_386' title='bbox 1553 775 1790 813; x_wconf 89' lang='lat' dir='ltr'>Theodosius</span> <span class='ocrx_word' id='word_1_387' title='bbox 1809 775 1845 812; x_wconf 93' lang='grc' dir='ltr'>ΙΙ</span> <span class='ocrx_word' id='word_1_388' title='bbox 1864 773 1966 811; x_wconf 87' lang='lat' dir='ltr'>filius</span> <span class='ocrx_word' id='word_1_389' title='bbox 1979 801 1990 819; x_wconf 88' lang='lat'>‚</span> 
     </span>
     <span class='ocr_line' id='line_1_71' title="bbox 1045 828 1990 878; baseline -0.002 -12"><span class='ocrx_word' id='word_1_390' title='bbox 1045 828 1300 878; x_wconf 77' lang='lat' dir='ltr'>legnavitque</span> <span class='ocrx_word' id='word_1_391' title='bbox 1322 839 1444 876; x_wconf 89' lang='lat' dir='ltr'>usque</span> <span class='ocrx_word' id='word_1_392' title='bbox 1465 828 1513 865; x_wconf 90' lang='lat' dir='ltr'>ad</span> <span class='ocrx_word' id='word_1_393' title='bbox 1534 839 1595 865; x_wconf 90' lang='lat' dir='ltr'>an.</span> <span class='ocrx_word' id='word_1_394' title='bbox 1617 828 1711 874; x_wconf 81' lang='lat'>4503</span> <span class='ocrx_word' id='word_1_395' title='bbox 1732 829 1910 876; x_wconf 88' lang='lat' dir='ltr'>princeps</span> <span class='ocrx_word' id='word_1_396' title='bbox 1930 838 1990 863; x_wconf 87' lang='lat' dir='ltr'>ve-</span> 
     </span>
     <span class='ocr_line' id='line_1_72' title="bbox 1045 879 1992 929; baseline -0.003 -10"><span class='ocrx_word' id='word_1_397' title='bbox 1045 894 1087 919; x_wconf 91' lang='lat' dir='ltr'>re</span> <span class='ocrx_word' id='word_1_398' title='bbox 1109 882 1354 926; x_wconf 89' lang='lat' dir='ltr'>christianus,</span> <span class='ocrx_word' id='word_1_399' title='bbox 1375 881 1506 929; x_wconf 88' lang='lat' dir='ltr'>plures</span> <span class='ocrx_word' id='word_1_400' title='bbox 1526 880 1631 928; x_wconf 88' lang='lat' dir='ltr'>leges</span> <span class='ocrx_word' id='word_1_401' title='bbox 1651 881 1846 918; x_wconf 89' lang='lat' dir='ltr'>Ecclesiae</span> <span class='ocrx_word' id='word_1_402' title='bbox 1865 883 1906 917; x_wconf 87' lang='lat' dir='ltr'>et</span> <span class='ocrx_word' id='word_1_403' title='bbox 1924 879 1992 916; x_wconf 91' lang='lat' dir='ltr'>im-</span> 
     </span>
     <span class='ocr_line' id='line_1_73' title="bbox 1048 932 1991 984; baseline -0.004 -12"><span class='ocrx_word' id='word_1_404' title='bbox 1048 935 1143 984; x_wconf 90' lang='lat' dir='ltr'>perii</span> <span class='ocrx_word' id='word_1_405' title='bbox 1164 935 1263 972; x_wconf 91' lang='lat' dir='ltr'>bono</span> <span class='ocrx_word' id='word_1_406' title='bbox 1283 934 1384 972; x_wconf 87' lang='lat' dir='ltr'>tulit.</span> <span class='ocrx_word' id='word_1_407' title='bbox 1401 934 1443 970; x_wconf 94' lang='lat' dir='ltr'>In</span> <span class='ocrx_word' id='word_1_408' title='bbox 1458 934 1664 971; x_wconf 86' lang='lat' dir='ltr'>Occidente</span> <span class='ocrx_word' id='word_1_409' title='bbox 1681 936 1765 982; x_wconf 89' lang='lat' dir='ltr'>post</span> <span class='ocrx_word' id='word_1_410' title='bbox 1780 932 1991 971; x_wconf 91' lang='lat' dir='ltr'>Honorium</span> 
     </span>
     <span class='ocr_line' id='line_1_74' title="bbox 1048 985 1993 1035; baseline -0.005 -9"><span class='ocrx_word' id='word_1_411' title='bbox 1048 1001 1108 1026; x_wconf 89' lang='lat' dir='ltr'>an.</span> <span class='ocrx_word' id='word_1_412' title='bbox 1144 988 1221 1025; x_wconf 87' lang='lat'>423</span> <span class='ocrx_word' id='word_1_413' title='bbox 1256 987 1482 1024; x_wconf 88' lang='lat' dir='ltr'>defunctum</span> <span class='ocrx_word' id='word_1_414' title='bbox 1500 1016 1509 1031; x_wconf 95' lang='lat'>,</span> <span class='ocrx_word' id='word_1_415' title='bbox 1547 987 1794 1035; x_wconf 75' lang='lat' dir='ltr'>tyrannidem</span> <span class='ocrx_word' id='word_1_416' title='bbox 1829 985 1993 1034; x_wconf 89' lang='lat' dir='ltr'>arripuit</span> 
     </span>
     <span class='ocr_line' id='line_1_75' title="bbox 1049 1039 1994 1088; baseline -0.003 -10"><span class='ocrx_word' id='word_1_417' title='bbox 1049 1043 1229 1088; x_wconf 84' lang='lat' dir='ltr'>Ioannes3</span> <span class='ocrx_word' id='word_1_418' title='bbox 1251 1041 1316 1078; x_wconf 91' lang='lat' dir='ltr'>sed</span> <span class='ocrx_word' id='word_1_419' title='bbox 1336 1040 1399 1077; x_wconf 90' lang='lat' dir='ltr'>hic</span> <span class='ocrx_word' id='word_1_420' title='bbox 1419 1052 1442 1078; x_wconf 89' lang='lat' dir='ltr'>a</span> <span class='ocrx_word' id='word_1_421' title='bbox 1461 1040 1665 1077; x_wconf 89' lang='lat' dir='ltr'>Theodosii</span> <span class='ocrx_word' id='word_1_422' title='bbox 1682 1040 1718 1076; x_wconf 94' lang='grc' dir='ltr'>ΙΙ</span> <span class='ocrx_word' id='word_1_423' title='bbox 1735 1039 1896 1076; x_wconf 87' lang='lat' dir='ltr'>ducibus</span> <span class='ocrx_word' id='word_1_424' title='bbox 1911 1050 1994 1087; x_wconf 91' lang='lat' dir='ltr'>pro·</span> 
     </span>
     <span class='ocr_line' id='line_1_76' title="bbox 1049 1091 1996 1143; baseline -0.004 -11"><span class='ocrx_word' id='word_1_425' title='bbox 1049 1095 1206 1143; x_wconf 87' lang='lat' dir='ltr'>fligatus</span> <span class='ocrx_word' id='word_1_426' title='bbox 1226 1096 1298 1140; x_wconf 89' lang='lat' dir='ltr'>est,</span> <span class='ocrx_word' id='word_1_427' title='bbox 1319 1096 1358 1131; x_wconf 92' lang='lat' dir='ltr'>et</span> <span class='ocrx_word' id='word_1_428' title='bbox 1377 1093 1597 1130; x_wconf 89' lang='lat' dir='ltr'>Occidentis</span> <span class='ocrx_word' id='word_1_429' title='bbox 1617 1092 1824 1141; x_wconf 90' lang='lat' dir='ltr'>imperium</span> <span class='ocrx_word' id='word_1_430' title='bbox 1844 1091 1996 1139; x_wconf 84' lang='lat' dir='ltr'>accepit</span> 
     </span>
     <span class='ocr_line' id='line_1_77' title="bbox 1048 1143 1996 1195; baseline -0.004 -10"><span class='ocrx_word' id='word_1_431' title='bbox 1048 1147 1348 1185; x_wconf 88' lang='lat' dir='ltr'>Valentinianus</span> <span class='ocrx_word' id='word_1_432' title='bbox 1369 1146 1438 1193; x_wconf 93' lang='grc' dir='ltr'>ΙΙΙ,</span> <span class='ocrx_word' id='word_1_433' title='bbox 1458 1146 1523 1195; x_wconf 88' lang='lat' dir='ltr'>qui</span> <span class='ocrx_word' id='word_1_434' title='bbox 1544 1157 1664 1194; x_wconf 87' lang='lat' dir='ltr'>usque</span> <span class='ocrx_word' id='word_1_435' title='bbox 1685 1146 1733 1183; x_wconf 87' lang='lat' dir='ltr'>ad</span> <span class='ocrx_word' id='word_1_436' title='bbox 1753 1156 1901 1182; x_wconf 89' lang='lat' dir='ltr'>annum</span> <span class='ocrx_word' id='word_1_437' title='bbox 1920 1143 1996 1181; x_wconf 83' lang='lat'>455</span> 
     </span>
     <span class='ocr_line' id='line_1_78' title="bbox 1049 1200 1244 1250; baseline -0.005 -11"><span class='ocrx_word' id='word_1_438' title='bbox 1049 1200 1244 1250; x_wconf 88' lang='lat' dir='ltr'>regnavit.</span> 
     </span>
    </p>

    <p class='ocr_par' dir='ltr' id='par_1_11' title="bbox 1051 1249 2008 2045">
     <span class='ocr_line' id='line_1_79' title="bbox 1102 1249 1996 1301; baseline -0.005 -10"><span class='ocrx_word' id='word_1_439' title='bbox 1102 1255 1163 1291; x_wconf 85' lang='lat'>78.</span> <span class='ocrx_word' id='word_1_440' title='bbox 1175 1254 1428 1291; x_wconf 78' lang='lat' dir='ltr'>Caelestmus</span> <span class='ocrx_word' id='word_1_441' title='bbox 1439 1253 1636 1301; x_wconf 75' lang='lat' dir='ltr'>Pontifex</span> <span class='ocrx_word' id='word_1_442' title='bbox 1647 1251 1733 1301; x_wconf 81' lang='lat' dir='ltr'>(cm.</span> <span class='ocrx_word' id='word_1_443' title='bbox 1737 1249 1923 1300; x_wconf 87' lang='lat' dir='ltr'>423)-S.</span> <span class='ocrx_word' id='word_1_444' title='bbox 1927 1250 1996 1287; x_wconf 88' lang='lat' dir='ltr'>Bo-</span> 
     </span>
     <span class='ocr_line' id='line_1_80' title="bbox 1051 1303 1997 1355; baseline -0.005 -11"><span class='ocrx_word' id='word_1_445' title='bbox 1051 1306 1203 1353; x_wconf 89' lang='lat' dir='ltr'>nifacio,</span> <span class='ocrx_word' id='word_1_446' title='bbox 1223 1318 1343 1355; x_wconf 90' lang='lat' dir='ltr'>quum</span> <span class='ocrx_word' id='word_1_447' title='bbox 1364 1306 1475 1343; x_wconf 88' lang='lat' dir='ltr'>annis</span> <span class='ocrx_word' id='word_1_448' title='bbox 1494 1305 1576 1343; x_wconf 86' lang='lat' dir='ltr'>fere</span> <span class='ocrx_word' id='word_1_449' title='bbox 1595 1307 1620 1344; x_wconf 84' lang='lat'>5</span> <span class='ocrx_word' id='word_1_450' title='bbox 1639 1304 1853 1343; x_wconf 86' lang='lat' dir='ltr'>Ecclesiam</span> <span class='ocrx_word' id='word_1_451' title='bbox 1873 1303 1997 1340; x_wconf 85' lang='lat' dir='ltr'>rexis-</span> 
     </span>
     <span class='ocr_line' id='line_1_81' title="bbox 1052 1355 2002 1407; baseline -0.004 -10"><span class='ocrx_word' id='word_1_452' title='bbox 1052 1364 1124 1407; x_wconf 91' lang='lat' dir='ltr'>set,</span> <span class='ocrx_word' id='word_1_453' title='bbox 1143 1361 1192 1397; x_wconf 89' lang='lat' dir='ltr'>ad</span> <span class='ocrx_word' id='word_1_454' title='bbox 1212 1360 1334 1397; x_wconf 88' lang='lat' dir='ltr'>vitam</span> <span class='ocrx_word' id='word_1_455' title='bbox 1359 1359 1619 1397; x_wconf 88' lang='lat' dir='ltr'>immortalem</span> <span class='ocrx_word' id='word_1_456' title='bbox 1639 1360 1812 1404; x_wconf 90' lang='lat' dir='ltr'>evocato,</span> <span class='ocrx_word' id='word_1_457' title='bbox 1836 1355 2002 1406; x_wconf 82' lang='lat' dir='ltr'>pacifica</span> 
     </span>
     <span class='ocr_line' id='line_1_82' title="bbox 1054 1411 2000 1462; baseline -0.005 -11"><span class='ocrx_word' id='word_1_458' title='bbox 1054 1414 1242 1451; x_wconf 91' lang='lat' dir='ltr'>electione</span> <span class='ocrx_word' id='word_1_459' title='bbox 1262 1414 1496 1462; x_wconf 88' lang='lat' dir='ltr'>subrogatus</span> <span class='ocrx_word' id='word_1_460' title='bbox 1512 1415 1571 1450; x_wconf 91' lang='lat' dir='ltr'>est</span> <span class='ocrx_word' id='word_1_461' title='bbox 1590 1411 1844 1456; x_wconf 89' lang='lat' dir='ltr'>Caelestinus,</span> <span class='ocrx_word' id='word_1_462' title='bbox 1859 1411 2000 1447; x_wconf 86' lang='lat' dir='ltr'>Roma-</span> 
     </span>
     <span class='ocr_line' id='line_1_83' title="bbox 1054 1464 2000 1515; baseline -0.005 -11"><span class='ocrx_word' id='word_1_463' title='bbox 1054 1479 1138 1513; x_wconf 90' lang='lat' dir='ltr'>nus,</span> <span class='ocrx_word' id='word_1_464' title='bbox 1159 1466 1224 1515; x_wconf 91' lang='lat' dir='ltr'>qui</span> <span class='ocrx_word' id='word_1_465' title='bbox 1255 1478 1378 1514; x_wconf 88' lang='lat' dir='ltr'>usque</span> <span class='ocrx_word' id='word_1_466' title='bbox 1408 1466 1456 1503; x_wconf 91' lang='lat' dir='ltr'>ad</span> <span class='ocrx_word' id='word_1_467' title='bbox 1486 1478 1548 1503; x_wconf 91' lang='lat' dir='ltr'>an.</span> <span class='ocrx_word' id='word_1_468' title='bbox 1569 1466 1647 1504; x_wconf 88' lang='lat'>432</span> <span class='ocrx_word' id='word_1_469' title='bbox 1667 1464 1864 1503; x_wconf 89' lang='lat' dir='ltr'>Ecclesiae</span> <span class='ocrx_word' id='word_1_470' title='bbox 1883 1473 2000 1512; x_wconf 88' lang='lat' dir='ltr'>prae-</span> 
     </span>
     <span class='ocr_line' id='line_1_84' title="bbox 1054 1517 2003 1558; baseline -0.005 -1"><span class='ocrx_word' id='word_1_471' title='bbox 1054 1520 1139 1558; x_wconf 85' lang='lat' dir='ltr'>fuit.</span> <span class='ocrx_word' id='word_1_472' title='bbox 1157 1520 1230 1557; x_wconf 87' lang='lat' dir='ltr'>Hic</span> <span class='ocrx_word' id='word_1_473' title='bbox 1245 1519 1429 1556; x_wconf 80' lang='lat' dir='ltr'>Pontifex</span> <span class='ocrx_word' id='word_1_474' title='bbox 1443 1519 1687 1557; x_wconf 89' lang='lat' dir='ltr'>decessorum</span> <span class='ocrx_word' id='word_1_475' title='bbox 1697 1529 1855 1555; x_wconf 91' lang='lat' dir='ltr'>suorum</span> <span class='ocrx_word' id='word_1_476' title='bbox 1871 1517 2003 1554; x_wconf 90' lang='lat' dir='ltr'>decre-</span> 
     </span>
     <span class='ocr_line' id='line_1_85' title="bbox 1054 1568 2000 1621; baseline -0.004 -11"><span class='ocrx_word' id='word_1_477' title='bbox 1054 1576 1096 1611; x_wconf 86' lang='lat' dir='ltr'>ta</span> <span class='ocrx_word' id='word_1_478' title='bbox 1125 1575 1262 1610; x_wconf 86' lang='lat' dir='ltr'>contra</span> <span class='ocrx_word' id='word_1_479' title='bbox 1281 1573 1513 1621; x_wconf 89' lang='lat' dir='ltr'>Pelagianos</span> <span class='ocrx_word' id='word_1_480' title='bbox 1540 1571 1822 1609; x_wconf 89' lang='lat' dir='ltr'>inviolabiliter</span> <span class='ocrx_word' id='word_1_481' title='bbox 1850 1568 2000 1607; x_wconf 89' lang='lat' dir='ltr'>servari</span> 
     </span>
     <span class='ocr_line' id='line_1_86' title="bbox 1055 1623 2004 1664; baseline -0.005 0"><span class='ocrx_word' id='word_1_482' title='bbox 1055 1627 1256 1664; x_wconf 90' lang='lat' dir='ltr'>mandavit</span> <span class='ocrx_word' id='word_1_483' title='bbox 1290 1625 1313 1664; x_wconf 85' lang='lat'>¹.</span> <span class='ocrx_word' id='word_1_484' title='bbox 1348 1625 1578 1664; x_wconf 88' lang='lat' dir='ltr'>Nestorium</span> <span class='ocrx_word' id='word_1_485' title='bbox 1612 1623 1929 1662; x_wconf 86' lang='lat' dir='ltr'>haeresiarcham</span> <span class='ocrx_word' id='word_1_486' title='bbox 1963 1623 2004 1659; x_wconf 92' lang='lat' dir='ltr'>et</span> 
     </span>
     <span class='ocr_line' id='line_1_87' title="bbox 1056 1676 2005 1728; baseline -0.005 -11"><span class='ocrx_word' id='word_1_487' title='bbox 1056 1679 1399 1728; x_wconf 87' lang='lat' dir='ltr'>Semipelagianos,</span> <span class='ocrx_word' id='word_1_488' title='bbox 1429 1680 1475 1716; x_wconf 92' lang='lat' dir='ltr'>de</span> <span class='ocrx_word' id='word_1_489' title='bbox 1505 1679 1646 1726; x_wconf 89' lang='lat' dir='ltr'>quibus</span> <span class='ocrx_word' id='word_1_490' title='bbox 1683 1677 1787 1715; x_wconf 89' lang='lat' dir='ltr'>infra</span> <span class='ocrx_word' id='word_1_491' title='bbox 1817 1676 2005 1722; x_wconf 89' lang='lat' dir='ltr'>dicemus,</span> 
     </span>
     <span class='ocr_line' id='line_1_88' title="bbox 1057 1729 2003 1782; baseline -0.005 -12"><span class='ocrx_word' id='word_1_492' title='bbox 1057 1733 1302 1782; x_wconf 89' lang='lat' dir='ltr'>compescuit.</span> <span class='ocrx_word' id='word_1_493' title='bbox 1324 1732 1361 1770; x_wconf 95' lang='lat' dir='ltr'>N</span> <span class='ocrx_word' id='word_1_494' title='bbox 1365 1731 1556 1769; x_wconf 85' lang='lat' dir='ltr'>ovatianis</span> <span class='ocrx_word' id='word_1_495' title='bbox 1576 1731 1782 1777; x_wconf 90' lang='lat' dir='ltr'>ecclesias,</span> <span class='ocrx_word' id='word_1_496' title='bbox 1802 1741 1899 1779; x_wconf 89' lang='lat' dir='ltr'>quas</span> <span class='ocrx_word' id='word_1_497' title='bbox 1919 1729 2003 1765; x_wconf 83' lang='lat' dir='ltr'>Ro-</span> 
     </span>
     <span class='ocr_line' id='line_1_89' title="bbox 1056 1783 2003 1835; baseline -0.005 -12"><span class='ocrx_word' id='word_1_498' title='bbox 1056 1798 1141 1823; x_wconf 91' lang='lat' dir='ltr'>mae</span> <span class='ocrx_word' id='word_1_499' title='bbox 1170 1786 1424 1835; x_wconf 88' lang='lat' dir='ltr'>occupabant,</span> <span class='ocrx_word' id='word_1_500' title='bbox 1453 1785 1611 1830; x_wconf 91' lang='lat' dir='ltr'>ademit,</span> <span class='ocrx_word' id='word_1_501' title='bbox 1632 1785 1727 1822; x_wconf 90' lang='lat' dir='ltr'>adeo</span> <span class='ocrx_word' id='word_1_502' title='bbox 1754 1788 1798 1821; x_wconf 92' lang='lat' dir='ltr'>ut</span> <span class='ocrx_word' id='word_1_503' title='bbox 1816 1783 2003 1821; x_wconf 84' lang='lat' dir='ltr'>Rustico-</span> 
     </span>
     <span class='ocr_line' id='line_1_90' title="bbox 1055 1835 2007 1887; baseline -0.005 -11"><span class='ocrx_word' id='word_1_504' title='bbox 1055 1839 1118 1885; x_wconf 89' lang='lat' dir='ltr'>la,</span> <span class='ocrx_word' id='word_1_505' title='bbox 1147 1851 1283 1876; x_wconf 90' lang='lat' dir='ltr'>eorum</span> <span class='ocrx_word' id='word_1_506' title='bbox 1313 1839 1538 1887; x_wconf 87' lang='lat' dir='ltr'>episcopus,</span> <span class='ocrx_word' id='word_1_507' title='bbox 1568 1837 1717 1887; x_wconf 89' lang='lat' dir='ltr'>plebem</span> <span class='ocrx_word' id='word_1_508' title='bbox 1750 1848 1859 1874; x_wconf 89' lang='lat' dir='ltr'>suam</span> <span class='ocrx_word' id='word_1_509' title='bbox 1893 1835 2007 1872; x_wconf 81' lang='lat' dir='ltr'>extra</span> 
     </span>
     <span class='ocr_line' id='line_1_91' title="bbox 1055 1886 2007 1949; baseline -0.006 -19"><span class='ocrx_word' id='word_1_510' title='bbox 1055 1892 1230 1941; x_wconf 89' lang='lat' dir='ltr'>privatas</span> <span class='ocrx_word' id='word_1_511' title='bbox 1249 1892 1363 1929; x_wconf 88' lang='lat' dir='ltr'>aedes</span> <span class='ocrx_word' id='word_1_512' title='bbox 1382 1891 1565 1939; x_wconf 87' lang='lat' dir='ltr'>colligere</span> <span class='ocrx_word' id='word_1_513' title='bbox 1585 1903 1660 1928; x_wconf 94' lang='lat' dir='ltr'>non</span> <span class='ocrx_word' id='word_1_514' title='bbox 1675 1892 1851 1949; x_wconf 83' lang='lat' dir='ltr'>posset.</span> <span class='ocrx_word' id='word_1_515' title='bbox 1823 1888 1838 1909; x_wconf 71' lang='lat'>2</span> <span class='ocrx_word' id='word_1_516' title='bbox 1869 1888 1907 1926; x_wconf 86' lang='lat' dir='ltr'>S.</span> <span class='ocrx_word' id='word_1_517' title='bbox 1920 1886 2007 1925; x_wconf 89' lang='lat' dir='ltr'>Pal-</span> 
     </span>
     <span class='ocr_line' id='line_1_92' title="bbox 1057 1942 2008 1992; baseline -0.005 -10"><span class='ocrx_word' id='word_1_518' title='bbox 1057 1945 1202 1982; x_wconf 88' lang='lat' dir='ltr'>ladium</span> <span class='ocrx_word' id='word_1_519' title='bbox 1231 1945 1280 1983; x_wconf 90' lang='lat' dir='ltr'>ad</span> <span class='ocrx_word' id='word_1_520' title='bbox 1308 1945 1444 1982; x_wconf 88' lang='lat' dir='ltr'>Scotos</span> <span class='ocrx_word' id='word_1_521' title='bbox 1478 1944 1688 1981; x_wconf 88' lang='lat' dir='ltr'>destinavit</span> <span class='ocrx_word' id='word_1_522' title='bbox 1716 1942 1938 1992; x_wconf 90' lang='lat' dir='ltr'>episcopum</span> <span class='ocrx_word' id='word_1_523' title='bbox 1966 1942 2008 1977; x_wconf 87' lang='lat' dir='ltr'>et</span> 
     </span>
     <span class='ocr_line' id='line_1_93' title="bbox 1056 1998 1522 2047; baseline -0.004 -11"><span class='ocrx_word' id='word_1_524' title='bbox 1056 1998 1261 2047; x_wconf 88' lang='lat' dir='ltr'>Evangelii</span> <span class='ocrx_word' id='word_1_525' title='bbox 1281 2009 1522 2045; x_wconf 87' lang='lat' dir='ltr'>praeconem.</span> 
     </span>
    </p>

    <p class='ocr_par' dir='ltr' id='par_1_12' title="bbox 1055 2049 2008 3107">
     <span class='ocr_line' id='line_1_94' title="bbox 1109 2049 2004 2099; baseline -0.007 -10"><span class='ocrx_word' id='word_1_526' title='bbox 1109 2052 1171 2089; x_wconf 88' lang='lat'>79.</span> <span class='ocrx_word' id='word_1_527' title='bbox 1191 2051 1251 2089; x_wconf 77' lang='lat' dir='ltr'>Ss.</span> <span class='ocrx_word' id='word_1_528' title='bbox 1268 2050 1802 2099; x_wconf 70' lang='lat' dir='ltr'>HoemnymzetAuyustmz&#39;</span> <span class='ocrx_word' id='word_1_529' title='bbox 1819 2049 2004 2086; x_wconf 78' lang='lat' dir='ltr'>obitus—</span> 
     </span>
     <span class='ocr_line' id='line_1_95' title="bbox 1056 2102 2008 2153; baseline -0.005 -11"><span class='ocrx_word' id='word_1_530' title='bbox 1056 2105 1210 2142; x_wconf 88' lang='lat' dir='ltr'>Interea</span> <span class='ocrx_word' id='word_1_531' title='bbox 1222 2117 1250 2142; x_wconf 87' lang='lat' dir='ltr'>s.</span> <span class='ocrx_word' id='word_1_532' title='bbox 1263 2104 1548 2153; x_wconf 71' lang='lat' dir='ltr'>Hieronymus</span> <span class='ocrx_word' id='word_1_533' title='bbox 1538 2116 1577 2141; x_wconf 91' lang='lat' dir='ltr'>1n</span> <span class='ocrx_word' id='word_1_534' title='bbox 1592 2102 1864 2141; x_wconf 87' lang='lat' dir='ltr'>Bethlemitico</span> <span class='ocrx_word' id='word_1_535' title='bbox 1880 2112 2008 2138; x_wconf 90' lang='lat' dir='ltr'>seces-</span> 
     </span>
     <span class='ocr_line' id='line_1_96' title="bbox 1057 2154 2006 2207; baseline -0.005 -12"><span class='ocrx_word' id='word_1_536' title='bbox 1057 2171 1102 2196; x_wconf 89' lang='lat' dir='ltr'>su</span> <span class='ocrx_word' id='word_1_537' title='bbox 1130 2159 1232 2195; x_wconf 90' lang='lat' dir='ltr'>inter</span> <span class='ocrx_word' id='word_1_538' title='bbox 1259 2158 1417 2207; x_wconf 87' lang='lat' dir='ltr'>pietatis</span> <span class='ocrx_word' id='word_1_539' title='bbox 1446 2161 1486 2194; x_wconf 88' lang='lat' dir='ltr'>et</span> <span class='ocrx_word' id='word_1_540' title='bbox 1505 2157 1723 2195; x_wconf 89' lang='lat' dir='ltr'>studiorum</span> <span class='ocrx_word' id='word_1_541' title='bbox 1740 2154 1928 2193; x_wconf 86' lang='lat' dir='ltr'>exercitia</span> <span class='ocrx_word' id='word_1_542' title='bbox 1943 2166 2006 2191; x_wconf 90' lang='lat' dir='ltr'>an.</span> 
     </span>
     <span class='ocr_line' id='line_1_97' title="bbox 1058 2209 2007 2261; baseline -0.006 -12"><span class='ocrx_word' id='word_1_543' title='bbox 1058 2212 1135 2249; x_wconf 89' lang='lat'>420</span> <span class='ocrx_word' id='word_1_544' title='bbox 1154 2223 1273 2261; x_wconf 91' lang='lat' dir='ltr'>prope</span> <span class='ocrx_word' id='word_1_545' title='bbox 1296 2210 1579 2260; x_wconf 88' lang='lat' dir='ltr'>nonagenarius</span> <span class='ocrx_word' id='word_1_546' title='bbox 1607 2210 1712 2247; x_wconf 90' lang='lat' dir='ltr'>obiit.</span> <span class='ocrx_word' id='word_1_547' title='bbox 1742 2209 1829 2247; x_wconf 93' lang='lat' dir='ltr'>Non</span> <span class='ocrx_word' id='word_1_548' title='bbox 1849 2209 2007 2245; x_wconf 91' lang='lat' dir='ltr'>tantum</span> 
     </span>
     <span class='ocr_line' id='line_1_98' title="bbox 1058 2259 2008 2310; baseline -0.005 -8"><span class='ocrx_word' id='word_1_549' title='bbox 1058 2265 1162 2302; x_wconf 90' lang='lat' dir='ltr'>vitae</span> <span class='ocrx_word' id='word_1_550' title='bbox 1187 2264 1409 2310; x_wconf 87' lang='lat' dir='ltr'>sanctitate,</span> <span class='ocrx_word' id='word_1_551' title='bbox 1430 2264 1496 2301; x_wconf 85' lang='lat' dir='ltr'>sed</span> <span class='ocrx_word' id='word_1_552' title='bbox 1521 2264 1624 2301; x_wconf 93' lang='lat' dir='ltr'>omni</span> <span class='ocrx_word' id='word_1_553' title='bbox 1641 2263 1757 2300; x_wconf 89' lang='lat' dir='ltr'>etiam</span> <span class='ocrx_word' id='word_1_554' title='bbox 1779 2259 2008 2299; x_wconf 89' lang='lat' dir='ltr'>eruditionis</span> 
     </span>
     <span class='ocr_line' id='line_1_99' title="bbox 1058 2315 2005 2373; baseline -0.005 -18"><span class='ocrx_word' id='word_1_555' title='bbox 1058 2329 1198 2367; x_wconf 88' lang='lat' dir='ltr'>genere</span> <span class='ocrx_word' id='word_1_556' title='bbox 1214 2317 1517 2366; x_wconf 88' lang='lat' dir='ltr'>spectatissimus</span> <span class='ocrx_word' id='word_1_557' title='bbox 1532 2319 1629 2363; x_wconf 89' lang='lat' dir='ltr'>erat,</span> <span class='ocrx_word' id='word_1_558' title='bbox 1650 2316 1744 2353; x_wconf 88' lang='lat' dir='ltr'>adeo</span> <span class='ocrx_word' id='word_1_559' title='bbox 1761 2316 1803 2352; x_wconf 89' lang='lat' dir='ltr'>ut</span> <span class='ocrx_word' id='word_1_560' title='bbox 1822 2326 1850 2352; x_wconf 88' lang='lat' dir='ltr'>s.</span> <span class='ocrx_word' id='word_1_561' title='bbox 1867 2315 2005 2373; x_wconf 82' lang='lat' dir='ltr'>Augu-</span> 
     </span>
     <span class='ocr_line' id='line_1_100' title="bbox 1058 2366 2008 2417; baseline -0.005 -9"><span class='ocrx_word' id='word_1_562' title='bbox 1058 2371 1194 2417; x_wconf 88' lang='lat' dir='ltr'>stinus,</span> <span class='ocrx_word' id='word_1_563' title='bbox 1210 2383 1238 2409; x_wconf 91' lang='lat' dir='ltr'>s.</span> <span class='ocrx_word' id='word_1_564' title='bbox 1252 2371 1454 2415; x_wconf 88' lang='lat' dir='ltr'>Paulinus,</span> <span class='ocrx_word' id='word_1_565' title='bbox 1465 2382 1493 2407; x_wconf 92' lang='lat' dir='ltr'>s.</span> <span class='ocrx_word' id='word_1_566' title='bbox 1507 2370 1766 2414; x_wconf 88' lang='lat' dir='ltr'>Chromatius,</span> <span class='ocrx_word' id='word_1_567' title='bbox 1775 2368 1916 2416; x_wconf 87' lang='lat' dir='ltr'>aliique</span> <span class='ocrx_word' id='word_1_568' title='bbox 1931 2366 2008 2403; x_wconf 89' lang='lat' dir='ltr'>viri</span> 
     </span>
     <span class='ocr_line' id='line_1_101' title="bbox 1057 2398 2005 2478; baseline -0.006 -17"><span class='ocrx_word' id='word_1_569' title='bbox 1057 2424 1160 2461; x_wconf 91' lang='lat' dir='ltr'>docti</span> <span class='ocrx_word' id='word_1_570' title='bbox 1199 2435 1287 2460; x_wconf 86' lang='lat' dir='ltr'>eum</span> <span class='ocrx_word' id='word_1_571' title='bbox 1324 2424 1364 2461; x_wconf 90' lang='lat' dir='ltr'>in</span> <span class='ocrx_word' id='word_1_572' title='bbox 1402 2423 1680 2460; x_wconf 88' lang='lat' dir='ltr'>difficilioribus</span> <span class='ocrx_word' id='word_1_573' title='bbox 1715 2398 2005 2478; x_wconf 81' lang='lat' dir='ltr'>quaestionibus</span> 
     </span>
     <span class='ocr_line' id='line_1_102' title="bbox 1058 2471 2008 2525; baseline -0.005 -11"><span class='ocrx_word' id='word_1_574' title='bbox 1058 2477 1317 2514; x_wconf 88' lang='lat' dir='ltr'>consulerent.</span> <span class='ocrx_word' id='word_1_575' title='bbox 1347 2477 1390 2514; x_wconf 95' lang='lat' dir='ltr'>In</span> <span class='ocrx_word' id='word_1_576' title='bbox 1419 2476 1552 2525; x_wconf 91' lang='lat' dir='ltr'>primis</span> <span class='ocrx_word' id='word_1_577' title='bbox 1585 2476 1767 2513; x_wconf 90' lang='lat' dir='ltr'>mandato</span> <span class='ocrx_word' id='word_1_578' title='bbox 1794 2486 1822 2511; x_wconf 89' lang='lat' dir='ltr'>s.</span> <span class='ocrx_word' id='word_1_579' title='bbox 1849 2471 2008 2510; x_wconf 87' lang='lat' dir='ltr'>Damasi</span> 
     </span>
     <span class='ocr_line' id='line_1_103' title="bbox 1059 2528 2007 2579; baseline -0.006 -11"><span class='ocrx_word' id='word_1_580' title='bbox 1059 2531 1141 2579; x_wconf 90' lang='lat' dir='ltr'>Pp.,</span> <span class='ocrx_word' id='word_1_581' title='bbox 1163 2532 1206 2568; x_wconf 89' lang='lat' dir='ltr'>ut</span> <span class='ocrx_word' id='word_1_582' title='bbox 1226 2530 1406 2575; x_wconf 83' lang='lat' dir='ltr'>diximus,</span> <span class='ocrx_word' id='word_1_583' title='bbox 1428 2531 1604 2566; x_wconf 87' lang='lat' dir='ltr'>veterem</span> <span class='ocrx_word' id='word_1_584' title='bbox 1626 2541 1674 2566; x_wconf 91' lang='lat' dir='ltr'>ss.</span> <span class='ocrx_word' id='word_1_585' title='bbox 1698 2528 1903 2565; x_wconf 85' lang='lat' dir='ltr'>Librorum</span> <span class='ocrx_word' id='word_1_586' title='bbox 1923 2536 2007 2562; x_wconf 87' lang='lat' dir='ltr'>ver-</span> 
     </span>
     <span class='ocr_line' id='line_1_104' title="bbox 1056 2579 2007 2629; baseline -0.007 -8"><span class='ocrx_word' id='word_1_587' title='bbox 1056 2586 1201 2621; x_wconf 89' lang='lat' dir='ltr'>sionem</span> <span class='ocrx_word' id='word_1_588' title='bbox 1230 2583 1406 2629; x_wconf 90' lang='lat' dir='ltr'>latinam,</span> <span class='ocrx_word' id='word_1_589' title='bbox 1426 2583 1568 2620; x_wconf 88' lang='lat' dir='ltr'>dictam</span> <span class='ocrx_word' id='word_1_590' title='bbox 1597 2582 1750 2627; x_wconf 90' lang='lat' dir='ltr'>Italam,</span> <span class='ocrx_word' id='word_1_591' title='bbox 1794 2579 2007 2616; x_wconf 88' lang='lat' dir='ltr'>secundum</span> 
     </span>
     <span class='ocr_line' id='line_1_105' title="bbox 1056 2632 2002 2675; baseline -0.007 0"><span class='ocrx_word' id='word_1_592' title='bbox 1056 2639 1208 2675; x_wconf 87' lang='lat' dir='ltr'>textum</span> <span class='ocrx_word' id='word_1_593' title='bbox 1228 2637 1423 2674; x_wconf 86' lang='lat' dir='ltr'>Graecum</span> <span class='ocrx_word' id='word_1_594' title='bbox 1443 2636 1626 2673; x_wconf 78' lang='lat' dir='ltr'>correxit.</span> <span class='ocrx_word' id='word_1_595' title='bbox 1644 2635 1787 2672; x_wconf 90' lang='lat' dir='ltr'>Postea</span> <span class='ocrx_word' id='word_1_596' title='bbox 1801 2632 1849 2670; x_wconf 87' lang='lat' dir='ltr'>V.</span> <span class='ocrx_word' id='word_1_597' title='bbox 1866 2632 2002 2669; x_wconf 89' lang='lat' dir='ltr'>Testa-</span> 
     </span>
     <span class='ocr_line' id='line_1_106' title="bbox 1055 2683 2000 2738; baseline -0.006 -11"><span class='ocrx_word' id='word_1_598' title='bbox 1055 2692 1230 2727; x_wconf 88' lang='lat' dir='ltr'>mentum</span> <span class='ocrx_word' id='word_1_599' title='bbox 1259 2689 1384 2738; x_wconf 90' lang='lat' dir='ltr'>quoad</span> <span class='ocrx_word' id='word_1_600' title='bbox 1414 2689 1625 2726; x_wconf 79' lang='lat' dir='ltr'>maximam</span> <span class='ocrx_word' id='word_1_601' title='bbox 1655 2683 1805 2735; x_wconf 84' lang='lat' dir='ltr'>partem</span> <span class='ocrx_word' id='word_1_602' title='bbox 1834 2696 1854 2722; x_wconf 87' lang='lat' dir='ltr'>e</span> <span class='ocrx_word' id='word_1_603' title='bbox 1882 2687 2000 2723; x_wconf 80' lang='lat' dir='ltr'>textu</span> 
     </span>
     <span class='ocr_line' id='line_1_107' title="bbox 1055 2741 2004 2787; baseline -0.007 -6"><span class='ocrx_word' id='word_1_604' title='bbox 1055 2744 1235 2781; x_wconf 87' lang='lat' dir='ltr'>Hebraeo</span> <span class='ocrx_word' id='word_1_605' title='bbox 1254 2743 1375 2780; x_wconf 91' lang='lat' dir='ltr'>latine</span> <span class='ocrx_word' id='word_1_606' title='bbox 1406 2742 1534 2787; x_wconf 90' lang='lat' dir='ltr'>vertit,</span> <span class='ocrx_word' id='word_1_607' title='bbox 1564 2741 1719 2778; x_wconf 91' lang='lat' dir='ltr'>Novum</span> <span class='ocrx_word' id='word_1_608' title='bbox 1748 2750 1842 2776; x_wconf 86' lang='lat' dir='ltr'>vero</span> <span class='ocrx_word' id='word_1_609' title='bbox 1871 2750 2004 2775; x_wconf 88' lang='lat' dir='ltr'>secun-</span> 
     </span>
     <span class='ocr_line' id='line_1_108' title="bbox 1056 2790 2002 2838; baseline -0.006 -4"><span class='ocrx_word' id='word_1_610' title='bbox 1056 2797 1147 2834; x_wconf 89' lang='lat' dir='ltr'>dum</span> <span class='ocrx_word' id='word_1_611' title='bbox 1166 2798 1320 2833; x_wconf 78' lang='lat' dir='ltr'>textum</span> <span class='ocrx_word' id='word_1_612' title='bbox 1336 2796 1527 2832; x_wconf 86' lang='lat' dir='ltr'>Graecum</span> <span class='ocrx_word' id='word_1_613' title='bbox 1547 2792 1779 2838; x_wconf 88' lang='lat' dir='ltr'>emendavit,</span> <span class='ocrx_word' id='word_1_614' title='bbox 1795 2791 1895 2828; x_wconf 92' lang='lat' dir='ltr'>unde</span> <span class='ocrx_word' id='word_1_615' title='bbox 1910 2790 2002 2829; x_wconf 90' lang='lat' dir='ltr'>Vul-</span> 
     </span>
     <span class='ocr_line' id='line_1_109' title="bbox 1056 2844 2002 2899; baseline -0.005 -12.995"><span class='ocrx_word' id='word_1_616' title='bbox 1056 2852 1148 2899; x_wconf 90' lang='lat' dir='ltr'>gata</span> <span class='ocrx_word' id='word_1_617' title='bbox 1168 2851 1299 2886; x_wconf 89' lang='lat' dir='ltr'>nostra</span> <span class='ocrx_word' id='word_1_618' title='bbox 1331 2847 1539 2886; x_wconf 82' lang='lat' dir='ltr'>descendit.</span> <span class='ocrx_word' id='word_1_619' title='bbox 1567 2846 1696 2883; x_wconf 91' lang='lat' dir='ltr'>Edidit</span> <span class='ocrx_word' id='word_1_620' title='bbox 1716 2848 1921 2894; x_wconf 89' lang='lat' dir='ltr'>praeterea</span> <span class='ocrx_word' id='word_1_621' title='bbox 1940 2844 2002 2881; x_wconf 93' lang='lat' dir='ltr'>di-</span> 
     </span>
     <span class='ocr_line' id='line_1_110' title="bbox 1056 2898 2002 2951; baseline -0.006 -11"><span class='ocrx_word' id='word_1_622' title='bbox 1056 2903 1161 2940; x_wconf 86' lang='lat' dir='ltr'>versi</span> <span class='ocrx_word' id='word_1_623' title='bbox 1197 2901 1350 2951; x_wconf 88' lang='lat' dir='ltr'>generis</span> <span class='ocrx_word' id='word_1_624' title='bbox 1383 2912 1521 2949; x_wconf 91' lang='lat' dir='ltr'>opera,</span> <span class='ocrx_word' id='word_1_625' title='bbox 1551 2898 1768 2947; x_wconf 78' lang='lat' dir='ltr'>exegetica,</span> <span class='ocrx_word' id='word_1_626' title='bbox 1800 2898 2002 2947; x_wconf 89' lang='lat' dir='ltr'>polemica,</span> 
     </span>
     <span class='ocr_line' id='line_1_111' title="bbox 1056 2951 2004 2999; baseline -0.006 -6"><span class='ocrx_word' id='word_1_627' title='bbox 1056 2955 1238 2993; x_wconf 88' lang='lat' dir='ltr'>historica</span> <span class='ocrx_word' id='word_1_628' title='bbox 1259 2959 1298 2992; x_wconf 90' lang='lat' dir='ltr'>et</span> <span class='ocrx_word' id='word_1_629' title='bbox 1318 2954 1513 2999; x_wconf 79' lang='lat' dir='ltr'>epistolas3</span> <span class='ocrx_word' id='word_1_630' title='bbox 1533 2952 1667 2989; x_wconf 86' lang='lat' dir='ltr'>Libros</span> <span class='ocrx_word' id='word_1_631' title='bbox 1684 2963 1814 2989; x_wconf 90' lang='lat' dir='ltr'>sacros</span> <span class='ocrx_word' id='word_1_632' title='bbox 1831 2951 2004 2988; x_wconf 90' lang='lat' dir='ltr'>doctissi-</span> 
     </span>
     <span class='ocr_line' id='line_1_112' title="bbox 1056 3005 2002 3054; baseline -0.005 -8"><span class='ocrx_word' id='word_1_633' title='bbox 1056 3009 1128 3046; x_wconf 91' lang='lat' dir='ltr'>mis</span> <span class='ocrx_word' id='word_1_634' title='bbox 1149 3006 1438 3045; x_wconf 89' lang='lat' dir='ltr'>commentariis</span> <span class='ocrx_word' id='word_1_635' title='bbox 1458 3006 1736 3054; x_wconf 86' lang='lat' dir='ltr'>interpretatus</span> <span class='ocrx_word' id='word_1_636' title='bbox 1756 3007 1839 3050; x_wconf 75' lang='lat' dir='ltr'>est3</span> <span class='ocrx_word' id='word_1_637' title='bbox 1861 3005 2002 3041; x_wconf 90' lang='lat' dir='ltr'>haere-</span> 
     </span>
     <span class='ocr_line' id='line_1_113' title="bbox 1056 3057 2004 3107; baseline -0.004 -8"><span class='ocrx_word' id='word_1_638' title='bbox 1056 3063 1154 3099; x_wconf 91' lang='lat' dir='ltr'>ticos</span> <span class='ocrx_word' id='word_1_639' title='bbox 1175 3063 1213 3098; x_wconf 90' lang='lat' dir='ltr'>et</span> <span class='ocrx_word' id='word_1_640' title='bbox 1233 3062 1439 3097; x_wconf 85' lang='lat' dir='ltr'>novatores</span> <span class='ocrx_word' id='word_1_641' title='bbox 1459 3058 1516 3096; x_wconf 80' lang='lat' dir='ltr'>sui</span> <span class='ocrx_word' id='word_1_642' title='bbox 1535 3059 1741 3107; x_wconf 86' lang='lat' dir='ltr'>temporis,</span> <span class='ocrx_word' id='word_1_643' title='bbox 1762 3057 2004 3105; x_wconf 88' lang='lat' dir='ltr'>Helvidium,</span> 
     </span>
    </p>
   </div>
   <div class='ocr_carea' id='block_1_8' title="bbox 1060 3141 2009 3283">
    <p class='ocr_par' dir='ltr' id='par_1_13' title="bbox 1060 3141 2009 3283">
     <span class='ocr_line' id='line_1_114' title="bbox 1069 3141 2009 3237; baseline -0.002 -43"><span class='ocrx_word' id='word_1_644' title='bbox 1069 3141 1326 3237; x_wconf 54' lang='lat' dir='ltr'>W</span> <span class='ocrx_word' id='word_1_645' title='bbox 1351 3160 1384 3194; x_wconf 91' lang='lat' dir='ltr'>L.</span> <span class='ocrx_word' id='word_1_646' title='bbox 1398 3159 1519 3193; x_wconf 81' lang='lat' dir='ltr'>advers.</span> <span class='ocrx_word' id='word_1_647' title='bbox 1537 3161 1691 3194; x_wconf 79' lang='lat' dir='ltr'>Collator.</span> <span class='ocrx_word' id='word_1_648' title='bbox 1713 3171 1738 3194; x_wconf 92' lang='lat' dir='ltr'>c.</span> <span class='ocrx_word' id='word_1_649' title='bbox 1756 3161 1792 3193; x_wconf 72' lang='lat'>41</span> <span class='ocrx_word' id='word_1_650' title='bbox 1811 3186 1818 3202; x_wconf 89' lang='lat'>‚</span> <span class='ocrx_word' id='word_1_651' title='bbox 1844 3165 1874 3194; x_wconf 83' lang='lat' dir='ltr'>et</span> <span class='ocrx_word' id='word_1_652' title='bbox 1891 3161 2009 3194; x_wconf 85' lang='lat' dir='ltr'>Chron.</span> 
     </span>
     <span class='ocr_line' id='line_1_115' title="bbox 1060 3215 1483 3283; baseline -0.017 -3"><span class='ocrx_word' id='word_1_653' title='bbox 1060 3216 1077 3237; x_wconf 66' lang='lat' dir='ltr'>a</span> <span class='ocrx_word' id='word_1_654' title='bbox 1098 3215 1250 3278; x_wconf 55' lang='lat' dir='ltr'>‘zagbcrins</span> <span class='ocrx_word' id='word_1_655' title='bbox 1266 3246 1284 3276; x_wconf 88' lang='lat'>1.</span> <span class='ocrx_word' id='word_1_656' title='bbox 1303 3245 1361 3283; x_wconf 85' lang='lat' dir='ltr'>vu,</span> <span class='ocrx_word' id='word_1_657' title='bbox 1378 3253 1402 3275; x_wconf 74' lang='grc' dir='ltr'><strong>ο.</strong></span> <span class='ocrx_word' id='word_1_658' title='bbox 1422 3240 1483 3274; x_wconf 77' lang='grc' dir='ltr'><strong>1ι.·</strong></span> 
     </span>
    </p>
   </div>
  </div>
 </body>
</html>
