2241 3473
436 157 575 186 VSQVE
595 158 649 185 AD
670 157 886 186 PVBLICAM
905 157 1054 185 RERVM
1077 158 1119 185 IN
1140 157 1310 185 GALLHS
1331 156 1656 184 SVBVERSIONEM

69 240 236 278 eumque
263 229 342 265 alia
367 228 455 264 iura
480 228 564 265 RR.
594 228 805 265 Pontifices
831 240 1016 266 exercue-

69 284 172 327 rint,
205 286 246 320 et
274 287 537 324 exercerent,
567 283 777 329 praecipue
806 294 1013 319 causarum

69 336 262 372 maiorum
290 336 597 379 reservationes,
618 336 760 371 abusus
780 337 962 379 vocabat,
980 342 1017 372 et

71 389 216 438 partim
243 400 292 425 ex
318 400 403 432 usu,
431 389 572 436 partim
600 401 622 426 e
650 389 883 425 Pontificum
912 401 1020 426 arro-

69 441 233 488 gantia,
270 441 504 488 praesertim
540 453 634 477 vero
667 453 688 477 e
718 441 1017 488 pseudo-Isidori

69 495 332 532 decretalibus
365 499 453 531 orta
484 494 651 531 dicebat.
681 494 850 531 Proinde
878 496 916 530 in
944 496 1019 532 fine

71 548 159 585 libri
184 549 242 584 sui
262 549 442 584 nationes
459 549 696 584 christianas
716 549 955 594 provocabat
974 550 1020 585 ad

71 601 318 638 limitandam
341 601 541 638 Pontificis
561 606 810 650 potestatem,
831 605 871 638 et
889 602 1023 638 modos

73 656 211 704 quibus
238 656 274 692 id
302 655 550 692 efficiendum
569 660 670 698 erat,
690 654 889 691 indicavit:
917 667 1022 692 nem-

76 721 125 757 pe
164 710 352 746 auxilium
392 709 670 755 imperantium
709 708 901 753 civilium,
934 721 1023 746 exa-

75 773 166 798 men
186 763 408 799 litterarum
429 762 718 809 pontificiarum
735 767 946 810 antequam
962 763 1024 799 ad-

78 816 348 858 mitterentur,
374 816 658 863 appellationes
683 815 731 851 ab
754 816 890 858 abusu,
910 827 1023 864 oppo-

75 868 259 905 sitionem
298 873 440 905 contra
478 868 754 915 arrogationes
794 869 1022 915 pontificias.

76 922 293 970 Episcopos
320 922 437 958 etiam
466 922 708 969 provocabat
733 922 782 958 ad
802 923 1027 959 revocanda

75 987 147 1013 sua
165 976 294 1022 prisca
311 976 414 1017 iura,
434 976 636 1011 Romanae
657 975 789 1012 curiae
808 977 1029 1023 usurpatio-

76 1029 204 1072 nibus,
222 1034 265 1065 ut
283 1029 452 1071 dicebat,
471 1028 608 1064 mediis
623 1029 792 1065 saeculis
806 1029 1023 1077 deperdita

124 1082 179 1119 Ut
205 1082 340 1119 infelix
365 1083 464 1118 liber
490 1082 528 1117 in
557 1082 683 1117 lucem
711 1082 868 1129 prodiit,
897 1094 920 1118 a
950 1084 1028 1130 qui-

79 1135 244 1172 busdam
263 1140 304 1171 ut
322 1135 519 1172 antidotus
538 1139 678 1170 contra
696 1135 940 1183 despoticum
956 1137 1029 1172 Ro-

78 1200 221 1226 manae
249 1190 386 1225 curiae
414 1189 592 1235 regimen
619 1189 813 1232 laudatus,
842 1201 865 1225 a
888 1191 1030 1226 ceteris

78 1249 121 1280 ut
148 1253 272 1291 prava
300 1242 624 1285 protestantium,
652 1243 969 1279 Riclieristarum
994 1249 1033 1280 et

81 1296 917 1344 lansenistarumprolesdenuntiatusatque
928 1297 1034 1333 dam-

81 1355 196 1386 natus
222 1349 308 1386 fuit.
341 1350 526 1388 Clemens
546 1350 617 1396 Pp.
637 1350 727 1386 XIII
747 1350 922 1395 decreto,
941 1351 1031 1387 dato

81 1404 139 1441 1v⁰
166 1404 353 1449 calendas
373 1404 503 1440 martii
525 1404 629 1446 1764,
650 1404 833 1440 eumdem
853 1405 1033 1441 condem-

79 1458 189 1494 navit
207 1462 323 1506 atque
343 1458 553 1505 proliibuit;
571 1462 609 1493 et
624 1458 661 1493 in
679 1457 835 1501 litteris,
854 1459 889 1494 in
908 1459 1035 1495 forma

80 1511 223 1548 Brevis
257 1512 394 1549 eodem
430 1522 532 1547 anno
568 1511 692 1558 pridie
720 1511 803 1548 idus
830 1513 959 1549 martii
987 1514 1034 1549 ad

78 1565 326 1603 Clementem
341 1566 568 1613 episcopum
581 1565 910 1602 Ratisbonensem
920 1566 1034 1610 datis,

81 1620 128 1656 de
156 1624 318 1656 auctore
346 1620 504 1656 infausti
534 1620 620 1655 libri
650 1623 809 1667 praeter
836 1620 914 1656 alia
941 1621 1038 1657 dixit

82 1673 200 1709 haec:
221 1686 240 1707 «
259 1673 405 1709 Omnia
423 1685 472 1709 ex
491 1673 785 1709 haeretieorum
805 1678 845 1709 et
864 1674 1036 1710 Sanctae

84 1726 175 1764 Sedi
202 1727 556 1763 infensissimorum
588 1726 788 1762 hominum
817 1727 923 1762 libris
949 1738 1039 1763 con—

83 1780 254 1828 quisivit,
280 1780 564 1816 absurdissima
590 1780 752 1826 quaevis
779 1779 825 1815 de
844 1791 914 1815 suo
934 1780 1038 1817 adie-

84 1835 138 1870 cit
154 1847 188 1868 i».
228 1833 323 1870 Post
354 1834 579 1869 Romanum
612 1833 846 1869 Pontificem
872 1834 1040 1871 Univer-

85 1888 183 1924 sitas
208 1887 455 1924 Coloniensis
482 1887 662 1923 eumdem
690 1887 831 1922 librum
851 1897 1034 1931 censura,

53 1941 57 1945 ”
86 1941 239 1988 publice
266 1940 372 1978 edita
399 1940 525 1976 idibus
551 1940 787 1986 septembris
807 1940 913 1984 1765,
933 1946 1039 1978 nota—

85 1995 158 2031 vit.
186 1994 328 2030 Plures
355 1994 475 2030 etiam
502 1993 690 2040 episcopi,
721 1995 824 2029 inter
851 2005 946 2040 quos
966 1995 1040 2030 Ra-

88 2049 344 2093 tisbonensis‚
371 2047 639 2090 Coloniensis,
669 2047 912 2091 LeodiensiS‚
942 2050 1041 2086 Con-

87 2103 316 2139 stantiensis
333 2131 341 2146 ‚
369 2103 511 2138 librum
538 2101 715 2138 execrati
743 2106 854 2145 sunt,
881 2102 1040 2150 eiusque

87 2157 300 2193 lectionem
327 2156 623 2203 prohibuerunt.
652 2155 765 2190 Varii
789 2155 863 2190 viri
883 2157 1039 2199 eruditi,

87 2208 1039 2257 interquosfratresBallerini‚sace1²dsaecular„

87 2263 230 2298 Franc.
247 2265 340 2299 Ant.
361 2262 551 2298 Zaccaria
568 2266 608 2298 et
626 2262 771 2297 Franc.
798 2262 915 2306 Zech,
937 2264 979 2298 S.
997 2264 1040 2307 I.‚

89 2315 228 2351 Thorn.
258 2317 313 2351 M.
336 2315 537 2351 Mamachi
564 2315 659 2351 Ord.
680 2315 840 2359 Praed.‚
861 2317 1041 2353 eumdem

92 2369 232 2405 librum
255 2369 489 2405 doctissimis
515 2369 675 2416 scriptis
701 2369 969 2406 confutarunt.

138 2422 428 2459 De-Hontheim
455 2434 524 2458 seu
544 2422 763 2458 Febronius
782 2423 841 2458 his
861 2423 962 2460 liaud
983 2436 1043 2460 ce-

91 2476 203 2518 dens,
233 2476 374 2511 librum
401 2487 515 2511 suum
541 2476 652 2511 novis
677 2477 835 2523 scriptis
854 2477 1043 2521 defendit,

93 2534 211 2577 atque
240 2529 262 2565 3
292 2528 406 2565 tomis
432 2528 563 2572 auxit,
591 2529 630 2564 in
656 2531 794 2576 quibus
822 2531 1041 2577 principia,

95 2583 132 2618 in
161 2582 287 2629 primo
313 2582 412 2617 libro
440 2582 657 2629 proposita,
688 2583 848 2619 uberius
882 2584 1044 2627 evolvit,

96 2637 314 2683 multasque
341 2645 464 2671 novas
490 2636 706 2671 sententias
735 2637 913 2683 protulit,
944 2648 1042 2684 quae

97 2700 222 2726 novas
252 2689 502 2736 Apostolicae
534 2689 645 2724 Sedis
679 2700 868 2725 censuras
895 2701 1044 2727 merue-

97 2743 384 2788 runt-Denique
403 2742 574 2778 an.1778
594 2741 653 2777 Pii
669 2742 740 2789 Pp.
753 2743 1046 2787 VI‚Clementis

95 2795 270 2842 archiep.
303 2795 509 2832 Treviren.
544 2795 788 2842 aliorumque
824 2797 982 2833 monitis
1009 2803 1047 2834 et

95 2849 266 2885 consiliis
282 2849 501 2885 Febronins
518 2848 565 2884 ad
582 2849 782 2885 meliorem
801 2855 972 2886 mentem
989 2863 1045 2888 re-

94 2902 176 2946 diit,
192 2907 232 2939 et
247 2903 542 2939 retractationis
559 2901 729 2938 libellum
746 2902 794 2938 ad
811 2903 1043 2940 Pontificem

95 2956 211 2992 misit.
247 2958 299 2993 At
333 2967 421 2992 cum
448 2956 486 2991 in
513 2967 559 2991 eo
589 2966 665 2990 non
693 2956 765 2991 nisi
791 2958 1044 3003 generalibus

95 3010 298 3046 vocabulis
325 3021 385 3053 ea,
413 3021 511 3057 quae
539 3010 577 3044 in
605 3009 651 3044 R.
683 3010 884 3046 Ecclesiae
912 3017 1045 3049 contu-

97 3063 256 3099 meliam
283 3064 514 3110 scripserat,
540 3062 800 3110 improbaret,
820 3064 911 3100 Pius
931 3065 980 3101 Vl
1000 3067 1048 3102 ad

99 3126 187 3152 eum
217 3117 320 3153 misit
341 3118 549 3153 formulam
568 3117 810 3152 assertiones
831 3121 1047 3155 retractan-

99 3168 168 3205 das
193 3172 475 3207 continentem.
502 3169 640 3205 Paruit
660 3169 965 3215 De-Hontheim,
986 3184 1049 3208 no-

101 3232 268 3270 vamque
298 3224 622 3261 retractationem
649 3222 862 3260 secundum
891 3225 1049 3262 Pontifi-

1886 142 1966 182 295

1067 227 1121 263 cis
1133 227 1421 276 praescriptum
1433 227 1600 263 Romam
1612 224 1853 272 misit,quam
1865 223 1957 260 Pius
1967 224 2022 261 VI

1069 282 1194 317 laetus
1221 282 1379 328 excepit
1405 286 1445 317 et
1471 291 1558 316 cum
1587 278 1850 315 cardinalibus
1879 277 1917 313 in
1944 278 2017 313 sol-

1070 335 1188 371 lemni
1222 333 1455 370 consistorio
1489 332 1809 369 communicavit.
1839 331 2017 368 De-Hon-

1071 389 1189 425 tlieim
1204 394 1336 424 autem
1353 388 1454 423 datis
1468 387 1515 423 ad
1532 398 1669 423 omnes
1684 384 2023 422 dioecesisTrevi-

1073 442 1197 478 rensis
1213 441 1401 477 ecclesias
1417 440 1559 476 litteris
1574 451 1684 475 suam
1696 439 2023 476 retractationem

1074 495 1287 542 publicavit
1306 494 1645 540 confirmavitque.
1661 493 1738 529 Sed
1764 493 1801 528 in
1820 503 2020 529 commen—

1074 549 1188 591 tario,
1206 553 1292 595 post
1319 552 1400 583 tres
1426 557 1550 582 annos
1578 547 1613 582 in
1638 558 1749 583 suam
1770 545 2026 583 retractatio-

1075 613 1164 637 nem
1191 601 1308 644 edito,
1329 601 1384 636 ita
1409 600 1510 636 lianc
1528 599 1757 647 explicavit,
1774 604 1819 635 ut
1836 599 2029 646 suspicio-

1075 666 1165 690 nem
1207 654 1254 690 de
1286 665 1359 690 sua
1393 654 1622 689 sinceritate
1650 653 1831 689 moverit.
1863 653 2025 688 Interim

1076 707 1398 753 archiepiscopus
1422 706 1673 747 Trevirensis
1707 705 1808 752 apud
1843 705 1954 741 Pium
1972 705 2025 740 Vl

1077 760 1182 806 ogit,
1211 763 1254 796 ut
1280 771 1366 796 cum
1396 759 1566 803 homine,
1593 759 1724 794 mobili
1758 759 1884 805 magis
1911 769 2027 806 quam

1085 815 1277 862 pertinaci
1296 843 1304 854 ,
1334 814 1574 860 indulgentia
1601 817 1782 850 uteretur
1798 816 1823 847 1.

1127 869 1343 906 Caeterum
1378 868 1572 914 pessimos
1606 867 1757 903 fructus
1790 866 1927 902 infelix
1957 866 2033 903 Fe-

1077 921 1205 956 bronii
1225 921 1322 956 liber
1339 921 1519 966 proferre
1538 931 1614 955 non
1634 919 1909 963 destitit3nam
1930 919 2034 966 prin-

1081 975 1181 1020 cipia
1214 974 1251 1009 in
1279 985 1326 1010 eo
1362 973 1535 1017 tradita,
1568 984 1645 1008 non
1679 973 1806 1008 solum
1840 984 1864 1008 a
1899 972 2033 1008 multis

1082 1027 1303 1074 theologiae
1338 1033 1377 1063 et
1412 1038 1605 1062 canonum
1641 1026 1772 1062 sciolis
1811 1026 1875 1061 vel
1907 1026 2034 1072 potius

1081 1081 1288 1127 imperitis,
1303 1081 1538 1128 praesertim
1554 1081 1592 1115 in
1607 1080 1824 1115 Germania
1838 1079 2036 1125 variisque

1081 1134 1218 1170 Italiae
1246 1134 1342 1170 locis
1369 1135 1557 1180 adoptata
1591 1133 1833 1180 ampliusque
1859 1132 2034 1175 evoluta,

1083 1188 1120 1223 in
1160 1188 1306 1223 scholis
1339 1193 1378 1223 et
1405 1187 1511 1222 libris
1538 1187 1766 1222 introducta
1799 1185 1916 1222 latius
1950 1196 2038 1232 pro-

1085 1245 1228 1288 pagata
1258 1245 1369 1284 sunt;
1398 1240 1466 1276 sed
1494 1241 1612 1276 etiam
1642 1241 1884 1288 imperantes
1902 1239 2040 1275 civiles

1084 1295 1121 1330 in
1147 1295 1229 1330 suis
1256 1295 1304 1330 ad
1331 1295 1378 1330 R.
1402 1294 1635 1330 Pontificem
1661 1299 1702 1330 et
1729 1293 1951 1330 Ecclesiam
1979 1304 2040 1329 re-

1086 1348 1295 1384 lationibus
1329 1348 1476 1396 passim
1511 1348 1728 1384 secundum
1763 1358 1812 1383 ea
1844 1351 2040 1394 egerunt,

1086 1402 1415 1449 dispensationes,
1433 1401 1713 1438 beneficiorum
1731 1401 2040 1444 reservationes‚

1086 1455 1376 1502 appellationes
1402 1455 1450 1491 ad
1478 1455 1744 1502 Apostolicam
1772 1454 1935 1496 Sedem,
1961 1465 2041 1489 mo-

1089 1509 1307 1545 nachorum
1341 1509 1630 1556 exemptiones,
1655 1508 1807 1556 aliaque
1828 1508 1891 1544 vel
1908 1507 2042 1544 admo-

1087 1563 1178 1598 dum
1198 1563 1418 1599 limitarunt
1444 1563 1506 1599 vel
1535 1563 1690 1609 penitus
1708 1562 1967 1605 sustulerunt,
1983 1562 2040 1598 lit-

1089 1621 1196 1652 teras
1224 1617 1443 1664 pontificias
1470 1617 1742 1663 approbationi
1769 1627 1959 1658 suae‚seu
1986 1615 2042 1651 sic

1089 1670 1192 1706 dicto
1214 1670 1374 1718 placeto
1403 1670 1512 1717 regio
1536 1699 1544 1714 ‚
1571 1670 1846 1714 subiecerunt,
1873 1669 2043 1716 negotiis

1089 1725 1216 1760 sacris
1242 1736 1284 1760 se
1313 1725 1623 1768 immiscuerunt,
1652 1724 1861 1772 pluraque,
1881 1730 1949 1760 aut
1974 1723 2042 1759 im-

1091 1778 1271 1814 munitati
1300 1783 1368 1814 aut
1395 1779 1568 1814 libertati
1586 1778 1883 1815 ecclesiasticae
1905 1777 2045 1814 adver·
2066 1806 2068 1808 v

1090 1843 1148 1874 sa,
1178 1832 1451 1869 decreverunt.

1137 1887 1197 1922 65.
1225 1885 1446 1922 societates
1473 1887 1652 1922 occultae
1670 1908 1707 1913 —-
1727 1885 1787 1921 Ad
1823 1897 2044 1935 propagan-

1090 1939 1180 1975 dam
1213 1951 1307 1976 vero
1349 1940 1619 1987 irreligionem
1653 1944 1691 1977 et
1725 1941 2042 1988 praeparandam

1092 1994 1324 2040 generalem
1343 1994 1717 2041 conflagrationem,
1736 2005 1835 2041 quae
1855 1995 2044 2042 posterio-

1092 2047 1201 2083 ribus
1227 2047 1341 2083 huius
1367 2049 1514 2084 saeculi
1541 2049 1653 2084 annis
1678 2049 1852 2084 excitata
1870 2052 1943 2091 est,
1966 2049 2045 2096 plu-

1092 2101 1234 2137 rimum
1253 2103 1506 2138 contulerunt
1520 2103 1735 2138 societates
1751 2102 2045 2151 occultae‚quo-

1091 2166 1179 2190 rum
1197 2156 1293 2191 socii
1312 2156 1498 2202 appellati
1518 2162 1606 2192 sunt
1625 2156 1852 2191 Liberorum
1871 2167 2045 2192 caemen-

1091 2207 1291 2244 tariorum
1306 2213 1389 2252 (seu
1408 2209 1489 2245 ital.
1503 2209 1559 2245 de'
1582 2209 1697 2245 liber-i
1707 2208 1932 2252 ΝΙῑιναίονίς
1952 2210 2046 2256 gall.

1091 2261 1159 2297 cles
1187 2261 1565 2307 F1·ccncs<Mcccons).
1595 2263 1681 2299 Hae
1707 2262 1920 2298 societates
1955 2274 2044 2298 cum

1093 2315 1176 2362 ipso
1212 2315 1497 2352 incredulitatis
1531 2317 1647 2363 genio
1675 2320 1791 2352 natae
1826 2327 1874 2351 ex
1902 2316 2047 2362 Anglia

1094 2369 1132 2404 in
1159 2369 1326 2406 Galliam
1356 2376 1643 2418 penetrarunt,
1670 2382 1786 2417 quum
1813 2370 1890 2405 dux
1923 2371 2048 2406 Aure-

1095 2422 1304 2466 lianensis,
1335 2435 1404 2471 pro
1433 2424 1630 2459 Ludovico
1656 2424 1731 2459 XV
1765 2423 1891 2459 adhuc
1925 2423 2047 2470 impu-

1094 2476 1213 2519 bere,
1243 2477 1427 2524 regimini
1456 2482 1672 2525 praeesset.
1705 2476 1882 2511 Primum
1909 2488 2044 2512 eorum

1095 2535 1331 2566 conventum
1359 2532 1469 2578 (gall.
1498 2531 1602 2577 loyc)
1631 2541 1733 2566 anno
1761 2530 1854 2566 1725
1881 2529 2048 2566 Parisiis

1095 2583 1311 2620 instituisse
1336 2585 1517 2620 dicuntur
1544 2583 1882 2619 Dervent—XVater
1910 2588 1950 2619 et
1976 2583 2046 2619 ali-

1095 2642 1188 2684 quot
1213 2638 1308 2673 socii
1327 2639 1460 2685 Angli.
1480 2638 1600 2674 Brevi
1622 2643 1799 2683 tempore
1817 2648 1955 2673 eorum
1975 2649 2045 2673 nu-

1097 2702 1229 2726 merus
1247 2691 1457 2726 multorum
1471 2691 1638 2726 fratrum
1658 2690 1888 2726 accessione
1908 2695 2046 2726 auctus

1097 2748 1171 2780 est.
1199 2744 1369 2780 Subinde
1384 2745 1450 2780 alii
1470 2749 1686 2779 conventus
1707 2744 1745 2778 in
1764 2744 1852 2780 aliis
1872 2744 1967 2780 locis
1986 2744 2043 2779 in-

1096 2798 1222 2834 stituti
1247 2802 1352 2841 sunt,
1375 2809 1537 2844 quorum
1565 2807 1732 2842 magnus
1758 2798 1950 2844 magister
1976 2798 2050 2834 fuit

1100 2852 1225 2899 primo
1252 2851 1604 2892 Dervent-NVater,
1632 2850 1771 2887 deinde
1798 2851 2050 2888 d’Harnoue-

1097 2909 1192 2940 ster.
1222 2907 1337 2939 Anno
1374 2904 1464 2940 1738
1491 2904 1662 2949 dignitas
1696 2904 1831 2950 magni
1865 2904 2049 2951 magistri

1100 2958 1242 2993 collata
1274 2958 1346 2992 fuit
1380 2957 1467 2992 duci
1499 2957 1721 2993 Antinensi.
1761 2958 1910 2994 Eodem
1944 2969 2047 2994 anno

1149 3091 1338 3128 ¹Zuccnria‚
1368 3090 1650 3123 Anti-Febrouius
1676 3092 1884 3131 vindicatus,
1912 3092 1990 3125 diss.
2020 3093 2046 3132 Ι,

1102 3148 1130 3172 c.
1154 3136 1291 3176 13Canl.
1309 3136 1430 3174 Geron,
1453 3136 1489 3168 In
1508 3139 1798 3170 commentarium
1812 3148 1831 3170 a
1849 3139 1874 3170 1.
1889 3137 2049 3170 Feb-ronio

1102 3185 1137 3216 in
1163 3192 1262 3215 suam
1294 3180 1577 3214 retractationem
1611 3184 1740 3216 editum
1773 3184 2048 3217 Animadversio-

1104 3238 1175 3268 nes,
1204 3229 1319 3260 ltoniac
1346 3228 1447 3267 1792,
1480 3226 1582 3261 'in—4⁰.
