2241 3473
871 170 1025 198 EPOCHA
1054 170 1108 197 XI.
1138 169 1190 198 AB

277 163 350 205 198

222 242 396 280 titionem
413 238 563 277 Mariae
583 236 823 274 Francorum
845 236 982 282 regina
1003 236 1169 284 Congre-

220 295 411 343 gationem
435 291 603 328 instituit
622 291 692 327 sub
718 289 870 326 nomine
887 288 1056 325 Oratorii
1078 289 1164 325 Iesu

220 347 364 386 Christi
384 345 535 382 Domini
563 343 710 390 nostri3
737 343 775 379 in
806 342 992 379 honorem
1019 342 1170 379 oratio-

219 414 323 444 num,
348 411 443 448 quas
463 398 499 434 in
522 397 656 433 diebus
677 396 806 433 carnis
827 407 922 432 suae
943 395 1059 438 fudit,
1082 409 1103 432 ‹<
1124 399 1168 432 ut

218 456 244 492 ii
266 454 331 502 qui
353 453 475 500 ipsam
496 451 795 498 ingrederentur
811 479 820 494 ,
841 450 1018 486 eumdem
1039 449 1165 486 Iesum

218 508 413 545 Christum
437 516 504 553 pro
529 503 638 541 nobis
658 504 697 540 in
722 503 896 540 oratione
917 504 1084 552 positum
1099 533 1107 546 ,
1129 506 1167 540 et
1186 492 1189 516 ³

217 563 508 609 pernoctantem
530 560 824 601 revererentur,
842 561 881 594 et
901 557 1076 594 colerent
1098 554 1108 576 ¹
1129 568 1164 594 ».

267 613 372 649 Idem
396 610 578 649 Pontifex
606 610 975 659 congregationibus
994 622 1016 647 «
1032 610 1079 646 de
1095 622 1164 648 au-

217 666 317 704 xiliis
339 665 495 702 divinae
517 664 669 712 gratiae
690 677 713 702 »
734 665 850 701 finem
873 664 1101 708 constituit,
1122 668 1165 701 ut
1184 650 1187 690 i

1187 397 1189 412 1

213 731 330 768 supra
349 718 517 756 diximus
538 715 563 755 ².
580 717 886 755 Constitutiones
906 717 1028 766 Xysti
1048 717 1105 755 IV
1127 726 1164 755 et
1184 736 1185 747 i

216 774 279 809 Pii
298 772 333 809 V
354 773 401 809 de
431 772 687 809 immaculata
716 771 760 809 B.
780 771 827 809 V.
849 771 1001 810 Mariae
1030 783 1164 808 conce-

213 828 344 874 ptione
365 826 584 871 innovavit,
604 825 741 862 stricte
763 825 984 874 prohibens,
1006 837 1054 862 ne
1075 825 1161 873 quis

211 880 249 916 in
269 879 510 926 lectionibus,
533 879 847 917 conclusionibus
871 882 939 916 aut
960 878 1046 916 aliis
1064 879 1161 916 acti-

210 934 281 969 bus
315 932 474 981 publicis
509 945 684 970 asserere
712 938 998 981 praesumeret,
1035 933 1079 970 B.
1111 933 1162 971 V.

210 985 378 1023 Mariam
398 986 437 1023 in
471 986 651 1035 originali
676 990 841 1034 peccato
880 987 998 1024 fnisse
1029 999 1164 1023 conce-

210 1045 314 1088 ptam
326 1039 351 1077 ³.
367 1040 644 1089 Propagationi
662 1040 898 1077 christianae
914 1040 1111 1089 religionis
1123 1045 1161 1078 et

211 1094 384 1131 omnium
407 1095 581 1143 gentium
617 1094 737 1131 saluti
768 1095 1037 1142 procurandae
1076 1106 1182 1132 con-2

209 1147 398 1193 sulturus,
421 1147 638 1193 constituit,
655 1151 697 1185 ut
725 1148 761 1184 in
794 1148 1062 1197 religiosorum
1087 1161 1160 1198 gy-

211 1201 384 1247 mnasiis,
405 1205 563 1251 praeter
578 1201 732 1247 latinas,
753 1214 932 1250 graecae,
950 1202 1159 1240 hebraicae

209 1259 248 1291 et
266 1255 614 1292 arabicaelitterae
631 1256 899 1294 traderentur.
917 1256 1051 1294 Novos
1073 1256 1156 1293 niis-
1179 1275 1182 1296 l

209 1308 400 1346 sionarios
416 1309 465 1345 ad
491 1309 740 1358 Congitanos,
762 1310 919 1355 Persas,
940 1310 1068 1357 Indos,
1099 1311 1159 1347 Ia-

209 1374 408 1410 ponenses,
423 1363 606 1400 Sinenses
618 1363 790 1412 aliosque
809 1364 970 1412 populos
990 1364 1158 1402 destina·

209 1416 278 1461 vit;
299 1417 467 1465 Legatos
488 1429 627 1465 regum
642 1417 780 1464 Congi,
802 1418 974 1455 Persidis
995 1422 1034 1454 et
1050 1419 1156 1467 Iape-

208 1470 383 1507 nensiurn
406 1471 792 1508 honorificentissime
809 1473 975 1520 excepit.
993 1472 1158 1509 Vatica-

207 1536 295 1560 nain
317 1536 469 1572 quoque
490 1524 773 1562 Bibliothecam
797 1525 1056 1574 amplificavit
1089 1538 1156 1563 or-

207 1578 406 1626 navitque.
442 1578 485 1614 In
519 1578 689 1616 Basilica
721 1579 931 1616 Liberiana
966 1580 1155 1617 sacellum

205 1631 563 1679 splendidissimum
596 1632 819 1670 aedificavit
836 1633 991 1682 Virgini
1009 1634 1156 1682 Deipa-

204 1697 284 1730 rae,
300 1686 582 1734 Bmyhesmm
603 1690 737 1735 postea
757 1687 904 1724 dictum
922 1688 970 1724 ab
991 1688 1075 1725 eius
1099 1701 1158 1724 co-

205 1740 399 1787 gnomine.
422 1739 515 1777 Vias
532 1741 688 1785 stravit,
705 1740 846 1778 fluvios
867 1741 1050 1790 pontibus
1072 1741 1156 1779 iun-

205 1793 275 1838 xit,
290 1799 329 1830 et
347 1805 485 1841 aquam
503 1794 543 1830 in
565 1806 661 1842 agro
684 1794 963 1832 Braccianensi
984 1795 1155 1833 saluber·
1176 1776 1179 1840 i

204 1847 310 1883 rimis
338 1847 509 1885 fontibus
539 1848 766 1895 collectam,
796 1849 997 1886 veteribus
1031 1845 1179 1898 aquae'

206 1900 418 1938 Alsietinae
436 1902 617 1939 ductibus
633 1902 839 1948 restitutis,
851 1903 1036 1952 novisque
1052 1904 1153 1941 adie-

205 1954 290 2000 ctis,
302 1954 459 1991 XXXV
477 1956 524 1992 ab
541 1956 725 1993 milliario
742 1957 857 1994 duxit
872 1957 909 1994 in
920 1957 1154 2004 Ianiculum3

206 2007 430 2056 Ili-benique
452 2009 700 2056 Leom'mmz,
730 2011 884 2059 aliaque
906 2011 1023 2048 Urbis
1045 2012 1150 2049 aedi-

203 2062 290 2098 ficia
311 2063 463 2099 ornavit
485 2070 524 2099 et
545 2063 794 2102 instauravit.
812 2066 1023 2114 Acquievit
1052 2078 1153 2103 anno

205 2116 347 2153 aetatis
367 2116 431 2162 (39,
452 2116 595 2154 Christi
621 2117 743 2163 1621,
759 2121 802 2154 νο
825 2119 971 2156 calend.
1003 2120 1154 2157 februa-

202 2169 271 2215 rii,
293 2172 377 2219 post
407 2182 537 2208 annos
569 2171 828 2210 I’ontificatus
853 2173 899 2211 15
916 2203 926 2220 ,
955 2185 1079 2212 mens.
1115 2174 1150 2220 8,
1174 2198 1177 2204 ·

203 2222 289 2259 dies
314 2223 360 2260 1⁶2
381 2222 407 2261 ⁴¹.

255 2277 319 2314 77.
342 2278 570 2325 Icele'yiom's
590 2284 722 2316 status
744 2281 788 2316 in
810 2281 967 2329 Anylc'a
988 2282 1062 2318 sub
1079 2282 1151 2319 Ia-
1173 2305 1176 2330 ¹

201 2331 293 2368 coho
315 2331 393 2368 I—
406 2331 642 2375 Elisabetba,
663 2334 881 2383 Anglorum
904 2336 1053 2384 regina,
1070 2348 1154 2385 per-

201 2385 402 2422 secutione
434 2385 472 2422 in
505 2386 722 2424 Catliolicos
743 2388 906 2426 celebris
923 2419 931 2434 ,
953 2402 1074 2438 quum
1098 2402 1151 2427 re-

201 2441 359 2487 gnasset
380 2439 430 2476 45
448 2440 572 2485 annis,
594 2440 689 2477 obiit
709 2454 768 2478 an.
791 2442 902 2479 1003.
925 2443 970 2479 Ei
992 2455 1152 2481 succes-

200 2494 249 2529 sit
271 2493 433 2530 Iacobus
455 2493 483 2540 Ι,
505 2505 574 2531 rex
595 2494 765 2540 Scotiac,
786 2495 940 2533 Mariae
963 2497 1149 2535 Stuartae

200 2546 316 2593 filius,
337 2547 400 2594 qui
422 2546 610 2593 Scotiam,
630 2549 814 2597 Angliam
846 2554 885 2587 ct
920 2550 1147 2589 Hiberniam

199 2600 236 2637 in
259 2603 369 2637 unius
390 2601 502 2650 regni
524 2602 686 2639 formam
702 2603 864 2651 redegit.
887 2603 966 2641 Sub
987 2617 1045 2650 eo,
1062 2617 1151 2643 rna-

201 2658 259 2691 trc
282 2654 418 2701 invita,
449 2656 645 2693 haeretice
680 2656 884 2703 instituto,
920 2658 1147 2704 religionem
1170 2688 1173 2710 ί

200 2708 432 2745 catholicam
455 2722 475 2746 e
496 2710 628 2747 Scotia
649 2711 905 2760 proscriptam
931 2711 1098 2749 vidimus
1121 2712 1146 2751 ⁵.

199 2761 386 2799 For-inula
402 2763 614 2800 iuramenti
637 2765 684 2800 ab
705 2764 786 2813 ipso
803 2765 1007 2802 catholicis
1030 2766 1147 2815 inipo-
1170 2801 1171 2812 ,

200 2817 274 2852 sita
295 2829 317 2852 a
335 2815 456 2853 I'anlo
476 2817 543 2866 l'p.
563 2817 612 2862 V,
632 2817 708 2854 iam
730 2819 914 2855 damnata
936 2820 1104 2857 ‹lixiinus
1120 2819 1146 2859 ⁰.

201 2869 377 2915 Iacobus,
399 2871 578 2918 quamvis
600 2872 704 2909 inter
725 2872 938 2910 Puritanos
959 2873 996 2910 in
1017 2873 1148 2912 Scotia
1169 2877 1171 2923 j

198 2923 396 2969 educatus,
415 2924 638 2974 intelligens
658 2931 785 2963 tamen
800 2927 994 2976 principia
1011 2940 1145 2965 corum
1168 2945 1170 2952 ⁴

238 3048 473 3088 ¹(1'0mt.‘.)l,§
489 3051 517 3083 ⁶2.
1167 3034 1170 3085 Ι

237 3090 251 3110 ‘²
270 3092 298 3121 l'.
316 3092 384 3121 193.

237 3133 250 3151 2³
268 3133 330 3163 vni.
348 3143 376 3172 μ.
398 3134 462 3166 iio.
1166 3116 1170 3182 l

237 3175 410 3233 ΐὶμιη1ὼιη
439 3177 476 3207 :nl
495 3186 546 3210 an.
570 3177 710 3208 1008-21.

237 3257 251 3276 s·
269 3217 299 3286 i·.
320 3216 385 3288 1¹1,ss

1218 169 1351 198 iNrrns
1378 168 1557 199 LVTHERI

1211 235 1473 272 democratiea
1487 236 1535 272 de
1545 235 1734 284 regimine
1744 235 2003 274 ecclesiastico
2019 234 2152 286 regiae
2172 258 2175 261 -

1210 301 1364 337 quoque
1379 288 1602 326 auctoritati
1623 300 1708 326 esse
1726 289 1898 336 inimica,
1911 290 1988 328 illis
2004 291 2153 328 relictis

1211 342 1497 391 Episcopalium
1518 354 1587 379 seu
1606 342 1910 391 Anglicanorum
1938 349 2068 382 sectae
2088 343 2151 382 fa-

1211 395 1278 441 vit,
1300 396 1488 444 episcopis
1507 396 1735 444 ampliorem
1755 395 1795 432 in
1827 398 1943 435 rebus
1963 397 2151 436 ecclesia-

1186 467 1189 481 1
1209 449 1316 486 sticis
1336 452 1568 498 potestatem
1586 450 1788 495 concessit,
1804 462 1946 499 eosque
1967 452 2005 488 in
2020 450 2153 489 Scotia

1210 503 1399 540 restituit.
1430 502 1718 540 Catholicorum
1750 515 1845 540 vero
1873 505 2041 542 conditio
2069 504 2151 542 fere

1209 557 1348 593 eadem
1368 556 1444 594 fuit
1463 557 1533 594 sub
1552 556 1691 594 Iacobo
1711 556 1728 593 I
1748 568 1794 594 ac
1814 557 1884 594 sub
1911 557 2149 596 Elisabetha.

1208 609 1353 647 Eorum
1375 611 1517 659 quippe
1546 609 1764 647 adversarii
1791 610 1986 648 imbellem
2017 623 2150 661 regem

1209 663 1314 700 omni
1339 663 1399 700 via
1432 667 1569 701 contra
1597 663 1684 701 illos
1704 663 1942 702 excitabant.
1962 664 2026 701 Sic
2046 677 2149 703 anno

1184 720 1185 729 ¹
1211 716 1312 767 1205
1325 717 1631 754 coniurationem
1644 715 1885 766 pulveream,
1896 718 1953 755 ita
1967 717 2111 756 dictam
2126 731 2151 756 a

1197 766 1368 818 *pulvere
1387 770 1646 808 tormentario
1666 771 1738 808 sub
1758 770 1866 817 aede,
1886 771 1925 807 in
1945 783 2022 820 qua
2039 771 2150 821 regni

1183 834 1185 838 ’
1207 825 1363 862 comitia
1380 824 1570 861 celebrari
1591 824 1782 870 solebant,
1802 825 1850 862 ad
1865 832 2001 874 regem
2021 837 2152 874 proce-

1204 889 1344 926 resque
1366 878 1580 926 perdendos
1615 878 1824 924 occultato,
1859 879 2052 917 universis
2071 879 2149 917 Ca.-

1204 931 1371 977 tholicis,
1392 931 1623 981 praesertim
1642 931 1923 978 sacerdotibus,
1941 932 2096 970 Iesuitis
2110 935 2151 972 et

1204 985 1304 1031 aliis,
1324 985 1584 1034 imputarunt.
1608 986 1719 1023 Unde
1741 985 1889 1022 factum
1905 989 1976 1034 est,
1993 990 2036 1024 ut
2055 984 2151 1024 dili-

1204 1039 1359 1087 gentius
1378 1040 1419 1076 in
1441 1051 1518 1084 eos,
1534 1039 1705 1076 maxime
1724 1039 1763 1075 in
1780 1040 2016 1085 sacerdotes,
2031 1039 2152 1079 fuerit

1204 1093 1447 1140 inquisitum,
1467 1098 1570 1130 etex
1586 1093 1645 1130 his
1661 1093 1869 1142 plusquam
1884 1093 1937 1131 30
1951 1093 2150 1143 suppliciis

1205 1146 1332 1184 affecti
1345 1146 1622 1184 sint.Constitit
1637 1150 1782 1192 tamen,
1794 1146 1898 1183 inter
1914 1158 2068 1196 paucos,
2083 1147 2151 1197 qui

1204 1200 1332 1238 dictae
1353 1200 1634 1238 coniurationis
1654 1200 1861 1249 complices
1880 1201 2027 1249 reperti
2047 1205 2152 1249 sunt,

1180 1259 1181 1271 ¹
1204 1253 1300 1291 alios
1321 1253 1544 1300 catholicos,
1566 1253 1661 1291 alios
1682 1254 1900 1291 haereticos
1920 1254 2040 1292 fuisse
2059 1256 2082 1293 ¹.

1255 1308 1309 1346 Ut
1338 1320 1432 1345 vero
1460 1308 1617 1345 sectarii
1655 1308 1875 1346 Catholicos
1909 1310 1994 1357 regi
2021 1308 2148 1359 magis

1202 1362 1346 1399 invisos
1384 1362 1593 1399 redderent
1616 1391 1625 1407 ‚
1661 1373 1750 1398 eum
1791 1361 2065 1410 perduxerunt
2099 1363 2148 1401 ad

1202 1416 1541 1464 praescribendam
1563 1415 1745 1453 omnibus
1764 1416 1974 1453 iuramenti
1993 1415 2147 1454 formu-

1202 1469 1278 1506 lam
1293 1499 1302 1515 ,
1339 1469 1376 1505 in
1407 1481 1485 1517 qua
1516 1469 1586 1506 sub
1625 1469 1752 1518 specie
1791 1469 2011 1516 fidelitatis,
2047 1482 2147 1519 quae

1202 1523 1440 1572 principibus
1460 1523 1626 1560 debetur
1655 1535 1678 1560 a
1706 1522 1874 1572 populis,
1901 1523 2041 1561 saltem
2069 1524 2147 1562 im-

1202 1576 1332 1626 plicite
1352 1576 1474 1625 ipsius
1494 1576 1710 1614 catholicae
1729 1575 1819 1613 fidei
1835 1577 2043 1626 abnegatio
2063 1589 2149 1616 con-

1200 1630 1412 1668 tinebatur.
1434 1630 1581 1668 Paulus
1601 1631 1672 1679 Pp.
1689 1630 1738 1676 V,
1757 1630 1806 1667 ab
1835 1629 1960 1679 anglis
1979 1631 2147 1669 catholi-

1201 1684 1269 1730 cis,
1289 1696 1459 1732 quorum
1479 1683 1545 1721 alii
1567 1682 1669 1721 illud
1688 1683 1955 1721 iuramentum
1982 1684 2151 1733 licitum,

1200 1738 1267 1775 alii
1299 1737 1484 1775 illicitum
1513 1737 1816 1784 existimabant,
1851 1736 2149 1787 interpellatus,

1197 1791 1420 1840 respondit,
1449 1791 1547 1829 illud
1575 1794 1664 1830 tuta
1692 1791 1926 1830 conscientia
1953 1792 2148 1841 praestari

1200 1858 1275 1883 non
1307 1857 1430 1895 posse.
1451 1845 1578 1887 Quum
1608 1845 1731 1895 igitur
1758 1845 1933 1895 plerique
1959 1845 2148 1884 Catholici

1198 1900 1442 1948 praedictum
1463 1899 1729 1937 iuramentum
1759 1903 1958 1948 praestare
1984 1912 2146 1938 recusa-

1201 1956 1301 1999 rent,
1323 1953 1364 1990 in
1383 1965 1447 1990 eos
1467 1956 1655 2002 tanquam
1675 1953 1713 1990 in
1735 1964 1869 2002 regem
1887 1953 2053 1992 rebelles
2068 1965 2153 2004 per-

1197 2008 1416 2045 secutiones
1437 2011 1565 2045 motae
1582 2010 1685 2045 sunt.
1706 2007 1906 2057 Regnavit
1937 2007 2102 2047 Iacobus
2129 2008 2148 2046 I

1199 2073 1319 2110 usque
1340 2061 1388 2098 ad
1411 2073 1556 2098 annum
1581 2061 1682 2099 1625
1698 2060 1724 2098 ².

1249 2115 1312 2152 78.
1335 2115 1571 2164 Relzyz'onz's
1590 2119 1724 2152 status
1745 2116 1790 2152 in
1824 2115 2000 2154 Polonia
2014 2137 2066 2144 —
2081 2114 2148 2154 Vi-

1196 2169 1323 2206 dimus
1352 2169 1468 2216 iam,
1486 2172 1652 2216 quantas
1690 2169 1984 2218 progressiones
2013 2171 2145 2208 sectae

1195 2222 2144 2268 haereticorum,Lutheranorum‚Calvinistarum

1194 2280 1234 2314 et
1254 2275 1654 2323 Antitrinitariorum,
1675 2276 1713 2312 in
1737 2275 1901 2313 Polonia
1930 2276 2146 2326 vicinisque

1194 2330 1419 2379 regionibus
1437 2330 1594 2368 sacculo
1616 2329 1862 2378 praecedenti
1877 2329 2041 2369 fecerint
2059 2329 2084 2369 ³.
2102 2331 2145 2368 In

1196 2383 1358 2421 Polonia
1387 2384 1459 2420 sub
1498 2383 1748 2432 Sigismundo
1788 2383 1866 2429 111,
1888 2384 1955 2433 qui
1981 2385 2030 2422 ab
2045 2396 2146 2422 anno

1200 2438 1297 2475 1587
1321 2449 1440 2486 usque
1461 2437 1509 2474 ad
1534 2437 1634 2475 1633
1652 2438 1848 2486 regnavit,
1864 2438 2002 2487 religio
2017 2438 2151 2476 catho-

1193 2491 1268 2528 lica
1290 2491 1533 2528 incrementa
1553 2492 1719 2540 grandia
1738 2490 1852 2541 cepit.
1873 2492 2144 2542 Sigismundus

1193 2545 1264 2592 III,
1286 2545 1390 2583 filius
1412 2545 1569 2583 Ioannis
1590 2546 1645 2583 III
1674 2545 1780 2594 regis
1808 2545 1984 2590 Sueciae,
2004 2557 2028 2583 a
2056 2557 2145 2584 ma-

1192 2601 1266 2644 tre,
1287 2610 1388 2647 quae
1411 2602 1498 2636 erat
1527 2611 1547 2635 e
1577 2600 1683 2646 regia
1715 2598 1951 2638 l’olonorum
1981 2598 2143 2647 familia,

1192 2658 1230 2689 et
1253 2653 1406 2690 Iesuitis
1427 2653 1463 2689 in
1486 2653 1682 2691 catholica
1713 2653 1899 2703 religione
1924 2653 2141 2699 institutus,

1193 2706 1297 2743 illius
1317 2706 1573 2744 stabiliendae
1595 2711 1634 2744 ct
1654 2707 1877 2745 dilatandae
1910 2707 1947 2744 in
1978 2706 2142 2745 Polonia

1191 2759 1502 2797 studiosissimus
1522 2760 1605 2798 suit.
1629 2762 1761 2803 Quare
1791 2761 2010 2799 haereticos
2037 2773 2140 2811 pau-

1170 2813 1302 2850 latim
1333 2826 1352 2850 c
1382 2826 1562 2863 supremo
1599 2820 1737 2853 senatu
1769 2815 1956 2860 exclusit,
1986 2816 2027 2853 et
2060 2814 2141 2852 alia

1190 2879 1343 2916 quoque
1366 2880 1529 2906 munera
1548 2880 1593 2905 ac
1614 2869 1824 2919 dignitates
1853 2868 2027 2918 publicas
2047 2867 2139 2906 solis

1194 2922 1270 2958 l'crc
1296 2921 1507 2960 Catholicis
1527 2924 1704 2962 contulit.
1741 2922 1910 2961 Iesuitae
1938 2925 2022 2960 tum
2052 2933 2139 2960 ser-

1231 3059 1239 3079 ¹
1259 3061 1293 3090 M.
1315 3061 1467 3100 lliggons,
1486 3060 1575 3102 Cnnp
1597 3062 1703 3094 (ΙόειἸ
1717 3071 1776 3093 sur
1793 3061 1814 3094 ι’
1824 3062 1963 3094 histoire
1980 3060 2141 3103 d'Anyle-

1189 3106 1283 3135 terre,
1302 3112 1331 3141 p.
1347 3101 1416 3138 252),
1438 3104 1478 3134 La
1498 3105 1579 3143 uaye.
1601 3105 1692 3139 1727:
1712 3106 1749 3135 Lc
1766 3104 1861 3135 Ferre
1878 3105 1916 3136 dc
1932 3105 1960 3135 Ιει
1979 3104 2140 3145 iii-ouem»,

1189 3147 1261 3172 tunc
1284 3145 1432 3182 {rinporis
1457 3147 1540 3185 rugis
1559 3147 1674 3177 Galliac
1699 3147 1726 3177 in
1745 3147 1853 3185 Anglia
1871 3150 2001 3184 orator,
2017 3147 2047 3177 in
2071 3146 2138 3177 suis

1187 3185 1431 3223 llonnmzntariis,
1449 3186 1683 3226 Nr’ynrintionx,
1701 3188 1771 3219 edil.
1795 3187 1881 3220 1749.

1230 3226 1241 3245 ²
1259 3227 1415 3261 ιἣμοιιὼιιι.
1433 3228 1471 3258 ad
1492 3229 1705 3261 :influat-21.

1227 3267 1239 3287 '⁸³
1256 3269 1291 3298 cl·
1304 3278 1333 3308 p.
1355 3269 1421 3299 182.
