2241 3473
620 169 746 200 stvE
775 169 828 197 AD
858 155 1054 196 iaxcmlvm
1082 168 1243 196 IMPERII
1271 168 1551 196 OCCIDENTALIS

88 234 160 273 Hic
180 245 300 283 aegro
320 233 464 277 ferens,
485 232 725 278 Nestorium,
746 232 806 269 cui
828 231 1011 268 studebat
1025 261 1034 275 ,

87 299 172 325 esse
192 287 419 323 damnatum
448 297 636 332 suamque
653 283 911 333 praesentiam
930 284 1033 320 haud

86 339 233 376 diutius
253 341 514 387 expectatam,
537 338 582 374 ad
601 337 808 374 concilium
826 335 957 372 venire
974 348 1033 372 no-

85 391 177 432 luit:
198 392 263 428 sed
286 402 373 427 cum
394 391 474 427 suis
504 391 555 427 3ss
584 390 772 438 episcopis
801 392 840 424 ct
869 387 957 425 aliis
988 388 1057 423 13γ

84 444 267 482 Nestoi-io
288 443 453 480 addictis
474 442 774 479 conciliabulum
807 440 966 485 habuit,
996 440 1034 475 in

85 508 159 545 quo
179 508 207 533 s.
229 495 416 543 Cyrillnm
440 495 749 532 Alexandrinum
779 504 823 529 ac
858 491 1034 528 Memno-

84 560 172 585 nem
197 548 432 596 Ephesinum
454 547 642 595 deposuit,
664 550 703 582 et
724 545 908 581 universo
930 545 1034 582 Con-

83 601 173 637 cilio
193 600 468 638 contumeliam
491 599 636 636 intulit.

137 652 268 690 Nihilo
285 657 414 689 tamen
435 652 561 688 secius
581 650 795 687 Concilium
811 649 1035 697 legitimum
1055 684 1057 694 ,

83 705 139 742 ‘2¹¹¹
163 706 373 742 sessionem
396 704 617 740 celebravit.
641 703 685 740 In
707 714 754 739 ea
780 702 898 749 legati
931 701 1034 737 Pon-

83 758 212 802 tificis,
230 758 434 800 Arcadius,
453 755 655 794 Proiectus
676 758 715 792 et
734 755 948 802 Philippus,
969 754 1031 801 qui

87 809 148 846 lae
168 810 327 846 sessioni
349 809 419 845 sub
441 808 586 856 Cyrillo
605 807 782 856 praeside
803 819 879 843 non
907 806 1032 843 inter-

83 861 258 908 fuerant,
279 861 476 910 petierunt
500 863 541 897 ut
561 861 632 897 sibi
662 860 946 896 exhiberentur
975 871 1032 904 ea,

82 925 183 963 quae
203 914 240 950 in
267 925 383 950 causa
403 913 575 950 Nestorii
598 913 755 949 fuerant
775 912 935 948 decreta
952 941 960 956 ,
991 917 1033 947 ut

81 966 272 1011 viderent,
306 969 439 1002 utrum
469 966 681 1003 secundum
713 964 921 1002 Calaestini
961 965 1031 1012 Pp.

80 1018 312 1056 sententiam
335 1030 453 1055 causa
474 1021 575 1055 esset
595 1018 778 1054 iudicata.
800 1017 842 1053 In
871 1016 918 1053 3ἱι
946 1027 1030 1053 ses—

81 1072 187 1109 sione
206 1071 327 1120 legati
356 1070 594 1108 damnationi
624 1072 663 1107 et
692 1069 918 1118 depositioni
946 1068 1031 1105 Ne-

84 1123 218 1168 storii,
239 1123 405 1171 aliisque
435 1135 457 1160 a
486 1122 648 1160 concilio
678 1123 776 1159 actis
805 1121 1029 1170 adstipulati

79 1177 183 1213 sunt.
207 1176 250 1212 In
271 1176 443 1213 sessione
464 1175 509 1212 4³*
528 1178 566 1212 et
586 1175 1032 1212 5³10an.Antioohenus

80 1228 238 1277 eiusque
258 1228 466 1276 complices
487 1228 668 1276 episcopi,
689 1230 750 1264 ter
766 1227 812 1264 ad
826 1226 1030 1263 concilium

79 1280 208 1317 vocati
230 1282 269 1318 et
290 1280 423 1317 venire
444 1284 684 1328 spernentes,
707 1279 905 1316 Ecclesiae
923 1291 1030 1316 com—

79 1333 262 1370 munione
278 1333 424 1382 privati
441 1337 542 1377 sunt,
553 1333 712 1370 etirrita
723 1332 924 1370 declarata
933 1343 1030 1381 quae

82 1386 120 1422 in
143 1397 279 1423 eorum
316 1386 574 1422 conciliabulo
604 1388 741 1422 contra
770 1384 963 1433 Cyrillum
992 1387 1032 1422 et

79 1438 328 1475 Memnonem
341 1438 498 1475 fuerant
513 1439 676 1475 statuta.
695 1438 737 1474 In
754 1436 801 1474 6²²
818 1449 907 1474 sess.
920 1438 1031 1475 Fidei

79 1490 265 1536 definitio,
286 1503 307 1528 a
329 1491 505 1539 symbolo
522 1490 696 1528 Nicaeno
713 1489 913 1538 incipiens,
930 1491 1032 1528 lecta

80 1546 141 1580 est
159 1545 199 1579 et
218 1543 378 1580 Concilii
398 1544 496 1581 actis
516 1544 676 1580 inserta.
700 1543 743 1579 In
765 1541 812 1579 7²²
833 1544 871 1579 et
893 1543 1032 1580 ultima

78 1607 170 1633 sess.
184 1595 381 1633 discussae
401 1600 440 1632 et
456 1596 609 1633 decisae
632 1598 724 1632 sunt
740 1596 931 1644 quaedam
947 1608 1032 1633 con-

76 1648 293 1685 troversiae
323 1649 525 1697 privatae,
555 1648 778 1696 conditique
809 1659 978 1686 canones
1009 1650 1033 1686 6

77 1703 214 1737 contra
224 1701 260 1738 N
268 1701 708 1749 estorium,Pelagianos
720 1702 758 1737 et
769 1700 1041 1742 Messalianos.

130 1753 277 1790 Verum
300 1765 387 1790 cum
408 1754 505 1790 haec
526 1756 759 1802 agerentur,
787 1753 1028 1793 Theodosius

76 1805 304 1853 imperator,
323 1806 482 1843 Ioannis
498 1806 734 1843 Antiocheni
751 1807 789 1842 et
801 1806 1027 1845 Candidiani

77 1858 241 1902 comitis,
262 1859 327 1906 qui
348 1859 597 1907 imperatoris
614 1859 720 1896 vices
731 1858 769 1894 in
786 1859 949 1895 concilio
966 1873 1030 1909 ge-

76 1911 199 1956 rebat,
221 1910 426 1948 fraudibus
447 1912 752 1955 circumventus,
774 1911 951 1959 patribus
970 1913 1028 1950 E-

77 1963 248 2011 phesinis
264 1963 320 2000 ita
339 1963 464 2000 iratus
485 1967 556 2009 est,
578 1966 620 2000 ut
639 1963 830 2011 Cyrillum
850 1963 1029 2002 Alexan-

78 2015 233 2052 drinum
262 2019 379 2063 atque
408 2017 659 2054 Memnonem
689 2016 926 2064 Ephesinum
955 2029 1029 2055 cu-

78 2068 226 2105 stodiae
245 2069 347 2105 tradi
361 2069 530 2106 iusserit.
549 2069 623 2106 Sed
640 2069 750 2105 brevi
766 2071 852 2117 post
863 2069 1030 2107 detectis

79 2120 294 2167 fraudibus,
315 2121 564 2158 conciliabuli
585 2124 696 2170 gesta
715 2122 956 2169 reprobavit,
974 2123 1029 2159 E-

76 2173 226 2221 phesini
247 2173 402 2210 concilii
423 2177 511 2210 acta
531 2174 714 2222 suscepit,
734 2178 773 2211 et
800 2173 1030 2212 Nestorium

77 2225 117 2262 in
137 2226 420 2263 monasterium
439 2227 725 2264 Antiochenum
753 2227 961 2275 relegavit,
991 2228 1029 2264 in

82 2278 192 2315 cuius
208 2278 338 2316 locum
355 2280 401 2316 ad
420 2279 485 2329 Cp.
502 2280 635 2316 sedem
647 2281 807 2317 evectus
819 2279 895 2316 fuit
907 2281 1029 2318 Maxi-

78 2331 232 2368 mianus
250 2330 275 2368 ¹.

130 2383 293 2420 Concilii
305 2384 491 2432 Ephesini
508 2384 665 2422 decreta
686 2396 708 2421 a
723 2384 941 2423 Caelestino
959 2386 1030 2435 Pp.

78 2435 198 2473 fuisse
219 2436 465 2482 confirmata,
488 2440 642 2474 constat
662 2449 710 2474 ex
729 2438 812 2474 eius
832 2439 879 2475 ad
900 2440 1032 2487 patres

78 2488 311 2536 Ephesiuos,
331 2490 592 2527 Theodosium
623 2490 919 2538 imperatorem,
949 2491 1031 2528 cle-

79 2551 171 2577 rum
192 2541 454 2592 populumque
476 2543 542 2591 Cp.
564 2542 703 2580 litteris
725 2542 758 2590 ²3
779 2543 933 2592 fuitque
961 2544 1034 2581 hoc

122 2667 131 2688 ¹
151 2668 268 2698 Socral.
295 2667 375 2697 Hist.
392 2668 466 2699 eccl.
480 2668 498 2698 Ι.
515 2668 577 2705 VII,
595 2678 619 2698 c.
639 2667 692 2706 315
716 2669 827 2708 Evagr.
845 2669 862 2699 l.
880 2669 903 2705 Ι,
922 2679 949 2700 c.
963 2669 1030 2707 ν2-3;

79 2708 210 2780 Illiberali.
235 2708 381 2740 Breviar.
405 2718 429 2739 c.
448 2709 521 2746 5-6;
546 2709 658 2747 Labbe,
685 2708 801 2741 Concil.
826 2714 844 2740 t.
858 2710 910 2748 1113
924 2712 1032 2749 Mansi,

106 2750 177 2780 onca'
193 2773 200 2780 .
217 2754 235 2779 t.
254 2751 298 2780 lV.

118 2789 132 2810 '2
149 2790 252 2821 Labbe
280 2794 310 2821 ct
336 2790 449 2825 Mansi,
477 2790 564 2827 ibid.;
591 2791 695 2821 Baluz.
724 2791 850 2822 Concil.
877 2792 1032 2830 Supplem.

80 2839 108 2869 p.
127 2829 359 2862 383-Natalis
377 2831 459 2860 Alex.
475 2831 578 2866 (Diss,
596 2832 631 2860 lv
648 2831 687 2861 in
699 2842 786 2862 saec.
800 2833 912 2863 XVec
923 2832 1033 2871 XVI),

80 2872 195 2902 Auctor
216 2872 356 2911 Defens.
382 2871 556 2902 Declarat.
582 2872 676 2902 Cleri
701 2873 788 2904 Gall.
807 2874 897 2912 (part.
914 2874 942 2912 3,
958 2874 975 2904 l.
993 2873 1034 2912 3),

80 2912 167 2942 Card.
200 2914 334 2943 Luzerne
365 2912 452 2949 (Sur
481 2913 516 2943 la
540 2911 758 2944 declaration
787 2915 834 2944 clu
860 2914 973 2953 cler-qe
994 2916 1034 2945 cle

78 2952 242 2992 France)‚
266 2963 301 2984 cx
326 2954 379 2991 iis,
405 2962 484 2992 quae
508 2953 671 2983 concilium
689 2955 873 2993 Ephesinum
889 2956 918 2985 in
936 2965 1032 2985 causa

78 2993 210 3025 Nestorii
229 2994 291 3034 egil
309 2998 380 3035 post
397 2994 558 3024 coelestini
577 2995 627 3032 Pp.
645 2998 674 3023 et
689 2996 846 3025 Romanae
862 2996 971 3034 synodi
988 2997 1034 3026 iu-

82 3033 205 3072 dicium,
222 3035 334 3066 inferre
352 3038 513 3071 conantur,
530 3036 589 3065 RR.
608 3035 770 3065 Pontifices
786 3045 854 3067 esse
871 3037 1033 3067 interiores

82 3075 217 3106 Concilio
233 3076 384 3115 generali,
402 3084 570 3114 eorumque
587 3075 701 3105 iudicia
717 3076 746 3105 in
761 3076 939 3107 dirimendis
951 3078 1034 3107 Fidei

82 3116 216 3155 negotiis
242 3126 301 3147 non
326 3126 396 3147 esse
421 3116 651 3155 irrefragabilia
668 3119 696 3146 ct
712 3116 958 3147 irresormabilia.
978 3119 1034 3149 Ve-

82 3164 148 3189 rum
164 3164 199 3187 ex
218 3157 295 3197 ipsis
315 3158 440 3188 Concilii
459 3158 535 3188 aclis
553 3161 581 3187 et
598 3157 761 3187 totahuins
776 3158 818 3187 rei
831 3157 964 3188 historia
979 3167 1034 3197 op-

79 3197 214 3238 positum
244 3198 453 3235 confirmatur,
478 3199 518 3229 uti
543 3198 610 3228 susc
633 3197 833 3229 ostenderunt
849 3198 936 3229 Card.
955 3199 1033 3237 Orsi,

1905 157 1977 195 131

1077 231 1282 269 concilium
1303 231 1341 268 in
1363 234 1528 280 utraque
1548 230 1734 278 Ecclesia,
1756 241 1898 280 graeca
1918 232 1957 269 ct
1979 231 2032 269 la-

1080 285 1172 330 tina,
1193 284 1367 322 conciliis
1388 284 1646 322 oecumenicis
1667 295 1817 333 semper
1837 285 2029 322 adnume-

1079 343 1220 374 ratum.

1132 389 1322 437 Cyrillum
1344 389 1654 426 Alexandrinum
1672 389 1776 426 inter
1791 391 1831 426 et
1845 389 2032 427 Ioannem

1080 442 1366 478 Antiochenum
1380 471 1389 487 ,
1411 447 1574 489 urgente
1594 442 1832 487 Theodosio,
1858 453 1920 479 an.
1950 442 2029 480 433

1080 506 1153 541 pax
1177 494 1388 541 composita
1409 498 1478 530 cst.
1498 495 1661 532 Ioannes
1681 495 1874 543 synodum
1890 494 2029 543 coegit,

1080 547 1207 594 inqua
1223 546 1468 582 concordiam
1485 559 1572 583 cum
1589 547 1856 584 Alexandrino
1869 547 2033 596 patriar-

1077 599 1149 635 cha
1169 598 1268 642 iniit,
1291 598 1534 635 nestorianae
1561 599 1711 636 haeresi
1736 600 1951 637 anathema
1966 599 2028 636 di-
2048 615 2051 619 ’

1078 651 1196 694 xit,et
1216 650 1387 687 Nestorii
1408 651 1635 698 depositioni
1655 664 1700 688 ac
1716 652 1947 690 Maximiani
1964 663 2031 689 or-

1077 702 1272 739 dinationi
1295 703 1470 739 assensit.
1489 703 1591 740 Huic
1611 705 1839 742 concordiae
1857 703 2029 742 subscri-

1078 757 1239 803 pserunt
1260 754 1432 803 plerique
1449 756 1619 803 episcopi
1639 756 1828 803 Orientis;
1851 757 1917 794 alii
1938 768 2030 794 vero

1077 808 1181 845 illam
1200 807 1433 852 reiecerunt,
1454 808 1597 854 partim
1625 809 1716 855 quia
1745 809 1882 858 Cyrilli
1911 809 2029 846 fidem

1077 862 1204 897 adhuc
1225 862 1443 908 suspectam
1462 860 1662 906 haberent,
1676 862 1821 909 partim
1841 863 1942 910 quod
1955 861 2033 899 Ne-

1075 913 1238 950 storium
1255 913 1515 949 orthodoxum
1536 913 1696 960 ideoque
1713 913 1856 952 iniuste
1874 915 2035 952 damna-

1074 968 1170 1011 tum,
1188 965 1495 1002 arbitrabantur.
1515 965 1631 1001 Brevi
1653 968 1784 1002 tamen
1808 970 1891 1014 post
1911 968 2029 1016 impe-

1074 1018 1216 1056 ratoris
1244 1017 1394 1066 legibus
1424 1017 1650 1065 perterriti,
1681 1018 1811 1066 paucis
1840 1019 2034 1068 exceptis,

1074 1082 1164 1107 cum
1184 1070 1332 1119 Cyrillo
1348 1069 1615 1106 Alexandrino
1645 1072 1684 1107 et
1712 1071 1854 1108 Ioanne
1883 1072 2030 1110 Antio-

1074 1124 1197 1160 cheno
1213 1125 1504 1160 consenserunt.

1129 1176 1257 1216 Quum
1279 1175 1484 1213 Nestorius
1512 1175 1581 1212 has
1613 1174 1823 1212 divisiones
1856 1175 2034 1223 foveret,

1076 1229 1183 1266 iussu
1208 1228 1458 1277 imperatoris
1487 1227 1686 1276 relegatus
1713 1229 1773 1264 est
1805 1229 1844 1265 in
1870 1228 2032 1277 AEgyp-

1076 1284 1180 1327 tum,
1210 1281 1273 1318 ubi
1305 1293 1365 1318 an.
1397 1280 1494 1326 440,
1523 1292 1642 1317 exesa
1670 1281 1869 1318 vermibus
1898 1281 2034 1329 lingua

1078 1334 1330 1382 corporisque
1352 1333 1558 1381 putredine
1575 1332 1774 1370 extinctus
1795 1335 1868 1379 est,
1885 1335 1927 1370 ut
1943 1333 2036 1370 scri-

1077 1388 1176 1424 bunt
1191 1386 1388 1435 Evagrius
1407 1384 1416 1405 ¹
1435 1389 1474 1422 et
1492 1386 1722 1423 Theodorus
1737 1386 1878 1423 Lector
1894 1385 1921 1424 ².
1936 1387 2033 1423 Cum

1077 1452 1122 1477 eo
1142 1442 1275 1477 tamen
1296 1441 1402 1476 secta
1422 1438 1600 1477 extincta
1617 1451 1693 1476 non
1710 1440 1782 1486 est,
1800 1441 1844 1476 ut
1860 1438 1964 1476 infra
1978 1439 2033 1476 vi·

1078 1493 1269 1530 debimus.

1130 1545 1192 1582 85.
1218 1545 1258 1582 S.
1275 1545 1433 1593 Xystus
1449 1543 1522 1581 III
1536 1545 1736 1591 Pontifex
1755 1543 1843 1595 (an.
1864 1542 1960 1594 432)
1984 1565 2033 1572 —

1078 1598 1116 1635 S.
1138 1597 1369 1643 Caelestino,
1389 1609 1507 1644 quum
1540 1596 1650 1633 annis
1672 1597 1696 1633 8
1717 1599 1756 1634 et
1785 1597 1980 1634 mensibus
2007 1597 2034 1635 5

1078 1650 1455 1696 sedisset,defuncto,
1468 1648 1656 1687 suffectus
1672 1651 1731 1686 est
1745 1661 1774 1686 s.
1791 1650 1944 1698 Xystus
1961 1649 2036 1696 III,

1079 1704 1300 1748 Romanus,
1320 1702 1387 1750 qui
1408 1713 1529 1750 usque
1550 1702 1598 1738 ad
1619 1714 1680 1739 an.
1711 1702 1790 1739 440
1822 1701 2037 1750 pontifica-

1077 1757 1162 1793 tum
1183 1756 1313 1804 gessit.
1332 1755 1447 1792 Illum
1478 1754 1604 1791 adhuc
1632 1755 1910 1803 presbyterum
1927 1784 1937 1801 ,
1956 1755 2032 1792 Zo-

1079 1809 1175 1845 simo
1195 1807 1390 1856 pontifice,
1412 1807 1586 1844 omnium
1607 1806 1780 1854 primum
1800 1819 1934 1845 coram
1956 1807 2033 1845 fre-

1078 1860 1329 1908 quentissimo
1349 1859 1491 1908 populo
1512 1860 1724 1896 anathema
1744 1860 1888 1898 dixisse
1908 1860 2031 1898 Pela-

1077 1913 1217 1961 gianis,
1239 1912 1372 1950 scribit
1392 1924 1420 1949 s.
1442 1911 1688 1960 Augustinus
1703 1910 1730 1950 3.
1752 1911 1938 1954 Pontifex
1954 1912 2037 1951 fac-

1076 1969 1163 2011 tus,
1184 1965 1402 2011 Iulianum,
1423 1964 1527 2001 inter
1552 1964 1790 2013 Pelagianos
1819 1965 2034 2013 famosum,

1077 2018 1143 2066 qui
1153 2017 1332 2055 fallacem
1342 2016 1598 2054 correctionis
1613 2029 1719 2066 spem
1731 2029 1824 2067 prae
1840 2029 1880 2056 se
1889 2017 2033 2066 ferens,

1076 2071 1115 2107 in
1136 2070 1449 2107 communionem
1470 2069 1669 2107 Ecclesiae
1689 2072 1728 2108 et
1747 2070 1882 2108 sedem
1910 2071 2031 2109 Ecla-

1076 2135 1249 2169 nensem,
1269 2122 1410 2171 quibus
1429 2123 1611 2171 privatus
1631 2125 1730 2168 erat,
1751 2123 1924 2172 irrepere
1945 2126 2036 2161 ten-

1075 2176 1206 2222 tabat,
1236 2175 1474 2224 compescuit
1503 2177 1621 2224 atque
1649 2175 1786 2213 reiecit
1816 2175 1841 2214 ⁴.
1871 2175 2034 2214 Concilii

1075 2228 1259 2277 Ephesini
1279 2233 1367 2265 acta
1387 2227 1652 2274 confirmavit,
1672 2231 1712 2266 et
1732 2229 1780 2266 ad
1799 2228 1927 2278 ipsum
1947 2229 1985 2267 N
1990 2241 2029 2266 e-

1075 2281 1241 2318 storium
1261 2293 1306 2318 ac
1326 2281 1524 2329 episcopos
1545 2281 1717 2319 Orientis
1738 2282 1929 2319 adversus
1947 2282 2030 2320 eius

1076 2334 1269 2372 haeresim
1290 2333 1502 2371 sententias
1522 2333 1631 2371 dedit
1649 2332 1676 2371 ⁵.

1129 2387 1191 2425 86.
1215 2387 1454 2425 Persecutz‘o
1485 2386 1871 2424 Vanclalorum-——In
1893 2385 2028 2425 Africa

1077 2439 1268 2477 Catholici
1298 2438 1536 2476 dirissimam
1564 2439 1872 2487 persecutionem
1901 2439 2033 2476 subie-

1077 2495 1169 2530 runt
1189 2494 1276 2541 post
1296 2492 1540 2529 invasionem
1560 2492 1841 2530 Vandalorum.
1860 2490 1911 2529 Hi
1928 2492 2032 2530 enim

1077 2545 1288 2583 Genserico
1309 2546 1420 2590 duce,
1441 2557 1502 2582 an.
1525 2545 1615 2591 429,
1636 2557 1683 2582 ex
1704 2544 1893 2593 Hispania
1912 2544 1952 2581 in
1973 2545 2031 2582 A-

1076 2597 1214 2635 fricam
1232 2597 1487 2644 transierunt,
1510 2609 1673 2645 eamque
1694 2600 1781 2646 post
1795 2597 2025 2635 cruentissi-

1076 2662 1179 2687 mam
1192 2650 1336 2688 civium
1349 2651 1520 2696 caedem,
1534 2651 1688 2688 urbium
1708 2651 1747 2686 et
1767 2660 1950 2698 agrorum
1964 2662 2026 2688 va-

1077 2703 1287 2740 stationem
1309 2704 1561 2751 subegerunt.
1584 2701 1788 2749 Religione
1808 2702 1935 2740 ariani
1957 2715 2025 2740 ca-

1077 2756 1232 2794 tholicis
1252 2756 1532 2794 infensissimos
1548 2767 1588 2792 se
1603 2754 1876 2802 exhibuerunt,
1891 2767 2026 2794 eorum

1077 2875 1107 2904 L.
1124 2874 1166 2905 de
1180 2872 1440 2913 irreformabili
1454 2873 1495 2902 R.
1509 2871 1550 2902 P.
1566 2870 1714 2908 iudicio;
1731 2872 1762 2902 A.
1781 2873 1967 2911 Muzzarelli,
1984 2872 2027 2904 De

1079 2914 1245 2945 auctorit.
1269 2915 1310 2945 R.
1334 2915 1374 2944 P.
1394 2916 1415 2944 t.
1431 2914 1471 2951 Il,
1488 2922 1513 2943 c.
1531 2912 1600 2950 731.
1617 2913 1650 2943 B.
1668 2912 1785 2952 Palma,
1801 2912 1921 2946 Prael.
1939 2913 2035 2945 Hisc.

1077 2956 1151 2986 eccl.
1170 2958 1190 2986 t.
1207 2956 1230 2992 I,
1248 2965 1275 2993 p.
1295 2954 1323 2989 2,
1337 2965 1363 2986 c.
1376 2954 1427 2985 ⁹202.

1118 2996 1128 3016 ¹
1147 2996 1242 3026 Hisc.
1256 2996 1332 3025 eccl.
1349 2996 1366 3025 l.
1384 2996 1407 3032 1,
1425 3004 1449 3024 c.
1469 2993 1496 3023 7.

1118 3035 1133 3056 ⁶2
1151 3036 1242 3066 Hz'st.
1260 3037 1336 3066 eccl.
1355 3036 1372 3066 l.
1391 3037 1424 3074 ll,
1441 3044 1465 3066 c.
1484 3033 1531 3065 38.

1118 3077 1133 3139 ἶ
1150 3076 1482 3155 §.zlffgssinghrow
1500 3115 1538 3146 ad
1555 3124 1602 3147 an.
1620 3115 1694 3147 439.

1118 3158 1133 3179 5
1150 3158 1297 3194 Gennad.‚
1314 3159 1342 3188 L.
1361 3158 1402 3188 de
1416 3157 1582 3196 Scriptor.
1599 3157 1685 3188 Eccl.
1701 3167 1726 3188 c.
1744 3156 1793 3196 51,
1811 3160 1839 3189 et
1853 3157 1935 3198 apud
1951 3159 2029 3189 Lab-

1080 3199 1127 3236 be,
1147 3197 1265 3230 Concil.
1281 3201 1302 3230 t.
1317 3198 1372 3238 III,
1389 3208 1416 3238 p.
1438 3197 1526 3230 1260.

1866 3249 1881 3264 ί
