2241 3473
314 167 363 205 46

260 241 376 288 ravit,
398 241 616 278 Guidonem
641 246 773 285 regem
788 235 1011 282 multosque
1032 245 1213 282 proceres

257 295 372 343 cepit,
393 294 586 330 Acconem
608 302 676 327 seu
698 287 986 326 Ptolemaidem
1003 287 1157 324 obsedit
1176 289 1214 324 et

256 348 304 384 ad
327 346 564 383 deditionem
585 342 784 390 compulit,
805 340 1039 378 Ascalonem
1061 340 1212 387 aceepit

256 411 301 436 ea
321 399 418 447 lege,
441 400 481 434 ut
503 395 672 433 Guitloni
695 396 776 442 regi
800 393 964 441 aliisque
982 392 1211 441 proceribus

257 451 423 499 captivis
438 450 660 486 libertatem
679 447 875 492 redderet,
892 446 1052 483 tandem
1070 444 1212 494 postri-

256 505 319 541 die
340 502 524 540 calendas
545 500 714 538 octobris
743 499 916 537 eiusdem
938 498 1031 535 anni
1051 499 1211 535 Ierusa-

256 557 333 593 lem
353 556 402 592 ad
423 554 659 592 deditionem
683 552 823 601 coegit.
845 551 1060 589 Christiani
1081 551 1213 587 orien-

255 608 376 654 tales,
397 607 510 656 Syri,
533 606 757 655 Georgiani,
778 605 964 651 Armeni,
985 605 1126 641 Graeci
1144 633 1153 650 ,
1175 603 1210 641 in

259 661 354 698 urbe
380 665 657 697 remanserunt
685 660 758 695 sub
789 658 958 695 dominio
979 658 1212 703 Turcarum;

256 713 456 762 Europaei
487 725 578 750 vero
608 724 696 750 eam
726 712 1004 756 deseruerunt,
1034 710 1101 747 alii
1122 721 1211 746 eum

258 766 438 804 Heraclio
470 766 693 815 patriarcha
731 764 994 809 Antiochiam,
1024 763 1103 800 Alii
1125 763 1211 811 Ty-

255 831 366 865 rum,
387 819 453 856 alii
475 819 687 867 Tripolim,
710 818 774 856 alii
804 818 842 854 in
865 817 1039 854 Siciliam
1061 816 1212 864 migra-

255 875 361 910 runt.
401 873 555 910 Turcae
585 875 699 921 capta
736 870 976 915 Ierusalem,
1008 880 1145 906 cruces
1175 870 1214 905 et

256 937 466 974 campanas
496 926 749 962 ecclesiarum
781 924 1004 972 fregerunt,
1034 933 1154 970 equos
1175 924 1214 958 et

253 978 433 1016 iumenta
449 980 487 1015 in
505 979 679 1016 ecclesiis
699 977 1015 1021 stabulaverunt,
1031 975 1128 1012 alias
1145 987 1212 1011 ec-

255 1031 395 1069 elesias
415 1032 452 1068 in
474 1032 622 1080 templa
642 1032 744 1068 ritus
760 1029 1028 1067 mahometani
1044 1039 1214 1066 conver-

253 1088 405 1131 terunt,
427 1085 632 1122 ecclesiam
655 1096 748 1121 vero
773 1084 875 1121 sacri
896 1082 1075 1131 Sepulcri
1097 1082 1212 1119 Chri-

255 1137 392 1175 stianis
412 1138 522 1186 Syris
542 1138 667 1187 pretio
689 1138 891 1175 cesserunt
917 1134 940 1174 ¹.

309 1191 370 1228 59.
397 1191 622 1238 Gregsorz‘ms
659 1190 770 1235 VIII,
798 1190 980 1227 Clemens
1001 1188 1082 1234 III,
1104 1189 1213 1225 Pon-

256 1245 386 1292 tifices
402 1244 616 1282 —Perlato
633 1245 671 1281 in
688 1244 883 1291 Europam
896 1242 1039 1278 nuncio
1056 1242 1102 1278 de
1119 1252 1213 1289 cap-

255 1300 297 1333 ta
317 1299 453 1334 saneta
483 1297 657 1343 civitate,
678 1297 861 1334 Urbanus
892 1296 961 1343 Pp.
984 1295 1040 1331 III
1062 1307 1082 1331 e
1104 1306 1212 1331 moe-

255 1361 344 1387 rore
360 1350 493 1396 animi,
512 1351 732 1396 Ferrariae,
750 1352 793 1386 ut
810 1360 927 1397 supra
943 1348 1127 1392 diximus,
1146 1359 1212 1383 oe-

254 1403 401 1440 cubuit.
424 1403 481 1440 Ibi
502 1404 618 1440 biduo
640 1407 725 1451 post
747 1400 850 1453 (Xsso
873 1401 944 1438 cal.
970 1413 1056 1438 nov.
1084 1399 1212 1450 1187)

256 1456 438 1493 Pontifex
459 1457 608 1493 electus
630 1457 704 1493 fuit
725 1455 939 1503 Gregorius
956 1454 1066 1500 VIII,
1083 1454 1211 1490 Bene-

254 1513 450 1546 ventanus
465 1539 473 1555 ,
495 1512 610 1547 antea
639 1509 859 1557 appellatus
880 1508 1097 1553 filbertus,
1119 1518 1210 1544 ear-

254 1562 396 1599 dinalis
426 1562 703 1608 Cancellarius,
727 1563 832 1599 vitae
849 1561 1045 1610 probitate
1062 1562 1102 1597 et
1122 1572 1212 1597 eru-

252 1615 400 1652 ditione
417 1615 555 1653 clarus.
571 1616 607 1653 Is
624 1615 831 1652 confestim
843 1614 988 1651 litteris
1001 1614 1211 1662 encyclicis

252 1669 477 1716 Europaeos
507 1670 554 1706 ad
572 1680 724 1706 sacram
747 1667 1035 1717 expeditionem
1057 1679 1125 1714 pro
1147 1678 1211 1703 re-

252 1723 475 1770 cuperanda
509 1721 725 1759 Ierusalem
756 1722 936 1758 hortatus
957 1722 1034 1765 est,
1056 1731 1209 1757 crucem

253 1775 495 1812 sumentibus
526 1774 813 1824 indulgentiam
849 1774 1058 1817 concessit,
1089 1775 1128 1809 et
1163 1774 1209 1810 ad

252 1827 431 1876 Supremi
453 1827 635 1865 Numinis
662 1827 921 1877 patrocinium
953 1827 1026 1863 sibi
1047 1838 1207 1875 compa-

255 1882 423 1918 randum
451 1881 637 1918 ieiunium
660 1882 696 1918 in
719 1892 839 1918 annos
861 1880 1032 1928 quinque
1054 1879 1209 1925 indixit,

256 1936 298 1970 ut
319 1934 529 1971 Christiani
552 1947 684 1971 omnes
705 1933 861 1983 singula
876 1933 974 1970 feria
990 1935 1102 1970 sexta
1119 1933 1211 1969 ieiu-

255 1992 393 2024 uarent
404 1988 451 2024 ad
465 1988 619 2024 modum
632 1987 976 2035 Quadragesimae,
990 1986 1086 2023 feria
1099 1997 1210 2034 quar-

254 2043 293 2077 ta
326 2052 416 2076 vero
447 2043 485 2077 et
518 2042 681 2078 sabbato
711 2040 894 2077 carnibus
914 2039 1160 2077 abstinerent
1178 2038 1207 2076 ².

253 2093 339 2141 Ipse
361 2097 494 2130 autem
517 2098 556 2130 et
585 2094 814 2131 Cardinales
837 2105 924 2130 cum
947 2093 1106 2130 familiis
1128 2093 1208 2129 suis

254 2146 352 2183 feria
380 2147 497 2183 etiam
520 2148 689 2184 secunda
710 2147 746 2183 id
769 2147 1037 2184 observarent.
1060 2146 1208 2183 Deinde

252 2199 438 2236 Ferraria
463 2200 656 2248 profectus
679 2201 802 2244 Pisas,
821 2203 863 2236 ut
885 2199 991 2236 urbis
1013 2198 1130 2236 huius
1152 2199 1208 2235 ci-

254 2264 320 2289 ves
346 2265 434 2290 cum
459 2254 732 2290 Genuensibus
753 2252 994 2297 conciliaret,
1015 2255 1055 2289 et
1074 2253 1208 2289 ambos

252 2306 389 2354 opibus
407 2306 613 2344 maritimis
629 2310 722 2344 tunc
740 2306 926 2353 temporis
941 2305 1141 2353 pollentes,
1160 2306 1205 2343 ad

251 2358 522 2397 instruendam
546 2359 709 2397 classem
730 2362 866 2395 contra
888 2359 1036 2394 'Furcas
1057 2359 1208 2396 excita-

253 2415 326 2456 ret,
338 2412 387 2449 ibi
401 2413 521 2450 intem
529 2413 675 2461 pestivo
690 2412 821 2448 morbo
834 2411 1032 2448 extinctus
1045 2417 1105 2448 est
1117 2411 1206 2448 X1v⁰

252 2465 401 2502 calend.
420 2466 632 2511 ianuarias,
645 2477 731 2502 cum
747 2476 819 2501 non
836 2464 939 2501 ultra
955 2464 1041 2501 dies
1055 2470 1206 2513 septem

250 2523 291 2555 et
308 2520 620 2568 qzcz'nqzmyz‘nta
643 2518 920 2556 Pontificatum
943 2518 1137 2564 gessisset.

304 2572 437 2609 Tertio
460 2575 546 2621 post
566 2573 627 2609 die
649 2570 867 2608 cardinales
886 2570 985 2606 Pisis
1002 2570 1207 2619 elegerunt

251 2624 493 2662 Clementem
517 2625 587 2672 ΙΙΙ,
610 2626 846 2670 Romanum,
868 2623 1104 2671 appellatum
1133 2635 1205 2660 an-
1258 2663 1273 2665 4,

250 2683 315 2714 tea
338 2679 569 2716 Paulinum
591 2675 847 2721 §thola-crem,
869 2676 1110 2713 cardinalem
1132 2676 1206 2724 epi-

250 2742 409 2779 scopum
448 2732 760 2769 Praenestinum.
793 2731 830 2768 Is
860 2730 935 2766 duo
966 2730 1096 2777 magni
1130 2741 1207 2765 mo-

249 2785 370 2820 menti
392 2785 548 2833 negotia
566 2784 744 2829 confecit,
762 2783 946 2820 nimirum
964 2794 1098 2830 pacem
1116 2794 1204 2819 cum
1228 2817 1229 2821 ,

251 2837 439 2874 Romanis
472 2841 510 2875 et
544 2838 681 2875 foedus
715 2837 1016 2873 christianorum
1058 2835 1203 2883 princi-

250 2901 340 2937 pum
361 2891 407 2926 ad
426 2891 572 2927 Terrae
588 2893 746 2927 sanctae
765 2889 1111 2937 recuperationem.
1131 2889 1204 2925 Ro-

250 2942 352 2979 mani
383 2945 432 2980 ab
462 2944 694 2981 Arnuldistis
733 2943 921 2988 excitati,
952 2942 1066 2989 longo
1101 2947 1227 2983 tem—¹
1268 2988 1272 2992 ι
1504 2988 1508 2992 .
1782 2987 1787 2992 ¹
1956 2986 1961 2991 .
1999 2986 2005 2992 ⁴

1225 2989 1227 3015 ὲ
1249 2996 1334 3016 suun·
1352 2986 1548 3017 Innocentius
1566 2988 1591 3017 Il
1608 2992 1634 3017 cl
1656 2987 1851 3017 Caelestinus
1868 2987 1895 3017 ll
1912 2995 2006 3016 amun
2032 2987 2139 3017 dolore
2157 2986 2208 3016 de—

250 3007 360 3042 pore,
394 2996 450 3033 uti
485 2997 675 3042 vidimus,
707 2996 915 3033 Pontifices
945 2998 1203 3038 vexaverant,

247 3050 403 3098 eiusque
436 3050 550 3087 Urbis
580 3049 748 3087 dominio
778 3051 934 3097 erepto,
964 3052 1140 3085 senatum
1165 3051 1202 3083 et

290 3154 295 3173 ¹
318 3156 467 3186 {baronius
492 3159 521 3186 ct
545 3157 630 3195 Pagi,
648 3157 684 3186 ad
703 3166 750 3187 au.
770 3156 865 3193 '11873
884 3155 1037 3194 Michaud,
1054 3153 1130 3185 [laxs-e.
1148 3151 1200 3182 dcx
1222 3182 1223 3196 χ

248 3196 418 3232 croisades,
435 3202 452 3227 l,
471 3199 502 3227 ΙΙ.

289 3237 300 3256 '-'
317 3238 429 3275 Labbc,
449 3238 567 3270 Concil.
587 3242 603 3269 t.
624 3240 656 3277 X,
679 3238 762 3269 1718.

730 173 892 201 EPOCHA
920 172 991 198 vu.
1021 172 1047 197 A
1077 170 1347 196 PONTIFICATV
1377 171 1408 197 S.
1429 171 1627 198 GREGORII
1656 173 1723 200 vn.

1259 234 1514 282 patriciatum
1536 238 1783 275 creaverant.
1805 236 1984 275 Clemens
2004 237 2060 275 III
2080 249 2216 287 pacem

1261 299 1352 324 cum
1373 287 1421 324 iis
1442 287 1663 337 composuit
1683 301 1729 326 ea
1749 289 1848 338 lege,
1872 293 1914 327 ut
1934 290 2037 328 Urbs
2057 293 2159 328 esset
2176 291 2218 329 in

1260 342 1454 388 potestate
1487 341 1712 387 Pontificis,
1741 343 1931 391 abrogato
1962 343 2139 391 patricio,
2161 355 2219 381 re·

1256 392 1491 430 stitueretur
1519 393 1763 442 praefectus,
1792 398 1834 432 et
1869 400 2069 434 senatores
2097 396 2218 434 annui

1257 446 1498 483 auctoritate
1539 446 1740 484 Pontifieis
1782 451 2023 486 crearentur.
2067 448 2218 490 Quibus

1256 497 1384 543 factis,
1406 499 1586 537 Clemens
1607 511 1760 537 summa
1778 501 2048 539 Romanorum
2064 501 2219 540 laetitia

1256 550 1294 587 in
1311 552 1457 589 Urbem
1482 556 1669 601 exceptus
1688 555 1748 590 est
1767 551 1789 590 ¹.
1812 554 1872 591 Ad
1889 555 2139 592 excitandum
2156 566 2219 591 ve-

1257 615 1300 640 ro
1327 605 1471 642 bellum
1491 617 1646 642 sacrum
1669 605 1854 644 Pontifex
1876 607 2028 656 legatos
2049 607 2154 645 misit
2169 608 2218 645 ad

1256 656 1449 706 principes
1472 659 1709 706 Europaeos,
1729 658 1947 707 effecitque,
1971 663 2014 697 ut
2032 659 2073 696 in
2089 660 2218 706 Italia,

1255 710 1482 758 Germania,
1498 711 1627 749 Gallia
1644 715 1684 748 et
1703 712 1846 761 Anglia
1867 713 2014 762 copiosi
2042 713 2218 762 crucige-

1254 774 1386 800 rorum
1409 765 1608 802 exercitus
1629 764 1921 813 colligerentur.

1307 816 1370 853 60.
1399 818 1599 855 Cruez'ata
1619 818 1822 866 expeditio
1838 817 2215 869 Ill(an.1188)—

1256 869 1447 907 Omnibus
1469 872 1516 908 ad
1533 871 1676 908 bellum
1699 883 1857 909 sacrum
1880 871 2131 920 comparatis,
2153 871 2219 908 Pi-

1254 922 1337 959 sani
1360 934 1421 960 an.
1447 924 1548 961 1188
1570 936 1656 961 eum
1679 924 1803 961 classe
1824 924 1876 962 50
1898 924 2059 962 navium
2079 924 2216 973 profe-

1254 975 1320 1021 cti,
1335 979 1598 1024 pervenerunt
1615 978 1765 1026 Tyrum
1782 980 1822 1014 et
1839 989 1951 1026 opem
1969 977 2218 1026 opportunis-

1254 1029 1391 1066 simam
1413 1029 1593 1067 tulerunt
1609 1030 1785 1067 Conrado
1803 1030 2022 1068 marchioni
2043 1031 2091 1068 de
2109 1029 2216 1067 Mon-

1254 1081 1455 1128 tet'errato,
1476 1083 1572 1131 Tyri
1587 1083 1754 1129 domino,
1777 1084 1824 1120 ad
1839 1083 2085 1133 repellendos
2105 1083 2215 1121 Sala-

1256 1134 1335 1171 dini
1357 1135 1540 1183 impetus.
1563 1136 1681 1173 Brevi
1711 1139 1796 1184 post
1819 1136 1856 1173 in
1881 1137 2015 1174 Asiam
2038 1137 2214 1174 advene-

1257 1189 1351 1224 runt
1372 1189 1671 1237 crucigerorum
1691 1190 1893 1226 exercitus
1913 1202 1933 1226 e
1953 1189 2080 1226 Dania
2093 1219 2103 1236 ,
2123 1189 2220 1226 Ger-

1256 1242 1408 1288 mania,
1447 1242 1606 1291 Belgio,
1639 1242 1769 1279 Gallia
1799 1245 1838 1280 et
1873 1242 2018 1291 Anglia
2046 1242 2217 1288 collecti,

1257 1305 1447 1343 opemque
1467 1296 1645 1333 tulerunt
1661 1295 1829 1332 Gnidoni
1849 1295 2216 1344 Hierosolymorum

1258 1347 1354 1396 regi,
1374 1348 1439 1396 qui
1462 1360 1524 1386 an.
1563 1348 1664 1386 1189
1687 1349 1970 1386 Ptolemaidem
1992 1359 2216 1397 oppugnan-

1258 1400 1345 1438 dam
1385 1401 1567 1451 suscepit.
1601 1402 1684 1439 Hoc
1713 1401 1793 1449 ipso
1824 1414 1925 1438 auno
1955 1401 2216 1439 FridericusI

1256 1454 1469 1502 imperator
1490 1455 1689 1504 copiosum
1711 1454 1931 1492 exercitum
1952 1454 1992 1492 in
2014 1455 2215 1492 Orientem

1257 1507 1382 1553 duxit,
1394 1510 1433 1545 et
1447 1509 1640 1556 superatis
1653 1508 1801 1545 insidiis
1816 1510 1856 1545 et
1868 1508 1982 1545 vexis
1995 1519 2093 1556 quas
2106 1508 2218 1545 Isaac

1256 1561 1453 1608 Angelus,
1483 1561 1702 1610 imperator
1732 1561 1986 1607 Graecorum,
2008 1561 2043 1598 ei
2063 1564 2215 1598 struxe-

1257 1616 1330 1658 rat,
1352 1614 1389 1650 in
1412 1613 1545 1651 Asiam
1576 1615 1767 1651 minorem
1795 1615 1994 1662 pervenit,
2014 1614 2214 1651 sultanum

1255 1667 1375 1704 Iconii
1402 1667 1545 1715 duplici
1569 1668 1716 1716 praelio
1748 1667 1866 1713 vicit,
1886 1667 2059 1704 Iconium
2087 1678 2214 1715 expu-

1255 1721 1406 1767 gnavit,
1427 1720 1582 1769 iterque
1602 1720 1641 1757 in
1663 1721 1819 1770 Syriam
1847 1723 2074 1769 prosecutus
2103 1719 2217 1757 venit

1254 1774 1487 1819 Seleuciam3
1503 1774 1568 1811 sed
1590 1786 1710 1822 quum
1730 1774 1820 1811 hinc
1839 1774 2038 1822 digressus
2051 1773 2215 1811 fluvium

1255 1827 1397 1875 Saleph
1433 1829 1685 1864 transnatare
1715 1826 1859 1872 vellet,
1888 1829 2063 1864 torrente
2097 1826 2214 1863 abre-

1254 1882 1343 1929 ptus
1357 1880 1471 1929 periit
1486 1892 1586 1917 anno
1603 1881 1713 1918 1190.
1727 1880 1821 1917 Post
1833 1882 1914 1917 eius
1928 1882 2093 1917 mortem
2105 1890 2216 1917 exer-

1254 1933 1358 1970 citus
1380 1934 1577 1982 dispersus
1608 1936 1687 1979 est,
1708 1933 1773 1970 alii
1794 1934 1878 1970 sine
1900 1933 1997 1970 duce
2021 1935 2061 1970 et
2080 1932 2215 1970 ordine

1255 1988 1327 2023 huc
1357 1986 1453 2024 illuc
1485 1987 1643 2035 vagati,
1665 1989 1734 2023 aut
1763 1986 1800 2023 in
1830 1987 2027 2035 Europam
2047 1985 2215 2035 regressi

1253 2042 1366 2085 sunt,
1396 2039 1462 2076 alii
1495 2052 1584 2076 cum
1614 2039 1818 2077 Friderico
1847 2040 1945 2077 duee
1975 2039 2144 2077 Sueviae
2173 2049 2215 2076 se

1254 2093 1546 2130 coniunxerunt
1567 2092 1778 2142 crucigeris
1801 2092 2086 2130 Ptolemaidem
2107 2091 2213 2129 obsi-

1253 2145 1444 2182 dentibus.
1458 2148 1531 2183 An.
1550 2145 1647 2182 1191
1667 2146 1713 2182 ad
1733 2146 1832 2182 hanc
1851 2146 1984 2182 urbem
2007 2157 2095 2182 cum
2109 2155 2216 2182 exer-

1253 2198 1332 2235 citu
1355 2199 1465 2236 venit
1485 2199 1692 2247 Philippus
1713 2199 1936 2247 Augustus,
1957 2209 2027 2236 rex
2047 2198 2212 2236 Galliae.

1253 2251 1425 2288 Advenit
1445 2254 1485 2288 et
1515 2251 1739 2289 Ricliardus
1770 2263 1842 2288 rex
1863 2251 2041 2300 Angliae,
2063 2263 2212 2301 cogno-

1254 2304 1355 2342 mine
1381 2306 1458 2341 Cor
1479 2305 1654 2349 Leonis,
1683 2304 1746 2353 qui
1779 2304 1818 2341 in
1850 2304 1992 2342 itinere
2022 2305 2071 2342 ab
2102 2305 2213 2342 Isaac

1252 2359 1448 2395 Comneno
1465 2358 1584 2406 Cypri
1602 2363 1770 2407 tyranno
1787 2357 2009 2404 lacessitus,
2026 2358 2131 2394 hune
2151 2357 2214 2395 de-

1253 2410 1417 2448 bellarat
1445 2413 1483 2447 et
1510 2415 1630 2448 totam
1653 2411 1816 2448 insulam
1840 2412 2062 2459 subegerat.
2088 2410 2211 2448 Ambo

1251 2475 1364 2512 reges
1381 2464 1709 2512 opportunissime
1734 2465 1993 2510 advenerunt,
2010 2467 2094 2501 tum
2110 2464 2212 2512 quod

1251 2517 1461 2554 Saladinus
1481 2517 1610 2565 copias
1630 2529 1720 2555 suas
1743 2517 1916 2566 undique
1936 2521 2074 2554 eontra
2093 2516 2209 2554 Chri-

1251 2570 1399 2607 stianos
1420 2571 1696 2617 contraxisset,
1718 2573 1801 2608 tum
1822 2570 1923 2619 quod
1945 2570 2049 2608 inter
2065 2569 2209 2607 Gnido-

1293 2695 1300 2716 ¹
1322 2698 1472 2737 Perpetua
1493 2706 1548 2735 per
1572 2707 1670 2727 annos
1696 2698 1765 2736 plus
1783 2698 1883 2729 minus
1911 2697 2141 2738 quinquaginta
2163 2697 2209 2728 in-

1252 2743 1296 2770 ivi·
1320 2739 1465 2776 populum
1492 2740 1715 2778 l'onlilicesque
1740 2741 1895 2770 Romanos
1921 2740 1959 2770 ab
1984 2739 2164 2770 Innocentio
2183 2739 2210 2770 11

1252 2789 1347 2819 usquc
1366 2780 1403 2808 :id
1422 2780 1610 2810 Clementem
1628 2781 1668 2811 Ill
1688 2780 1847 2811 discordia
1868 2780 1967 2811 civilis
1991 2779 2056 2814 suit.
2074 2780 2209 2819 regimi-

1251 2821 1297 2851 nis
1315 2821 1425 2851 nrlmui
1444 2823 1609 2852 occasione
1627 2822 1777 2852 excitata:
1795 2831 1864 2852 cum
1889 2822 2023 2861 populus
2042 2822 2209 2859 Romanus,

1252 2863 1397 2893 l’onlilicc
1415 2871 1471 2892 suo
1492 2863 1580 2893 Urbis
1605 2863 1875 2894 administratione
1894 2866 2064 2900 summoto,
2081 2863 2210 2893 Senato-

1251 2914 1310 2941 res,
1328 2904 1376 2943 qui
1398 2905 1596 2944 Reipublicae
1617 2909 1809 2942 praeessent,
1824 2913 1892 2935 cum
1911 2904 2043 2935 Patricio
2061 2903 2209 2943 quodam,

1250 2954 1369 2975 sumnia
1387 2954 1455 2974 cum
1473 2947 1660 2976 auctoritate
1684 2949 1854 2976 creassent.
1881 2947 1921 2975 Ex
1947 2945 2036 2975 cuius
2054 2945 2098 2975 rei
2115 2953 2212 2976 occa-

1250 3029 1403 3059 li·c(·runl;
1424 3029 1534 3057 Lucius
1553 3029 1578 3059 11
1598 3038 1676 3067 pene
1699 3033 1745 3058 cst
1773 3028 1964 3065 intersectum
1983 3027 2139 3067 Eugenius
2157 3027 2209 3064 111,

1224 3089 1225 3095 .
1249 3069 1422 3098 Alexandri·
1449 3070 1488 3099 llI
1515 3074 1543 3100 cl
1568 3071 1678 3101 Lucius
1697 3069 1738 3100 111
1757 3069 1835 3100 urbe
1855 3069 1942 3108 pulsi.
1963 3068 2104 3100 Urbanus
2123 3068 2162 3100 Ill
2179 3073 2209 3099 et

1224 3119 1225 3122 ¹
1248 3111 1416 3148 (Li-vgorius
1432 3111 1493 3140 Vlll
1513 3112 1618 3141 exules
1637 3112 1731 3147 sucre,
1749 3111 1847 3141 donec
1865 3110 2032 3140 novissime
2050 3110 2125 3140 tanti
2145 3109 2208 3140 dis-

1246 3152 1314 3181 sidii
1343 3154 1472 3190 uli-:ique
1498 3156 1584 3189 parte
1612 3156 1777 3191 pertaesa,
1802 3151 1931 3191 populus
1958 3151 2114 3182 Romanus
2138 3159 2207 3181 cum

1247 3192 1393 3222 l‘ontilice
1413 3194 1554 3231 populari
1572 3203 1628 3224 suo
1646 3194 1799 3224 (liemcule
1821 3193 1856 3223 ΙΙΙ
1873 3201 1980 3232 pacem
1999 3193 2108 3233 aequis
2126 3200 2206 3223 con-

1220 3258 1223 3271 ,
1245 3233 1413 3264 ditionibus
1432 3234 1510 3264 fecit.
1528 3235 1591 3265 Vid.
1608 3236 1733 3265 l'anvin.
1749 3235 1776 3265 in
1794 3237 1900 3265 annot.
1916 3234 1955 3265 ad
1970 3233 2079 3265 platin.
2093 3243 2119 3274 p.
2136 3232 2205 3264 162.
