2241 3473
540 162 668 194 VSQVE
695 162 749 190 AD
778 161 1078 189 PONTIFICATVM
1106 161 1136 189 S.
1167 161 1360 190 GREGORII
1388 161 1457 188 vn.

49 241 79 268 s.
95 229 258 267 Ioannes
275 226 452 264 monachi
470 226 698 264 Gorzienses
718 225 729 247 ¹
744 239 753 273 ;
770 226 864 264 item
882 237 911 264 s.
924 226 1002 263 Ca-

50 283 176 327 dmes,
194 290 224 317 S.
245 278 443 317 Maccalan
474 282 513 317 et
533 292 562 317 s.
578 279 850 324 Forannanus,
876 278 1004 327 patria

54 332 214 372 Hiberni
230 330 258 369 ².
280 333 321 369 In
344 330 478 380 Belgio
497 333 543 369 de
559 332 695 369 eadem
712 343 753 368 re
770 331 1002 379 praeclaris-

51 386 149 424 sime
169 385 316 422 meruit
338 396 366 421 s.
389 385 590 422 Gerardus
612 384 731 421 abbas
746 383 1001 421 Broniensis3.

106 438 170 475 83.
194 437 273 474 Leo
301 438 354 474 l'l
360 438 382 474 I
400 438 486 474 Pon
496 439 598 485 tifeoe
613 435 1002 486 (an.936)-Quum

55 491 220 528 Ioannes
246 490 314 537 Pp.
338 490 393 526 XI
416 490 526 526 initio
546 489 712 526 ianuarii
734 487 825 525 anni
840 488 916 524 936
934 500 1002 525 su-
1025 496 1027 507 ¹

53 554 231 593 premum
262 543 362 579 diem
383 542 546 589 egisset,
576 542 623 578 ad
653 540 850 577 summum
870 551 1003 576 sacer-

56 595 208 633 dotium
231 595 376 632 electus
398 595 472 632 fuit
492 594 569 630 Leo
589 593 677 637 VII,
694 594 907 637 Romanus,
924 594 1004 640 qui,
1025 609 1027 638 g

52 651 153 686 teste
174 647 405 690 Flodoardo,
427 646 593 683 nonnisi
611 646 673 682 diu
690 645 890 682 reluctans
907 656 1002 692 pon-
1025 642 1027 647 '

53 700 111 738 tifi
121 703 254 739 catum
281 699 474 747 suscepit,
495 698 658 735 assiduis
679 697 858 745 precibus
879 702 917 733 et
938 708 1003 733 re-

58 765 150 791 rum
171 753 396 790 coelestium
416 750 654 788 meditationi
672 750 838 794 deditus,
854 749 1005 797 sapiens

56 809 97 844 et
113 805 237 844 affatu
255 805 382 841 laetus
398 802 566 840 extitit⁴.
584 804 687 840 Ante
704 802 806 838 diem
821 802 846 838 9
861 802 1003 838 ianua-

56 859 105 896 rii
121 859 371 896 consecratus
387 859 456 893 est.
467 855 664 896 Quantum
681 858 815 891 autem
832 854 1004 891 dolorem

57 912 119 948 hic
152 908 338 948 Pontifex
373 907 591 956 conceperit
625 919 645 943 e
674 906 778 943 tristi
807 907 1006 944 Ecclesiae

59 966 180 1008 statu,
200 965 240 999 et
255 972 371 1010 quam
388 964 548 998 strenue
565 971 632 1008 pro
648 959 789 996 collata
805 959 877 996 sibi
896 961 1005 1007 pote-

60 1020 162 1054 state
181 1013 440 1052 existentibus
459 1012 573 1049 malis
592 1012 739 1049 mederi
760 1014 925 1049 conatus
942 1012 1004 1057 sit,

60 1070 260 1106 testantur
278 1065 483 1114 epistolae,
506 1075 604 1112 quas
623 1064 778 1113 scripsit
799 1065 846 1101 ad
868 1065 1006 1112 Hugo-

58 1133 148 1158 nem
177 1119 391 1169 principem
419 1117 682 1162 Francorum,
706 1117 754 1153 ad
775 1118 955 1154 abbatem
977 1129 1005 1153 s.

60 1172 218 1211 Martini
237 1169 489 1215 Turonensis,
505 1170 552 1206 ad
570 1170 789 1206 Gerardum
808 1169 1006 1216 archiepi-

58 1236 216 1274 scopum
238 1224 548 1260 Laureacensem
571 1224 610 1258 et
630 1222 676 1258 ad
700 1222 912 1270 episcopos,
932 1222 1004 1258 ab-

58 1279 176 1322 bates,
197 1287 322 1325 reges,
342 1275 460 1313 duces
479 1278 519 1311 et
540 1274 702 1311 comites
719 1274 870 1311 Galliae
888 1276 1005 1322 atque

19 1374 22 1375 ⁷
59 1329 295 1368 Germaniae
306 1327 332 1364 ⁵.
350 1327 564 1365 Praeterea
579 1339 607 1364 s.
625 1327 812 1372 Odonem,
826 1327 1007 1364 abbatem

60 1382 375 1426 Cluniacensem,
391 1379 456 1428 qui
476 1391 662 1428 magnam
679 1380 781 1428 apud
802 1380 1008 1428 Hugonem

59 1446 192 1484 regem
220 1433 390 1482 gratiam
419 1433 629 1478 obtinebat,
650 1433 817 1469 Romam
838 1433 1008 1478 vocavit,

56 1491 143 1526 tum
165 1486 215 1524 ad
236 1485 523 1523 reformandam
541 1485 783 1534 disciplinam
803 1485 841 1522 in
864 1497 1007 1522 coeno-

58 1541 134 1578 biis
150 1542 234 1577 tum
249 1539 296 1576 ad
319 1538 601 1575 conciliandam
621 1550 757 1587 pacem
782 1538 887 1575 inter
906 1550 1006 1575 eun-

57 1594 146 1631 dem
175 1592 384 1640 Hugonem
414 1602 546 1639 regem
568 1590 1009 1639 Longobardiae——qui

59 1646 208 1684 Urbem
231 1645 280 1682 ad
301 1644 616 1692 recuperandam
643 1643 680 1680 in
707 1655 752 1680 ea
773 1644 1009 1680 dominatio-

58 1709 146 1736 nem
157 1696 477 1741 obsidebat—,et
492 1696 716 1733 Albericum
732 1696 796 1744 qui
813 1695 1010 1733 consulari

60 1752 260 1801 potestate
279 1749 404 1798 ipsam
427 1750 742 1788 administrabat.
764 1750 930 1786 Sanctus
951 1750 1012 1786 ab·

58 1805 128 1842 bas
143 1806 352 1850 utrumque
365 1803 566 1850 negotium
580 1801 720 1839 effecit.
730 1802 838 1839 Sedit
849 1802 925 1838 Leo
937 1802 1012 1838 VII

60 1857 85 1894 3
105 1855 230 1901 annis,
249 1855 274 1892 6
300 1854 512 1900 mensibus,
540 1858 578 1892 et
609 1855 748 1892 diebus
780 1854 853 1891 10:
881 1867 901 1892 e
932 1854 1014 1892 vita

60 1909 175 1947 cessit
198 1908 245 1945 18
264 1907 347 1944 iulii
369 1919 430 1944 an.
447 1908 536 1945 939.

114 1961 176 1999 84.
211 1961 299 1997 Otto
329 1960 386 1996 M.
418 1971 494 1998 reo:
527 1960 776 1997 Germaniae
795 1981 847 1986 —
867 1961 1011 1998 Eodem

62 2025 183 2059 ann0,
211 2024 287 2062 quo
316 2012 482 2050 Ioannes
511 2013 581 2059 XI,
611 2013 649 2049 in
679 2012 891 2050 Germania
920 2014 1016 2052 obiit

63 2065 258 2105 Henricus
277 2077 348 2102 rex
368 2065 398 2111 I,
418 2065 442 2102 3
462 2065 551 2103 filiis
571 2077 592 2102 e
612 2077 640 2102 s.
665 2065 853 2102 Mathilde
875 2067 1012 2102 coniu-

66 2132 113 2169 ge
150 2115 324 2164 relictis3
345 2129 510 2165 quorum
532 2121 628 2156 natu
650 2118 846 2155 maximus
867 2118 958 2156 Otto
979 2119 1013 2155 ei

64 2172 104 2209 in
132 2181 254 2219 regno
274 2170 464 2208 successit
481 2200 490 2217 ,
515 2170 709 2208 Hem-icus
729 2171 880 2219 accepit
899 2171 1015 2209 feuda

65 2225 105 2262 in
125 2221 312 2269 Saxonia,
333 2223 468 2260 Bruno
496 2223 667 2260 clericali
689 2223 852 2260 militiae
873 2236 1014 2262 nomen

66 2277 173 2314 dedit
201 2279 241 2313 et
267 2278 401 2324 postea
435 2280 592 2314 creatus
612 2275 686 2313 fuit
706 2276 1015 2325 archiepiscopus

65 2328 317 2367 Coloniensis.
341 2328 432 2365 Otto
452 2329 556 2366 bella
576 2328 706 2366 civilia
724 2358 732 2374 ,
763 2341 785 2365 a
805 2330 1016 2366 rebellibus

67 2381 233 2419 ducibus
253 2380 446 2425 excitata,
467 2381 655 2418 contrivit
675 2383 714 2418 et
734 2381 931 2430 publicum
953 2394 1015 2420 or-

68 2434 197 2471 dinem
220 2432 492 2479 confirmavit3
512 2435 656 2479 Danos,
676 2433 829 2479 Slavos,
850 2435 1016 2484 Hunga-

69 2498 133 2524 ros
153 2491 193 2523 et
214 2485 406 2522 Bohemos
426 2486 509 2522 acie
529 2484 629 2523 vicit
645 2515 654 2532 ,
675 2487 900 2525 auctoritati
922 2499 1015 2525 suae

67 2538 245 2583 subiecit,
264 2537 540 2586 etReligionis
561 2539 795 2577 christianae
818 2552 1014 2589 propaga-

69 2591 166 2630 tioni
186 2591 290 2628 inter
308 2600 375 2627 eos
390 2591 587 2629 consuluit
603 2605 612 2638 3
632 2603 768 2640 pacem
785 2603 938 2641 quoque
955 2605 1017 2630 re-

69 2644 199 2682 stituit
219 2643 258 2679 in
281 2641 409 2679 Gallia
429 2645 468 2680 et
488 2643 628 2690 Italia3
650 2655 710 2682 an.
732 2645 811 2682 962
831 2657 853 2682 a
872 2646 1018 2683 Ioanne

69 2697 140 2746 Pp.
162 2695 246 2733 ΧΠ
261 2694 478 2743 imperator
499 2699 706 2734 coronatus
728 2700 801 2743 est,
822 2699 1021 2747 regnavit-

70 2761 144 2798 que
166 2759 290 2796 usque
312 2747 360 2784 ad
381 2759 442 2785 an.
460 2748 549 2794 973,
565 2753 721 2797 propter
736 2761 799 2788 res
813 2752 1018 2799 praeclare

70 2805 213 2850 gestas,
233 2811 332 2849 quas
352 2801 435 2837 suis
454 2800 546 2838 locis
566 2801 826 2840 indicabimus
843 2832 852 2849 ,
883 2804 1018 2853 Magni

73 2864 293 2903 cognomen
314 2852 490 2901 adeptus.

123 2906 186 2944 85.
215 2905 424 2943 Ecclesiae
451 2909 583 2942 status
612 2907 656 2942 in
686 2906 960 2956 Hz'spama—
977 2909 1020 2946 In

112 3022 124 3044 ¹
139 3022 277 3054 Bolland.
295 3023 375 3052 Acta
392 3020 446 3063 SS.
461 3021 502 3053 -27
521 3022 609 3061 febr.;
626 3022 779 3060 Mabsslon,
792 3023 852 3055 loc.
868 3025 907 3055 cit

112 3063 128 3085 ²
142 3064 279 3094 Bolland.
296 3063 314 3094 6
331 3062 414 3096 maii.
431 3063 464 3093 2’1
486 3064 558 3101 ian.,
577 3063 616 3095 30
633 3064 721 3102 april.

114 3103 129 3125 3
143 3105 284 3136 Bolland.
303 3104 320 3135 3
338 3104 455 3135 octobr.

113 3144 231 3190 {Apud
247 3145 361 3183 Labbe,
379 3144 499 3176 concil.
517 3149 536 3176 t.
549 3145 601 3184 lx,
616 3155 643 3185 p.
661 3144 741 3185 5343
759 3146 903 3177 Harduin.
919 3150 938 3178 t.
956 3148 1000 3178 Vl.

116 3191 132 3206 ³
153 3185 202 3217 De
215 3185 278 3218 ΗΒ.
294 3185 417 3225 Pontis.

1853 148 1935 188 253

1048 225 1236 274 Hispania
1252 225 1506 263 ecclesiarum
1519 222 1771 274 prosperitati
1784 222 1992 261 obfuerunt

1048 277 1269 326 frequentia
1297 277 1399 315 bella
1420 278 1523 315 inter
1543 276 1776 314 christianos
1795 277 1834 312 et
1853 277 1992 312 maho-

1048 335 1223 368 metanos
1252 330 1457 379 principes.
1489 331 1615 372 Quum
1637 334 1767 366 tamen
1790 327 1993 365 christiani

1048 395 1160 430 reges
1180 383 1377 427 Asturiae,
1397 383 1561 420 devictis
1581 381 1734 430 saepius
1753 379 1918 425 Mauris,
1939 391 1994 417 re-

1047 447 1168 484 gnum
1198 447 1310 472 suum
1334 435 1543 483 plurimum
1563 433 1881 482 amplificassent,
1901 433 1994 470 reli-

1047 488 1170 535 gionis
1198 487 1433 524 christianae
1454 487 1642 535 professio
1665 485 1840 522 refloruit
1859 485 1897 522 in
1919 497 1996 522 om-

1050 540 1161 576 nibus
1199 539 1425 576 civitatibus
1455 543 1571 576 antea
1592 538 1768 576 Maurico
1788 537 1878 587 iugo
1899 539 1995 576 sub-

1049 590 1177 637 iectis3
1207 591 1394 628 ecclesiae
1423 592 1670 629 instauratae
1699 593 1790 628 sunt
1809 591 1995 639 sedesque

1049 644 1286 692 episcopales
1299 657 1307 690 ;
1323 655 1421 691 quae
1432 647 1672 688 corruerant,
1684 644 1901 680 restitutae.
1919 644 1995 681 Ra-

1050 697 1169 733 mirus
1191 697 1238 741 11,
1261 696 1326 744 qui
1347 708 1508 744 regnum
1532 697 1716 734 Asturiac
1732 707 1799 732 seu
1816 695 1998 743 Legionis

1048 749 1276 786 moderatus
1296 756 1355 786 est
1373 750 1422 786 ab
1442 760 1503 785 an.
1524 748 1602 785 930
1624 760 1741 796 usque
1762 749 1810 785 ad
1829 748 1919 794 950,
1937 760 1996 785 re·

1049 801 1192 850 ligione
1213 805 1252 838 et
1272 801 1446 838 victoriis
1467 801 1513 837 de
1530 800 1680 838 Mauris
1696 801 1827 838 relatis
1842 800 1999 847 claruit,

1050 857 1090 891 et
1108 856 1266 902 praeter
1288 853 1378 899 alia,
1399 853 1585 890 coenobia
1605 853 1718 901 plura
1739 853 1915 890 extruxit
1934 853 1996 890 do-

1048 907 1240 954 tavitque.

1102 958 1245 995 Libera
1273 969 1426 1006 quoque
1455 960 1540 995 erat
1569 957 1705 1006 religio
1736 957 1949 995 christiana
1976 969 2000 994 a

1050 1011 1240 1049 servitute
1270 1011 1530 1048 mahometica
1559 1010 1596 1046 in
1628 1022 1749 1058 regno
1770 1010 2001 1057 Navarrae,

1050 1064 1149 1112 quod
1179 1066 1218 1101 et
1245 1064 1372 1112 ipsum
1392 1064 1462 1101 sub
1483 1063 1639 1099 Sanctio
1661 1063 1676 1099 Ι
1698 1062 1886 1111 (905-25)
1917 1075 2000 1100 am-

1050 1116 1265 1165 plificatum
1288 1118 1362 1160 est3
1383 1116 1479 1153 item
1498 1115 1537 1151 in
1555 1115 1742 1152 comitatu
1760 1115 2000 1161 Barcinonis,

1052 1168 1118 1217 qui
1139 1180 1161 1205 a
1181 1168 1312 1205 Caroli
1329 1168 1464 1217 Magni
1480 1168 1721 1216 temporibus
1738 1167 1868 1204 comiti
1884 1167 2003 1204 Fran-

1052 1221 1134 1257 cico
1156 1222 1354 1266 subditus,
1375 1233 1399 1258 a
1419 1220 1622 1269 posteriori
1645 1220 1786 1257 saeculi
1807 1219 1865 1256 IX
1885 1219 2002 1256 dimi-

1053 1274 1112 1310 dio
1129 1285 1152 1311 a
1167 1274 1308 1310 comite
1325 1273 1411 1310 subi
1430 1273 1584 1322 proprio
1600 1272 1898 1310 administratus
1914 1271 2000 1309 fuit.-

1053 1327 1096 1363 In
1117 1326 1279 1363 coeteris
1299 1338 1394 1363 vero
1416 1326 1626 1373 Hispaniae
1647 1324 1869 1373 provinciis,
1888 1323 2003 1361 Mau-

1053 1380 1132 1416 rico
1164 1378 1327 1427 imperio
1348 1378 1513 1416 subditis
1527 1408 1537 1422 ,
1557 1378 1768 1415 Christiani
1790 1389 1813 1414 a
1833 1376 2003 1414 cruentis

1053 1432 1206 1480 quidem
1231 1431 1338 1468 vexis
1358 1435 1470 1468 erant
1489 1431 1622 1477 liberi,
1644 1430 1744 1467 dura
1763 1432 1896 1467 tamen
1917 1431 2004 1466 erat

1055 1496 1190 1521 eorum
1212 1484 1393 1521 conditio.

1109 1538 1316 1574 Ecclesiae
1334 1542 1468 1574 status
1488 1538 1530 1574 in
1545 1537 1765 1584 Aozylia—
1777 1535 1819 1572 In
1837 1534 2004 1582 Angliae

1055 1602 1175 1639 regno
1189 1589 1393 1627 Alfredum
1411 1589 1462 1626 M.
1474 1601 1575 1626 anno
1591 1589 1668 1626 900
1685 1588 1839 1636 excepit
1854 1588 2004 1624 Eduar-

1056 1643 1127 1680 dus
1147 1643 1230 1680 eius
1250 1642 1373 1688 filius,
1403 1642 1469 1690 qui
1491 1643 1612 1690 patris
1633 1640 1856 1689 exemplum
1877 1639 2004 1677 imita-

1056 1698 1141 1741 tus,
1168 1695 1294 1732 multa
1317 1695 1356 1731 in
1378 1694 1596 1743 Religionis
1617 1697 1655 1730 et
1674 1693 1910 1741 reipublicae
1931 1693 2003 1730 bo-

1058 1760 1151 1785 num
1171 1748 1394 1794 constituit3
1415 1747 1626 1784 secundum
1647 1747 1695 1783 R.
1714 1745 1915 1783 Pontificis
1934 1745 2005 1782 lit-

1058 1805 1164 1838 teras
1185 1812 1252 1848 pro
1274 1800 1506 1838 vacantibus
1527 1799 1701 1837 ecclesiis
1721 1799 1918 1847 episcopos
1938 1809 2006 1835 or-

1057 1852 1268 1899 dinandos,
1298 1864 1495 1900 novasque
1524 1853 1634 1889 sedes
1663 1851 1900 1900 episcopales
1926 1851 2007 1887 eri-

1057 1906 1202 1955 gendas
1223 1906 1401 1949 curavit;
1422 1917 1535 1953 opem
1552 1916 1733 1953 magnam
1751 1903 1928 1949 contulit,
1945 1914 2008 1940 ex-

1056 1958 1246 2007 tirpandis
1272 1958 1444 1995 incestae
1464 1957 1644 1994 luxuriae
1664 1957 1846 1994 fomentis
1859 1986 1868 2002 ,
1889 1955 2007 1992 obiit-

1058 2023 1133 2060 que
1153 2023 1214 2048 an.
1227 2011 1316 2048 924.
1337 2011 1608 2055 Atlielstanus‚
1628 2010 1731 2047 filius
1751 2009 1836 2046 eius
1857 2011 1897 2045 et
1916 2020 2008 2045 suc-

1058 2076 1199 2109 cessor,
1219 2063 1403 2112 regnavit
1423 2075 1542 2112 usque
1563 2064 1610 2100 ad
1633 2075 1695 2100 an.
1716 2062 1794 2100 940
1807 2075 1815 2108 ;
1830 2061 1919 2110 pius
1934 2073 2007 2110 pa-

1058 2117 1154 2154 riter
1174 2129 1220 2154 ac
1240 2120 1441 2161 strennus,
1472 2116 1744 2153 auctoritatem
1765 2115 1919 2164 regiam
1936 2114 2009 2151 fir-

1059 2170 1196 2215 mavit,
1219 2172 1258 2206 et
1277 2169 1384 2218 leges
1404 2169 1571 2218 optimas
1587 2181 1607 2205 e
1628 2167 1787 2205 consilio
1807 2167 2008 2216 episcopo-

1059 2234 1146 2259 rum
1178 2225 1218 2259 et
1246 2234 1454 2270 procerum
1477 2222 1516 2257 in
1545 2223 1741 2258 conventu
1773 2219 2009 2257 Grateleano

1059 2274 1270 2312 sancivit¹.
1302 2276 1396 2312 Post
1424 2276 1591 2312 mortem
1621 2272 1841 2311 Athelstani
1871 2272 1918 2308 ab
1944 2284 2007 2309 an.

1059 2327 1136 2364 940
1159 2339 1280 2376 usque
1301 2328 1348 2364 ad
1368 2328 1445 2365 946
1467 2327 1650 2375 regnavit
1670 2325 1909 2369 Edmundus,
1930 2323 2008 2361 fra-

1059 2382 1120 2417 ter
1149 2380 1246 2416 eius.
1273 2379 1345 2417 Hic
1375 2380 1553 2427 princeps
1582 2379 1716 2416 fratris
1742 2382 1781 2415 et
1809 2377 1932 2426 patris
1951 2376 2010 2413 sui

1058 2433 1245 2482 pietatem
1284 2436 1323 2469 et
1357 2432 1539 2469 bellicam
1569 2431 1755 2468 virtutem
1785 2429 2004 2467 aemulatus

1059 2487 1130 2531 est3
1147 2485 1347 2522 Danorum
1365 2484 1578 2522 incursioni
1595 2484 1751 2521 fortiter
1767 2481 1922 2527 restitit3
1933 2482 2009 2518 Re-

1060 2538 1214 2586 ligionis
1233 2538 1433 2575 maiestati
1455 2541 1492 2574 et
1513 2537 1623 2585 regni
1641 2534 1922 2583 tranquillitati
1944 2536 2009 2570 at-

1061 2602 1134 2638 que
1154 2590 1404 2639 prosperitati
1420 2590 1635 2634 consuluit3
1652 2601 1672 2625 e
1689 2587 1847 2625 consilio
1864 2586 2010 2634 episco-

1060 2655 1198 2692 porum
1214 2645 1253 2680 et
1270 2654 1486 2691 procerum,
1503 2654 1599 2690 quos
1615 2639 1881 2688 congregavit,
1897 2639 2012 2687 plura

1062 2696 1230 2733 sancivit
1250 2698 1387 2733 contra
1406 2695 1565 2732 clericos
1585 2693 1891 2737 incontinentes,
1917 2703 2012 2729 con-

1062 2752 1125 2785 tra
1144 2748 1370 2792 homicidas„
1391 2747 1566 2795 periuros
1587 2748 1659 2782 etc.
1681 2743 1707 2782 ².
1730 2745 1828 2781 Eum
1850 2756 1911 2781 an.
1932 2744 2010 2781 946

1062 2801 1216 2849 excepit
1237 2801 1426 2846 Edredus,
1448 2799 1571 2836 frater
1591 2798 1695 2843 eius,
1716 2797 1893 2845 princeps
1919 2808 2010 2833 -ma-

1061 2854 1280 2902 gnanimus,
1295 2854 1380 2901 pius
1400 2856 1439 2888 et
1457 2852 1594 2897 iustus,
1605 2850 1670 2899 qui
1687 2850 1869 2898 regnavit
1890 2860 2012 2897 usque

1064 2906 1111 2943 ad
1133 2918 1194 2943 an.
1217 2905 1305 2943 955.

1116 2959 1178 2996 86.
1211 2958 1252 2995 S.
1285 2957 1364 2994 Odo
1399 2955 1840 2993 Cantuariensis—In
1870 2954 2014 3004 Anglia

1064 3011 1343 3048 celeberrimus
1365 3011 1450 3046 erat
1469 3020 1497 3046 s.
1519 3009 1613 3055 Odo,
1632 3008 1699 3056 qui
1715 3008 1762 3046 ab
1778 3008 2010 3045 Athelstano

1105 3148 1246 3220 ¹71ilablbffl
1262 3148 1349 3218 ῑὲξέξ,
1365 3157 1392 3187 p.
1410 3147 1480 3179 583.

1107 3196 1119 3211 '—
1172 3198 1195 3220 ic
1208 3214 1213 3219 .
1228 3199 1257 3229 p.
1318 3210 1344 3219 ...
