2241 3473
223 147 302 187 156

168 220 342 258 viarium
363 227 568 260 canonum,
588 226 637 252 ex
665 212 861 250 Africanis
881 211 1129 260 potissimum

172 272 344 310 conciliis
365 271 638 317 excerptorum
658 265 683 302 ¹.

226 325 288 363 39.
310 324 491 361 Ioannes
505 319 580 357 III
591 319 792 365 Pontifex
809 316 895 367 (an.
913 315 1133 364 560)—Pe-

170 377 297 426 lagius
314 376 343 420 Ι,
365 376 449 422 post
468 372 720 421 pontificatus
741 382 864 407 annos
880 370 904 406 4
924 373 963 405 et
979 380 1132 406 menses

174 429 327 475 lO,vita
338 426 505 464 excessit
520 424 580 461 ΠΟ
601 434 725 460 nonas
737 422 871 460 martii
890 421 1027 460 560.In
1049 421 1132 458 eius

170 483 303 520 locum
337 478 523 517 suffectus
553 478 614 514 est
633 477 799 513 Ioannes
820 475 889 521 III,
912 475 1131 520 Romanus,

172 535 237 582 qui
259 533 360 570 sedit
381 542 503 578 usque
520 529 568 566 ad
585 541 646 566 an.
665 529 754 566 573.
772 530 895 566 Gesta
919 527 1002 564 eius
1033 540 1131 575 pene

172 588 309 633 ignota
328 588 432 628 sunt,
445 584 725 630 praeterquam
737 582 840 630 quod
864 581 1132 629 episcoporum

173 637 322 676 Salonii
356 635 645 673 Ebredunensis
678 639 718 672 et
747 633 951 683 Sagittarii
979 633 1132 681 Vapin-

173 690 312 734 censis,
332 689 397 737 qui
417 688 455 724 in
472 687 724 736 Lugdunensi
741 687 888 736 synodo
909 685 1052 723 an.567
1072 687 1136 722 da-

174 743 298 781 mnati
331 747 369 778 et
403 741 582 789 depositi,
616 741 665 777 ad
691 740 959 790 Apostolicam
993 739 1133 776 Sedem

172 793 717 846 provocarant,appellatione
739 796 933 841 suscepta,
944 803 1025 836 eos,
1035 794 1136 840 post-

173 860 290 897 quam
307 847 589 884 correctionem
601 842 1132 894 promisissent,restituerit².

175 902 368 939 Strenuus
388 899 465 936 fuit
484 899 633 949 Synodi
655 899 816 948 quintae
829 898 1135 944 defensor,eam-

176 966 250 1002 que
271 955 400 990 ratam
422 952 514 990 fecit
533 953 769 989 auctoritate
798 964 882 989 sua.
905 951 1046 988 Exstat
1065 951 1135 988 sub

175 1008 258 1044 eius
277 1007 434 1043 nomine
455 1006 618 1054 epistola
651 1005 699 1042 ad
738 1005 936 1053 episcopos
965 1004 1134 1041 Germa-

175 1060 263 1097 niae
282 1065 322 1096 et
337 1059 501 1104 Galliae,
521 1059 586 1096 sed
608 1070 695 1095 eam
715 1058 907 1095 Baronius
923 1069 1136 1106 omnesque

177 1112 320 1150 eruditi
340 1112 626 1160 supposititiam
647 1123 730 1148 esse
751 1110 943 1148 fatentur.

231 1165 294 1202 40.
316 1165 547 1202 Suevorum
567 1166 612 1201 in
631 1164 840 1212 Hispania
861 1164 1072 1203 conversio
1087 1183 1135 1190 —

177 1219 258 1256 Sub
279 1218 435 1255 Ioannis
464 1218 520 1254 ΙΙΙ
540 1218 653 1254 initia
681 1217 815 1262 Suevi,
838 1218 902 1265 qui
926 1217 965 1252 in
988 1216 1135 1264 Hispa-

179 1271 252 1309 niis
282 1270 526 1308 Gallaeciam
555 1275 788 1319 partemque
818 1269 1049 1306 Lusitaniae
1083 1269 1138 1304 in-

180 1324 383 1370 colebant,
398 1324 445 1360 ad
459 1323 707 1360 Theodemiri
722 1322 827 1371 regis
840 1323 901 1360 sui
913 1322 1137 1370 exemplum

180 1377 334 1415 abiecta
353 1377 490 1414 ariana
519 1375 684 1421 haeresi,
706 1376 754 1412 ad
776 1375 1010 1412 catholicam
1032 1375 1138 1411 veri—

179 1433 301 1467 tatem
323 1430 579 1466 transierunt.
602 1429 811 1477 Egregiam
828 1440 987 1476 operam
1004 1439 1140 1464 eorum

182 1482 427 1519 conversioni
457 1482 620 1519 navavit
635 1494 663 1519 s.
683 1483 891 1529 Martinus,
906 1484 1023 1529 gente
1045 1480 1142 1517 Pan-

182 1535 333 1579 nonius,
355 1535 463 1572 vitae
484 1534 742 1572 sanctimonia
759 1538 798 1571 et
818 1534 1039 1572 eruditione
1056 1533 1139 1570 cla-

182 1600 261 1633 rus3
279 1587 344 1636 qui
366 1588 534 1625 visitatis
554 1587 677 1625 sacris
693 1587 943 1624 Palaestinae
975 1587 1082 1631 locis,
1103 1586 1140 1623 in

183 1641 424 1678 Gallaeciam
448 1641 569 1684 venit,
585 1643 626 1677 et
642 1640 811 1689 primum
826 1640 1045 1676 Dumiensis
1060 1639 1141 1688 epi-

183 1706 345 1742 scopus,
375 1695 516 1730 deinde
546 1693 801 1730 Bracarensis
830 1692 1142 1741 archiepiscopus

186 1750 342 1784 creatus
380 1750 440 1784 est
473 1746 499 1784 3.
533 1747 593 1783 Ad
630 1747 890 1783 roborandam
920 1747 1142 1783 Suevorum

191 1800 489 1837 conversionem
522 1802 562 1836 et
596 1800 858 1836 ordinandum
890 1800 1140 1836 ecclesiarum

187 1856 347 1897 statum,
369 1864 469 1889 anno
491 1852 568 1889 562
589 1853 761 1901 synodus
781 1854 917 1889 coacta
937 1852 1013 1889 fuit
1033 1851 1073 1888 in
1094 1851 1142 1888 ci-

186 1906 312 1942 vitate
333 1906 455 1951 Luco,
473 1906 511 1941 in
533 1917 621 1952 qua,
642 1910 800 1953 praeter
819 1905 910 1950 alia,
931 1905 1039 1942 sedes
1059 1905 1141 1941 Lu-

187 1958 312 1995 censis
342 1961 458 1995 aucta
496 1957 573 1995 fuit
612 1958 805 2005 dignitate
845 1958 1143 2007 metropolitica,

187 2023 309 2060 quum
329 2011 410 2047 sola
430 2011 684 2047 Bracarensis
702 2011 924 2058 metropolis
942 2023 1016 2047 non
1035 2010 1143 2047 suffi-

187 2067 316 2110 ceret,
346 2075 548 2111 novaeque
577 2064 688 2101 sedes
719 2064 955 2112 episcopales
986 2067 1144 2101 creatae

187 2119 289 2155 sunt.
311 2117 354 2153 In
375 2117 502 2154 altera
531 2117 693 2165 synodo,
718 2128 819 2153 anno
850 2117 927 2154 563
949 2117 1144 2153 Bracarae

189 2170 338 2216 habita,
354 2169 512 2206 relectis
525 2172 563 2206 ct
576 2169 812 2207 confirmatis
832 2169 977 2207 litteris
998 2182 1026 2207 s.
1044 2170 1145 2206 Lco-

189 2223 249 2260 nis
268 2222 340 2271 Pp.
361 2226 401 2260 et
430 2222 597 2260 decretis
627 2223 865 2270 synodorum
896 2226 1035 2259 contra
1065 2222 1147 2259 Pri-

188 2275 508 2313 scillianistarum
540 2275 751 2321 haeresim,
782 2287 849 2323 pro
879 2275 1147 2323 componenda

194 2328 419 2377 disciplinae
442 2330 481 2365 et
496 2328 683 2376 liturgiae
709 2329 860 2365 unitate
877 2329 968 2365 editi
989 2328 1151 2365 fuorunt

188 2382 241 2419 22
269 2392 446 2419 canones.
470 2383 582 2418 Anno
613 2381 690 2418 572
718 2393 747 2418 s.
779 2381 973 2418 Martinus
991 2411 999 2427 ,
1021 2393 1041 2418 e
1064 2381 1147 2417 Du-

191 2434 328 2471 miensi
359 2435 407 2471 ad
447 2434 729 2471 Bracarenscm
761 2435 890 2471 sedem
920 2434 1150 2479 translatus,

192 2499 242 2525 ex
264 2491 429 2535 utraque
451 2487 651 2535 provincia
671 2487 864 2535 synodum
894 2487 1030 2524 habuit
1051 2487 1148 2523 Bra-

191 2551 322 2586 carae,
351 2540 389 2577 iu
419 2552 495 2588 qua
524 2551 594 2587 pro
633 2539 905 2577 constituenda
943 2539 1150 2588 disciplina

193 2592 338 2630 conditi
359 2596 454 2630 sunt
472 2592 520 2629 10
540 2604 709 2630 canones
729 2591 755 2629 ⁴.

246 2645 520 2683 4l.Echesiae
534 2647 721 2683 statusin
746 2642 991 2683 GaIlia-In
1021 2644 1152 2685 Gallia

193 2699 481 2736 Theodoricum
518 2711 651 2747 regem
681 2698 912 2736 Austrasiae
943 2710 1043 2736 anno
1074 2699 1150 2735 534

193 2751 348 2800 excepit
376 2751 673 2788 Theodebcrtus
696 2752 778 2788 cius
808 2751 929 2795 filius,
964 2751 1027 2788 cui
1049 2763 1150 2788 anno

196 2804 274 2842 548
290 2804 795 2842 suecessit'l‘heodebaldus.
815 2805 909 2841 Post
925 2805 1041 2841 huius
1059 2815 1156 2841 mor-

236 2942 246 2963 ¹
265 2943 366 2973 Edidit
389 2943 418 2973 P.
443 2943 474 2973 F.
490 2941 621 2980 enimet,
634 2941 751 2972 Divion.
772 2941 861 2980 1649,
875 2940 971 2979 in-l03
988 2941 1073 2972 card.
1087 2941 1157 2971 Mai.

196 2984 319 3024 Scripc.
338 2990 396 3015 vet,
415 2987 433 3013 l.
452 2984 496 3013 lll.

235 3026 248 3046 ²
265 3027 392 3064 Gregor.
412 3025 535 3062 Turou„
553 3024 646 3055 His-t.
666 3025 683 3054 l.
700 3025 731 3062 V,
749 3034 774 3055 c.
791 3023 841 3063 ⁶20,
855 3022 1067 3062 L:=1›be,C‹›nc.
1085 3026 1102 3054 t.
1119 3024 1152 3061 V,

195 3074 222 3106 p.
237 3066 295 3096 827
314 3065 429 3097 e1850.

236 3108 249 3127 ³
268 3108 377 3138 Baron.
395 3111 425 3138 et
438 3107 523 3146 Pagi,
536 3106 575 3137 ad
590 3116 636 3138 an.
651 3106 732 3146 500;
750 3107 864 3144 Butler,
885 3104 956 3139 l'c'es
968 3105 1021 3137 des
1036 3106 1095 3137 SS.
1116 3104 1156 3136 ⁶20

195 3158 380 3228 marianum,
399 3188 524 3222 Concil.
541 3193 562 3219 t.
577 3190 607 3219 V.

667 150 826 179 EPOCHA
854 150 909 176 IV.
943 149 971 175 A
1000 148 1096 174 FINE
1127 148 1289 175 IMPERII
1318 147 1608 175 OCCIDENTALIS

1173 212 1253 247 tem
1284 221 1387 247 anno
1415 208 1494 246 555
1522 220 1689 258 regnum
1717 210 1948 248 Austrasiae
1977 209 2130 259 accepit

1174 263 1371 300 Clotarius
1387 274 1460 299 rex
1479 261 1745 308 Suessionum,
1760 263 1839 311 qui,
1855 262 2037 300 defuncto
2057 274 2131 299 an-

1176 327 1224 352 no
1245 315 1322 353 558
1339 315 1588 352 Childeberto
1603 326 1696 363 rege
1712 314 1934 362 Neustriae,
1954 317 2038 353 tota
2054 327 2133 352 mo-

1175 368 1338 405 narchia
1366 367 1560 405 Francica
1598 367 1701 404 solus
1729 369 1876 416 potitus
1905 371 1975 407 est.
2005 368 2133 406 Erant

1177 433 1310 458 omnes
1330 420 1395 457 isti
1422 420 1618 469 principes
1637 419 1826 468 religione
1849 421 2043 467 catholici,
2064 421 2132 458 sed

1176 486 1251 511 non
1280 485 1405 522 aeque
1433 473 1606 509 moribus
1635 472 1745 510 casti.
1775 473 1970 511 Clotarius
2003 474 2132 510 vitam

1176 527 1345 563 ducebat
1374 530 1454 563 tam
1482 525 1740 570 luxuriosam,
1769 528 1813 562 ut
1841 538 1864 562 a
1891 538 1921 563 s.
1951 525 2107 563 Nicetio
2124 555 2135 573 ,

1175 580 1356 628 episcopo
1386 578 1626 624 Trevirensi,
1665 579 1936 615 communione
1956 578 2134 616 fidelium

1177 631 1296 669 fuerit
1315 631 1511 668 exclusus.
1534 631 1642 668 Haec
1657 642 1782 679 prava
1799 632 2060 680 quorumdam
2078 643 2136 678 req

1177 697 1270 734 gum
1300 684 1481 732 exempla
1517 695 1730 732 eorumque
1758 684 1864 721 inter
1891 696 1933 721 se
1963 684 2066 733 ipsos
2094 686 2136 721 et

1178 740 1315 774 contra
1333 737 1495 785 populos
1516 732 1665 774 vicinos
1694 737 1798 774 bella
1827 737 2036 785 plurimum
2057 737 2134 775 ob-

1176 791 1334 827 stabant
1363 789 1623 839 perficiendae
1653 790 1692 826 in
1714 789 1855 838 populo
1885 801 2045 827 morum
2064 801 2132 827 re-

1176 843 1398 880 formationi
1430 845 1469 880 et
1498 843 1787 891 componendae
1814 843 2045 892 disciplinae
2065 854 2133 880 ec-

1179 896 1434 933 clesiasticae.

1231 948 1387 990 Quanta
1402 950 1536 985 autem
1557 946 1678 984 fuerit
1698 948 1770 985 hac
1800 948 1839 985 in
1863 960 1905 986 re
1934 949 2136 998 episcopo-

1179 1013 1268 1038 rum
1289 1001 1491 1038 Gallorum
1512 1000 1745 1047 sollicitudo,
1766 1004 1963 1039 testantur
1981 1001 2136 1050 synodi,

1179 1066 1277 1102 quae
1299 1066 1366 1102 per
1385 1054 1481 1090 haec
1501 1057 1680 1101 tempora
1694 1054 1733 1090 in
1757 1054 1892 1091 Galliis
1917 1054 2136 1092 celebratae

1179 1110 1283 1153 sunt,
1305 1109 1399 1156 puta
1420 1107 1683 1144 Arvernensis
1704 1119 1804 1143 anno
1824 1107 1904 1144 535
1918 1136 1928 1152 .,
1956 1107 2138 1145 Aurelia-

1180 1172 1322 1197 nenses
1353 1172 1454 1196 anno
1483 1159 1574 1205 538,
1604 1158 1679 1196 541
1712 1163 1752 1196 et
1780 1160 1870 1204 549,
1900 1160 2139 1198 Parisiensis

1180 1225 1281 1251 anno
1301 1212 1392 1258 553,
1411 1212 1654 1249 Arelatensis
1686 1224 1787 1249 anno
1816 1212 1916 1259 554,
1937 1213 1975 1250 in
1997 1213 2138 1261 quibus

1181 1266 1305 1303 multa
1326 1268 1410 1302 tum
1433 1266 1480 1302 de
1501 1264 1706 1313 disciplina
1726 1269 1810 1303 tum
1831 1267 1878 1303 de
1897 1266 2049 1303 iuribus
2069 1266 2141 1304 Ec-

1182 1319 1324 1356 clesiae
1354 1317 1512 1355 fuerunt
1541 1318 1690 1355 sancita
1717 1318 1741 1356 ¹.
1768 1319 1914 1356 Videre
1936 1322 2024 1356 erat
2042 1321 2139 1356 tunc

1180 1371 1368 1420 temporis
1388 1371 1426 1408 in
1458 1370 1594 1408 Galliis
1625 1372 1821 1420 episcopos
1853 1371 2012 1419 multos,
2032 1372 2138 1409 vitae

1183 1424 1389 1462 sanctitate
1411 1423 1729 1472 spectatissimos,
1751 1425 1853 1462 inter
1884 1436 1981 1473 quos
2001 1436 2031 1463 s.
2053 1424 2144 1462 Gal-

1184 1478 1245 1515 lus
1275 1477 1556 1521 Arvernensis,
1593 1488 1622 1513 S.
1661 1477 1838 1515 Nicetius
1880 1477 2144 1523 Trevirensis,

1184 1543 1213 1568 s,
1236 1531 1484 1568 Domitianus
1505 1529 1743 1577 Tungrensis
1766 1531 1869 1579 apud
1899 1531 2143 1576 Traiectum,

1184 1596 1212 1621 s.
1235 1584 1446 1620 Medardus
1468 1582 1784 1621 Noviodunensis
1801 1588 1842 1621 et
1870 1583 2144 1629 Tornacensis‚

1184 1648 1212 1673 s.
1230 1636 1414 1684 Agricola
1443 1635 1723 1681 Cabilonensis,
1752 1649 1782 1674 s,
1805 1636 2006 1674 Firminus
2036 1637 2144 1675 Uce-

1184 1689 1333 1735 tiensis,
1345 1702 1373 1726 s.
1387 1688 1636 1726 Eleutherius
1648 1689 1993 1736 Antisiodorensis,
2006 1702 2035 1728 s.
2053 1690 2145 1727 Ger-

1186 1754 1322 1779 manus
1344 1742 1574 1779 Parisiensis
1595 1739 1621 1779 ².

1239 1795 1436 1832 Clotarius
1459 1794 1642 1843 regnavit
1665 1796 1770 1833 solus
1789 1807 1909 1844 usque
1930 1796 1978 1833 ad
1998 1805 2146 1833 annum

1191 1848 1280 1885 561.
1304 1848 1416 1884 Tunc
1436 1859 1594 1885 rursum
1626 1849 1853 1886 monarchia
1872 1849 2063 1886 Francica
2081 1848 2145 1885 in-

1185 1903 1246 1937 ter
1266 1903 1435 1949 quatuor
1456 1901 1616 1939 Clotarii
1634 1901 1733 1939 filios
1753 1902 1879 1939 divisa
1895 1901 1983 1946 fuit,
2002 1905 2041 1939 et
2057 1913 2146 1938 con-

1187 1953 1320 1990 festim
1341 1954 1528 1991 dissensio
1559 1955 1780 2004 bellumque
1811 1954 1926 1992 civile
1953 1957 2148 1992 secutum.

1189 2007 1248 2043 Ex
1271 2007 1341 2043 hoc
1362 2010 1539 2055 tempore
1564 2019 1686 2057 usque
1709 2009 1757 2045 ad
1779 2019 1923 2045 annum
1945 2007 2022 2045 614
2042 2007 2148 2044 bella

1188 2060 1320 2096 civilia
1350 2059 1461 2096 fuere
1489 2072 1587 2108 pene
1618 2060 1820 2105 continua,
1849 2072 1913 2098 res
1942 2060 2078 2098 civiles
2107 2060 2148 2097 et

1189 2112 1489 2159 ecclesiasticae,
1509 2114 1745 2162 praesertim
1762 2113 2046 2161 posterioribus
2060 2123 2148 2151 sae-

1190 2165 1267 2201 culi
1296 2165 1352 2202 VI
1374 2166 1506 2212 annis,
1535 2168 1607 2204 sub
1636 2167 1797 2215 imperio
1823 2165 2088 2204 Brunichildis
2107 2166 2148 2202 et

1190 2218 1485 2266 Fredegundae,
1515 2219 1667 2256 tristem
1697 2220 1735 2256 in
1768 2221 1918 2256 statum
1939 2219 2147 2264 coniectae,

1190 2270 1445 2308 ecclesiarum
1477 2271 1564 2309 iura
1593 2272 1795 2320 despecta,
1826 2271 2029 2320 disciplina
2057 2271 2145 2309 col-

1192 2324 1314 2372 lapsa,
1337 2335 1464 2361 mores
1493 2324 1532 2360 in
1565 2325 1669 2362 clero
1691 2328 1730 2362 et
1759 2326 1900 2373 populo
1930 2323 2147 2372 depravati.

1193 2377 1331 2413 Plures
1351 2377 1507 2423 quidem
1528 2378 1666 2425 synodi
1692 2382 1853 2415 coactae
1882 2380 1974 2415 sunt
1994 2379 2078 2415 tum
2099 2377 2150 2414 ad

1192 2429 1584 2466 conciliandaminter
1596 2430 1790 2479 principes
1802 2430 2049 2468 concordiam
2062 2432 2150 2467 tum

1194 2482 1242 2519 ad
1262 2482 1523 2519 emendandos
1545 2484 1688 2520 abusus
1718 2487 1757 2520 et
1772 2482 2021 2531 corrigendos
2040 2481 2150 2528 cleri,

1195 2535 1471 2571 monachorum
1490 2547 1533 2572 ac
1550 2536 1679 2585 populi
1701 2548 1839 2582 mores,
1861 2536 1928 2574 sed
1948 2537 2050 2573 inter
2069 2534 2152 2573 bel-

1196 2588 1324 2624 lorum
1347 2588 1532 2636 strepitus
1552 2589 1709 2626 illarum
1730 2590 1886 2627 statuta
1902 2599 2041 2638 parum
2061 2587 2150 2626 fue-

1196 2643 1290 2677 runt
1310 2641 1519 2678 observata
1539 2640 1565 2678 ³.

1250 2694 1312 2730 42.
1336 2693 1577 2731 Iustiniani
1596 2694 2002 2733 mors—Iustinianus
2022 2693 2150 2743 impe-

1199 2748 1319 2790 rator,
1336 2758 1449 2794 quem
1473 2747 1745 2785 ecclesiasticis
1765 2746 2056 2796 quaestionibus
2077 2747 2149 2783 de-

1199 2799 1388 2835 lectatum
1420 2799 1612 2846 vidimus,
1633 2802 1705 2838 sub
1728 2801 1832 2838 vitae
1855 2799 2006 2837 exitum
2022 2799 2062 2836 in
2085 2798 2153 2836 In-

1201 2853 1574 2899 corrchlicolarum
1591 2865 1761 2890 errorem
1784 2853 1916 2901 lapsus
1937 2854 2008 2897 est,
2037 2863 2151 2888 eum-

1202 2916 1274 2952 que
1305 2904 1410 2941 edita
1432 2905 1516 2953 lcgc
1546 2907 1726 2944 omnibus
1746 2905 1919 2943 ecclesiis
1940 2903 2151 2942 obtrudere
2209 2943 2213 2948 ,

1201 2956 1381 2995 tentavit.
1406 2957 1549 2996 Pravis
1581 2960 1666 2997 eius
1687 2957 1860 2996 consiliis
1886 2958 2038 2995 invicta
2065 2968 2154 2995 con·
2206 2966 2215 3007 ζ

1246 3062 1253 3083 ¹
1273 3065 1385 3101 thlw,
1404 3063 1522 3095 Ccmcil.
1540 3067 1559 3094 Ι.
1577 3064 1664 3094 lV-V.
2207 3068 2215 3083 ’-

1244 3103 1259 3142 ῗ
1276 3106 1403 3145 Cregor.
1422 3107 1534 3136 Turon.
1553 3104 1632 3135 Ilist.
1651 3105 1668 3135 l.
1686 3104 1795 3141 Ill-Vl;
1812 3102 2001 3143 Longueval,
2018 3101 2098 3134 Ηίεί.
2116 3100 2155 3132 de

1205 3145 1323 3185 l'htha‘s.
1343 3148 1420 3186 quil.
1436 3147 1455 3178 l.
1474 3146 1556 3176 v-v1.
2204 3150 2207 3154 '

1245 3189 1258 3208 ³¹
1274 3189 1521 3226 Gregorss'uron.
1541 3186 1621 3218 [lise.
1632 3189 1651 3218 t.
1666 3184 1778 3225 Iv-1X3
1794 3185 1906 3225 Labbc,
1917 3188 1936 3216 t.
1947 3185 1978 3224 V,
1988 3194 2016 3225 p.
2028 3183 2089 3218 956
2105 3192 2151 3224 sq.
2206 3188 2211 3214 Ῑ
