2241 3473
718 163 855 193 VSQVE
877 166 931 192 AD
954 165 1240 193 PRAESENTEM
1266 165 1470 194 AETATE-M

111 230 296 267 trimonia
313 230 435 266 mixta
455 232 811 279 praescripserant,
829 233 878 269 ab
892 233 1058 281 Aposto—

111 284 185 321 lica
211 284 312 321 Sede
341 284 583 332 improbari,
611 286 722 322 initio
748 297 813 323 an.
842 287 931 324 1838
955 286 1058 323 datis

110 337 158 373 ad
173 337 392 373 ministrum
408 339 560 384 regium
575 351 650 374 von
666 340 886 376 Altenstein
903 340 1055 383 litteris,

109 402 158 427 ea
176 391 307 426 omnia
327 391 612 439 improbarunt,
632 405 750 440 seque
767 393 952 441 deinceps
968 405 1056 441 pon-

110 444 270 480 tificium
290 444 414 481 Breve
441 447 550 482 circa
576 447 829 483 matrimonia
855 447 977 483 mixta
995 459 1055 483 se·

109 501 270 533 cuturos
287 497 554 535 declararunt.
577 500 744 535 Dcmum
760 511 861 536 anno
882 500 972 537 1840
989 512 1057 537 rex

109 549 335 588 Fridericus
361 552 592 589 Guilielmus
619 553 664 588 111
691 553 800 596 obiit,
827 557 867 590 et
884 554 954 588 sub
973 555 1056 590 eius

108 603 186 639 filio
212 608 329 652 atque
364 617 591 642 successore
619 605 823 642 Friderico
848 606 1055 643 Guilielmo

112 656 179 700 lV,
205 659 422 695 simultates
447 660 691 707 compositae
719 663 821 695 sunt.

154 710 212 747 49.
229 710 251 746 I
256 722 280 746 n
293 711 441 748 Russia
456 715 490 748 et
502 713 577 748 Pol
581 713 715 748 onia—
725 713 764 748 ln
778 713 942 761 imperio
955 713 1052 749 Rus—

109 766 216 801 siaco
242 765 353 812 eique
372 767 482 801 unito
503 778 624 814 regno
645 767 830 803 Poloniac
859 778 923 804 an·
946 767 1050 809 1796,

110 818 366 857 Catharinam
387 820 417 855 ΙΙ
434 823 668 863 mortuam¹‚
688 821 843 868 excepit
863 821 1006 857 Paulus
1025 822 1052 864 1,

105 872 209 908 filius
226 872 324 915 eius,
345 874 409 920 qui
428 873 640 920 imperavit
657 885 778 921 usque
798 875 844 910 ad
865 886 926 910 an.
951 875 1052 917 1801,

103 931 143 962 et
160 936 433 962 successorem
451 927 585 963 habuit
601 928 875 964 Alexandrum
895 929 907 964 1
927 928 1049 964 filium

103 990 214 1015 suum
231 1007 240 1022 ‚
266 990 341 1026 quo
369 985 546 1027 tempore
572 981 866 1028 persecutiones
900 982 1051 1029 sopitae

102 1031 286 1068 sunt.Sed
296 1032 533 1069 schismatici
545 1034 748 1077 ecclesias,
758 1035 923 1071 Graecis
933 1036 1052 1072 unitis

101 1091 275 1132 ereptas,
304 1086 574 1130 retinuerunt3
593 1092 632 1124 et
658 1090 722 1135 qui
748 1089 796 1124 ab
814 1090 965 1124 unitate
989 1100 1050 1125 ca-

104 1138 245 1175 tholica
258 1139 562 1183 deflexerant‚in
577 1141 792 1178 schismate
813 1153 1048 1189 permanere

102 1193 196 1230 iussi
223 1199 326 1231 sunt.
346 1194 516 1231 Romani
544 1195 756 1232 Pontifices
775 1207 862 1232 eum
884 1202 1049 1244 utroque

100 1250 345 1297 Imperatore
362 1255 530 1296 egerunt
547 1250 593 1286 de
613 1250 837 1286 ordinandis
856 1251 895 1286 in
910 1262 1047 1287 eorum

101 1306 314 1344 territoriis
339 1306 544 1342 Ecclesiae
564 1307 694 1342 rebus.
715 1305 810 1342 Pius
831 1307 895 1350 VI,
917 1318 938 1342 e
958 1317 1045 1342 con-

99 1373 216 1398 sensu
232 1361 344 1397 Pauli
359 1362 463 1408 I,pro
478 1360 806 1397 Ruthenis-unitis
821 1372 891 1397 seu
907 1361 1046 1398 Catho-

101 1415 184 1451 licis
210 1415 308 1451 ritus
342 1414 485 1451 Graeci
514 1426 582 1461 per
617 1415 761 1450 bullam
797 1414 866 1450 xv⁰
894 1413 1045 1450 calend.

101 1469 307 1505 novembr.
338 1469 429 1505 1798
447 1468 649 1504 constituit
670 1468 1049 1515 archiepiscopatum

100 1521 378 1558 Poloniensem
406 1534 494 1558 cum
520 1533 596 1557 uno
623 1522 940 1568 suffraganeam,
967 1522 1045 1568 epi-

99 1587 156 1612 sc<
172 1580 305 1622 patum
323 1575 629 1612 Luceoriensem
657 1586 746 1610 eum
779 1575 1047 1621 suffraganea-

100 1634 164 1672 m,
189 1635 230 1666 et
248 1629 516 1666 Brestiensem
537 1640 623 1664 cum
644 1629 956 1675 suffraganeam:
979 1640 1048 1676 pro

99 1683 314 1720 Catholicis
340 1683 440 1718 ritus
467 1683 597 1718 Latini
627 1694 696 1729 per
715 1683 883 1718 alteram
903 1682 1047 1718 bullam

99 1737 202 1772 xvu⁰
211 1735 748 1772 calend.deccmbr.eiusdem
765 1737 854 1771 anni
866 1735 1047 1772 Pontifex

99 1790 300 1826 constituit
338 1790 714 1837 archiepiscopalem
751 1789 884 1825 sedem
923 1790 1047 1825 Mohi-

100 1843 228 1879 loviae
268 1854 356 1879 cum
391 1842 540 1879 duobus
578 1843 938 1889 suffraganeatibus
961 1871 969 1885 ,
1008 1847 1048 1879 et

98 1897 267 1944 quinque
293 1896 406 1932 sedes
432 1896 676 1943 episcopales
697 1925 705 1938 ‚
734 1896 916 1931 nimirum
949 1896 1047 1931 Wil-

98 1961 261 1986 nensem
289 1961 376 1986 cum
404 1957 570 1997 quatuor
587 1950 958 1996 suffraganeatibus,
978 1951 1043 1986 Sa-

99 2004 372 2050 mogitiensem
403 2015 488 2040 cum
515 2015 593 2039 uno
621 2005 945 2050 suffraganeam,
975 2004 1045 2039 Lu-

99 2057 272 2093 ceorien.
300 2057 636 2105 Zytomeriensem
672 2069 760 2093 cum
795 2057 943 2093 duobus
969 2058 1046 2093 suf-

98 2111 420 2157 fraganeatibus‚
454 2112 810 2149 Cameneciensem
847 2122 934 2145 cum
967 2123 1044 2147 uno

98 2165 407 2210 suffraganeam,
435 2169 476 2201 et
503 2164 787 2200 Minscensem.
816 2163 894 2198 Pro
921 2175 1045 2210 regno

99 2216 287 2253 Poloniac
314 2218 407 2254 Pius
434 2218 503 2253 VII
523 2217 832 2255 Conventionem
852 2217 936 2252 iniit
955 2229 1042 2252 cum

99 2270 325 2307 Alexandro
346 2272 373 2314 1,
392 2283 490 2319 quac
507 2272 730 2308 continetur
750 2271 789 2306 in
804 2271 916 2306 bullis
931 2271 1044 2307 huius

100 2324 303 2360 Pontificis
320 2325 546 2361 ,Militantis
559 2325 766 2361 Ecclesiae
782 2326 824 2359 v⁰
840 2325 925 2360 idus
943 2336 1044 2361 mar-

101 2379 175 2415 tias
202 2378 293 2415 1817
320 2384 360 2415 et
382 2379 447 2414 Eae
474 2379 659 2427 imposita
685 2378 791 2415 nobis
825 2379 948 2427 pridie
983 2390 1043 2415 ca—

100 2433 202 2470 lend.
222 2433 334 2469 iulias
362 2433 463 2470 1818.
487 2433 563 2470 Per
583 2433 656 2469 hoc
674 2433 967 2470 Concordatum
987 2445 1045 2469 se-

99 2487 168 2524 des
207 2487 440 2534 episcopalis
474 2487 769 2523 warsaviensis
803 2490 938 2523 erecta
973 2487 1044 2522 fuit

99 2540 148 2577 ad
174 2540 405 2587 dignitatem
433 2540 788 2587 metropoliticam,
817 2541 930 2587 cique
958 2540 1045 2576 sub-

99 2593 167 2630 diti
194 2596 443 2642 episcopatus
469 2594 768 2637 Cracoviensis,
794 2594 1043 2638 Calisiensis,

102 2648 318 2693 plocensis,
337 2648 678 2695 Augustoviensis,
699 2647 1041 2693 Sandomiriensis,

101 2703 346 2739 Lublinensis
372 2708 411 2738 et
438 2702 731 2744 I'odlachiensis
749 2704 776 2734 ἓ.

146 2758 259 2792 Anno
289 2756 378 2793 1825
404 2755 499 2790 obiit
525 2755 747 2791 Alexander
776 2756 787 2790 Ι
813 2756 1041 2802 imperator,

99 2810 212 2857 eique
236 2809 426 2845 successit
450 2808 637 2844 Nicolaus
664 2809 677 2844 Ι
707 2809 830 2844 frater
857 2808 952 2845 eius.
982 2811 1041 2846 Ab

99 2863 172 2898 hoc
189 2870 363 2910 tempore
379 2861 926 2908 Catholicorum,praesertim
946 2863 1041 2900 ritus

99 2916 248 2963 graeei,
265 2928 332 2953 seu
349 2915 838 2951 Ruthenorum-unitorum
856 2915 1040 2960 conditio,

99 2970 276 3006 adversis
308 2970 457 3005 vicibus
492 2968 564 3004 fuit
593 2968 772 3003 obnoxia.
802 2968 944 3003 Durior
971 2970 1042 3006 fuit

100 3035 233 3060 eorum
250 3034 334 3059 sors
350 3027 436 3069 post
452 3025 643 3058 tentatam
660 3032 724 3056 an.
743 3021 830 3059 1830
845 3033 868 3057 a
885 3022 1040 3060 Polonis

145 3146 154 3167 ¹
179 3146 217 3178 ci
243 3157 271 3188 p.
301 3145 363 3177 308
389 3149 420 3178 ει
444 3143 522 3177 246.

1920 152 1999 191 353

1113 232 1327 269 Russiacae
1347 232 1548 270 servitutis
1564 232 1898 269 excussionem.1n
1919 232 2056 278 primis

1109 292 1297 333 quantum
1319 286 1366 322 ad
1382 286 1595 322 catholicos
1610 286 1708 322 ritus
1725 285 1861 331 graeci
1873 285 2056 332 pertinet.

1109 340 1236 376 omnis
1261 340 1421 387 generis
1448 344 1557 376 artes
1583 343 1624 376 et
1648 339 1881 376 vexationes
1912 338 2057 374 adhibi-

1113 398 1174 430 tae
1201 399 1306 435 sunt,
1334 398 1375 428 ut
1402 393 1450 429 ab
1477 396 1628 430 unitate
1655 393 1704 429 ad
1729 393 1900 429 schisma
1919 393 2057 440 perdu—

1109 450 1317 490 cerentur;
1338 447 1594 483 ecclesiarum
1617 458 1804 483 numerus
1821 447 1968 483 sensim
1989 447 2056 482 im-

1111 501 1294 542 minutus,
1326 501 1569 536 monasteria
1596 501 1720 536 multa
1745 510 1981 548 suppressa,
2007 500 2056 536 si-

1110 553 1270 589 lentium
1299 552 1345 589 de
1374 555 1643 590 controversis
1661 553 1875 590 catholicos
1894 553 1996 589 inter
2015 557 2055 590 et

1108 606 1380 642 schismaticos
1405 607 1583 643 articulis
1618 607 1905 653 praescriptum
1923 634 1931 650 ‚
1964 607 2055 643 mis-

1108 661 1189 697 sale
1220 660 1426 696 Ecclesiae
1453 660 1655 697 russiacae
1673 661 1974 698 Graecis-unitis
1991 660 2054 696 ob-

1109 719 1275 757 trusum,
1294 725 1481 761 proceres
1499 715 1594 751 cleri
1617 715 1819 762 promissis
1837 714 2054 757 favoribus,

1109 768 1301 814 minisque
1331 768 1520 814 paulatim
1549 769 1586 804 in
1614 772 1747 816 partes
1773 768 1951 815 gubernii
1969 779 2054 814 per-

1110 821 1239 864 tracti,
1261 822 1298 856 in
1319 821 1462 857 multas
1482 822 1671 858 ecclesias
1688 821 1916 858 sacerdotes
1934 821 2054 858 schis-

1108 875 1239 911 matici
1258 904 1266 918 ,
1295 880 1361 911 aut
1395 875 1657 911 schismaticis
1689 875 1889 922 guberniis
1915 874 2054 912 studiis

1105 928 1246 971 dediti,
1275 929 1428 973 intrusi,
1456 934 1496 965 et
1522 929 1652 976 populi
1673 929 1782 965 inviti
1803 929 1851 964 ad
1870 930 2049 976 frequen-

1106 983 1225 1019 tanda
1252 993 1387 1019 eorum
1415 993 1532 1019 sacra
1559 982 1764 1029 compulsi,
1792 983 1918 1019 omnis
1948 993 2048 1019 com-

1107 1036 1321 1073 municatio
1348 1037 1386 1072 in
1413 1036 1553 1072 divinis
1579 1036 1682 1072 inter
1708 1037 1856 1072 clerum
1888 1047 2052 1083 graeco-

1107 1090 1256 1126 unitum
1280 1095 1320 1127 et
1337 1102 1543 1127 romanum
1560 1101 1627 1126 seu
1648 1090 1809 1126 latinum
1825 1090 2047 1126 interdicta.

1105 1142 1144 1178 Id
1183 1144 1355 1180 maxime
1395 1143 1603 1180 dolendum
1646 1149 1706 1179 est
1744 1143 1845 1190 quod
1878 1143 2051 1179 Rutheni

1105 1208 1175 1232 seu
1202 1197 1463 1233 Graeci-uniti
1492 1197 1538 1233 ad
1566 1199 1622 1233 sic
1649 1197 1792 1233 dictam
1831 1197 2050 1234 Ecclesiam

1104 1251 1511 1287 Graeco—Russiacam
1551 1261 1696 1298 magno
1730 1262 1894 1287 numero
1923 1255 2048 1288 trans-

1102 1304 1247 1341 ierunt.
1768 1346 1770 1349 y

1149 1359 1276 1395 Nemo
1295 1359 1449 1407 quidem
1469 1360 1642 1407 ignorat,
1662 1360 1865 1397 Ruthenos
1890 1360 2046 1407 Episco—

1104 1424 1172 1459 pos
1199 1425 1433 1462 omnemque
1467 1415 1656 1463 inclytam
1689 1417 1888 1452 nationem
1921 1415 2047 1460 illam,

1102 1478 1200 1514 quae
1229 1473 1315 1514 post
1341 1473 1564 1516 susceptam
1593 1481 1681 1505 cum
1707 1469 1934 1506 Christiana
1953 1469 2048 1506 Fide

1101 1521 1343 1558 Catholicam
1371 1523 1579 1565 unitatem,
1600 1523 1744 1559 misere
1764 1523 1812 1559 ab
1831 1534 1879 1559 ea
1897 1523 2048 1560 defece-

1102 1579 1164 1611 rat
1190 1579 1231 1612 et
1257 1576 1405 1623 proprii
1425 1576 1619 1612 sermonis
1638 1589 1709 1613 usu
1729 1588 1950 1625 graecoque
1972 1578 2048 1614 ritu

1103 1633 1257 1665 retento
1271 1658 1279 1673 ,
1300 1629 1521 1665 luctuosum
1540 1631 1783 1667 Graecorum
1803 1631 1975 1667 schisma
1993 1643 2049 1668 se-

1100 1683 1319 1730 quebatur,
1349 1683 1396 1719 de
1423 1683 1539 1719 firmo
1567 1695 1613 1720 ae
1639 1685 1796 1721 sincero
1825 1685 1872 1720 ad
1906 1685 2049 1720 Roma-

1101 1747 1191 1772 nam
1220 1737 1442 1773 Ecclesiam
1472 1737 1602 1775 reditu
1629 1749 1705 1774 non
1732 1739 1854 1775 semel
1883 1739 2048 1785 cogitas-

1100 1801 1153 1826 se.
1185 1791 1286 1826 Hinc
1325 1792 1494 1837 primum
1522 1792 1559 1827 in
1594 1792 1861 1829 Oecumenica
1887 1793 2049 1829 Floren-

1101 1845 1182 1879 tina
1202 1844 1358 1892 Synodo
1368 1856 1542 1881 unacum
1554 1846 1717 1882 Graecis
1727 1846 2046 1894 archiepiscopus

1100 1898 1325 1934 Kioviensis
1353 1898 1471 1934 totius
1488 1899 1656 1936 Russiae
1675 1901 1927 1946 metropolita
1946 1900 2045 1937 cele-

1100 1951 1323 1987 bratissimo
1361 1952 1515 1988 unionis
1547 1953 1708 1989 decreto
1741 1954 2044 2002 subscripserat.

1100 2005 1208 2041 Licet
1234 2011 1366 2041 autem
1394 2017 1458 2042 res
1484 2006 1534 2042 ad
1560 2006 1717 2043 irritum
1743 2019 1833 2043 mox
1857 2007 2046 2045 ceciderit

1099 2069 1168 2104 per
1194 2058 1351 2094 obortas
1385 2059 1520 2095 turbas
1554 2064 1595 2096 et
1621 2060 1783 2097 hostiles
1809 2072 1947 2097 eorum
1982 2073 2043 2097 co-

1096 2115 1223 2156 natus,
1243 2112 1305 2159 qui
1333 2112 1466 2147 lumini
1495 2113 1662 2149 rebelles
1693 2113 1895 2150 schismati
1924 2115 2040 2161 perti-

1097 2165 1231 2201 nacius
1257 2165 1540 2210 adhaerebant,
1560 2178 1773 2215 numquam
1802 2172 1932 2204 tamen
1952 2169 2041 2215 Epi-

1096 2230 1302 2266 scoporum
1332 2221 1566 2266 praesertim
1597 2222 1761 2258 consilia
1786 2225 1827 2257 et
1845 2221 1975 2258 studia
2001 2222 2041 2257 in

1098 2272 1263 2319 idipsum
1283 2272 1538 2318 destiterunt;
1558 2274 1759 2321 illuxitque
1779 2274 1934 2310 tandem
1954 2274 2039 2312 dies

1096 2327 1446 2373 auspicatissimus‚
1464 2339 1538 2375 quo
1558 2328 1827 2364 Ruthenorum
1847 2330 1954 2375 genti
1975 2328 2039 2365 da-

1097 2384 1176 2415 tum
1211 2384 1300 2416 erat
1331 2380 1380 2416 ad
1413 2381 1539 2417 sinum
1572 2381 2041 2432 Ecclesiae-,Catholicae

1098 2433 1256 2470 reverti.
1293 2433 1368 2475 Qui
1402 2434 1505 2470 enim
1538 2435 1696 2471 saeculo
1737 2435 1887 2471 decimo
1928 2442 2040 2473 sexto

1095 2491 1264 2524 exeunte
1281 2487 1443 2535 piissimi
1463 2488 1699 2534 Sigismundi
1719 2488 1767 2524 111
1792 2488 1980 2526 Poloniac
2000 2495 2037 2527 et

1095 2541 1259 2577 Sueciae
1286 2542 1394 2588 regis
1427 2552 1473 2577 ac
1500 2541 1631 2588 magni
1663 2542 1892 2578 Lithuaniae
1920 2543 2039 2579 Ducis

1095 2594 1197 2630 civili
1222 2594 1478 2631 dominationi
1505 2595 1694 2631 suberant
1724 2595 1896 2632 Rutheni
1929 2597 2037 2633 Anti—

1093 2648 1207 2685 stites
1228 2677 1236 2692 ‚
1265 2660 1352 2684 cum
1387 2648 1579 2685 memoria
1614 2652 1842 2696 repeterent
1877 2661 2035 2686 eoncor-

1093 2701 1195 2738 diam
1223 2714 1323 2750 quae
1347 2703 1455 2738 ‘inter
1481 2702 1725 2739 Orientalem
1745 2708 1785 2739 et
1803 2703 2037 2741 Occidenta—

1093 2756 1171 2792 lem
1208 2757 1427 2792 Ecclesiam
1454 2760 1572 2792 antea
1606 2756 1813 2802 viguerat,
1841 2769 2034 2806 quamque

1093 2809 1264 2845 maiores
1283 2809 1340 2845 sui
1358 2809 1428 2845 sub
1447 2809 1698 2856 Apostolicae
1714 2810 1825 2846 Sedis
1842 2811 2032 2857 regimine

1091 2862 1267 2909 impense
1286 2862 1492 2905 foverant;
1511 2873 1586 2897 non
1605 2863 1642 2897 vi
1662 2863 1786 2899 coacti
1804 2863 1872 2900 sed
1898 2864 2032 2908 libere,

1091 2920 1177 2961 post
1192 2914 1365 2950 habitam
1382 2914 1418 2948 iii
1436 2915 1633 2950 communi
1649 2920 1844 2953 conventu
1860 2917 1906 2953 de
1927 2922 2034 2954 tanto

1092 2967 1249 3014 negotio
1275 2967 1615 3011 deliberationem,
1636 2980 1705 3015 per
1725 2970 1834 3006 binos
1852 2971 2035 3018 Collegas

1091 3022 1138 3057 ad
1167 3020 1276 3056 Petri
1304 3020 1541 3056 Cathedram
1570 3022 1689 3058 totius
1714 3023 1820 3060 Cleri
1839 3027 1879 3060 et
1904 3025 2035 3072 populi

1093 3073 1248 3110 nomine
1269 3073 1435 3119 legatos,
1464 3074 1807 3112 schismaticorum
1834 3077 2035 3114 erroribus

1091 3127 1246 3175 penitus
1264 3127 1656 3170 eiuratis,Romanae
1675 3129 1879 3167 Ecclesiae
1898 3142 2034 3167 rursus

140 3191 154 3213 2
180 3192 224 3224 La
251 3191 389 3224 Scienza
416 3200 432 3222 ε
461 3192 494 3223 [α
521 3190 629 3229 pede,
658 3190 722 3222 vol,
751 3198 794 3231 lv,
825 3201 856 3233 p,
885 3190 953 3230 95,
981 3191 1041 3223 Na-
1090 3180 1375 3217 consociari'et
1401 3181 1589 3227 pristinae
1615 3182 1754 3218 unitati
1782 3183 1934 3220 restitui
1968 3196 2032 3231 po-

99 3239 162 3279 pon
182 3238 278 3270 1842‚

312 3295 577 3344 WOVTERS,
609 3297 661 3336 11.

1091 3234 1296 3270 stillarunt.
1332 3233 1417 3274 Quo
1451 3238 1541 3271 tunc
1577 3237 1753 3274 caritatis
1791 3237 1916 3273 studio
1947 3239 2031 3275 Cle-

1766 3300 1819 3339 30
