2241 3473
455 132 595 164 VSQVE
616 133 671 161 AD
691 131 909 161 PVBMCAM
932 130 1080 159 RERVM
1100 129 1146 159 ΙΝ
1167 129 1337 160 GALLns
1354 128 1683 160 SVBVERSIONEM

100 204 397 242 adlaborarunt.
433 202 563 244 Quum
599 208 730 240 autem
765 201 1047 250 exurgentibus

97 260 159 295 hic
175 259 254 295 illic
271 257 611 306 persecutionibus
629 263 670 294 et
686 258 798 294 vexis
811 255 1046 304 praesertim

95 312 251 349 obnoxii
269 316 403 348 essent
419 312 659 348 missionarii
679 311 890 358 Europaei,
910 315 990 345 tum
1009 309 1046 344 in

96 365 199 402 Sinis
228 368 308 401 tum
335 365 373 399 in
393 363 608 400 seminario
626 364 822 401 Siamensi
841 363 1045 399 adlabora-

96 422 178 455 tum
204 422 266 454 est
292 417 510 454 formandis
547 417 806 454 missionariis
837 415 1046 462 indigenis.

144 471 244 515 Pax,
272 482 389 518 quam
419 482 488 507 rex
516 471 743 507 Lusitaniae
770 480 842 506 sua
860 469 1049 504 interces-

96 524 207 561 sione
220 523 455 562 Christianis
470 523 702 561 Sinensibus
717 524 963 569 impetrarat,
975 520 1048 557 hoc

98 578 182 625 ipso
208 579 369 615 saeculo
394 589 514 626 saepe
532 578 755 625 interrupta
772 580 833 613 est
850 575 900 611 ob
919 585 1049 622 perse-

95 632 273 669 cutiones
299 632 337 667 in
364 632 487 668 variis
521 631 616 668 locis
648 635 789 667 motas.
817 631 932 664 Anno
959 628 1050 664 1770

97 696 202 722 nova
227 691 368 722 contra
393 696 462 722 eos
494 684 718 733 persecutio
744 683 921 726 exarsit,
948 691 1048 729 quae

99 739 324 787 aliquandiu
341 745 427 786 post
442 739 656 785 sopita‚an.
669 737 761 774 1784
775 734 1049 773 vehementius

95 793 250 830 saeviit.
278 792 338 828 Ea
363 791 532 829 durante
550 790 763 830 Christiani
782 789 893 825 multi
913 787 1051 825 crude-

95 845 184 882 liter
201 846 292 882 torti
311 849 351 882 et
369 850 458 893 post
476 848 676 881 tormenta
693 843 862 890 relegati
881 847 950 878 aut
967 852 1048 877 ser-

95 900 211 936 vituti
227 900 443 946 mancipati
461 905 569 943 sunt;
589 899 700 935 multi
720 896 976 941 missionarii,
994 895 1049 930 in·

94 957 157 990 ter
182 964 278 1001 quos
303 953 324 990 3
350 954 539 1001 episcopi,
567 953 605 988 in
632 962 819 988 carceres
846 949 1015 987 coniecti
1042 976 1051 993 ,

92 1006 132 1042 in
157 1007 295 1054 quibus
321 1007 448 1043 maior
479 1017 574 1055 pars
598 1017 737 1042 eorum
775 1004 903 1051 periit.
933 1004 1048 1038 Anno

93 1060 185 1098 1787
203 1062 478 1108 persecutione
496 1060 638 1107 sopita,
656 1058 895 1096 missionarii
910 1068 1046 1104 super-

91 1115 205 1152 stites
223 1116 460 1163 apostolicos
478 1114 634 1151 labores
651 1125 714 1158 ea,
733 1124 809 1161 qua
828 1123 926 1159 opus
945 1114 1047 1155 erat,

93 1169 317 1216 prudentia,
333 1171 645 1216 resumpserunt,
661 1173 701 1204 et
718 1168 828 1203 illata
846 1164 1045 1212 Religioni

92 1221 335 1260 detrimenta
360 1227 591 1259 restaurare
619 1221 751 1258 conati
776 1224 880 1257 sunt.

139 1276 252 1318 Quod
265 1277 411 1313 attinet
423 1276 472 1313 ad
489 1280 672 1313 caeteras
692 1281 823 1312 terras
840 1275 880 1310 in
899 1273 1046 1310 ditione

92 1329 248 1378 imperii
276 1330 453 1367 Sinensis
479 1330 644 1377 positas,
669 1330 733 1365 vel
761 1329 809 1365 ab
837 1340 883 1364 eo
903 1328 1045 1375 depen-

93 1383 246 1427 dentes,
276 1394 381 1420 anno
411 1384 500 1420 1712
525 1384 709 1421 Clemens
736 1382 806 1430 Pp.
838 1382 892 1418 XI
913 1381 956 1417 12
974 1382 1048 1418 Ca-

91 1438 256 1484 pucinos
281 1449 303 1474 e
329 1437 514 1474 Marchia
541 1437 792 1473 Anconitana
819 1436 856 1471 in
879 1446 1046 1482 regnum

92 1491 358 1529 Thibetanum
385 1490 434 1527 ad
455 1491 762 1539 praedicandum
782 1488 1046 1536 Evangelium

91 1545 312 1592 ablegavit3
331 1545 396 1592 qui
415 1549 582 1592 accepta
599 1545 648 1580 ab
666 1548 834 1591 utroque
850 1542 966 1590 regni
984 1552 1046 1578 ca-

90 1598 186 1646 pite,
212 1599 370 1645 politico
396 1603 436 1634 et
462 1598 662 1645 religioso,
691 1597 864 1640 licentia,
883 1607 1046 1632 munere

94 1663 163 1687 suo
191 1651 407 1698 apostolico
433 1652 557 1687 functi
583 1656 674 1687 sunt
699 1662 747 1687 eo
772 1661 978 1693 successu,
1005 1652 1048 1685 ut

95 1705 135 1740 in
161 1705 371 1752 metropoli
398 1706 519 1741 Lasta
538 1710 577 1741 et
595 1705 634 1740 in
654 1704 741 1740 aliis
758 1703 855 1740 locis
873 1703 1045 1751 plurimi,

90 1758 170 1794 imo
196 1770 246 1796 ex
271 1759 366 1807 ips-is
391 1758 664 1795 sacerdotibus
694 1770 762 1795 seu
797 1758 912 1794 lamis
944 1756 1046 1793 haud

90 1813 206 1860 pauci
222 1813 461 1860 baptismum
476 1813 714 1860 reciperent.
732 1814 851 1847 Anno
869 1810 960 1846 1744
975 1811 1046 1847 Be-

90 1865 269 1902 nedictus
283 1866 478 1903 XIValios
495 1867 538 1903 12
549 1866 770 1914 Capucinos
787 1864 1045 1900 inThibetum

89 1919 316 1964 destinavit,
334 1920 398 1967 qui
423 1931 534 1967 opus,
554 1920 601 1956 ab
620 1918 940 1956 antecessoribus
959 1928 1046 1954 coe-

90 1979 215 2021 ptum,
241 1984 428 2010 successu
453 1985 531 2010 non
557 1973 686 2010 minus
713 1982 905 2020 prospero
924 1973 1047 2008 conti-

90 2032 276 2065 nuarunt.
296 2029 338 2064 ln
357 2029 603 2076 peninsulam
629 2029 800 2068 Coream
819 2026 1047 2075 posteriori-

90 2081 160 2118 bus
197 2081 311 2118 huius
344 2082 494 2119 saeculi
524 2082 636 2118 annis
671 2081 810 2129 religio
850 2079 1046 2116 catholica

90 2135 204 2172 illata.
229 2142 290 2174 est
315 2147 339 2173 a
365 2137 508 2174 iuvene
536 2136 703 2184 quodam
731 2135 951 2179 Comensi,
975 2145 1043 2170 no-

90 2191 195 2228 mine
222 2192 294 2238 Ly,
322 2193 386 2240 qui
404 2191 547 2228 Pekini
575 2203 600 2228 a
625 2191 780 2228 Iesuitis
797 2191 926 2227 sacris
945 2189 1046 2226 chri-

91 2245 230 2282 stianis
254 2246 458 2283 institutus
483 2251 524 2283 et
547 2246 587 2281 in
614 2246 787 2293 patriam
815 2245 953 2288 redux,
974 2254 1045 2280 suo

92 2299 272 2346 exemplo
299 2303 339 2336 et
364 2311 549 2337 sermone
575 2304 694 2347 atque
720 2300 928 2343 librorum,
947 2309 1047 2345 quos

92 2363 116 2388 a
143 2352 404 2390 missionariis
429 2354 718 2391 Pekinensibus
737 2357 972 2400 acceperat,
993 2351 1046 2388 di-

92 2405 339 2449 stributione,
367 2408 524 2452 multos,
552 2413 636 2444 tum
661 2419 683 2444 e
709 2406 942 2455 proceribus
961 2410 1046 2442 tum

93 2471 114 2496 e
129 2459 256 2507 plebe,
272 2460 320 2496 ad
337 2460 454 2498 fidem
470 2462 728 2498 christianam
747 2465 788 2498 et
808 2461 1045 2508 baptismum

93 2513 290 2560 perduxit.
319 2514 370 2550 Hi
397 2515 520 2551 veluti
540 2516 698 2553 totidem
717 2514 959 2551 missionarii
976 2525 1047 2550 seu

93 2567 347 2612 catechistae,
375 2568 474 2605 alios
499 2569 548 2605 ad
567 2569 748 2606 eamdem
765 2568 882 2605 fidem
901 2568 1047 2605 allicie-

94 2619 201 2665 bant,
216 2621 314 2658 adeo
331 2626 374 2658 ut
387 2623 492 2659 intra
505 2624 527 2659 5
542 2634 734 2659 annorum
749 2622 921 2670 spatium
937 2622 1047 2658 circi-

94 2678 162 2711 ter
177 2676 288 2720 4,ΟΟΟ
305 2677 527 2714 Coreenses
545 2678 583 2714 in
601 2677 801 2716 Christum
820 2676 1043 2714 crederent.

92 2727 231 2766 Novae
275 2730 477 2777 religionis
511 2732 743 2779 propagatio
780 2730 1047 2778 persecutioni

94 2792 232 2818 ansam
259 2782 384 2828 dedit;
412 2795 514 2820 anno
543 2785 630 2820 1791
664 2784 740 2820 duo
774 2786 920 2820 fratres
947 2784 1046 2820 chri-

91 2838 208 2874 stiani
235 2839 375 2886 capitis
400 2839 575 2875 damnati
601 2844 712 2883 sunt,
741 2839 952 2886 pluresque
979 2839 1046 2874 alii

91 2889 341 2938 deprehensi,
368 2892 405 2928 in
432 2903 619 2929 carceres
643 2892 826 2928 coniecti.
846 2892 933 2928 Hac
952 2896 1046 2929 tem-

91 2949 246 2990 pestate
274 2949 362 2994 post
388 2946 586 2983 biennium
612 2946 756 2992 sopita,
783 2945 935 2989 Govea‚
964 2946 1046 2994 epi-

91 3008 232 3046 scopus
258 2999 508 3043 Pekinensis,
539 2999 576 3034 in
610 2999 780 3036 Coream
808 2998 915 3034 misit
940 2999 1045 3036 Iaco-

92 3050 183 3088 bum
209 3053 346 3090 Velloz
364 3083 372 3096 ,
408 3053 681 3101 presbyterum
715 3051 925 3088 Sinensem
946 3081 954 3097 ,
981 3055 1044 3101 qui

91 3104 404 3144 Christianorum
425 3117 635 3143 numerum
650 3105 730 3141 illic
745 3105 958 3152 plurimum
977 3118 1043 3144 au-

91 3158 246 3203 xit‚non
257 3161 499 3198 obstantibus
509 3159 619 3197 vexis
636 3163 677 3195 et
690 3159 1043 3207 persecutionibus,

92 3212 228 3257 quibus
252 3216 411 3263 saepius
438 3219 552 3251 erant
575 3213 754 3250 subiecti.

1917 115 1997 159 285

1148 201 1191 238 In
1218 202 1354 249 regnis
1379 201 1579 238 indiarum
1605 197 1881 242 orientalium,
1912 197 2050 234 Madu-

1099 256 1206 291 rensi
1225 283 1234 299 ,
1271 253 1572 303 Mayssurensi‚
1605 250 1842 290 Carnatensi
1875 254 1916 287 et
1948 250 2051 287 Tan-

1098 308 1342 351 schaurensi,
1366 307 1506 354 religio
1527 305 1724 343 catholica
1748 303 1911 342 saeculo
1938 314 2053 351 prae·

1099 361 1253 398 cedenti
1281 362 1384 398 laete
1411 362 1605 397 floruerat
1630 363 1671 396 et
1687 358 1874 394 continua
1894 357 1977 394 fere
1995 357 2052 393 in-

1098 419 1304 451 crementa
1329 418 1516 461 ceperat3
1544 412 1618 449 hoc
1643 422 1740 448 vero
1767 411 1940 455 saeculo,
1966 415 2050 447 tum

1099 467 1441 513 persecutionibus
1459 466 1549 502 hinc
1568 464 1658 502 inde
1676 465 1847 507 exortis,
1868 468 1950 500 tum
1976 463 2052 500 dis·

1097 521 1346 557 sensionibus
1364 519 1706 556 missionariorum
1721 518 1768 554 de
1784 517 1924 554 ritibus
1937 517 2052 554 dictis

1100 574 1380 617 Malabaricis,
1417 572 1604 609 nonnulla
1637 572 1893 608 decrementa
1917 571 2050 608 subiit-

1099 627 1214 664 Anno
1233 629 1324 665 1701
1352 628 1392 663 in
1422 637 1549 673 regno
1576 625 1895 662 Tanschaurensi
1913 636 2051 662 omnes

1098 680 1331 724 Christiani,
1360 680 1423 729 qui
1450 679 1498 716 ad
1533 679 1764 725 religionem
1793 679 1964 726 patriam
1990 688 2051 714 re-

1101 735 1205 771 verti
1233 735 1486 777 recusabant,
1516 733 1579 770 vel
1604 732 1837 770 verberibus
1861 732 1992 769 affecti
2011 737 2051 770 et

1101 788 1137 823 in
1167 799 1355 826 carceres
1382 787 1566 831 coniecti,
1592 787 1656 823 vel
1683 797 1807 833 regno
1834 786 1943 823 exire
1962 797 2050 823 coa·

1099 842 1151 877 cti
1178 847 1293 887 sunt;
1320 853 1458 879 eorum
1494 840 1688 878 ecclesiae
1719 840 1944 876 destructae
1970 851 2050 876 om-

1103 907 1228 944 neque
1246 896 1451 944 religionis
1469 894 1708 934 christianae
1736 893 1968 930 exercitium
1995 894 2050 929 in-

1101 949 1327 987 terdictum.
1346 950 1473 986 Annis
1491 949 1606 985 huius
1625 947 1773 984 saeculi
1793 947 1920 983 XVlll
1938 958 2052 984 sexa-

1101 1004 1263 1050 gesimis
1283 1009 1325 1041 et
1341 1004 1531 1052 deinceps
1548 1001 1682 1038 missio
1702 1001 1972 1045 Carnatensis,
1987 1013 2051 1038 cu-

1100 1059 1160 1095 ius
1186 1059 1318 1106 prima
1343 1059 1458 1096 sedes
1485 1061 1574 1095 erat
1592 1054 1912 1100 Pondicherium‚
1928 1056 2048 1092 etiam

1099 1112 1278 1150 decrevit
1305 1112 1620 1151 revolutionibus
1644 1109 1787 1146 ibidem
1813 1110 1983 1156 exortis,
2010 1116 2052 1149 et

1101 1166 1204 1203 bello
1233 1169 1386 1216 Anglos
1411 1169 1517 1206 inter
1542 1172 1583 1206 et
1607 1168 1744 1205 Gallos
1769 1167 1816 1205 de
1835 1167 2050 1206 Pondiche-

1100 1221 1158 1257 rio
1185 1224 1370 1260 excitato.
1400 1225 1441 1260 In
1476 1235 1600 1272 regno
1635 1223 1909 1272 Mayssurensi
1935 1225 2052 1273 Tipu-

1099 1276 1281 1321 zahebus,
1303 1279 1368 1326 qui
1387 1278 1465 1315 illic
1493 1279 1541 1315 ab
1561 1290 1627 1316 an.
1649 1278 1741 1316 1787
1761 1278 1810 1315 ad
1829 1279 1921 1317 1799
1938 1291 2052 1327 prae-

1100 1329 1185 1376 fuit,
1203 1332 1326 1368 multa
1341 1332 1655 1370 Christianorum
1674 1334 1800 1370 millia
1816 1334 1928 1370 vario
1947 1346 2051 1371 mor—

1101 1384 1150 1421 tis
1167 1397 1315 1432 genere
1335 1387 1516 1432 sustulit;
1536 1388 1575 1423 in
1595 1388 1736 1424 alienis
1754 1388 1879 1434 etiam·
1895 1388 2051 1436 provin-

1100 1438 1183 1482 ciis,
1201 1451 1297 1487 quas
1312 1440 1471 1485 invasit,
1482 1446 1622 1478 contra
1636 1443 1724 1479 illos
1739 1442 1895 1486 saeviit,
1906 1443 2052 1479 multas

1100 1492 1306 1538 ecclesias,
1317 1495 1546 1540 seminaria,
1558 1496 1771 1543 domosque
1787 1496 2053 1533 missionario-

1102 1558 1189 1582 rum
1205 1546 1413 1584 destruxit.
1442 1548 1539 1585 Post
1565 1550 1650 1586 eius
1676 1554 1845 1586 mortem
1864 1550 2050 1588 Christia-

1101 1599 1160 1636 nis
1186 1611 1263 1647 pax
1290 1601 1428 1646 rediit;
1463 1602 1656 1640 ecclesiae
1690 1603 1902 1640 restitutae
1934 1607 2050 1648 sunt,

1102 1657 1141 1689 et
1167 1654 1414 1691 credentium
1433 1667 1623 1693 numerus
1649 1668 1741 1693 mox
1758 1660 1896 1693 auctus
1915 1660 1987 1694 est.
2007 1658 2050 1694 ln

1100 1706 1231 1744 littore
1272 1709 1516 1746 Malabarico
1559 1710 1798 1746 missionarii
1839 1722 2050 1748 numerum

1099 1760 1415 1799 Christianorum
1434 1764 1621 1800 continuo
1637 1764 1850 1811 augebant.
1867 1764 1909 1800 In
1922 1775 2049 1811 regno

1099 1813 1421 1853 Travancorensi
1436 1828 1502 1853 res
1518 1817 1756 1853 christianae
1765 1828 1957 1865 prospera
1966 1829 2050 1854 sor·
2063 1818 2066 1820 ’

1101 1871 1137 1904 te
1156 1868 1559 1914 fruebantur3ibidem
1580 1870 2049 1908 Paulinusmissionarius

1099 1922 1461 1961 Ramavarmerum
1490 1936 1626 1972 regem
1647 1925 1701 1961 ita
1719 1924 1900 1972 religioni
1918 1925 2050 1962 catho-

1101 1976 1199 2013 licae
1221 1978 1473 2023 conciliavit,
1498 1983 1541 2015 ut
1566 1990 1638 2015 rex
1656 1979 1901 2016 Christianos
1925 1979 2049 2016 variis

1099 2030 1300 2069 beneficiis
1314 2033 1533 2077 ornaverit,
1549 2038 1589 2069 et
1603 2033 1790 2080 epistolas
1799 2033 1945 2081 aliquot
1958 2045 2047 2070 cum

1099 2085 1304 2123 Clemente
1314 2087 1406 2123 XIV
1423 2091 1464 2123 et
1478 2087 1546 2122 Pio
1562 2087 1615 2123 VI
1631 2087 1712 2122 PP.
1728 2088 2044 2123 communicarit.

1146 2139 1188 2174 In
1204 2140 1430 2188 Tongkino,
1445 2141 1483 2177 in
1499 2152 1574 2188 quo
1588 2141 1744 2188 Religio
1759 2141 1918 2178 saeculo
1936 2152 2048 2189 prae-

1099 2191 1255 2229 cedenti
1282 2195 1493 2240 plurimum
1521 2199 1744 2242 propagata
1769 2195 1902 2231 fuerat
1926 2198 1954 2239 ¹,
1973 2195 2048 2231 hoc

1098 2247 1258 2284 saeculo
1277 2259 1352 2284 nov
1361 2259 1407 2285 ae
1426 2260 1576 2296 eaeque
1593 2259 1740 2295 graves
1753 2249 2049 2296 persecutiones

1099 2304 1238 2338 contra
1263 2302 1509 2340 Christianos
1529 2303 1726 2339 excitatae
1745 2306 1849 2347 sunt,
1866 2313 2048 2349 praeser-

1101 2354 1166 2389 tim
1195 2366 1257 2390 an.
1287 2356 1376 2392 1721
1405 2361 1445 2393 et
1471 2357 1576 2399 1736,
1597 2357 1733 2404 quibus
1750 2367 1887 2392 eorum
1914 2368 2047 2394 nume-

1098 2419 1164 2444 rus
1191 2408 1294 2446 haud
1329 2421 1470 2457 parum
1498 2411 1671 2446 minutus
1696 2413 1782 2453 est;
1810 2410 1958 2447 multae
1984 2423 2048 2448 ec-

1098 2462 1243 2499 clesiae
1277 2463 1518 2509 destructae,
1545 2464 1647 2500 varii
1672 2464 1910 2500 missionarii
1943 2466 2048 2514 capi-

1098 2515 1148 2552 tis
1173 2516 1373 2563 damnati,
1400 2519 1614 2557 Christiani
1640 2519 1752 2554 multi
1787 2518 1827 2554 in
1862 2529 2046 2557 carceres

1097 2571 1284 2616 coniecti,
1299 2573 1530 2610 verberibus
1548 2577 1662 2620 atque
1680 2571 1881 2620 suppliciis
1898 2574 2045 2611 affecti.

1098 2625 1314 2663 Posteriori
1340 2639 1436 2664 vero
1463 2632 1655 2675 tempore,
1685 2638 1781 2675 pace
1806 2627 2046 2667 Christianis

1097 2691 1310 2726 concessa,
1347 2693 1486 2719 eorum
1529 2693 1718 2718 numerus
1751 2682 1935 2719 continuo
1960 2684 2044 2721 fere

1096 2735 1236 2771 crevit.

1143 2789 1185 2824 In
1202 2790 1466 2827 Cochinchina
1484 2790 1623 2837 religio
1642 2790 1859 2828 christiana
1877 2802 1900 2827 a
1915 2795 2043 2840 poste·

1096 2843 1265 2880 rioribus
1296 2845 1442 2881 saeculi
1474 2844 1750 2891 praecedentis
1783 2846 1897 2882 annis
1928 2846 2043 2883 valde

1095 2898 1405 2944 propagabatur,
1433 2909 1549 2945 quum
1574 2909 1676 2935 anno
1695 2899 1787 2937 1700
1805 2900 1938 2947 gravis
1956 2912 2043 2947 per—

1095 2951 1245 2987 secutio
1272 2955 1411 2987 contra
1437 2952 1537 2988 illius
1563 2956 1785 2991 sectatores
1812 2954 2042 2991 exardesce-

1095 3007 1168 3040 ret.
1189 3003 1285 3039 Post
1302 3015 1447 3051 paucos
1465 3016 1588 3042 annos
1608 3007 1891 3055 tranquillitate
1910 3011 2040 3055 parta,

1094 3058 1249 3104 Religio
1275 3058 1430 3095 maiora
1456 3059 1705 3097 incrementa
1724 3062 1842 3109 cepit,
1861 3072 2042 3109 praeser-

1095 3113 1162 3148 tim
1189 3111 1238 3147 ab
1264 3122 1367 3148 anno
1396 3113 1510 3159 1739,
1537 3125 1611 3162 quo
1638 3115 1826 3161 Iesuitae,
1855 3116 2042 3153 mathesis

1139 3220 1147 3240 ¹
1168 3218 1236 3252 Vid.
1254 3228 1286 3261 p.
1306 3215 1384 3251 230.
