2241 3473
731 138 858 170 VSQVE
887 138 939 165 AD
967 137 1137 165 scmsnm
1166 138 1396 166 OCCIDENTIS

95 215 190 242 vero
220 203 262 241 et
290 202 418 251 magni
448 201 624 250 magistri
653 206 771 251 atque
800 201 1025 251 praecipuo-

93 268 182 296 rum
210 261 504 306 praeceptorum
527 267 682 293 causam
704 256 774 293 sibi
795 254 1026 293 reservavit.

147 311 190 347 In
206 308 339 358 primis
355 309 630 358 BerengariuS,
645 309 863 358 Stephanus
878 312 916 345 et
933 309 1030 345 Lan·
1048 306 1051 336 l

92 362 257 412 dulphus
279 362 496 400 cardinales
514 374 534 399 e
554 362 710 410 speciali
733 362 915 399 mandato
933 361 1029 398 Pon-

91 415 206 454 tificis
230 427 360 452 mense
380 419 547 463 augusto
571 414 670 452 1308
690 415 865 452 Chinonii
885 414 923 451 in
945 415 1028 451 Tu-

92 468 202 507 ronia
222 469 516 517 interrogarunt
536 479 721 515 magnum
740 467 973 516 magistrum
991 471 1029 504 ct

90 522 117 560 5
146 525 434 571 praeceptores,
463 521 528 570 qui
558 525 642 570 post
663 522 894 569 praestitum
917 520 1027 557 iura-

92 578 279 622 mentum,
293 579 445 624 praeter
455 575 534 613 alia
545 573 745 611 horribilia
761 578 800 611 et
815 574 1029 618 inhonesta,

91 628 256 667 confessi
290 632 380 666 sunt
393 658 403 672 ,
436 639 476 666 se
509 627 704 666 Christum
741 627 956 674 abnegasse
991 631 1031 663 et

91 682 240 732 spuisse
259 692 373 731 super
392 681 566 727 Crucem;
588 680 727 718 deinde
748 680 950 717 humiliter
970 692 1029 729 po-

90 735 289 773 stularunt
309 734 588 772 absolutionem
622 745 645 771 a
678 734 852 771 censuris
872 763 881 779 ,
901 745 1030 780 quam,

95 789 259 826 eiuratis
279 787 555 836 impietatibus,
575 799 598 824 a
617 786 806 836 delegatis
829 786 1031 824 Pontificis

93 843 355 891 impetrarunt
372 839 396 878 ¹.
417 839 492 878 Alii
515 852 538 877 a
558 839 766 877 Guilielmo
787 839 894 877 Fidei
917 851 1033 888 quae-

91 895 210 933 sitore
229 895 393 943 eiusque
413 893 601 942 delegatis
620 893 852 942 interrogati
874 893 1008 931 Trecis
1022 922 1031 939 ,

92 948 267 993 Baiocae,
287 947 459 993 Cadomi,
477 947 710 996 Rothomagi
727 950 767 984 et
782 947 1031 992 Carcassone,

93 1001 325 1039 testimoniis
357 1001 438 1038 suis
469 1000 666 1048 praedicta
694 1000 856 1037 crimina
885 998 1029 1036 confir-

91 1057 248 1092 marunt
262 1052 288 1092 ².
309 1053 634 1102 Archiepiscopus
654 1053 936 1098 Narbonensis,
957 1053 1032 1101 epi·

91 1107 193 1157 scopi
226 1107 473 1151 Baiocensis‚
504 1106 748 1144 Mimatensis
776 1109 816 1144 et
845 1106 1031 1143 Lemovi-

92 1161 217 1200 censis
244 1172 330 1198 cum
353 1159 571 1209 praeposito
591 1161 760 1208 Aqueusi
783 1161 822 1197 et
837 1159 1032 1197 archidia-

92 1214 201 1252 conis
229 1213 537 1262 Rothomagensi
568 1218 608 1250 et
637 1213 878 1259 Tridentino,
898 1225 920 1250 a
940 1213 1033 1250 Cle-

91 1272 220 1306 mente
248 1267 283 1304 V
311 1266 532 1316 specialiter
559 1266 725 1315 delegati
755 1267 802 1304 ad
831 1266 1032 1315 inquiren-

90 1321 182 1358 dum
211 1321 249 1358 in
278 1320 404 1358 Gallia
433 1321 480 1357 de
509 1324 590 1358 toto
611 1320 919 1369 Templariorum
942 1332 1030 1357 cor-

91 1386 182 1423 pore
208 1386 279 1411 seu
304 1373 461 1418 Ordine,
481 1385 613 1411 mense
634 1377 803 1422 augusto
827 1374 928 1411 1309
948 1374 1030 1410 Pa-

90 1427 202 1466 risios
221 1428 503 1473 convenerunt,
523 1427 671 1476 totique
692 1427 828 1464 Ordini
846 1427 946 1464 diem
968 1427 1030 1464 di·-

92 1483 249 1524 xerunt,
276 1480 464 1526 omnibus,
495 1480 561 1529 qui
591 1492 748 1518 causam
779 1480 862 1518 eius
892 1480 1030 1517 defen-

90 1534 184 1572 dere
213 1536 406 1583 optarent,
426 1533 604 1570 veniendi
625 1533 812 1572 facultate
836 1545 1027 1571 concessa.

92 1587 224 1625 Primo
257 1587 416 1625 auditus
448 1588 506 1624 est
534 1598 698 1636 magnus
727 1587 937 1636 magister,
967 1587 1031 1635 qui

92 1641 238 1689 priores
256 1652 344 1679 suas
363 1639 622 1678 confessiones
638 1640 804 1678 retraxit
819 1644 858 1677 et
874 1641 922 1677 ad
935 1640 1032 1677 Pon-

92 1693 210 1732 tificis
237 1693 422 1732 iudicium
452 1694 690 1740 provocavit.
721 1694 799 1732 Alii
828 1694 878 1730 74
908 1693 1030 1742 pridie

92 1747 178 1785 idus
209 1747 342 1785 martii
378 1745 476 1785 1310
509 1758 638 1784 coram
672 1747 807 1784 iisdem
839 1746 1030 1796 delegatis

91 1801 385 1845 contenderunt,
401 1800 638 1847 testimonia,
653 1812 771 1849 supra
787 1812 809 1837 a
823 1800 936 1837 sociis
952 1799 1030 1838 suis

92 1854 310 1899 edita,'esse
325 1853 550 1898 calumnias,
570 1856 609 1891 et
626 1853 885 1891 confessiones
907 1853 945 1890 vi
962 1855 1032 1890 aut

90 1905 226 1945 fraude
245 1910 420 1944 extortas
436 1937 445 1953 ,
466 1907 754 1956 petieruntque,
776 1910 818 1944 ut
836 1909 920 1944 tota
936 1918 1030 1944 cau-

89 1971 132 1997 sa
151 1971 175 1997 a
194 1959 384 1998 Pontifice
405 1967 444 1998 et
463 1960 624 1998 concilio
640 1960 831 2009 generali,
852 1960 1031 1998 Viennae

90 2013 247 2060 indicto,
266 2013 516 2051 iudicaretur.
539 2014 634 2051 Post
653 2013 803 2051 hos-alii
825 2013 1029 2062 plusquam

89 2066 167 2104 200
194 2067 243 2104 ab
262 2066 398 2104 iisdem
419 2067 608 2116 delegatis
628 2066 834 2115 pontificiis
859 2067 1030 2104 interro-

90 2119 186 2169 gati,
213 2120 388 2158 maxima
416 2133 465 2158 ex
494 2124 604 2169 parte
634 2120 730 2158 talia
749 2120 954 2157 ediderunt
973 2123 1034 2157 te-

90 2173 282 2220 stimonia,
305 2176 347 2211 ut
367 2173 522 2212 Ordinis
541 2173 694 2212 sodales
713 2173 828 2223 longe
844 2173 1032 2223 plurimos

93 2237 177 2264 esse
194 2238 283 2265 reos
303 2228 532 2265 evincerent
544 2225 570 2264 ³.

145 2280 271 2322 Quum
301 2284 431 2319 autem
462 2280 644 2318 Pontifex
676 2279 936 2328 singularium
970 2279 1037 2317 Or-

93 2333 190 2371 dinis
219 2344 471 2382 personarum
508 2334 698 2371 iudicium
730 2334 1037 2371 commendasset

92 2386 251 2436 synodis
279 2386 602 2435 provincialibus,
623 2387 695 2424 hae
714 2389 797 2424 tum
827 2387 932 2424 intra
952 2391 1036 2424 tum

92 2439 378 2478 extraGalliam
395 2440 548 2477 habitae
563 2439 734 2486 fuerunt,
744 2440 811 2477 sed
829 2452 1036 2489 paucarum

92 2495 244 2531 tantum
272 2498 359 2531 acta
387 2496 602 2542 supersunt.
632 2494 813 2543 Synodus
842 2493 1036 2531 Parisien-

93 2547 147 2584 sis
180 2557 281 2584 anno
304 2546 404 2585 1310
423 2546 591 2595 plurium
612 2546 923 2595 Templariorum
953 2558 1038 2584 cau-

93 2599 144 2638 sis
160 2599 368 2648 diligenter
386 2600 568 2648 inspectis
581 2629 589 2645 ,
609 2601 796 2649 quosdam
812 2600 1037 2650 simpliciter

94 2653 142 2691 ab
172 2653 314 2690 Ordine
343 2652 528 2698 absolvit,
556 2653 704 2701 aliquot
723 2655 808 2702 post
839 2656 1037 2702 peractam

94 2706 371 2756 poenitentiam
389 2705 530 2743 liberos
541 2705 696 2752 dimisit,
710 2706 909 2744 nonnullos
920 2708 968 2744 ad
981 2719 1038 2744 ar-

95 2762 198 2797 ctam
226 2758 442 2797 custodiam
461 2759 743 2805 condemnavit,
764 2759 934 2808 aliosque
953 2764 1038 2798 tan-

95 2824 211 2862 quam
232 2812 403 2862 relapsos
419 2813 460 2849 et
473 2814 718 2849 contumaces
732 2812 894 2850 tradidit
907 2813 1039 2851 curiae

95 2865 301 2912 saeculari,
321 2877 344 2903 a
372 2876 447 2914 qua
476 2865 523 2902 ad
543 2864 673 2914 ignem
701 2865 874 2903 damnati
902 2868 992 2904 sunt
1010 2865 1037 2904 ⁴.

96 2919 242 2958 Eodem
280 2930 379 2957 anno
415 2928 552 2956 novem
582 2917 792 2967 Templarii
833 2930 856 2956 a
893 2920 1040 2968 synodo

137 3032 149 3053 ¹
166 3032 192 3065 Ε
214 3031 265 3063 ist.
281 3034 333 3064 cit.

136 3072 153 3094 ²
170 3042 213 3105 Dii
234 3076 306 3114 Puy‚
321 3073 464 3105 Histoire
479 3073 634 3104 veirieable
649 3072 686 3103 de
700 3072 731 3104 Ia
742 3072 987 3105 condemnation
1003 3074 1041 3107 de

99 3114 227 3147 I’Ordre
241 3116 294 3147 dev
315 3115 495 3154 Templaew.
510 3132 547 3137 —-
561 3116 575 3135 3
592 3116 634 3145 Du
648 3115 721 3154 Puy,
735 3113 872 3145 Histoire
887 3116 937 3147 cii.

139 3158 153 3179 ⁴
169 3157 202 3188 G.
224 3158 335 3197 blangi,
361 3156 479 3188 Chron.
503 3156 683 3187 continuae.
699 3157 738 3186 ad
757 3165 805 3186 an.
830 3155 922 3196 13103
939 3157 1038 3189 Balut.

105 3196 192 3230 Vitae
206 3198 322 3238 Pontis.
338 3199 434 3230 Aven.
453 3203 471 3229 t.
490 3199 509 3234 Ι,
526 3207 553 3237 ρ.
572 3197 620 3229 16.

1915 127 1966 166 89

1070 200 1351 241 Silvanectensi
1367 204 1526 252 propter
1537 201 1729 250 relapsum
1740 200 1872 239 traditi
1885 202 2020 239 curiae

1071 256 1282 301 saeculari,
1302 256 1449 305 pariter
1469 257 1515 293 ad
1534 256 1661 305 ignem
1682 254 1925 292 condemnati
1942 254 2023 292 fue·

1071 312 1164 345 runt
1188 307 1211 346 ¹.
1235 309 1356 347 Porro
1386 312 1470 346 tum
1499 309 1537 346 hi
1568 312 1647 347 tum
1674 308 1730 345 illi
1763 308 1828 356 qui
1861 308 2020 346 Parisiis

1073 362 1265 399 combusti
1300 365 1414 407 sunt,
1444 362 1654 400 morientes
1688 361 2021 406 contestabantur,

1073 426 1114 452 se
1130 415 1272 452 iniuste
1289 415 1492 453 damnatos
1511 418 1550 452 et
1565 415 1695 464 priora
1711 426 1780 453 sua
1799 414 2022 452 testimonia

1074 472 1177 506 metu
1207 471 1364 506 extorta
1390 468 1519 506 fuisse.
1542 468 1582 505 In
1615 467 1727 505 Italia
1746 468 1917 516 synodus
1938 468 2022 505 Ra-

1075 522 1324 559 vennatensis
1359 522 1616 570 interrogavit
1649 526 1797 570 septem
1835 521 2021 570 Templa-

1075 574 1170 619 rios,
1196 574 1260 623 qui
1289 576 1418 612 omnia
1446 574 1629 620 crimina,
1657 586 1820 623 quorum
1842 574 1945 612 Ordo
1965 574 2023 611 in-

1074 628 1352 672 simulabatur,
1381 630 1608 665 constanter
1638 630 1902 676 negaverunt3
1923 639 2022 676 qua-

1075 686 1232 730 propter
1247 681 1420 730 synodus
1440 680 1603 726 censuit,
1619 681 1842 718 innocentes
1856 692 1939 718 esse
1956 681 2023 718 ab·

1075 735 1300 780 solvendos,
1339 737 1520 772 nocentes
1549 746 1569 771 e
1598 733 1684 783 lege
1718 734 1953 782 puniendos,
1986 736 2025 771 et

1075 789 1173 825 bona
1193 789 1466 826 innocentibus
1487 789 1775 831 conservanda,
1796 787 1826 824 si
1849 788 1884 824 hi
1906 787 2024 824 maio-

1074 853 1155 878 rem
1169 841 1325 879 Ordinis
1343 843 1491 890 partem
1509 839 1719 886 efficerent,
1733 844 1772 878 et
1788 840 1849 877 alii
1868 841 2023 878 meritas

1076 907 1217 944 poenas
1236 894 1433 932 dedissent
1454 893 1480 931 ².
1507 894 1653 931 Eodem
1674 897 1847 942 tempore
1877 894 2027 931 archie-

1076 948 1219 997 piscopi
1256 948 1422 986 Pisanus
1457 949 1496 984 et
1524 946 1796 991 Florentinus,
1820 947 1964 996 aliique
1985 947 2022 984 in

1075 1002 1353 1050 Longobardia
1372 1005 1410 1038 et
1425 1000 1567 1038 Tuscia
1583 1012 1603 1036 e
1619 999 1825 1038 Pontificis
1840 1001 2024 1037 mandato

1077 1055 1122 1092 de
1144 1055 1288 1092 Ordine
1304 1064 1343 1092 et
1359 1053 1532 1103 personis
1552 1053 1825 1101 inquisierunt,
1846 1055 1885 1090 et
1905 1054 2025 1102 plera-

1077 1120 1149 1157 que
1170 1108 1483 1157 Templariorum
1510 1106 1733 1144 testimonia
1754 1106 1799 1143 de
1818 1107 2025 1155 apostasia,

1076 1161 1296 1199 idololatria
1315 1164 1353 1199 et
1372 1161 1558 1210 spurcitia
1583 1160 1655 1197 sibi
1683 1163 1796 1197 erant
1815 1162 2023 1198 consenta-

1077 1228 1149 1253 nea
1169 1214 1194 1252 ³.
1229 1216 1272 1252 In
1303 1215 1515 1252 Germania
1545 1214 1689 1250 Petrus
1718 1212 2025 1262 archiepiscopus

1076 1269 1330 1318 Moguntinus
1351 1267 1615 1316 Templarios,
1636 1278 1730 1315 quos
1751 1266 2023 1315 interrogave-

1076 1326 1150 1369 rat,
1170 1322 1320 1360 censuit
1346 1321 1598 1359 absolvendos
1613 1319 1639 1358 ⁴.
1662 1321 1705 1357 In
1727 1320 1938 1368 Aragonia,
1959 1320 2024 1357 ubi

1076 1376 1334 1424 inquisitionis
1364 1374 1561 1423 negotium
1593 1374 1776 1412 Clemens
1796 1373 1832 1411 V
1861 1374 2026 1411 deman-

1077 1430 1242 1467 daverat
1269 1429 1630 1477 Caesaraugustano
1652 1430 1691 1464 et
1709 1426 1922 1464 Valentino
1941 1426 2026 1475 epi-

1075 1483 1219 1532 scopis,
1241 1481 1453 1531 Templarii
1483 1481 1522 1518 in
1553 1480 1704 1518 arcibus
1734 1480 1812 1517 suis
1840 1491 1881 1517 se
1910 1480 2028 1518 armis

1075 1536 1311 1581 munierunt,
1331 1535 1397 1573 sed
1420 1547 1443 1572 a
1464 1535 1601 1572 Iacobo
1631 1545 1723 1583 rege
1744 1533 1778 1570 II
1800 1534 1970 1582 superati
1989 1537 2029 1571 et

1076 1590 1180 1627 ferro
1201 1589 1293 1627 victi
1314 1591 1416 1626 sunt.
1439 1589 1484 1625 In
1503 1587 1675 1625 Castella
1701 1586 1919 1624 Rodericus
1934 1587 2028 1624 Iva-

1077 1643 1177 1688 nius,
1199 1642 1357 1680 Ordinis
1386 1641 1662 1691 promagister,
1691 1652 1777 1677 cum
1806 1640 1920 1679 sociis
1948 1640 2030 1678 suis

1077 1697 1125 1734 ab
1141 1695 1429 1745 archiepiscopo
1447 1694 1640 1732 Toletano
1657 1693 1705 1730 ad
1721 1694 1925 1731 dicendam
1942 1705 2027 1731 cau-

1077 1761 1158 1788 sam
1181 1752 1356 1795 vocatus,
1378 1761 1401 1786 a
1421 1747 1665 1786 Ferdinando
1686 1758 1778 1796 rege
1807 1747 1861 1784 IV
1878 1747 1916 1784 in
1935 1747 2025 1784 vin-

1077 1803 1168 1841 cula
1196 1803 1392 1840 coniectus
1422 1801 1516 1847 fuit,
1545 1801 1714 1850 synodus
1749 1800 2031 1838 Salmanticen-

1077 1857 1141 1902 sis,
1153 1858 1358 1906 postquam
1379 1855 1424 1892 de
1444 1854 1584 1892 vinctis
1601 1857 1641 1891 et
1655 1853 1895 1902 supplicibus
1917 1865 2027 1902 quae-

1077 1911 1239 1948 stionem
1278 1910 1501 1954 habuisset,
1537 1919 1606 1956 pro
1641 1918 1774 1944 eorum
1809 1906 2028 1944 innocentia

1077 1963 1356 2012 pronuntiavit,
1375 1973 1566 2000 summam
1584 1964 1715 1998 tamen
1736 1961 1857 1998 totius
1885 1960 1941 1998 rei
1963 1960 2026 1997 de-

1077 2017 1346 2054 liberationem
1384 2016 1431 2053 ad
1462 2013 1707 2062 Pontificem,
1731 2014 1881 2051 remisit
1919 2013 1944 2051 ⁵.
1984 2013 2028 2050 In

1077 2070 1220 2119 Anglia
1239 2082 1299 2107 an.
1325 2069 1425 2106 1309
1446 2069 1550 2106 iussu
1571 2067 1744 2104 Eduardi
1765 2067 1868 2116 regis
1889 2067 1925 2104 II
1953 2078 2028 2103 om-

1080 2136 1147 2161 nes
1168 2123 1378 2172 Templarii
1408 2121 1613 2170 intercepti
1636 2123 1675 2158 et
1695 2121 1860 2158 diversis
1881 2120 2025 2157 castel-
2053 2166 2055 2168 Ι

1079 2178 1123 2215 lis
1143 2177 1281 2214 inclusi
1312 2176 1484 2220 fuerunt,
1507 2174 1626 2223 aliqui
1656 2185 1807 2211 errores
1835 2173 1873 2211 in
1912 2172 2029 2210 Bulla

1080 2231 1292 2269 Clementis
1311 2230 1347 2267 V
1369 2231 1523 2266 notatos
1544 2227 1708 2265 confessi
1729 2230 1835 2273 sunt,
1855 2226 2028 2275 plerique

1081 2296 1172 2322 vero
1193 2296 1233 2321 se
1253 2283 1400 2320 nullius
1420 2282 1489 2328 rei,
1506 2293 1606 2330 quae
1627 2281 1675 2318 ad
1704 2280 1891 2318 haeresim
1911 2279 2027 2328 perti-

1081 2339 1204 2383 neret,
1224 2349 1311 2374 reos
1327 2348 1410 2374 esse
1428 2334 1635 2373 contestati
1656 2338 1769 2379 sunt;
1791 2333 1893 2370 unde
1908 2333 1945 2369 in
1967 2344 2027 2380 sy-

1081 2391 1189 2430 nodis
1209 2389 1457 2435 Londinensi,
1474 2387 1708 2426 Eboracensi
1725 2386 1884 2434 aliisque
1897 2415 1908 2430 ,
1929 2385 2027 2423 nihil

1082 2456 1202 2494 grave
1230 2445 1268 2481 in
1299 2443 1522 2481 universum
1543 2441 1727 2478 Ordinem
1752 2442 1820 2477 aut
1840 2440 1878 2476 in
1900 2439 2025 2487 singu-

1080 2499 1138 2536 las
1157 2509 1341 2547 personas
1361 2499 1552 2534 statutum
1565 2525 1573 2541 ,
1590 2495 1656 2532 sed
1677 2494 1724 2530 ad
1746 2492 2025 2530 confessionem

1081 2557 1119 2590 et
1139 2551 1415 2589 absolutionem
1438 2548 1594 2586 admissi
1614 2550 1707 2585 sunt
1727 2545 1754 2583 ⁶.

1133 2605 1299 2642 Demum
1321 2616 1382 2641 an.
1407 2602 1506 2640 1312
1525 2601 1700 2639 Clemens
1722 2600 1791 2648 Pp.
1811 2599 1849 2636 in
1866 2598 2026 2635 concilio

1082 2658 1252 2708 generali
1273 2656 1497 2700 Viennensi,
1513 2658 1715 2704 postquam
1731 2652 1885 2701 saepius
1901 2655 1940 2688 et
1959 2652 2023 2688 diu

1082 2724 1169 2749 cum
1189 2711 1362 2761 patribus
1382 2711 1427 2747 de
1456 2707 1768 2757 Templariorum
1797 2717 1915 2743 causa
1934 2704 2030 2742 deli-

1123 2827 1133 2847 ¹
1153 2826 1247 2856 Balut.
1265 2824 1338 2855 ibid.
1357 2834 1384 2862 p.
1403 2823 1449 2854 7-3.

1124 2867 1137 2888 Ξ
1152 2868 1288 2904 Rubeus,
1306 2865 1382 2896 [list.
1400 2864 1574 2895 Itavennat.
1591 2863 1608 2893 1.
1626 2863 1672 2899 VI,
1689 2861 1727 2892 ad
1744 2871 1795 2894 an.
1814 2861 1902 2893 1310.

1125 2909 1140 2932 3
1155 2909 1296 2944 Bzovius,
1313 2906 1427 2938 Anmzl.
1445 2907 1482 2936 ad
1499 2915 1548 2936 nn.
1570 2902 1656 2935 1308.

1126 2951 1138 2973 ⁴
1155 2951 1187 2980 N.
1203 2950 1354 2982 Serarins,
1370 2947 1513 2978 Historia
1528 2946 1622 2977 Petri
1645 2945 1786 2986 archiep.
1806 2945 1952 2985 Moyunt.
1970 2944 2028 2984 1.V;

1085 2992 1197 3028 Labbe,
1217 2989 1338 3021 concil.
1357 2993 1375 3019 t.
1393 2989 1438 3020 xl.
1458 2998 1485 3027 p.
1507 2987 1593 3019 1535.

1125 3034 1140 3055 5
1156 3033 1303 3068 Mariana,
1320 3029 1399 3060 Hist.
1415 3029 1543 3070 HIspan.
1562 3030 1581 3059 l.
1599 3028 1759 3067 xv‚c.10;
1777 3027 1889 3065 Labbe,
1905 3027 2025 3059 loc.cit.

1127 3074 1141 3096 6
1158 3073 1376 3110 Walsingham,
1393 3070 1469 3102 llisc.
1486 3070 1580 3110 Anyl.
1597 3080 1625 3110 p.
1643 3071 1694 3106 96,
1708 3074 1738 3101 et
1764 3069 1928 3109 i'pocliym.
1943 3068 2025 3101 Neu-

1084 3115 1194 3150 striue,
1212 3123 1238 3152 p.
1257 3113 1328 3150 500;
1344 3112 1493 3151 Wilkins.‚
1508 3113 1587 3143 Acta
1610 3112 1800 3152 anglicanae
1827 3110 2025 3150 Templario-

1087 3165 1160 3187 rum
1174 3153 1404 3194 inquisitionz'83
1422 3155 1530 3191 Mansi,
1552 3155 1696 3185 Annotat.
1719 3153 1757 3183 ad
1781 3151 1860 3184 Hist.
1877 3151 1950 3183 eccl.
1969 3153 2023 3183 Na-

1086 3199 1137 3229 tal.
1155 3197 1236 3227 Alex.
1254 3202 1335 3226 saec.
1352 3195 1427 3232 le,
1445 3195 1518 3227 diss.
1538 3195 1583 3226 10.
