2241 3473
701 170 840 200 VSQVE
862 172 916 199 AD
938 171 1225 200 PRAESENTEM
1249 173 1457 202 ΑΕΤΑΤΕΜ

102 242 306 279 Ecclesiae
332 243 512 290 opposita
530 243 855 280 constituerant1.
884 244 1047 280 Frustra

102 299 241 332 contra
276 306 364 332 euin
403 297 666 334 reclamarunt
705 298 916 334 Pontifices
956 297 1048 333 Pius

102 349 189 386 V111
209 354 250 386 et
267 350 485 397 Gregorius
501 351 606 388 XVI.
637 352 819 399 Episcopi
846 353 964 388 etiam
993 363 1049 388 se-

103 402 179 438 mel
205 407 245 439 et
272 403 414 440 iterum
443 406 779 453 expostulationes
804 416 894 441 suas
915 405 961 441 ad
982 416 1050 452 gu-

98 455 238 492 beruia
272 456 528 501 detulerunt,
568 459 799 506 praesertim
845 463 1047 506 postquam

98 506 192 545 Pius
219 508 290 556 Pp.
319 510 372 546 lx
401 522 470 557 per
505 512 633 548 Breve
660 512 706 548 25
738 511 831 547 iunii
860 512 950 548 1850
983 523 1049 547 eos

99 560 279 599 hortatus
304 569 379 607 est,
405 569 447 600 ut
473 566 589 601 rebus
620 565 823 601 Ecclesiae
851 565 923 600 rite
950 564 1051 600 ordi-

99 616 240 652 nandis
264 622 306 654 et
334 618 576 655 vindicandis
607 619 891 654 incumberent.
922 618 1048 659 Quum

98 680 194 706 vero
224 671 417 718 gubernia
444 673 588 708 nullam
618 673 772 708 illarum
802 673 1049 708 reclamatio-

100 734 190 759 num
209 731 248 760 et
263 726 617 772 expostulationum
635 727 825 762 rationem
843 726 1048 768 haberent,

100 787 164 812 an.
187 777 278 814 1853
296 779 612 827 archiepiscopus
626 779 904 826 Friburgensis
919 785 959 816 et
973 780 1051 826 epi-

105 831 213 877 scopi
233 831 548 879 Limburgensis.
567 832 934 879 Rottenburgensis,
963 832 1052 868 Ful-

98 882 229 920 densis
247 895 294 920 ac
315 885 573 932 Moguntinus
591 885 900 922 Memor-andum
919 885 965 921 ad
985 897 1051 932 gu-

99 935 237 973 bernia
262 937 469 981 dederunt,
496 940 533 975 in
559 950 632 987 quo
658 939 926 981 declarabant,
946 950 987 975 se
1014 939 1050 974 in

98 990 356 1028 ecclesiarum
393 993 587 1040 regimine
621 992 788 1029 firmiter
822 993 1053 1029 inhaesuros

100 1044 195 1080 iuris
221 1045 340 1081 divini
371 1052 411 1083 et
441 1047 697 1084 ecclesiastici
721 1047 881 1093 regulis,
909 1052 949 1082 et
974 1057 1050 1082 non

100 1108 213 1145 posse
240 1099 516 1148 obtemperare
545 1100 801 1148 praescriptis
820 1100 868 1136 ab
887 1102 1054 1147 Aposto-

99 1151 175 1187 lica
201 1153 304 1190 Sede
331 1155 568 1201 reprobatis.

143 1205 272 1244 Notae
287 1213 377 1244 sunt
391 1210 634 1252 vexationes,
647 1208 784 1256 quibus
797 1208 887 1244 dein
902 1208 1051 1255 episco—

98 1261 134 1307 pi
165 1272 252 1297 cum
278 1263 393 1299 Clero
420 1274 490 1299 suo
517 1263 556 1298 in
584 1263 779 1298 nonnullis
808 1274 856 1299 ex
883 1263 956 1298 illis
993 1273 1050 1298 re-

98 1314 289 1360 gionibus,
310 1316 543 1363 praesertim
570 1317 607 1351 in
627 1316 786 1362 Magno
802 1315 962 1352 Ducam
973 1315 1052 1351 Βα-

96 1367 392 1411 densi,fuerunt
416 1370 585 1406 obnoxii.
605 1371 736 1406 Saeva
757 1370 991 1417 praesertim
1013 1370 1051 1405 in

97 1423 362 1459 venerabilem
378 1435 514 1460 senem
533 1424 807 1460 Hermannum
825 1434 902 1459 von
915 1423 1049 1470 Vicarj

97 1476 451 1524 Archiepiscopum
464 1477 773 1523 Friburgensem
794 1477 967 1514 excitata
981 1478 1054 1512 fuit

99 1535 312 1578 tempestas
325 1560 333 1575 ‚
352 1542 440 1568 eam
459 1532 507 1566 ob
525 1541 706 1573 causam,
727 1531 828 1578 quod
848 1531 963 1567 officii
991 1531 1051 1567 sui

98 1594 250 1620 memor
268 1590 307 1620 et
324 1584 644 1620 servantissimus
671 1596 742 1620 nec
761 1585 838 1620 ullo
856 1585 1052 1631 periculo-

98 1648 184 1673 rum
212 1642 318 1674 metu
344 1638 557 1674 deterritus
583 1638 787 1674 Ecclesiae
819 1638 906 1674 iura
932 1649 979 1674 ac
1009 1638 1050 1674 li-

98 1690 293 1728 bertatem
309 1696 467 1728 strenue
484 1703 738 1739 propugnare
753 1697 793 1728 et
807 1692 1051 1739 Episcopalis

97 1745 155 1780 sui
175 1746 351 1782 muneris
370 1751 504 1792 partes
531 1745 663 1782 sedulo
684 1745 945 1793 religioseque
973 1747 1050 1781 obi-

99 1809 141 1834 re
157 1799 368 1835 contendit.
390 1800 496 1835 Inter
515 1804 677 1836 caetera
694 1799 927 1846 gubernium
948 1799 1049 1835 idem

99 1862 174 1887 non
202 1852 395 1888 dubitavit
420 1858 459 1889 et
487 1855 524 1889 in
551 1864 690 1889 sacrae
724 1853 932 1900 potestatis
965 1853 1051 1890 iura

101 1905 289 1942 invadere
307 1934 316 1946 .
344 1917 467 1954 eaque
495 1907 735 1954 pessundare
763 1913 802 1943 et
829 1906 1049 1954 impedire;

99 1960 305 2006 quominus
337 1960 458 1996 ullum
488 1962 709 2008 episcopale
742 1960 966 1996 mandatum
1001 1961 1050 1996 ad

98 2013 393 2050 ecclesiasticas
411 2026 474 2050 res
488 2015 690 2060 pertinens
708 2014 888 2060 evulgari
903 2024 949 2049 ac
965 2025 1050 2060 per-

98 2066 162 2102 fici
189 2073 335 2114 posset,
362 2068 506 2115 absque
532 2068 657 2104 civilis
686 2068 892 2115 potestatis
918 2068 1048 2111 venia,

102 2124 143 2155 et
168 2122 439 2157 severissimas
459 2132 582 2168 aeque
602 2133 648 2157 ac
666 2121 943 2157 iniustissimas
961 2132 1049 2168 poe-

100 2184 171 2210 nas
204 2175 329 2211 sacris
356 2175 593 2223 praesertim
625 2175 815 2211 ministris
845 2175 1049 2221 infligere,

100 2239 263 2276 quorum
293 2230 407 2266 alteri
427 2230 618 2277 paecunia
644 2229 796 2265 multati
825 2229 890 2265 alii
912 2229 950 2264 in
969 2229 1051 2264 vin-

101 2283 190 2319 cula
215 2284 379 2320 coniecti
399 2284 560 2320 fuerint.
580 2283 779 2324 Quocirca
796 2283 836 2318 in
855 2284 1051 2320 Consisto-

104 2337 191 2372 riali
233 2338 466 2374 allocutione
504 2338 579 2373 diei
619 2338 662 2374 19
699 2337 920 2374 decembris
960 2338 1052 2374 1853

104 2389 206 2426 haud
231 2391 363 2427 omisit
388 2392 482 2428 Pius
508 2391 578 2438 Pp.
609 2392 664 2427 IX
696 2391 879 2427 attollere
914 2402 1050 2427 vocem

103 2454 150 2480 ac
176 2444 434 2482 vehementer
461 2446 646 2493 conqueri
673 2446 866 2481 maximas
888 2445 1052 2480 iniurias

103 2501 144 2533 et
169 2497 339 2542 damna,
367 2499 504 2546 quibus
532 2500 609 2535 illic
636 2499 891 2535 divexabatur
918 2499 1052 2534 Eccle-

102 2551 176 2587 sia.
201 2554 255 2588 At
281 2559 420 2588 auctus
445 2553 515 2588 fuit
543 2565 702 2589 moeror
726 2552 925 2588 Pontificis
951 2558 1052 2599 post-

103 2617 221 2654 quam
255 2617 304 2642 ex
338 2606 435 2642 binis
466 2607 639 2653 epistolis
671 2604 951 2651 Friburgensis
982 2608 1053 2640 Ar-

105 2660 344 2707 chiepiscopi
369 2661 404 2696 ei
432 2661 610 2708 prolatis,
636 2659 836 2707 cognovit,
867 2658 1053 2705 graviora

104 2717 141 2751 in
167 2715 250 2751 dies
276 2715 492 2751 catholicae
520 2714 716 2762 religioni,
741 2715 901 2760 eiusque
929 2714 1053 2749 sacris

107 2769 297 2805 ministris
322 2775 362 2805 et
380 2769 498 2804 rebus
525 2768 612 2804 istic
641 2768 775 2804 afferri
801 2766 1052 2803 detrimenta.

106 2823 183 2860 Sed
211 2824 248 2858 in
267 2823 326 2860 his
342 2824 457 2859 rebus
472 2833 617 2869 magna
635 2821 856 2858 constantia
874 2821 1053 2867 praebuit

110 2878 349 2914 venerabilis
379 2889 500 2913 senex
531 2878 760 2924 Episcopus.
782 2878 895 2910 Anno
923 2881 1051 2911 autem

110 2932 200 2968 1854
226 2932 446 2979 provisoria
463 2931 616 2966 ratione
635 2933 739 2965 inter
763 2940 949 2975 magnum
978 2929 1052 2965 Du-

104 2998 190 3022 cem
218 2986 440 3022 Badensem
475 2990 515 3021 et
547 2985 594 3020 R.
624 2983 856 3019 Pontificem
893 2993 1051 3019 concor-

103 3040 167 3076 dia
199 3041 382 3076 restituta
408 3039 478 3075 suit
493 3041 519 3073 ‘2.
544 3037 719 3073 Tandem
747 3037 850 3072 inter
877 3036 947 3073 lios
961 3049 1051 3073 con-

104 3094 251 3130 fectum
288 3094 359 3129 fuit
392 3091 711 3132 Concordatum,
746 3090 844 3137 quod
879 3091 1050 3129 contine-

154 3214 161 3234 ¹
187 3212 227 3246 Cf
251 3224 285 3256 p.
306 3212 369 3245 325
384 3216 414 3245 et
436 3212 511 3245 339.
547 3231 553 3233 -
586 3214 598 3234 2
618 3209 739 3241 videsis
758 3208 802 3240 La
823 3207 962 3242 Scienza
982 3221 998 3241 e
1015 3212 1048 3243 Ia

107 3257 213 3298 Fede,
233 3260 296 3291 vol.
326 3266 537 3292 xxv-xxviii.
557 3256 616 3289 suh
634 3256 683 3287 tit.
708 3253 904 3287 Germania.

1917 161 1995 201 365

1099 248 1160 280 tur
1198 245 1234 280 in
1269 245 1413 282 litteris
1445 244 1682 292 Apostolicis
1716 244 1877 280 Aeterni
1909 245 2051 281 Pasto-

1099 299 1154 334 ris
1181 300 1224 335 x⁰
1251 299 1403 335 calend.
1424 299 1574 335 octobr.
1600 299 1765 336 1859-1n
1792 309 1839 335 eo
1858 302 2048 335 statutum

1101 353 1171 388 l'uit
1203 353 1367 389 liberum
1402 353 1687 400 Episcoporum
1727 352 1870 389 iurium
1903 352 2053 389 exerci-

1102 406 1211 447 tium,
1246 407 1352 442 iuxta
1381 406 1589 444 Canonum
1619 406 1988 454 praescriptionem,
2014 410 2054 443 et

1101 470 1264 496 normae
1285 460 1394 495 circa
1413 460 1605 496 bonorum
1626 460 1913 508 possessionem
1933 463 1974 497 et
1991 460 2055 496 ad—

1102 513 1431 549 ministrationem
1457 516 1484 546 1.

1150 569 1264 603 Anno
1282 567 1373 604 1864
1387 571 1581 610 vertente,
1598 579 1713 615 quum
1731 568 1851 615 ipsius
1861 567 2054 605 Badensis

1105 621 1277 657 Ducatus
1294 621 1534 657 Gubernium
1552 633 1697 658 novum
1713 622 1920 658 moliretur
1934 633 2051 670 popu—

1106 674 1249 710 larium
1279 674 1506 710 scholarum
1528 676 1720 722 regimen,
1739 675 1980 711 christianae
2001 676 2055 711 in-

1107 727 1300 764 stitutioni
1334 728 1519 764 iuvenum
1551 739 1793 776 magnopere
1830 728 2055 773 adversum,

1104 781 1438 830 Archiepiscopus
1453 782 1731 830 Friburgensis
1745 782 1804 819 De
1823 782 1975 830 Vicarj‚
1992 794 2056 819 ae-

1105 840 1184 870 tate
1203 836 1337 882 gravis
1355 835 1424 871 sed
1442 836 1655 882 apostolico
1672 836 1813 872 robore
1833 836 2053 884 expeditus,

1104 887 1258 924 fortiter
1274 889 1385 924 novis
1401 888 1758 926 machinationibus
1772 890 1934 931 obstitit,
1955 890 1992 924 in
2012 900 2058 925 re

1106 941 1203 977 tanti
1234 943 1422 978 momenti
1451 943 1617 978 liberam
1643 943 1701 979 sui
1728 943 1961 990 episcopalis
1988 943 2057 978 mi-

1106 994 1256 1031 nisterii
1272 1000 1508 1043 potestatem
1528 996 1745 1032 vindicans.
1765 997 1965 1044 lmpavido
1981 998 2060 1032 An-

1106 1048 1215 1084 tistiti
1242 1050 1468 1095 gratulatus
1486 1055 1546 1086 est
1564 1049 1657 1085 Pius
1677 1049 1753 1084 PP.
1777 1050 1830 1085 IX
1849 1062 1919 1097 per
1938 1050 2059 1086 Litte-

1107 1112 1169 1138 ras
1188 1102 1226 1138 in
1245 1103 1372 1139 forma
1386 1104 1528 1140 Brevis
1555 1103 1669 1139 datas
1697 1103 1758 1139 die
1779 1104 1822 1140 14
1849 1104 1928 1139 iulii
1956 1104 2059 1141 illius

1105 1156 1211 1199 anni,
1240 1167 1337 1203 quae
1370 1159 1518 1193 monita
1544 1157 1664 1194 etiam
1693 1158 2059 1204 complectabantur

1107 1210 1154 1245 ad
1172 1210 1318 1247 Christi
1338 1212 1424 1248 Iesu
1443 1224 1606 1259 gregem
1629 1212 1814 1248 tuendum
1834 1217 1972 1249 contra
1990 1213 2058 1249 ad-

1104 1265 1375 1301 versariorum
1394 1266 1556 1302 insidias
1575 1277 1621 1303 ac
1640 1266 1851 1303 manifesta
1865 1267 2010 1304 damna
2027 1270 2058 1302 2.

1104 1318 1178 1354 Ast
1194 1319 1375 1356 Badense
1402 1321 1693 1364 Gubernium,a
1721 1321 1923 1368 proposito
1955 1321 2057 1357 haud

1103 1372 1322 1416 discedens,
1342 1373 1497 1410 scholas
1518 1374 1575 1410 uti
1590 1380 1734 1411 vocant
1758 1375 1970 1422 primarias
2003 1376 2058 1411 in-

1102 1430 1283 1463 staurare
1311 1438 1526 1474 aggressus
1564 1432 1648 1472 est,
1686 1429 1793 1464 nulla
1824 1429 2060 1476 interposita

1104 1490 1230 1515 mora.
1260 1480 1346 1521 Qua
1377 1482 1481 1529 lege,
1513 1482 1636 1518 semel
1671 1482 1920 1525 confirmata,
1952 1493 2055 1518 com-

1104 1533 1203 1577 pulsi
1219 1538 1352 1570 essent
1381 1535 1576 1571 Catholici
1601 1546 1677 1570 non
1699 1535 1815 1570 modo
1842 1537 2055 1583 magistros

1103 1586 1210 1624 alere
1237 1588 1287 1624 ad
1312 1588 1428 1625 fidem
1459 1589 1743 1626 destruendam
1775 1589 1813 1625 in
1848 1589 2052 1637 discipulis

1102 1642 1361 1685 constitutos,
1389 1654 1528 1678 verum
1563 1643 1685 1679 etiam
1721 1654 1865 1689 graves
1905 1644 2050 1679 multas

1101 1693 1217 1737 dare,
1241 1695 1272 1730 si
1298 1694 1398 1731 filios
1430 1707 1521 1732 suos
1548 1697 1596 1732 ab
1627 1696 1845 1732 istiusmodi
1872 1696 2049 1743 periculo

1101 1747 1399 1784 subtraxissent.
1428 1749 1555 1790 Quum
1584 1761 1649 1786 res
1675 1751 1734 1786 ita
1768 1762 1810 1786 se
1848 1749 2054 1794 haberent,

1100 1801 1370 1849 catholici,qui
1385 1803 1475 1839 licet
1491 1803 1550 1839 bis
1566 1806 1723 1839 tertiam
1738 1807 1891 1850 partem
1909 1803 2053 1839 civium

1102 1855 1237 1901 magni
1264 1855 1437 1891 Ducatus
1465 1857 1656 1893 Badensis
1686 1857 1951 1900 constituant,
1982 1868 2049 1893 nu-

1101 1919 1211 1944 mero
1238 1912 1370 1945 tamen
1390 1910 1454 1945 vix
1483 1911 1618 1957 quinta
1645 1921 1736 1957 pars
1762 1914 1879 1946 erant
1893 1911 2053 1958 popula-

1101 1962 1201 1997 rium
1229 1968 1431 1999 oratorum
1467 1964 1618 2011 legibus
1650 1964 1822 2001 ferendis
1849 1968 1889 2001 et
1914 1965 2054 2000 annuis

1102 2015 1256 2052 tributis
1274 2016 1536 2054 decernendis
1552 2018 1590 2053 in
1611 2018 1778 2065 publicis
1797 2018 1992 2062 Consiliis,
2011 2022 2056 2054 ut

1102 2068 1189 2105 iura
1223 2071 1384 2117 propria
1409 2075 1519 2107 sarta
1548 2078 1588 2108 et
1616 2076 1722 2108 tecta
1747 2077 1978 2116 servarent,
2005 2072 2054 2108 ad

1101 2123 1392 2160 Concordatum
1412 2136 1500 2160 cum
1516 2125 1674 2161 S-Sede
1690 2127 1960 2173 provocabant
1978 2126 2054 2162 Gu-

1103 2176 1295 2220 bernium‚
1316 2178 1432 2214 datae
1448 2178 1538 2214 fidei
1553 2179 1739 2223 violator,
1761 2179 1840 2215 iam
1869 2180 2053 2215 solemnis

1102 2229 1214 2267 huius
1240 2231 1351 2267 Paeti
1379 2232 1620 2268 conditiones
1642 2233 1845 2275 abiicerat,
1866 2238 1905 2269 et
1923 2238 2052 2269 orato—

1106 2295 1169 2320 res
1184 2287 1394 2332 populares
1414 2286 1452 2321 in
1472 2286 1634 2333 publicis
1651 2287 1834 2324 Consiliis
1862 2287 1971 2333 leges
1986 2298 2051 2333 po-

1103 2338 1301 2375 stulabant
1331 2340 1527 2387 evangelii
1563 2351 1802 2386 praeconum
1821 2340 2027 2377 missiones
2047 2369 2055 2383 ,

1105 2393 1430 2429 monasteriorum
1458 2393 1617 2430 vivendi
1644 2394 1860 2436 rationem,
1890 2404 1936 2429 ac
1963 2394 2052 2430 reli-

1104 2447 1302 2491 giosarum
1336 2448 1510 2483 virorum
1550 2448 1834 2495 mulierumque
1866 2447 2051 2484 sodalita-

1105 2504 1186 2535 tum
1210 2502 1528 2547 praeceptionem
1562 2506 1767 2537 vertentes
1793 2506 1860 2537 aut
1887 2512 2048 2548 prorsus

1104 2555 1320 2591 abolentes.
1350 2556 1491 2591 Statim
1525 2555 1707 2590 catholici
1733 2560 1868 2591 coetus
1901 2556 2050 2592 habere

1104 2613 1381 2656 coeperunt‚ut
1393 2610 1533 2645 iterum
1545 2609 1766 2655 iterumque
1781 2609 2050 2653 ostenderent,

1104 2664 1249 2701 bellum
1266 2662 1471 2699 Ecclesiae
1490 2661 1674 2697 indictum
1695 2663 1969 2699 detestabilem
1988 2675 2053 2710 op-

1106 2710 1355 2768 pressionem⁴
1378 2728 1464 2752 esse
1492 2716 1619 2751 omnis
1646 2716 1756 2758 iuris,
1779 2727 1824 2752 ac
1844 2717 2050 2753 libertatis.

1152 2775 1266 2808 Anno
1296 2770 1385 2806 1857
1407 2770 1504 2805 idem
1530 2770 1733 2805 Romanus
1753 2770 1934 2807 Pontifex
1951 2772 2049 2807 Con-

1104 2827 1309 2863 cordatum
1336 2825 1507 2860 confecit
1533 2835 1620 2860 cum
1647 2824 1758 2870 Rege
1786 2825 2047 2861 wirtember-

1104 2880 1228 2928 gensi.
1250 2880 1328 2914 Iam
1349 2883 1482 2920 antea,
1497 2882 1539 2912 ut
1556 2877 1765 2921 vidimus3,
1782 2877 1874 2913 Pius
1887 2878 1959 2925 Pp.
1977 2879 2047 2914 Vll

1103 2933 1340 2982 Apostolicis
1361 2931 1522 2966 Litteris
1541 2931 1643 2967 xvn⁰
1662 2931 1817 2968 calend.
1833 2932 2048 2979 septembr.

1105 2995 1193 3032 1821
1219 2990 1397 3028 Provida
1414 2991 1610 3037 solersque
1629 3002 1675 3026 ac
1693 2992 1773 3027 Leo
1792 2991 1864 3039 Pp.
1884 2991 1956 3027 XII
1976 3003 2048 3039 per

1103 3050 1201 3084 alias
1226 3047 1374 3083 similes
1399 3046 1572 3081 Litteras
1599 3046 1660 3081 111Ο
1688 3046 1771 3081 idus
1803 3045 1936 3093 aprilis
1956 3045 2048 3082 1827

1103 3102 1164 3137 Acl
1181 3100 1342 3137 Domini
1365 3099 1497 3147 yreyis
1523 3099 1744 3135 custodiam
1769 3099 2047 3136 ecclesiasticis

1149 3207 1156 3227 ¹
1176 3207 1215 3238 Cs
1231 3208 1274 3239 La
1295 3181 1434 3239 scienta
1454 3216 1470 3238 e
1487 3206 1520 3238 la
1541 3205 1636 3245 Ferte,
1656 3207 1721 3239 vol.
1740 3214 1874 3238 xxxviii
1888 3230 1896 3242 .
1915 3215 1947 3248 p.
1966 3205 2044 3240 521,

1147 3255 1159 3276 ‘2
1183 3252 1263 3286 ibid.
1292 3253 1355 3284 rol.
1386 3260 1453 3289 mv,
1481 3261 1512 3293 p.
1534 3251 1611 3283 375.
1635 3272 1670 3276 -
1690 3252 1795 3291 3Pag,
1823 3251 1903 3286 339.
