2241 3473
592 115 718 147 VSQVE
745 116 800 142 AD
828 113 1125 142 PONTIFIGATVM
1153 114 1183 142 S.
1205 114 1402 144 GREGORH
1430 115 1498 143 vn.

73 183 208 230 finxit,
237 193 283 220 ac
314 181 346 219 si
379 192 427 218 ea
456 182 548 218 ante
577 192 692 218 suum
722 179 1019 218 matrimonium

73 249 97 275 a
115 234 268 286 proprio
289 234 412 271 fratre
432 233 570 270 fuisset
592 234 752 282 polluta.
774 233 930 283 Regina
949 233 1022 269 cri-

72 300 163 326 men
190 286 372 336 negavit,
393 298 561 334 cumque
592 287 688 324 illud
709 286 816 323 nullo
836 285 1019 323 testimo-

75 340 139 378 nio
157 339 314 390 probari
336 341 480 388 posset,
502 350 706 387 procerum
727 338 871 375 iudicio
893 341 931 375 et
946 337 1023 386 epi-

74 404 279 442 scoporum
307 392 469 428 consilio
496 392 674 439 regisque
695 402 854 428 assensu
877 402 1019 438 procu-

75 448 245 483 ratorem
270 444 377 482 misit
397 445 444 481 ad
466 444 650 480 iudicium
673 455 796 491 aquae
820 442 1020 487 ferventis,

75 501 119 536 ut
133 509 242 535 suam
258 497 520 534 innocentiam
534 497 612 533 Deo
629 495 865 544 probandam
886 499 925 531 ct
942 494 1021 530 vin·

74 549 277 587 dicandam
308 549 563 598 permitteret.
596 549 835 585 Procurator
853 559 901 584 cx
922 558 1023 594 aqua

74 601 241 640 fervent-i
272 602 436 639 illaesus
458 601 606 644 exivit,
627 602 666 636 et
689 600 936 647 Teutbcrgae
958 599 1020 635 in-

76 655 255 692 nocentia
275 654 522 691 conclamata
536 656 604 690 est.
617 652 878 690 Nihilominus
894 651 1022 699 impu-

75 707 184 745 dicus
213 719 285 744 rex
305 707 343 743 in
376 705 539 743 concilio
569 704 796 752 repudiandi
826 704 1024 740 Teutbcr-

77 771 167 807 gam
198 762 237 796 et
258 759 424 796 ducendi
455 757 714 796 W'aldradam
743 756 1024 804 perseveravit,

75 814 138 857 et,
157 812 252 861 proh
282 810 414 848 dolor!
437 809 548 858 regni
567 809 627 845 sui
659 808 856 857 episcopos
886 808 1023 844 habuit

76 866 349 902 assentatores.
372 862 422 899 Hi
451 873 552 899 anno
572 861 649 898 86Ο
671 861 908 909 Aquisgrani
929 872 1024 897 con—

77 916 251 965 gregati,
280 915 362 964 regi
382 914 683 960 renunciarunt,
703 925 792 950 eum
814 925 888 949 non
911 924 1024 960 posse

80 969 250 1006 retinere
279 978 440 1005 uxorem
469 969 550 1004 tam
579 965 728 1003 nefario
758 965 922 1002 crimine
943 965 1024 1002 foe-

76 1021 230 1067 datam3
251 1020 390 1057 deinde
407 1019 672 1067 Teutbergam
690 1018 867 1068 publicae
885 1017 1022 1066 poeni·-

75 1073 224 1110 tentiae
253 1073 505 1117 addixerunt3
525 1071 683 1108 tandem
715 1083 815 1108 anno
845 1071 923 1107 862
942 1070 1025 1117 regi

77 1125 314 1174 postulanti,
345 1128 387 1161 ut
424 1135 570 1161 novum
600 1123 896 1160 matrimonium
926 1123 1024 1159 inire

80 1180 230 1225 posset,
258 1177 426 1226 turpiter
455 1179 704 1222 annuerunt,
725 1179 763 1213 et
792 1187 863 1213 rex
891 1176 1023 1224 palam

78 1229 337 1267 NValdradam
357 1229 480 1266 duxit..

134 1283 359 1330 Teutberga
379 1282 426 1318 R.
450 1280 685 1318 Pontificem
703 1280 928 1330 appellavit.
945 1281 1025 1317 Lo-

77 1335 229 1372 tharius
259 1345 410 1382 quoque
432 1334 480 1370 ad
509 1333 745 1370 Pontificem
774 1334 927 1370 litteras
956 1334 1024 1370 de-

76 1387 143 1425 dit.
178 1385 364 1424 Nicolaus
393 1387 464 1434 Pp.
496 1387 687 1434 synodum
717 1386 861 1424 indixit
894 1387 1024 1431 Metis,

75 1440 124 1477 ad
144 1451 259 1488 quam
275 1439 426 1488 legavit
441 1439 689 1476 Rodoaldum
706 1439 968 1475 Portuensem
986 1442 1025 1475 et

77 1493 260 1530 Ioannem
272 1491 514 1529 Ficolensem
529 1491 741 1540 episcopos,
768 1492 902 1539 eisque
927 1503 1025 1528 com-

76 1544 327 1582 monitorium
349 1543 458 1581 dedit
472 1573 481 1589 ,
501 1545 714 1580 secundum
738 1545 841 1592 quod
863 1556 1022 1581 causam

77 1600 367 1646 cognoscerent,
386 1598 425 1633 et
445 1596 678 1634 sententiam
699 1596 837 1644 synodi
858 1597 1022 1633 Romam

75 1649 288 1694 referrent,
308 1649 558 1697 Apostolicae
578 1649 688 1686 Sedis
703 1649 848 1686 iudicio
864 1649 1024 1686 submit-

75 1702 246 1740 tendam.
268 1702 433 1750 Scripsit
453 1701 572 1738 etiam
593 1701 778 1738 Pontifex
802 1702 850 1738 ad
871 1701 1021 1749 episco—

76 1766 144 1804 pos
163 1754 313 1792 Galliae
333 1758 373 1792 et
393 1754 625 1791 Germaniae
640 1784 649 1800 ,
670 1758 713 1791 ut
733 1766 773 1791 se
795 1755 843 1790 ad
864 1754 1023 1791 Meten-

77 1819 159 1845 sem
187 1807 383 1856 synodum
413 1806 649 1844 conferrent.
679 1807 862 1855 Synodus
890 1807 1024 1844 habita

78 1862 138 1897 est
157 1871 258 1896 anno
287 1859 364 1897 863
385 1871 408 1896 a
428 1859 520 1896 solis
549 1860 737 1908 episcopis
757 1871 777 1896 e
798 1871 918 1908 regno
943 1860 1022 1896 Lo-

76 1912 207 1949 tharii.
230 1913 367 1960 Legati
391 1911 617 1957 Pontificis,
639 1911 865 1949 muneribus
885 1923 1022 1949 corru-

77 1964 252 2013 pti,nihil
272 1975 420 2009 eorum,
434 1976 536 2012 quae
555 1964 628 2000 sibi
649 1965 884 2002 demandata
899 1966 1023 2010 erant,

76 2016 274 2062 fecerunt,
294 2017 398 2065 regis
417 2017 622 2064 repudium
643 2028 730 2054 cum
747 2017 971 2065 Teutberga
986 2021 1024 2054 et

77 2068 297 2117 coniugium
318 2081 406 2106 cum
423 2069 643 2107 Waldrada
663 2071 941 2117 approbarunt,
959 2082 1024 2106 eo-

83 2133 246 2169 rumque
275 2121 436 2158 eonsilio
457 2122 700 2159 Guntharius
721 2120 966 2161 Coloniensis
986 2125 1026 2159 et

78 2173 363 2222 Theutgaudus
383 2174 628 2211 Trevirensis
649 2175 928 2223 archiepiscopi
944 2175 1025 2212 Ro-

78 2237 181 2262 mam
203 2225 365 2274 profecti
386 2229 497 2273 sunt,
518 2227 677 2275 iniquae
694 2227 911 2264 sententiae
927 2239 1025 2264 con-

78 2278 343 2316 firmationem
375 2280 625 2327 postulaturi.
656 2280 809 2317 Verum
838 2280 1026 2317 Nicolaus

79 2330 150 2379 Pp.
184 2333 394 2380 utrumque
422 2331 461 2368 in
492 2332 672 2369 Romana
705 2333 854 2381 synodo
890 2333 1026 2370 eodem

83 2393 185 2419 anno
205 2382 396 2430 deposuit.
419 2382 481 2420 Illi
496 2384 686 2422 adeuntes
701 2385 943 2422 Ludovicum
961 2385 1026 2421 im-

80 2437 302 2482 peratorem
315 2464 324 2481 ,
343 2436 558 2473 Beneventi
577 2440 781 2485 agentem,
802 2449 889 2475 eum
909 2437 966 2475 ita
988 2438 1026 2473 in

83 2486 312 2524 Pontificem
340 2492 658 2535 commoverunt,
679 2493 723 2527 ut
743 2501 830 2527 cum
852 2490 1026 2527 exercitu

81 2539 248 2575 Romam
280 2539 486 2588 profectus.
516 2541 723 2579 Nicolaum
752 2543 800 2580 ad
835 2554 1027 2591 reparan-

80 2592 170 2628 dam
200 2591 384 2628 iniuriam
398 2621 408 2637 ,
428 2603 542 2640 quam
572 2593 705 2632 fratris
734 2595 794 2631 sui
815 2594 955 2644 legatis
977 2595 1026 2631 il-

82 2643 204 2680 latam
225 2643 400 2689 dicebat,
422 2645 657 2693 compellere
677 2648 941 2694 constituerit,
959 2649 1025 2684 sed

81 2707 259 2733 sermone
282 2696 480 2733 Pontificis
500 2709 581 2733 rem
601 2698 739 2736 melius
759 2700 935 2746 edoctus,
952 2701 1026 2737 Ro-

79 2759 144 2784 ma
169 2747 367 2794 discessit,
392 2752 431 2786 et
457 2748 718 2787 Guntharium
742 2754 858 2800 atque
883 2753 1028 2790 Theut-

88 2800 258 2849 gaudum
280 2801 319 2836 in
341 2801 488 2837 Gallias
510 2801 635 2838 redire
654 2803 778 2841 iussit.

134 2852 314 2900 Episcopi
353 2852 632 2901 Lotharingiae
670 2855 828 2892 directis
857 2857 1022 2894 Romam

81 2905 345 2952 poenitentiae
366 2905 521 2950 libellis,
539 2905 694 2942 veniam
716 2919 739 2944 a
759 2908 947 2946 Pontifice
964 2922 1027 2957 po—

82 2956 282 2994 stularunt
301 2962 341 2994 et
361 2957 558 2994 consecuti
578 2964 678 2995 sunt.
701 2959 910 2998 Lotharius
926 2973 1024 3009 quo-

81 3019 155 3056 que
185 3009 448 3046 submissionis
476 3009 629 3046 litteras
651 3011 697 3047 ad
720 3011 926 3049 Nicolaum
948 3015 1024 3050 mi-

82 3060 153 3106 sit3
175 3062 215 3097 et
234 3072 335 3098 anno
355 3061 432 3099 865
449 3062 603 3098 Arsonii
620 3063 785 3111 episcopi
808 3065 1024 3113 Hortensis,

82 3123 195 3159 quem
216 3113 398 3152 Pontifex
418 3114 457 3150 in
478 3114 775 3163 Lotharingiam
794 3116 1024 3166 legaverat,

1889 107 1968 146 235

1066 179 1223 218 monitis
1243 181 1500 230 perterritus,
1520 179 1782 219 KValdradam
1805 180 1965 227 dimisit,
1983 184 2023 219 et

1067 231 1333 282 Tcutbergam
1357 233 1394 270 in
1417 233 1623 282 coniugem
1652 235 1692 271 et
1710 233 1886 282 reginam
1906 245 2021 271 rece-

1068 285 1134 332 pit..
1157 285 1307 323 Verum
1331 287 1419 335 post
1439 287 1560 335 legati
1580 285 1770 335 pontificii
1793 286 2022 331 discessum,

1067 338 1332 387 'Fcutbcrgam
1367 351 1491 387 neque
1515 342 1559 376 ut
1588 338 1790 387 coniugem
1823 350 1948 387 neque
1976 341 2021 375 ut

1069 391 1244 438 reginam
1267 392 1421 437 habuit3
1445 395 1682 440 quapropter
1704 390 1889 429 Nicolaus
1911 391 1947 428 ei
1966 390 2019 428 li-

1067 443 1235 479 centiam
1256 445 1421 480 Romam
1447 444 1631 481 veniendi
1652 456 1767 492 quam
1791 444 1839 481 ad
1859 455 1900 481 se
1923 455 2019 492 pur-

1068 495 1238 541 gandum
1267 496 1454 544 pet-ierat,
1478 497 1650 545 negavit.
1672 497 1756 534 Hac
1786 496 1945 534 licentia
1971 496 2019 533 ab

1070 547 1266 584 Hadriano
1290 548 1338 594 II,
1358 547 1510 585 Nicolai
1531 560 1766 595 successore,
1791 549 2018 597 impetrata,

1070 599 1278 637 Lotharius
1298 612 1398 637 anno
1419 601 1496 637 869
1518 602 1685 638 Romam
1705 601 1823 648 venit,
1842 601 2018 638 horribili

1069 652 1251 698 periurio,
1270 663 1381 689 sacra
1412 653 1530 689 etiam
1552 665 1642 691 usus
1664 654 1823 702 synaxi,
1844 654 2019 691 affirma-

1069 703 1138 748 vit,
1161 715 1200 741 se
1220 704 1407 742 mandata
1426 705 1580 742 Nicolai
1602 707 1671 754 Pp.
1694 706 1864 744 fideliter
1883 708 2022 743 custo-

1069 755 1229 801 divisse,
1250 759 1289 793 et
1316 756 1495 805 deinceps
1515 757 1563 795 ad
1585 758 1639 794 W
1643 758 1829 796 aldradae
1850 770 2021 796 consue-

1068 808 1246 845 tudinem
1276 821 1474 857 nunquam
1496 817 1756 848 accessurum.
1778 813 1831 849 At
1858 811 2021 860 periurii

1070 871 1211 908 poenas
1232 861 1325 906 luit;
1346 873 1437 898 nam
1458 862 1586 898 Roma
1605 863 1816 911 digressus,
1837 863 1910 900 hoc
1938 863 2020 912 ipso

1069 924 1170 949 anno
1192 912 1419 951 Placentiae
1441 914 1598 962 inopina
1619 918 1744 952 morte
1766 915 1930 953 decessit
1951 914 1976 953 ¹.

1123 965 1185 1002 50.
1223 966 1360 1003 Causa
1389 967 1635 1003 clericorum
1664 968 2020 1005 Rlzemensz'um—

1070 1017 1205 1055 Altera
1235 1019 1505 1056 controversia
1535 1031 1602 1067 per
1623 1031 1744 1057 annos
1767 1021 1910 1058 multos
1931 1020 2019 1069 agi-

1070 1072 1155 1107 tata
1175 1070 1263 1116 fuit,
1280 1071 1466 1108 nimirum
1488 1073 1534 1108 de
1556 1071 1744 1110 &Vulfado
1761 1073 1920 1120 aliisque
1938 1073 2022 1109 cle-

1069 1122 1182 1168 ricis,
1212 1124 1260 1160 ab
1291 1124 1450 1161 Ebbone
1485 1124 1774 1174 archiepiscopo
1809 1125 2025 1162 Rhemensi

1070 1177 1156 1222 post
1176 1176 1462 1213 abdicationem
1482 1189 1593 1214 suam
1609 1180 1649 1214 et
1671 1178 1950 1226 depositionem
1966 1189 2024 1214 ora

1070 1228 1224 1270 dinatis.
1240 1229 1396 1266 Etenim
1417 1230 1525 1267 Ebbo
1546 1229 1769 1267 rebellionis
1786 1230 1965 1267 Lotharii
1984 1230 2024 1266 in

1069 1280 1313 1318 Ludovicum
1334 1284 1486 1329 patrem
1507 1284 1646 1320 auctor
1660 1313 1668 1329 ,
1689 1283 1869 1320 restituto
1887 1283 2022 1320 Ludo-

1072 1332 1156 1369 vico
1171 1362 1180 1378 ,
1201 1345 1304 1370 anno
1331 1334 1409 1371 835
1429 1335 1618 1384 episcopis
1632 1365 1640 1381 ,
1661 1335 1700 1372 in
1722 1335 1815 1372 villa
1838 1335 2021 1372 Theodo-

1072 1385 1130 1422 nis
1159 1387 1411 1435 congregatis
1429 1417 1438 1434 ,
1458 1388 1658 1425 obtulerat
1687 1388 1943 1426 abdicationis
1971 1387 2024 1424 li-

1071 1437 1216 1475 bellum
1233 1468 1242 1485 ,
1265 1441 1305 1476 et
1334 1441 1546 1477 secundum
1575 1441 1773 1489 propriam
1807 1440 2023 1478 confessio-

1074 1502 1162 1527 nem
1196 1492 1411 1529 ministerio
1447 1494 1659 1542 episcopali
1697 1495 1850 1531 amotus
1879 1493 2023 1530 fuerat.

1074 1544 1169 1581 Post
1196 1545 1388 1581 Ludovici
1409 1546 1558 1583 obitum
1588 1546 1695 1595 (840)
1726 1547 1834 1583 Ebbo
1864 1547 2022 1583 decreto

1075 1597 1268 1642 Lotharii,
1290 1609 1313 1634 a
1331 1598 1382 1634 20
1404 1598 1595 1647 episcopis
1625 1599 1864 1648 subscripto,
1884 1598 1924 1635 in
1954 1610 2020 1647 se-

1071 1650 1158 1685 dem
1195 1650 1461 1687 Rhemensem
1489 1651 1699 1689 restitutus
1729 1654 1809 1697 est3
1839 1652 1905 1688 sed
1935 1653 2022 1699 post

1072 1701 1268 1738 biennium
1284 1703 1442 1740 dimissa
1456 1715 1593 1742 rursus
1610 1704 1776 1741 ecclesia
1792 1704 2019 1750 Rhemensi,

1071 1754 1226 1791 transiit
1258 1756 1307 1792 ad
1328 1756 1570 1793 Lotharium.
1593 1758 1666 1794 An.
1689 1756 1766 1794 845
1794 1757 1833 1793 in
1855 1757 1938 1793 eius
1957 1756 2019 1793 lo-

1071 1818 1159 1843 cum
1181 1808 1384 1845 ordinatus
1397 1809 1643 1855 Hincmarus,
1656 1809 1889 1846 Wulfadum
1905 1809 2020 1846 alios-

1070 1871 1143 1906 que
1173 1859 1356 1906 clericos,
1378 1862 1426 1897 ab
1455 1861 1614 1898 Ebbone
1641 1863 1729 1910 post
1757 1873 1867 1899 suam
1902 1861 2024 1898 resti-

1069 1912 1262 1948 tutionem
1291 1913 1514 1959 ordinatos,
1535 1915 1715 1951 ordinum
1744 1914 2025 1952 exercitatione

1069 1963 1294 2010 interdixit,
1315 1966 1415 2013 quod
1435 1978 1496 2003 an.
1517 1966 1595 2003 853
1615 1966 1653 2002 in
1671 1968 1818 2015 synodo
1840 1967 2025 2004 Suessio-

1070 2017 1181 2053 nensi
1196 2017 1468 2055 confirmatum
1484 2021 1544 2056 est
1555 2016 1581 2056 2.
1594 2019 1807 2057 Wulfadus
1823 2031 1916 2056 vero
1934 2031 2025 2056 cum

1069 2069 1181 2107 sociis
1219 2070 1298 2107 suis
1327 2071 1540 2119 appellavit
1567 2072 1708 2109 Sedem
1746 2071 2026 2120 Apostolicam.

1071 2122 1148 2158 Leo
1170 2122 1240 2170 Pp.
1262 2122 1318 2159 IV
1347 2124 1571 2169 mandavit,
1593 2126 1636 2161 ut
1673 2125 1908 2161 Hincmarus
1935 2136 2025 2161 cum

1071 2174 1116 2211 iis
1144 2175 1317 2223 legatum
1347 2176 1515 2213 Romam
1543 2177 1719 2214 mitteret
1749 2180 1788 2214 et
1823 2177 2026 2214 audiretur

1070 2227 1317 2275 Apostolicae
1334 2228 1445 2266 Sedis
1461 2229 1648 2268 iudicium
1660 2228 1686 2267 ³.
1706 2229 1944 2267 Benedictus
1956 2229 2026 2275 III,

1070 2280 1211 2317 Leonis
1230 2292 1435 2318 successor
1448 2311 1457 2327 ,
1474 2282 1766 2319 Suessionensis
1783 2282 1920 2331 synodi
1935 2283 2025 2318 acta

1071 2332 1318 2369 confirmavit
1350 2345 1439 2370 cum
1462 2335 1534 2371 hae
1555 2335 1752 2372 clausula:
1775 2346 1797 2372 «
1816 2334 1857 2373 Si
1876 2334 1932 2371 ita
1952 2335 2024 2380 est,

1073 2387 1204 2422 nostro
1227 2387 1270 2422 ut
1290 2385 1444 2434 scriptis
1467 2387 1711 2434 praesulatui
1730 2386 1923 2424 intimasti
1943 2398 1979 2423 ».

1123 2437 1249 2479 Quum
1271 2439 1402 2475 autem
1425 2438 1586 2476 Carolus
1602 2451 1674 2476 rex
1692 2439 1924 2476 Provinciae
1940 2438 2024 2486 plu-

1072 2501 1211 2538 resque
1231 2493 1439 2538 magnates
1463 2492 1642 2529 &Vulfadi
1667 2494 1705 2529 et
1725 2491 1918 2528 sociorum
1938 2490 2023 2527 eius

1072 2543 1361 2580 restitutionem
1391 2544 1657 2591 postularent,
1688 2544 1874 2581 Nicolaus
1903 2543 1974 2591 Pp.
2004 2542 2023 2579 I

1072 2607 1132 2632 an.
1155 2595 1231 2632 866
1261 2606 1418 2632 causam
1449 2596 1661 2633 retractari
1686 2596 1798 2633 iussit
1816 2595 1856 2632 in
1877 2594 2028 2644 synodo

1074 2647 1353 2685 Suessionensi.
1377 2650 1428 2685 At
1457 2649 1618 2686 Carolus
1648 2660 1718 2685 rex
1739 2659 1870 2685 morae
1896 2648 2023 2696 impa-

1072 2700 1193 2745 tiens,
1214 2700 1450 2738 Wulfadum
1470 2701 1645 2738 ordinari
1666 2700 1779 2737 iussit
1799 2700 2023 2748 episcopum

1072 2752 1373 2791 Bituricensem.
1395 2755 1437 2790 Id
1469 2765 1585 2802 aegre
1615 2753 1710 2789 tulit
1739 2752 1926 2790 Nicolaus
1947 2752 2018 2800 Pp.

1073 2817 1290 2853 novamque
1311 2806 1505 2854 synodum
1527 2807 1573 2842 de
1595 2805 1729 2842 eadem
1751 2817 1870 2842 causa
1885 2805 2023 2842 haberi

1074 2858 1186 2895 iussit
1207 2858 1352 2895 Trecis.
1377 2857 1612 2906 Priusquam
1633 2857 1750 2894 huius
1766 2858 1903 2906 synodi
1922 2857 2024 2895 litte-

1114 2976 1123 2996 ¹
1149 2977 1300 3006 Baronius
1326 2977 1354 3005 et
1370 2975 1444 3014 pagi
1456 2998 1463 3011 ‚
1481 2974 1520 3004 ad
1536 2983 1584 3004 an.
1602 2973 1738 3012 86-2-69;
1754 2975 1850 3004 Natal.
1870 2972 2023 3006 Alexand.

1071 3016 1150 3047 [list.
1174 3017 1248 3046 eccl.
1273 3016 1343 3046 diss.
1368 3015 1386 3044 9
1409 3016 1438 3044 in
1457 3024 1538 3045 saec.
1557 3014 1655 3052 IX·X;
1674 3016 1808 3053 niuem„
1824 3015 1868 3046 De
1884 3015 2024 3045 divortio

1073 3057 1225 3093 Lollzurie',
1244 3057 1355 3093 Lahhe,
1376 3055 1494 3086 Concil.
1513 3059 1531 3086 t.
1550 3056 1624 3095 vul,
1638 3065 1666 3096 p.
1683 3056 1754 3095 695,
1771 3055 1839 3095 736,
1857 3055 1990 3087 764-67.

1110 3097 1124 3117 ‘2
1142 3098 1253 3134 Labhe,
1271 3097 1329 3127 loc.
1346 3097 1396 3126 cil.
1413 3105 1440 3133 p.
1462 3096 1511 3127 79.

1110 3138 1124 3159 ³
1139 3138 1283 3168 Nic-olaus
1302 3137 1322 3175 Ι,
1339 3136 1441 3175 Epist.
1460 3136 1487 3167 9.
