2241 3473
816 97 942 127 VSQVE
969 97 1021 124 AD
1049 96 1174 123 1N1'1’1A
1202 96 1381 126 LVTHERI.

141 163 182 200 et
195 159 506 208 Francisci,quas
519 160 557 197 in
570 160 741 200 Ecclesia
751 161 939 200 celebrari
952 160 1072 198 iussit.
1084 183 1086 185 -

140 214 374 251 Sanctorum
395 212 545 250 cultum
565 215 740 253 decrevit
755 215 798 252 B.
816 215 948 252 Ioanni
968 215 1074 251 Bono

141 267 354 306 Mantuano
376 277 423 302 ex
441 266 581 303 Ordine
599 267 873 312 Eremitarum,
889 271 927 305 et
947 267 989 304 B.
1008 267 1076 304 Bo-

143 325 398 358 uaventuram
430 319 658 368 Episcopum
680 321 926 358 Cardinalem
948 319 1076 357 intulit

140 371 296 410 Sanctis
325 378 364 408 et
382 371 578 409 Ecclesiae
599 373 838 411 Ductoribus.
865 374 968 410 Idem
1000 373 1075 420 pri-

141 436 239 469 mus,
249 423 354 462 nulla
366 425 497 462 habita
510 426 659 464 ratione
672 427 823 464 Decreti
837 425 990 463 Concilii
1006 426 1077 462 Ba-

141 477 334 523 sileensis,
360 489 478 526 supra
500 490 633 516 omnes
657 479 967 528 praedecessores
987 490 1076 515 suos

140 530 403 568 Cardinalium
432 543 636 568 numerum
666 532 832 569 maxime
860 531 1075 579 ampliavit,

141 584 252 621 cuius
267 584 485 632 exemplum
503 584 646 633 optime
666 587 823 623 secutus
838 589 896 621 est
910 583 1076 621 Alexan-

141 637 212 674 der
231 636 301 686 Pp.
323 637 377 674 Vt
400 634 424 674 ¹.

193 688 378 727 Nonnulli
416 690 627 738 scriptores
666 690 807 727 iniuste
846 691 1079 726 accusarunt

142 742 243 780 hunc
265 742 503 788 Pontificem,
516 743 619 790 quod
639 743 769 780 odium
793 743 895 779 inter
914 742 1077 780 Floren-

141 795 246 833 tinas
260 795 520 833 Mediceorum
538 798 578 833 et
595 795 821 833 Pazziorum
838 795 1008 833 familias
1028 794 1079 832 fo-

143 849 256 894 verit,
274 849 486 897 horumque
514 849 551 885 in
583 848 671 886 illos
701 849 960 886 coniurationi
982 860 1077 885 con-

142 902 318 939 senserit.
348 902 498 950 Xystus
528 901 582 938 1V
613 913 706 950 erga
737 901 940 948 Mediceos,
963 913 1079 950 prae-

143 955 277 992 sertim
315 965 408 1003 erga
437 954 705 1000 Laurentium,
736 955 962 1002 indignatus
991 954 1079 998 fuit,

143 1007 235 1055 quia
255 1009 292 1044 in
315 1008 445 1046 multis
466 1007 710 1056 Apostolicae
725 1007 835 1044 Sedis
851 1008 997 1045 iuribus
1019 1008 1082 1044 ad·

142 1061 413 1098 versabantur:
434 1061 498 1098 sed
518 1062 602 1097 sine
624 1061 701 1097 ullo
722 1061 803 1098 eius
835 1061 992 1098 consilio
1012 1064 1082 1098 aut

142 1114 319 1150 suasione
336 1114 459 1150 Pazzii
471 1143 480 1159 ‚
497 1113 669 1150 familiae
686 1113 962 1160 Mediceorum,
983 1126 1005 1151 a
1020 1126 1080 1151 cu—

143 1165 204 1203 ius
234 1171 330 1204 nutu
359 1166 589 1204 Florentina
617 1167 756 1204 civitas
784 1167 988 1215 pendebat,
1019 1168 1081 1204 in-

143 1218 255 1264 fensi,
270 1231 332 1257 an.
352 1219 451 1257 1478
471 1220 771 1257 coniurationem
793 1221 1079 1265 excitaverunt,

145 1271 337 1309 Iulianum
366 1272 583 1310 Mediceum
618 1273 656 1310 in
696 1273 859 1311 ecclesia
897 1273 1080 1310 confode-

143 1327 248 1369 runt,
265 1326 519 1364 Laurentium
538 1327 698 1363 fratrem
715 1326 797 1363 eius
813 1326 1081 1372 vulnerarunt,

143 1378 402 1427 populumque
430 1380 478 1417 ad
506 1379 729 1417 libertatem
759 1386 1082 1428 provocaverunt.

145 1431 310 1469 Medicei
329 1444 422 1470 vero
444 1432 590 1470 Pazziis
619 1434 900 1482 praevalentes,
919 1433 1082 1470 terribi-

141 1483 220 1521 lem
236 1485 448 1523 vindictam
463 1486 680 1531 ediderunt;
696 1486 857 1523 Riarius
880 1486 1084 1523 cardinalis

144 1536 299 1586 legatus
316 1550 336 1575 e
356 1539 500 1587 templo
535 1540 574 1576 in
608 1539 822 1576 custodiam
852 1541 991 1576 ductus
1011 1542 1084 1583 est;

145 1589 344 1629 Salviatus
363 1592 672 1640 archiepiscopus
702 1592 882 1637 Pisanus,
903 1592 968 1641 qui
989 1595 1082 1629 tune

145 1643 184 1680 in
208 1645 301 1681 urbe
324 1645 475 1693 agebat,
497 1657 584 1682 cum
605 1644 786 1682 omnibus
801 1646 893 1690 suis,
910 1646 1083 1683 sontibus

146 1700 185 1734 et
212 1696 452 1744 insontibus,
483 1699 531 1736 ad
561 1699 691 1736 curiae
720 1697 910 1736 fenestras
949 1699 1086 1746 laqueo

146 1760 352 1799 suspensus
372 1751 459 1797 fuit3
480 1753 614 1789 eodem
637 1752 824 1800 supplicio
851 1752 977 1789 necati
998 1754 1089 1788 sunt

145 1802 376 1842 Franciscus
395 1808 436 1842 et
454 1805 615 1842 Iacobus
645 1805 783 1851 Pazzii,
813 1805 976 1842 Iacobus
996 1805 1086 1842 Sal-

147 1855 277 1894 viatus
306 1861 346 1895 et
373 1858 538 1896 Iacobus
567 1858 759 1907 Poggius,
788 1859 923 1896 mortis
952 1858 1089 1895 Iuliani

146 2030 346 2063 lehi-ationem
362 2033 443 2064 Festi
460 2031 498 2064 de
511 2033 682 2073 praecepto
701 2041 761 2064 non
790 2032 984 2071 significavit,
1007 2041 1089 2062 anno

149 2074 270 2104 tandem
287 2074 377 2112 1621,
395 2075 443 2106 die
465 2074 484 2106 8
502 2075 584 2111 maii,
605 2075 776 2113 Gregorius
800 2075 853 2111 Pp.
877 2074 926 2104 XV
943 2075 1025 2104 illins
1042 2074 1092 2104 ob-

147 2115 333 2146 servantiam
362 2121 516 2156 tamquam
544 2116 580 2145 de
612 2119 777 2154 praecepto
805 2116 974 2154 imperavit.
1004 2115 1091 2153 Quod

151 2155 339 2186 confirmavit
360 2157 502 2189 Urbanus
529 2157 601 2193 vill,
633 2154 737 2188 Const.
767 2156 822 2187 ⁶291
850 2155 993 2187 Ructat-ii
1020 2162 1038 2187 l.
1063 2156 1089 2185 5.

149 2197 273 2227 nemum
304 2199 372 2229 Pius
396 2200 444 2237 Pp.
472 2199 513 2229 lx
538 2199 586 2229 die
609 2197 627 2229 8
643 2198 780 2229 decemb.
802 2197 890 2233 1870,
913 2198 1091 2228 satisfacere

149 2238 254 2268 volens
280 2239 540 2277 postulationibus
559 2240 693 2270 omnium
711 2240 806 2270 ferme
822 2240 986 2269 Sacrorum
1004 2240 1091 2269 Anti-

148 2279 253 2310 stitum
284 2281 312 2310 iu
329 2280 534 2312 Oecumenica
550 2282 642 2311 etiam
661 2282 809 2311 Vaticana
825 2280 946 2319 synodo
964 2280 1091 2311 manife-

149 2321 247 2358 statis,
263 2321 406 2352 Sanctum
431 2323 641 2353 patriarcham
659 2322 833 2361 Iosephum‚
854 2322 1005 2359 Deiparae
1023 2323 1092 2352 Yir-

151 2361 233 2400 ginis
248 2361 408 2399 Sponsum,
425 2363 594 2394 declaravit
615 2364 771 2395 Ecclesiae
794 2363 968 2393 Catholicae
985 2365 1091 2393 Patro-

150 2402 325 2474 nu‘rinoevid.
352 2412 473 2444 quoque
499 2404 543 2436 La
571 2404 707 2436 Scieuza
724 2414 740 2436 e
757 2404 788 2435 la
799 2404 890 2443 Ferte,
908 2404 964 2434 vol.
981 2412 1091 2442 LXXIX,

195 2483 203 2504 ¹
233 2484 410 2524 Onuplirius
439 2487 613 2524 Panvinius,
639 2487 668 2518 in
687 2487 764 2517 libro
788 2485 825 2517 de
842 2485 1090 2527 Epa'scopatihrm,

156 2524 269 2556 Titulus
284 2530 314 2557 el
331 2525 492 2558 [Maeoniis
507 2527 729 2559 Car-dinanum
745 2534 786 2568 tp.
804 2529 841 2559 l8
865 2530 945 2567 apud
964 2530 1026 2558 Van
1055 2530 1091 2559 E-

151 2575 227 2606 spen
245 2566 331 2597 luris
348 2567 463 2599 Eccles.
487 2569 635 2600 Universi
653 2580 680 2608 p.
699 2570 725 2605 l,
743 2573 763 2601 t.
778 2569 829 2606 ⁶2⁶3,
845 2580 869 2601 c.
889 2570 910 2607 Ι,
927 2569 1019 2606 516»,
1039 2570 1087 2600 ubi

151 2607 265 2639 subdit:
285 2621 296 2637 u
312 2610 418 2640 Nullus
436 2614 535 2640 lamen
551 2611 658 2641 horum
677 2611 851 2642 Pontificum
877 2614 1034 2651 antiquum
1051 2611 1089 2642 53

152 2658 310 2680 numerum
328 2652 470 2688 excessit,
486 2654 517 2680 ut
533 2656 637 2682 essent
653 2652 793 2683 videlicet
810 2653 913 2691 plures
934 2662 1024 2692 qnam
1039 2652 1089 2690 53,

152 2699 244 2731 quum
254 2700 308 2721 nec
322 2699 388 2721 eum
403 2700 560 2722 nnmerum
573 2694 740 2730 attigerint:
755 2694 808 2723 sed
825 2695 958 2724 omnium
975 2695 1088 2724 Roma-

151 2740 260 2762 norum
278 2733 455 2763 Pontificum
473 2742 499 2771 pi
511 2734 587 2763 imus
605 2735 660 2764 suit
675 2736 733 2765 Leo
747 2735 781 2770 X,
794 2736 844 2774 qui
862 2736 976 2774 antiqui
994 2739 1089 2765 statu-

152 2774 173 2804 tt
192 2775 311 2804 ratione
329 2783 388 2804 non
418 2774 534 2809 habita,
552 2775 580 2804 in
604 2783 715 2813 magna
740 2776 791 2805 illa
815 2774 849 2805 31
883 2775 1088 2807 (Laidinalium

153 2815 308 2845 creatione
325 2820 455 2846 veterem
479 2819 508 2845 et
534 2816 690 2855 antiquum
707 2820 797 2855 alque
818 2826 834 2846 a
851 2817 933 2847 nullo
951 2826 1087 2858 unquam

153 2856 357 2886 Romanorum
384 2856 558 2886 Pontificum
589 2866 748 2887 excessum
772 2867 927 2888 numerum
957 2867 1088 2897 supera-

152 2897 205 2927 vit,
222 2896 296 2926 Nam
312 2898 369 2927 sub
386 2898 483 2927 Leone
501 2898 521 2928 X
541 2898 608 2936 plus
625 2899 723 2928 minus
746 2896 786 2928 65
802 2898 981 2929 cardinales
999 2900 1087 2930 simul

153 2939 291 2968 viventes
308 2938 438 2974 suerunt,
455 2939 534 2978 quod
554 2948 715 2978 numquam
733 2939 809 2969 alias
832 2939 1005 2979 contigerat
1022 2945 1088 2979 post

154 2978 310 3010 fundatam
326 2980 494 3011 Romanam
511 2981 690 3011 Ecclesiam.
708 2980 777 3011 Eius
800 2980 972 3017 exemplum
989 2982 1087 3012 secuti

154 3021 343 3051 suntPaulus
354 3021 388 3052 111
406 3025 436 3050 et
450 3021 561 3051 Paulus
579 3022 624 3052 lV.
635 3022 719 3051 Prior
734 3021 813 3051 enim
826 3021 864 3051 ad
881 3020 920 3052 63
932 3031 1088 3054 numerum

155 3061 333 3092 cardinales
349 3063 442 3099 auxit,
455 3071 589 3101 sequens
606 3062 644 3092 ad
669 3062 717 3099 70,
733 3071 823 3102 quem
839 3071 958 3102 quoque
985 3072 1088 3094 nume-

156 3110 222 3133 rum
239 3111 402 3142 numquam
418 3103 514 3135 fuisse
529 3105 604 3135 satis
623 3106 752 3135 constat.
771 3102 844 3134 Vide
868 3103 1040 3144 Rigantium
1057 3106 1086 3136 in

157 3141 232 3183 neq.
245 3142 264 3174 8
283 3141 407 3176 Cancel.
423 3143 480 3185 22.

1933 88 2006 127 135

1118 161 1280 200 Medicei
1310 163 1531 212 participes;
1560 162 1669 200 multi
1699 162 1915 212 presbyteri
1933 165 1973 200 et
1991 174 2058 200 ec-

1117 215 1318 253 clesiastici
1338 216 1409 253 viri
1429 216 1579 263 gladiis,
1596 215 1776 260 fustibus,
1793 214 1929 265 laqueo
1945 216 2059 253 inter-

1118 267 1206 305 fecti
1224 268 1392 306 fuerunt.
1410 270 1533 311 Quum
1551 269 1700 317 Xystus
1719 269 1771 306 IV
1786 271 1938 306 tantam
1954 268 2059 306 iniu-

1119 321 1214 358 riam
1236 322 1359 358 ordini
1379 321 1638 359 ecclesiastico
1666 323 1813 370 ipsique
1841 322 1930 359 Sedi
1959 323 2058 369 Apo-

1117 375 1276 411 stolicae
1306 374 1342 411 in
1374 374 1501 423 legato
1531 387 1599 412 suo
1629 375 1709 412 sine
1732 374 1957 412 ullaiudicii
1977 374 2058 412 for-

1119 438 1180 463 ma
1201 427 1350 464 illatam
1374 427 1611 470 audivisset,
1634 428 1669 464 in
1697 428 1890 466 Mediceos
1908 431 1947 465 et
1965 427 2061 465 Flo-

1120 480 1291 518 rentinos
1313 491 1448 517 eorum
1472 481 1680 528 complices
1704 481 1927 526 anatliema,
1948 481 2062 517 inter-

1119 533 1261 570 dictum
1284 533 1458 581 aliasque
1482 545 1627 581 poenas.
1649 533 1884 570 fulminavit.
1907 533 1966 570 Illi
1987 545 2061 570 ve-

1119 596 1160 622 ro
1182 587 1227 623 ad
1250 585 1454 623 concilium
1473 587 1655 634 generale
1674 590 1944 634 provocantes,
1965 586 2061 623 Pon-

1120 638 1236 676 tificis
1258 650 1445 676 censuras
1465 641 1710 686 spreverunt.
1732 639 1848 677 Brevi
1873 643 1957 687 post
1975 650 2060 687 gra-

1121 703 1167 727 ve
1190 691 1330 728 bellum
1354 695 1560 738 utramque
1580 696 1730 740 partem
1746 693 1904 737 exarsit,
1925 692 1962 729 in
1983 704 2058 740 quo

1121 744 1273 788 Veneti,
1288 744 1596 782 Mediolanenses
1612 748 1652 781 et
1668 745 1857 793 principes
1870 745 2058 782 Mantuae

1121 802 1236 845 atque
1265 797 1471 834 Ferrariae
1492 809 1532 834 se
1551 797 1840 834 coniunxerunt
1859 809 1943 834 cum
1968 797 2058 835 Flo-

1120 850 1293 896 rentinis3
1313 850 1506 887 Senenses
1528 862 1620 888 vero
1640 854 1680 887 et
1699 850 1966 888 Ferdinandus
1988 862 2060 888 rex

1120 903 1305 952 Neapolis
1325 908 1455 951 partes
1477 903 1677 940 Pontificis
1698 903 1964 941 defenderunt.
1987 904 2061 941 Lu-

1120 957 1281 993 dovieus
1302 956 1372 1001 XI,
1394 968 1461 994 rex
1484 956 1657 1000 Galliae,
1679 957 1717 993 in
1748 956 2059 994 Florentinorum

1123 1014 1252 1058 partes
1273 1012 1444 1055 vocatus,
1466 1010 1594 1047 missis
1616 1010 1781 1046 Romam
1803 1009 1944 1057 legatis
1964 1009 2062 1046 Pon-

1122 1062 1216 1100 tifici
1235 1063 1335 1100 mala
1348 1063 1545 1100 minitatus
1557 1065 1627 1108 est,
1640 1063 1709 1100 nisi
1723 1074 1905 1099 censuras
1920 1062 1958 1099 in
1974 1062 2061 1099 Flo-

1123 1117 1292 1153 rentinos
1313 1117 1411 1153 latas
1433 1120 1655 1159 revocaret;
1676 1117 1741 1153 sed
1759 1114 1941 1152 Pontifex
1962 1116 2062 1164 regis

1122 1169 1261 1217 legatis
1283 1169 1457 1216 graviter
1476 1169 1686 1217 respondit,
1701 1170 1898 1217 iustasque
1914 1181 2007 1205 suae
2023 1169 2061 1204 in

1124 1222 1368 1260 Florentinos
1402 1223 1624 1260 severitatis
1655 1234 1792 1259 causas
1813 1222 2059 1259 demonstra-

1128 1277 1194 1313 vit.
1219 1276 1331 1312 Anno
1366 1280 1497 1313 autem
1537 1276 1635 1314 1480
1657 1275 1883 1313 Pontificem
1904 1275 2004 1312 inter
2023 1276 2062 1312 et

1125 1328 1369 1366 Fl‹›rentinos
1391 1341 1466 1377 pax
1487 1329 1668 1366 restituta
1688 1331 1747 1366 est
1768 1327 1792 1366 ¹.

1178 1383 1212 1419 7.
1236 1381 1274 1419 S.
1300 1382 1549 1419 Franciscus
1570 1383 1617 1420 de
1637 1383 1774 1419 Paula
1800 1381 1967 1418 Ordinis
1988 1381 2064 1417 Mi-

1125 1437 1333 1472 nz'morum
1353 1436 1522 1472 —Idem
1545 1434 1727 1472 Pontifex
1743 1435 1987 1483 approbavit,
2008 1433 2062 1471 si-

1125 1489 1204 1525 cuti
1247 1488 1424 1532 diximus,
1460 1488 1643 1525 Ordinem
1679 1488 1955 1529 monasticum,
1983 1498 2006 1522 a
2034 1497 2064 1524 S.

1125 1541 1331 1579 Franciseo
1350 1543 1394 1578 de
1415 1541 1539 1578 Paula
1559 1541 1794 1578 institutum.
1815 1540 2060 1585 Franciscus,

1127 1608 1148 1632 a
1164 1594 1247 1631 loco
1264 1594 1383 1631 natali
1405 1594 1607 1632 Calabriae
1628 1595 1754 1631 dictus
1771 1595 1816 1631 de
1833 1592 1972 1639 Paula,
1989 1605 2062 1630 an-

1129 1660 1176 1685 no
1209 1647 1347 1684 aetatis
1368 1659 1462 1684 suae
1490 1647 1536 1684 13
1558 1660 1580 1684 a
1600 1648 1827 1696 parentibus
1849 1647 1986 1684 missus
2015 1646 2062 1682 ad

1128 1700 1401 1738 monasterium
1421 1700 1496 1737 FF.
1514 1701 1719 1748 Minorum,
1738 1701 1877 1737 horum
1889 1698 2063 1748 regulam

1128 1759 1276 1802 sponte,
1294 1766 1361 1790 seu
1379 1753 1461 1790 sine
1478 1753 1708 1802 professione
1722 1753 1945 1798 monastica,
1957 1755 2065 1789 tanto

1129 1819 1216 1844 cum
1248 1807 1374 1855 rigore
1412 1807 1660 1852 observabat,
1689 1810 1732 1844 ut
1759 1805 2065 1844 ferventissimos

1131 1860 1336 1897 monachos
1357 1859 1464 1896 vitae
1487 1861 1697 1897 severitate
1717 1863 1932 1908 superaret.
1953 1859 2066 1896 Bien-

1130 1914 1192 1949 nio
1213 1913 1349 1961 postin
1366 1913 1532 1960 quodam
1555 1913 1756 1950 Calabriae
1777 1925 1908 1950 eremo
1925 1923 2063 1949 caver-

1131 1978 1218 2003 nam
1234 1965 1402 2002 incolere
1422 1966 1560 2014 coepit,
1572 1967 1661 2004 solis
1673 1967 1802 2004 herbis
1819 1970 1857 2003 et
1873 1965 2065 2002 radicibus

1131 2019 1315 2056 victitans
1333 2048 1342 2064 ,
1368 2019 1542 2067 duroque
1577 2031 1672 2056 saxo
1710 2020 1905 2056 incubanS.
1940 2018 2069 2059 Quum

1129 2072 1239 2110 multi
1256 2073 1361 2110 vitae
1385 2075 1566 2109 austerae
1583 2073 1664 2110 eius
1681 2073 1902 2121 exemplum
1924 2071 2063 2108 imitati

1131 2128 1235 2170 sunt,
1247 2137 1314 2174 pro
1326 2125 1384 2162 his
1399 2137 1498 2162 anuo
1517 2126 1733 2163 1435112111111
1753 2125 1887 2174 procul
1907 2125 1955 2162 ab
1976 2125 2068 2161 urbe

1130 2179 1252 2215 Paula
1272 2178 1503 2215 Franciscus
1525 2179 1653 2226 plures
1675 2180 1793 2216 cellas
1815 2190 1902 2215 cum
1926 2177 2068 2215 sacello

1131 2232 1322 2276 extruxit,
1338 2233 1376 2268 et
1392 2243 1452 2268 an.
1472 2231 1571 2268 1454
1589 2233 1748 2269 Paterni
1766 2232 1933 2280 primum
1955 2242 2067 2268 suum

1134 2284 1408 2322 monasterium
1441 2285 1675 2322 aedificavit.
1697 2287 1810 2322 Anno
1847 2285 1946 2322 1474
1984 2284 2072 2332 Xy-

1131 2342 1213 2375 stus
1242 2337 1310 2386 Pp.
1342 2337 1395 2374 IV
1424 2349 1568 2374 novum
1598 2338 1783 2375 Ordinem
1814 2339 1886 2374 sub
1916 2337 2070 2375 nomine

1132 2391 1451 2439 Congregationis
1466 2391 1718 2427 eremitarum
1731 2403 1759 2428 s.
1778 2390 1976 2428 Fraucisci
1993 2391 2068 2440 (A-

1131 2443 1318 2493 sisiensis)
1340 2443 1580 2492 approbavit.
1600 2443 1750 2492 Regula
1779 2455 1802 2480 a
1821 2447 1954 2481 sancto
1975 2443 2068 2480 fun-

1133 2498 1264 2534 datore
1294 2497 1440 2534 dictata
1469 2497 1505 2533 in
1537 2497 1670 2545 primis
1701 2496 1942 2539 charitatem,
1971 2508 2066 2546 poe-

1134 2550 1351 2596 nitentiam,
1372 2553 1411 2587 et
1430 2549 1691 2586 humilitatem
1713 2549 2009 2597 praescribebat,
2028 2552 2067 2585 et

1131 2603 1334 2652 plerasque
1355 2603 1450 2639 alias
1474 2603 1629 2650 regulas
1650 2601 2066 2640 monasticas‘severi-

1132 2661 1211 2693 tate
1239 2656 1463 2705 superabat.
1492 2656 1665 2692 Alteram
1696 2655 1871 2703 regulam
1891 2667 1960 2704 pro
1980 2667 2067 2693 mo-

1131 2709 1308 2754 nialibus,
1332 2714 1452 2757 *atque
1471 2709 1628 2745 tertiam
1651 2719 1716 2755 pro
1737 2707 1846 2744 laicis
1866 2710 2068 2758 utriusque

1131 2774 1247 2800 sexus
1275 2761 1431 2810 scripsit
1451 2774 1479 2799 s.
1501 2760 1732 2798 Franciscus
1752 2760 1798 2797 de
1821 2761 1968 2809 Paula;
1991 2775 2068 2799 un—

1130 2815 1176 2852 de
1196 2815 1299 2862 laici,
1319 2818 1425 2852 certa
1455 2813 1695 2863 praescripta
1714 2815 1753 2850 et
1772 2813 1927 2862 pietatis
1948 2827 2067 2854 exer-

1172 2943 1182 2964 1
1201 2942 1346 2982 Raynald.
1364 2941 1401 2970 ad
1419 2950 1466 2971 an.
1485 2939 1627 2971 1478-80.
1646 2940 1774 2980 Xystum
1791 2942 1826 2972 lV
1842 2942 1870 2972 in
1894 2943 1951 2972 hac
1968 2951 2001 2973 re
2031 2943 2069 2974 ab

1130 2984 1375 3014 adversariorum
1390 2981 1629 3011 detractionibus
1644 2982 1854 3014 vindicavitcl.
1865 2984 1986 3021 praesul
2003 2985 2069 3015 Ste-

1131 3026 1248 3063 phanus
1262 3023 1396 3054 ‹lenos—si
1410 3025 1437 3052 in
1453 3023 1665 3053 dissertatione
1691 3024 1827 3061 erudita,
1843 3033 1932 3064 quam
1951 3027 1999 3056 Vl⁰
2014 3036 2069 3056 ca-

1130 3065 1208 3096 lend.
1227 3064 1334 3103 aprilis
1362 3062 1432 3094 1811
1456 3065 1568 3094 Romae
1591 3063 1621 3093 in
1645 3064 1804 3095 academia
1821 3066 1996 3106 Religionis,
2013 3077 2068 3098 ca-

1130 3106 1261 3137 tholicae
1275 3104 1596 3136 recitavit.vid.etiam
1610 3105 1630 3136 l.
1645 3105 1677 3137 B.
1690 3105 1807 3145 Palma,
1825 3106 1975 3139 Praelecl.
1992 3107 2071 3143 Hist.

1130 3147 1203 3179 eccl.
1223 3151 1241 3177 t.
1260 3147 1304 3184 lv,
1321 3155 1348 3185 p.
1371 3145 1395 3184 1,
1411 3155 1438 3177 c.
1456 3144 1503 3176 10.
