2241 3473
279 149 358 188 214

230 238 317 264 mus
346 236 464 273 supra
491 223 579 260 lites
608 222 648 259 in
678 221 887 258 Hellandia
914 222 1018 258 inter
1036 219 1169 256 Armi-

231 280 364 317 nianos
407 282 446 315 et
474 275 716 313 Gomaristas
753 274 978 312 calvinistas
1017 276 1173 310 exortas

230 343 447 379 earumque
480 329 641 366 effeetus
668 327 692 366 ¹.
727 329 771 366 In
800 328 927 365 Gallia
956 327 1074 364 etiam
1105 337 1172 374 per

228 387 325 423 haec
364 387 542 431 tempora
589 381 878 419 controversiae
924 392 1066 430 graves
1112 379 1170 416 in—

229 442 289 475 ter
323 437 550 485 Hugonotos
585 435 780 473 excitatae
810 437 912 472 sunt.
935 436 1048 472 Anno
1072 432 1172 470 1620

227 492 267 528 in
297 490 444 539 synodo
483 489 681 527 Alectensi
728 490 883 526 decreta
921 488 1170 525 Dordracena

228 548 408 592 suscepta
443 547 482 580 et
520 542 699 579 omnibus
729 542 970 591 praescripta
999 540 1170 578 fuerant.

225 601 337 636 Anno
368 608 461 633 vero
484 596 583 633 1634
612 595 740 634 Moses
768 595 1027 644 Amyraldus,
1056 594 1173 631 theo-

223 651 351 699 logiae
379 650 417 686 in
446 649 578 687 schola
597 648 849 687 Salmuriensi
881 647 1094 698 professor,
1123 647 1169 684 ad

225 703 483 741 conciliandos
511 702 760 741 Arminianos
797 714 883 740 cum
923 702 1009 739 aliis
1037 701 1172 739 Calvi—

226 757 351 801 nistis,
380 756 495 794 dictis
524 756 772 802 orthodoxis,
801 756 946 793 librum
977 755 1098 792 edidit
1126 755 1171 792 de

224 809 579 860 praedestinatione
604 840 613 855 ,
650 810 755 847 circa
789 821 905 858 quam
940 809 1168 858 praesertim

224 864 444 902 Arminiani
473 864 521 900 ab
546 863 633 900 aliis
654 864 947 901 dissentiebant.
970 863 1005 900 Is
1027 863 1169 909 docuit,

225 918 346 954 Deum
378 918 531 954 decreto
552 916 729 955 absoluto
750 918 946 954 neminem
969 916 1016 954 ad
1038 918 1169 953 aeter-

225 983 315 1008 nam
345 983 504 1020 poenam
537 971 866 1019 praedestinasse,
886 971 951 1008 sed
973 972 1103 1019 potius
1124 983 1170 1007 o-

223 1037 332 1062 mnes
349 1025 502 1062 salvare
524 1025 754 1071 decrevisse,
768 1037 813 1062 ea
828 1027 956 1062 tamen
976 1025 1168 1062 conditio-

222 1091 297 1124 ne,
333 1078 363 1115 si
398 1078 435 1115 in
471 1079 667 1116 Christum
698 1083 827 1116 essent
847 1078 1046 1116 credituri.
1069 1078 1169 1115 Hinc

223 1132 306 1169 eius
336 1133 512 1170 doctrina
539 1132 871 1170 Universalismus
892 1132 1168 1181 hypotheticus

223 1186 327 1223 dicta
345 1189 413 1223 est.
435 1185 546 1222 Illam
569 1198 661 1223 vero
683 1186 943 1223 conditionem
963 1197 1050 1231 non,
1066 1186 1169 1223 sicut

222 1239 451 1281 Arminiani,
480 1238 614 1289 aliqua
642 1252 691 1277 ex
717 1242 826 1289 parte
847 1241 884 1276 in
907 1239 1075 1277 hominis
1095 1252 1168 1288 po-

222 1296 367 1330 testate
389 1293 527 1341 posuit,
548 1293 612 1330 sed
633 1296 756 1331 totam
778 1306 800 1331 a
822 1294 888 1331 Dei
911 1293 1073 1330 arbitrio
1095 1295 1165 1330 de-

223 1347 382 1391 rivavit,
412 1347 468 1384 ita
498 1350 539 1384 nt
568 1346 622 1383 illi
650 1347 719 1384 soli
741 1349 787 1384 ad
809 1347 926 1384 fidem
948 1351 987 1384 et
1007 1347 1166 1396 proinde

223 1401 270 1437 ad
300 1400 466 1438 salutem
495 1400 701 1449 pervenire
730 1406 911 1450 possent,
940 1413 1035 1450 quos
1066 1402 1167 1438 Deus

222 1453 407 1503 peculiari
437 1454 595 1491 decreto
624 1454 672 1491 ad
704 1467 789 1491 eam
811 1455 976 1503 elegerit
996 1454 1164 1492 faculta-

223 1516 315 1553 tem,
338 1511 380 1544 ut
400 1512 553 1553 vocant,
577 1508 778 1554 moralem,
795 1509 969 1557 capiendi
988 1507 1104 1545 fidem
1121 1508 1168 1546 iis

849 155 1005 183 EPOCHA
1034 155 1089 181 XI.
1120 154 1171 180 AB

223 1562 412 1607 tribuens,
434 1561 622 1610 simulque
643 1574 730 1599 eam
750 1562 788 1598 in
809 1562 856 1599 iis
876 1563 1104 1610 producens.
1126 1563 1167 1599 A·

222 1615 389 1664 myraldi
421 1615 636 1652 doctrinam
666 1617 703 1652 in
736 1616 926 1664 peculiari
954 1616 1053 1653 libro
1072 1646 1081 1662 ,
1101 1616 1165 1664 qui

222 1669 409 1707 Irem'cus
437 1669 739 1715 inscribebatur,
761 1670 941 1718 exposuit
970 1669 1165 1707 defendit-

223 1734 296 1770 que
319 1722 464 1760 Paulus
484 1723 709 1768 Testardus,
731 1723 977 1772 praedicator
998 1723 1165 1761 Blesen-

222 1777 283 1813 sis.
306 1776 491 1817 Quamvis
514 1788 605 1814 vero
628 1777 947 1815 universalismus
968 1777 1168 1826 hypothe-

224 1830 322 1867 ticus
352 1842 374 1866 a
404 1830 712 1878 particularismo
755 1831 1002 1869 Dordraceno
1040 1832 1167 1880 reipsa

223 1895 297 1920 non
329 1883 523 1927 differret,
554 1897 654 1922 nova
681 1888 813 1922 tamen
836 1884 981 1930 forma,
1002 1886 1072 1922 sub
1092 1897 1168 1934 qua

224 1938 443 1986 propositus
465 1942 563 1983 erat,
580 1938 755 1987 pluribus
770 1939 980 1988 displicuit,
996 1939 1060 1987 qui
1078 1951 1164 1976 eum

224 2002 358 2039 parum
390 1991 437 2027 ab
458 1992 686 2028 Arminiana
706 1993 903 2029 sententia
924 1993 1069 2030 distare
1091 2005 1167 2042 pu-

223 2045 372 2081 tabant.
408 2044 500 2082 Cum
543 2046 735 2093 utrimque
775 2047 971 2084 contentio
1011 2058 1167 2084 cresce-

224 2102 296 2141 ret,
327 2110 386 2135 an.
422 2099 519 2135 1637
551 2100 721 2148 synodus
764 2100 960 2137 Alensonii
991 2100 1028 2136 in
1060 2101 1166 2138 Nor-

223 2153 379 2189 mannia
409 2151 554 2189 indicta
588 2153 846 2201 Amyraldum
875 2158 914 2190 et
933 2154 1165 2191 Testardum

223 2207 271 2243 ad
292 2205 527 2243 reddendam
552 2207 742 2244 rationem
763 2208 932 2245 vocavit.
951 2208 980 2244 Ii
997 2211 1164 2246 mentem

224 2271 332 2296 suam
364 2259 419 2296 ita
444 2259 706 2308 explicarunt,
729 2265 771 2297 ut
792 2261 1000 2298 honorifice
1022 2261 1167 2299 fuerint

224 2313 369 2350 dimissi
401 2314 607 2361 solumque
639 2314 783 2362 rogati,
814 2317 857 2351 ut
886 2327 907 2351 a
937 2316 1164 2363 quibusdam

224 2367 486 2404 locutionibus
516 2367 766 2404 abstinerent.
784 2367 1046 2407 Nihilominus
1077 2370 1169 2418 plu-

225 2432 285 2458 res
308 2421 479 2470 theologi
500 2421 728 2458 calvinistae
749 2422 964 2459 sententias
981 2423 1166 2472 Amyral-

226 2474 260 2511 di
285 2475 405 2511 veluti
428 2475 670 2512 arniinianas
691 2479 729 2512 et
749 2476 1069 2524 semipelagianus
1091 2477 1169 2514 im-

227 2529 467 2576 pugnabant,
497 2528 635 2576 0011103
664 2529 708 2572 13,
730 2529 896 2577 insignes
919 2531 993 2567 iam
1017 2531 1166 2568 doctri-

230 2594 301 2618 nae
323 2594 416 2619 suae
439 2585 621 2631 patronos
642 2586 680 2619 et
700 2582 923 2619 defensores
940 2588 1086 2629 nactus,
1104 2597 1166 2621 re-

225 2640 412 2684 spondere
445 2648 516 2673 non
549 2636 689 2673 0011311.
718 2636 963 2685 Quapropter
983 2650 1043 2674 an.
1069 2639 1167 2676 1044

228 2690 400 2737 synodus
421 2689 646 2727 Carcntonfi
668 2689 813 2735 hahita,
836 2690 988 2738 utrique
1005 2693 1104 2740 parti
1124 2692 1169 2729 si-

227 2742 389 2779 lentium
422 2745 468 2781 de
500 2743 665 2781 materia
694 2749 945 2781 controversa
972 2745 1168 2793 praescri-

226 2800 311 2845 psit.
335 2797 389 2834 130
414 2804 543 2834 tamen
566 2797 650 2834 lites
672 2809 743 2834 000
767 2809 997 2846 suppressae
1017 2798 1139 2836 sunt2.

277 2851 386 2887 Alias
418 2852 502 2889 lites
532 2851 722 2888 excitavit
751 2851 860 2888 103110
890 2851 1099 2898 Placaeus,
1131 2858 1168 2889 vt

227 2904 304 2952 ipse
327 2904 605 2942 Salinuriensis
626 2905 841 2953 theologus,
863 2905 925 2953 qui
956 2905 994 2942 in
1023 2907 1167 2944 disser-

225 2963 371 2996 tatione
393 2971 453 2996 an.
470 2958 569 2995 1640
586 2959 704 3004 edita,
725 2959 943 3004 contendit,
965 2965 1164 3008 peecatum

226 3012 414 3059 originale
455 3025 527 3048 non
563 3013 599 3048 in
635 3013 717 3060 ipso
754 3015 842 3050 actu
879 3012 1166 3052 inobedientiae

268 3106 357 3136 11111.
379 3117 406 3145 l·’
428 3106 492 3138 l‘iss.

267 3117 441 3185 εὶΙἸυηιΙΙυ,Ι
468 3149 561 3180 Accm·
589 3150 814 3192 aulhcnliquec
844 3149 898 3181 des
924 3150 1038 3191 dylr'ws
1067 3149 1166 3190 ναὶ-[ω-

225 3197 333 3226 mrem
359 3191 691 3231 111111119111111111111]
727 3202 760 3223 tn
790 3193 840 3222 (tie
870 3192 1166 3233 lteliyinmslrclql-

226 3230 330 3261 hatten
346 3240 456 3262 ausser
470 3227 526 3263 der
541 3234 761 3273 (ιυαηῃεΙὶτεΙι-
767 3234 873 3265 (uther
878 3235 986 3266 iscleen
1002 3234 1126 3267 Κ1ν6116

1201 152 1337 180 IN1TIIS
1365 155 1539 181 LVTHERI

1214 222 1551 268 protoparentum,
1580 232 1692 269 quem
1721 221 1864 268 posteri
1893 221 1931 258 in
1953 220 2007 258 eis
2028 219 2155 269 parti-

1214 272 1445 321 cipaverint,
1465 275 1532 310 sed
1552 274 1590 310 in
1607 274 1819 311 vitiositate
1840 278 2002 312 naturae
2023 275 2156 312 huma-

1216 338 1287 363 nae
1308 327 1479 373 moralis,
1500 339 1550 364 ex
1569 326 1635 364 illo
1655 330 1742 364 orta
1762 330 1802 364 et
1821 329 1869 365 ad
1891 331 2065 377 posteros
2084 328 2156 365 de-

1213 379 1356 427 rivata,
1377 381 1606 427 consistere3
1627 393 1709 426 seu,
1729 382 1772 418 ut
1791 381 1870 430 ipse
1891 383 2023 430 postea
2043 393 2156 431 expo-

1213 433 1309 479 suit,
1339 436 1538 483 peecatum
1567 434 1706 471 Adami
1727 446 1800 471 non
1822 435 2067 480 immediate,
2086 435 2154 472 sed

1214 487 1383 525 mediate
1412 487 1577 537 posteris
1606 488 1688 525 eius
1716 487 1920 536 imputari.
1949 488 2058 526 Hanc
2087 500 2157 526 63-

1213 541 1423 579 sertionem
1443 542 1613 591 synodus
1635 540 1854 586 nationalis,
1875 553 1936 579 an.
1961 541 2060 579 1654
2076 541 2154 579 Ca-

1214 595 1379 632 rentonii
1400 596 1546 641 habita,
1569 595 1692 632 veluti
1723 605 1926 632 erroneam
1954 595 2158 632 damnavit

1214 648 1471 698 omnibusque
1502 648 1836 697 praedicatoribus
1866 652 1906 685 et
1925 647 2156 697 professori-

1215 702 1283 739 bus
1311 714 1397 740 eam
1425 703 1581 740 tradere
1610 702 1746 739 vetuit.
1776 702 1860 739 Imo
1880 702 2130 740 Genevenses
2147 732 2157 748 ,

1213 759 1355 805 agente
1385 756 1593 794 Francisco
1623 755 1849 801 Turretino,
1869 755 2090 805 theologiae
2109 767 2156 793 a-

1215 810 1289 858 pud
1318 822 1383 847 603
1404 809 1638 859 professore,
1657 821 1717 847 an.
1743 808 1844 846 1675
1865 809 2042 847 omnibus
2062 820 2156 847 360-

1211 862 1373 900 tentiam
1413 862 1572 901 Placaei
1609 862 1816 900 tradituris
1832 892 1841 908 ,
1877 863 2155 912 depositionem

1213 917 1473 955 intentarunt.
1496 918 1682 954 Attamen
1703 917 1736 954 is
1756 928 1831 954 non
1851 918 2005 954 tantum
2027 917 2156 965 plures

1212 970 1379 1008 asseclas
1410 972 1510 1008 inter
1539 971 1713 1007 eruditos
1743 969 1979 1008 Calvinistas
2022 974 2157 1009 nactus

1213 1028 1293 1070 est,
1324 1036 1458 1062 verum
1489 1024 1605 1062 etiam
1627 1024 1838 1061 nonnullae
1858 1024 1998 1073 synodi
2018 1025 2158 1061 deere-

1211 1054 1293 1115 tuni
1315 1078 1640 1116 Carentonianum
1658 1078 1878 1115 executioni
1894 1078 2079 1126 mandare
2095 1078 2159 1117 de-

1210 1132 1465 1170 1066161001Ι
1584 1149 1597 1166 r·
1618 1153 1623 1163 ι
1730 1128 1741 1159 l
1863 1153 1866 1158 -
1889 1149 1895 1172 ·.
1936 1142 1970 1173 ἐν
1986 1141 2025 1177 -.ζ-
2048 1148 2067 1175 q

1263 1186 1326 1224 98
1349 1187 1626 1223 Calvi'msmus
1642 1180 1693 1223 ab
1709 1172 1874 1223 ecelesia
1894 1186 1954 1223 67
1955 1197 2053 1225 aeca
2066 1198 2160 1236 pro-

1210 1242 1387 1289 smptus
1429 1260 1477 1268 -
1509 1239 1696 1276 Maiorem
1728 1238 1992 1277 confusionem
2022 1240 2156 1280 subie-

1211 1299 1305 1331 runt
1335 1293 1573 1331 Calvinistae
1603 1305 1652 1330 ex
1682 1297 1792 1342 parte
1822 1294 2010 1331 ecclesiae
2030 1294 2158 1332 Grae-

1212 1359 1290 1385 cae.
1316 1347 1654 1389 Quemadmodum
1677 1345 1926 1394 Lut.herani²‚
1943 1348 1998 1385 ita
2015 1352 2054 1386 et
2070 1348 2159 1386 Cal-

1212 1402 1379 1438 vinistae
1411 1402 1621 1449 impetrare
1652 1401 1778 1438 conati
1809 1403 1911 1446 sunt,
1932 1403 1976 1438 ut
1996 1413 2066 1440 sua
2085 1403 2156 1439 do-

1210 1456 1335 1492 ctrina
1352 1456 1400 1492 ab
1418 1454 1593 1493 Ecclesia
1609 1455 1760 1491 Graeca
1777 1455 2070 1503 approbaretur,
2083 1456 2158 1493 hu-

1212 1510 1344 1558 iusque
1373 1520 1502 1547 seeum
1523 1520 1753 1545 consensum
1775 1515 1914 1546 contra
1933 1509 2156 1547 Catholicos

1209 1563 1357 1600 iactare
1374 1564 1541 1612 possent.
1559 1562 1618 1599 Ad
1637 1561 1738 1599 hanc
1753 1573 1837 1599 rem
1853 1561 1900 1599 iis
1917 1566 2158 1612 opportunus

1211 1620 1299 1654 erat
1328 1616 1501 1666 Cyrillus
1533 1616 1720 1660 Lucaris‚
1742 1615 1958 1663 Cretensis,
1979 1617 2048 1665 qui
2069 1628 2158 1655 cum

1211 1670 1368 1708 Patavii
1408 1669 1552 1707 litteris
1582 1671 1786 1716 vacasset,
1816 1669 1946 1707 varias
1974 1670 2157 1720 Europae

1211 1726 1339 1762 terras
1374 1725 1632 1773 peragrarat,
1666 1725 1705 1760 et
1739 1723 1941 1772 speciatim
1976 1724 2158 1762 Genevae

1213 1777 1480 1816 calvinisticae
1511 1777 1709 1814 doctrinae
1735 1777 1864 1826 capita
1889 1777 2092 1816 didicerat.
2113 1778 2157 1815 In

1212 1833 1415 1870 Graeciam
1436 1831 1577 1877 redux,
1594 1833 1634 1868 et
1650 1843 1711 1868 an.
1725 1830 1825 1868 1602
1840 1829 1969 1870 factus
1987 1832 2157 1881 patriar-

1212 1887 1284 1924 cha
1314 1885 1628 1931 Alexandrinus,
1657 1884 1796 1922 initam
1826 1888 1942 1923 antea
1969 1898 2058 1924 cum
2087 1886 2159 1924 do-

1213 1941 1389 1977 ctoribus
1419 1938 1635 1976 calvinistis
1664 1938 1879 1976 amicitiam
1898 1939 2043 1978 litteris
2062 1951 2159 1977 con-

1211 1995 1394 2032 tinuavit.
1426 1995 1538 2031 Anno
1566 1992 1665 2030 1621
1688 1993 1735 2029 ad
1757 1992 2068 2041 patriarchatum
2091 1994 2156 2043 Cp.

1213 2051 1374 2086 evectus
1404 2046 1671 2084 calvinisticas
1691 2058 1779 2083 suas
1800 2047 2013 2085 sententias
2033 2048 2157 2085 auda-

1212 2102 1295 2139 cius
1317 2100 1599 2145 manifestavit,
1625 2099 1724 2137 unde
1746 2101 1897 2137 tantum
1919 2100 2159 2139 Graecorum

1213 2156 1339 2193 odium
1363 2155 1400 2192 in
1422 2166 1462 2192 se
1483 2154 1707 2199 concitavit,
1735 2157 1776 2190 ut
1795 2152 1834 2189 in
1855 2153 2015 2191 exilium
2039 2153 2159 2192 fuerit

1213 2210 1373 2246 eiectus.
1409 2208 1550 2246 Postea
1581 2207 1809 2251 restitutus,
1842 2219 1904 2245 an.
1937 2208 2039 2246 1629
2069 2208 2158 2246 fidei

1212 2262 1486 2300 confessionem
1502 2291 1511 2307 ,
1533 2261 1733 2298 doctrinae
1754 2261 2022 2299 calvinistieae
2042 2273 2156 2312 pror-

1211 2329 1275 2354 sus
1297 2315 1549 2358 conformem,
1569 2314 1676 2351 dedit
1698 2315 1843 2353 oratori
1866 2315 2095 2354 Hollandiae
2112 2327 2158 2352 a-

1214 2371 1286 2419 pud
1317 2370 1446 2407 aulam
1478 2368 1705 2413 Turcicam3
1727 2381 1843 2417 quam
1875 2369 2157 2408 confessionem

1214 2425 1332 2461 latine
1354 2423 1547 2460 redditam
1571 2423 1751 2471 typisque
1771 2423 2012 2468 mandatam,
2034 2423 2158 2461 veluti

1215 2477 1408 2516 Ecclesiae
1431 2477 1606 2514 Graecae
1626 2476 1742 2513 fidem
1764 2483 1802 2515 et
1823 2476 2051 2524 doctrinam,
2072 2476 2158 2515 Cal-

1214 2532 1381 2568 vinistae
1411 2542 1478 2580 per
1507 2530 1685 2579 Belgium
1716 2530 1892 2580 aliasque
1912 2534 2038 2568 terras
2058 2543 2158 2568 ven-

1214 2585 1402 2623 ditarunt.
1435 2585 1581 2621 Veruni
1613 2584 1782 2633 Cyrillus
1814 2585 1972 2622 Lucaris
1999 2587 2158 2634 propter

1214 2640 1283 2675 hoc
1314 2638 1465 2676 facinus
1495 2641 1533 2675 et
1562 2642 1721 2686 propter
1743 2639 1933 2677 haeresim
1955 2637 2157 2676 confestim

1212 2705 1235 2729 a
1264 2693 1343 2729 suis
1379 2692 1578 2739 depositus
1601 2692 1685 2729 suit.
1707 2692 1950 2741 Quamquam
1971 2692 2158 2742 pecuniae

1214 2746 1249 2782 vi
1267 2750 1305 2784 et
1323 2745 1487 2783 oratoris
1501 2745 1731 2783 Hollandiae
1752 2758 1821 2795 ope
1837 2746 1966 2784 sedem
1984 2745 2158 2795 patriar-

1214 2800 1361 2837 ehieam
1394 2799 1521 2837 adhuc
1552 2800 1857 2848 recuperaverit,
1888 2803 2018 2837 tamen
2057 2811 2157 2836 anno

1219 2854 1316 2891 1638
1346 2866 1391 2890 ea
1422 2854 1562 2890 iterum
1594 2854 1785 2902 privatus,
1814 2858 1853 2891 et
1882 2853 1985 2891 iussu
2012 2853 2157 2891 sultani

1215 2909 1371 2956 propter
1393 2907 1595 2944 seditiosas
1616 2907 1923 2945 machinationes
1943 2908 2081 2956 laqueo
2100 2918 2158 2944 ne·

1213 2967 1321 2998 ratus
1352 2961 1434 2998 suit.
1469 2959 1611 2998 Eodem
1641 2973 1742 2998 anno
1764 2960 1935 3010 Cyrillus
1954 2959 2156 2998 Beroeen-

1212 3015 1284 3059 sis,
1315 3015 1417 3052 illius
1448 3014 1484 3051 in
1516 3015 1605 3051 sede
1635 3014 1701 3064 Cp.
1723 3025 1940 3059 successor,
1969 3024 2055 3051 cum
2086 3026 2156 3063 pa-

1212 3068 1392 3106 triarchis
1409 3067 1677 3106 Alexandrino
1693 3071 1732 3106 et
1748 3067 2101 3118 Hierosolymitano
2117 3070 2158 3105 et

1250 3195 1263 3258 »1
1278 3195 1480 3278 {qlflqpspgff
1499 3195 1638 3228 Institul.
1656 3197 1727 3229 hiel.
1744 3196 1817 3229 eccl.
1831 3195 1942 3228 christ.
1957 3198 2071 3229 recent.
