<?xml version="1.0" encoding="UTF-8"?>
<!DOCTYPE html PUBLIC "-//W3C//DTD XHTML 1.0 Transitional//EN"
    "http://www.w3.org/TR/xhtml1/DTD/xhtml1-transitional.dtd">
<html xmlns="http://www.w3.org/1999/xhtml" xml:lang="en" lang="en">
 <head>
  <title>
</title>
<meta http-equiv="Content-Type" content="text/html;charset=utf-8" />
  <meta name='ocr-system' content='tesseract 3.04.00' />
  <meta name='ocr-capabilities' content='ocr_page ocr_carea ocr_par ocr_line ocrx_word'/>
</head>
<body>
  <div class='ocr_page' id='page_1' title='image "./historiaeecclesi01wout_0273.png"; bbox 0 0 2241 3473; ppageno 0'>
   <div class='ocr_carea' id='block_1_1' title="bbox 604 139 1517 173">
    <p class='ocr_par' dir='ltr' id='par_1_1' title="bbox 604 139 1517 173">
     <span class='ocr_line' id='line_1_1' title="bbox 604 139 1517 173; baseline -0.001 -4"><span class='ocrx_word' id='word_1_1' title='bbox 604 142 731 173; x_wconf 73' lang='lat' dir='ltr'>VSQVE</span> <span class='ocrx_word' id='word_1_2' title='bbox 759 142 812 169; x_wconf 78' lang='lat' dir='ltr'><strong>AD</strong></span> <span class='ocrx_word' id='word_1_3' title='bbox 841 139 1138 168; x_wconf 74' lang='lat' dir='ltr'>PONTIFICATVM</span> <span class='ocrx_word' id='word_1_4' title='bbox 1167 141 1196 168; x_wconf 94' lang='lat' dir='ltr'><strong>S.</strong></span> <span class='ocrx_word' id='word_1_5' title='bbox 1218 141 1415 170; x_wconf 81' lang='lat' dir='ltr'>GREGORII</span> <span class='ocrx_word' id='word_1_6' title='bbox 1443 141 1517 168; x_wconf 83' lang='lat' dir='ltr'><strong>vu.</strong></span> 
     </span>
    </p>
   </div>
   <div class='ocr_carea' id='block_1_2' title="bbox 80 206 1040 3100">
    <p class='ocr_par' dir='ltr' id='par_1_2' title="bbox 85 206 1038 311">
     <span class='ocr_line' id='line_1_2' title="bbox 85 206 1038 256; baseline -0.004 -8"><span class='ocrx_word' id='word_1_7' title='bbox 85 222 136 248; x_wconf 89' lang='lat' dir='ltr'><strong>no</strong></span> <span class='ocrx_word' id='word_1_8' title='bbox 154 209 232 247; x_wconf 91' lang='grc'><strong>898</strong></span> <span class='ocrx_word' id='word_1_9' title='bbox 250 209 407 246; x_wconf 88' lang='lat' dir='ltr'><strong>mortuo</strong></span> <span class='ocrx_word' id='word_1_10' title='bbox 426 207 573 254; x_wconf 82' lang='lat' dir='ltr'><strong>Odonc,</strong></span> <span class='ocrx_word' id='word_1_11' title='bbox 604 207 767 246; x_wconf 83' lang='lat' dir='ltr'>Carolus</span> <span class='ocrx_word' id='word_1_12' title='bbox 787 206 961 256; x_wconf 82' lang='lat' dir='ltr'>Simplex</span> <span class='ocrx_word' id='word_1_13' title='bbox 972 217 1038 244; x_wconf 90' lang='lat' dir='ltr'><strong>so-</strong></span> 
     </span>
     <span class='ocr_line' id='line_1_3' title="bbox 85 261 460 311; baseline -0.003 -11"><span class='ocrx_word' id='word_1_14' title='bbox 85 273 205 311; x_wconf 88' lang='lat' dir='ltr'><strong>regno</strong></span> <span class='ocrx_word' id='word_1_15' title='bbox 225 261 371 309; x_wconf 88' lang='lat' dir='ltr'><strong>potitus</strong></span> <span class='ocrx_word' id='word_1_16' title='bbox 390 263 460 299; x_wconf 83' lang='lat' dir='ltr'><strong>est.</strong></span> 
     </span>
    </p>

    <p class='ocr_par' dir='ltr' id='par_1_3' title="bbox 80 313 1040 2300">
     <span class='ocr_line' id='line_1_4' title="bbox 138 313 1039 362; baseline -0.003 -10"><span class='ocrx_word' id='word_1_17' title='bbox 138 313 253 352; x_wconf 84' lang='lat' dir='ltr'><strong>Hisce</strong></span> <span class='ocrx_word' id='word_1_18' title='bbox 274 313 445 350; x_wconf 87' lang='lat' dir='ltr'><strong>hostium</strong></span> <span class='ocrx_word' id='word_1_19' title='bbox 466 313 751 362; x_wconf 85' lang='lat' dir='ltr'><strong>irruptionibus</strong></span> <span class='ocrx_word' id='word_1_20' title='bbox 771 314 809 350; x_wconf 91' lang='lat' dir='ltr'><strong>et</strong></span> <span class='ocrx_word' id='word_1_21' title='bbox 829 323 1039 360; x_wconf 82' lang='lat' dir='ltr'><strong>regnorum</strong></span> 
     </span>
     <span class='ocr_line' id='line_1_5' title="bbox 85 365 1038 417; baseline -0.004 -12"><span class='ocrx_word' id='word_1_22' title='bbox 85 366 448 417; x_wconf 80' lang='lat' dir='ltr'><strong>perturbationibus</strong></span> <span class='ocrx_word' id='word_1_23' title='bbox 478 367 734 404; x_wconf 80' lang='lat' dir='ltr'><strong>ecclesiarum</strong></span> <span class='ocrx_word' id='word_1_24' title='bbox 755 368 881 402; x_wconf 80' lang='lat' dir='ltr'><strong>status</strong></span> <span class='ocrx_word' id='word_1_25' title='bbox 902 365 1038 413; x_wconf 84' lang='lat' dir='ltr'><strong>gravi-</strong></span> 
     </span>
     <span class='ocr_line' id='line_1_6' title="bbox 84 419 1039 468; baseline -0.004 -10"><span class='ocrx_word' id='word_1_26' title='bbox 84 425 143 458; x_wconf 85' lang='lat' dir='ltr'><strong>ter</strong></span> <span class='ocrx_word' id='word_1_27' title='bbox 163 431 299 468; x_wconf 84' lang='lat' dir='ltr'><strong>passus</strong></span> <span class='ocrx_word' id='word_1_28' title='bbox 319 424 399 463; x_wconf 79' lang='lat' dir='ltr'><strong>ost,</strong></span> <span class='ocrx_word' id='word_1_29' title='bbox 420 419 527 467; x_wconf 79' lang='lat' dir='ltr'><strong>leges</strong></span> <span class='ocrx_word' id='word_1_30' title='bbox 548 419 740 457; x_wconf 80' lang='lat' dir='ltr'><strong>infractae</strong></span> <span class='ocrx_word' id='word_1_31' title='bbox 769 420 876 461; x_wconf 86' lang='lat' dir='ltr'><strong>sunt,</strong></span> <span class='ocrx_word' id='word_1_32' title='bbox 896 419 1039 454; x_wconf 86' lang='lat' dir='ltr'><strong>abusus</strong></span> 
     </span>
     <span class='ocr_line' id='line_1_7' title="bbox 84 469 1036 519; baseline -0.004 -10"><span class='ocrx_word' id='word_1_33' title='bbox 84 471 308 510; x_wconf 76' lang='lat' dir='ltr'><strong>introducti.</strong></span> <span class='ocrx_word' id='word_1_34' title='bbox 330 472 389 508; x_wconf 78' lang='lat' dir='ltr'><strong>Ad</strong></span> <span class='ocrx_word' id='word_1_35' title='bbox 411 472 642 519; x_wconf 82' lang='lat' dir='ltr'><strong>corrigenda</strong></span> <span class='ocrx_word' id='word_1_36' title='bbox 659 471 756 507; x_wconf 82' lang='lat' dir='ltr'><strong>haee</strong></span> <span class='ocrx_word' id='word_1_37' title='bbox 774 469 876 506; x_wconf 85' lang='lat' dir='ltr'><strong>mala</strong></span> <span class='ocrx_word' id='word_1_38' title='bbox 892 470 1036 517; x_wconf 84' lang='lat' dir='ltr'><strong>episeo-</strong></span> 
     </span>
     <span class='ocr_line' id='line_1_8' title="bbox 83 522 1036 574; baseline -0.004 -13"><span class='ocrx_word' id='word_1_39' title='bbox 83 525 120 574; x_wconf 86' lang='lat' dir='ltr'><strong>pi</strong></span> <span class='ocrx_word' id='word_1_40' title='bbox 148 524 189 561; x_wconf 90' lang='lat' dir='ltr'><strong>in</strong></span> <span class='ocrx_word' id='word_1_41' title='bbox 219 524 433 561; x_wconf 80' lang='lat' dir='ltr'><strong>Germania</strong></span> <span class='ocrx_word' id='word_1_42' title='bbox 461 528 500 560; x_wconf 85' lang='lat' dir='ltr'><strong>ct</strong></span> <span class='ocrx_word' id='word_1_43' title='bbox 520 523 647 561; x_wconf 82' lang='lat' dir='ltr'><strong>Gallia</strong></span> <span class='ocrx_word' id='word_1_44' title='bbox 665 522 818 570; x_wconf 87' lang='lat' dir='ltr'><strong>saepius</strong></span> <span class='ocrx_word' id='word_1_45' title='bbox 840 534 1036 558; x_wconf 81' lang='lat' dir='ltr'><strong>convene-</strong></span> 
     </span>
     <span class='ocr_line' id='line_1_9' title="bbox 83 574 1037 622; baseline -0.003 -9"><span class='ocrx_word' id='word_1_46' title='bbox 83 579 189 615; x_wconf 80' lang='lat' dir='ltr'><strong>runt.</strong></span> <span class='ocrx_word' id='word_1_47' title='bbox 211 578 323 614; x_wconf 86' lang='lat' dir='ltr'><strong>Anno</strong></span> <span class='ocrx_word' id='word_1_48' title='bbox 344 577 419 613; x_wconf 83' lang='grc'><strong>887</strong></span> <span class='ocrx_word' id='word_1_49' title='bbox 443 577 680 620; x_wconf 74' lang='lat' dir='ltr'><strong>wilbertus,</strong></span> <span class='ocrx_word' id='word_1_50' title='bbox 703 574 905 622; x_wconf 87' lang='lat' dir='ltr'><strong>episcopus</strong></span> <span class='ocrx_word' id='word_1_51' title='bbox 921 574 1037 611; x_wconf 89' lang='lat' dir='ltr'><strong>Colo-</strong></span> 
     </span>
     <span class='ocr_line' id='line_1_10' title="bbox 85 625 1037 677; baseline -0.005 -11"><span class='ocrx_word' id='word_1_52' title='bbox 85 629 226 667; x_wconf 85' lang='lat' dir='ltr'><strong>niensis</strong></span> <span class='ocrx_word' id='word_1_53' title='bbox 244 659 253 675; x_wconf 90' lang='lat'><strong>,</strong></span> <span class='ocrx_word' id='word_1_54' title='bbox 273 630 468 677; x_wconf 62' lang='lat' dir='ltr'><strong>synodum</strong></span> <span class='ocrx_word' id='word_1_55' title='bbox 499 628 636 666; x_wconf 79' lang='lat' dir='ltr'><strong>habuit</strong></span> <span class='ocrx_word' id='word_1_56' title='bbox 664 627 703 664; x_wconf 89' lang='lat' dir='ltr'><strong>in</strong></span> <span class='ocrx_word' id='word_1_57' title='bbox 735 627 830 664; x_wconf 89' lang='lat' dir='ltr'><strong>urbe</strong></span> <span class='ocrx_word' id='word_1_58' title='bbox 850 625 1037 674; x_wconf 84' lang='lat' dir='ltr'><strong>Agrippi-</strong></span> 
     </span>
     <span class='ocr_line' id='line_1_11' title="bbox 83 680 1038 729; baseline -0.005 -10"><span class='ocrx_word' id='word_1_59' title='bbox 83 682 190 719; x_wconf 89' lang='lat' dir='ltr'><strong>nensi</strong></span> <span class='ocrx_word' id='word_1_60' title='bbox 208 710 218 727; x_wconf 95' lang='lat'><strong>‚</strong></span> <span class='ocrx_word' id='word_1_61' title='bbox 246 682 285 718; x_wconf 92' lang='lat' dir='ltr'><strong>in</strong></span> <span class='ocrx_word' id='word_1_62' title='bbox 316 693 394 729; x_wconf 90' lang='lat' dir='ltr'><strong>qua</strong></span> <span class='ocrx_word' id='word_1_63' title='bbox 421 681 516 718; x_wconf 80' lang='lat' dir='ltr'><strong>editi</strong></span> <span class='ocrx_word' id='word_1_64' title='bbox 546 682 638 718; x_wconf 90' lang='lat' dir='ltr'><strong>sunt</strong></span> <span class='ocrx_word' id='word_1_65' title='bbox 658 680 683 718; x_wconf 88' lang='grc'>6</span> <span class='ocrx_word' id='word_1_66' title='bbox 704 690 872 716; x_wconf 89' lang='lat' dir='ltr'><strong>canones</strong></span> <span class='ocrx_word' id='word_1_67' title='bbox 902 680 1038 715; x_wconf 85' lang='lat' dir='ltr'><strong>eontra</strong></span> 
     </span>
     <span class='ocr_line' id='line_1_12' title="bbox 83 734 1037 781; baseline -0.005 -9"><span class='ocrx_word' id='word_1_68' title='bbox 83 746 216 772; x_wconf 88' lang='lat' dir='ltr'><strong>rerum</strong></span> <span class='ocrx_word' id='word_1_69' title='bbox 238 734 593 772; x_wconf 85' lang='lat' dir='ltr'><strong>ecclesiasticarum</strong></span> <span class='ocrx_word' id='word_1_70' title='bbox 615 735 804 781; x_wconf 79' lang='lat' dir='ltr'><strong>raptores,</strong></span> <span class='ocrx_word' id='word_1_71' title='bbox 822 742 1037 780; x_wconf 85' lang='lat' dir='ltr'><strong>pauperum</strong></span> 
     </span>
     <span class='ocr_line' id='line_1_13' title="bbox 83 785 1038 836; baseline -0.005 -11"><span class='ocrx_word' id='word_1_72' title='bbox 83 799 332 836; x_wconf 84' lang='lat' dir='ltr'><strong>oppressores</strong></span> <span class='ocrx_word' id='word_1_73' title='bbox 361 789 400 824; x_wconf 87' lang='lat' dir='ltr'><strong>et</strong></span> <span class='ocrx_word' id='word_1_74' title='bbox 428 786 578 823; x_wconf 84' lang='lat' dir='ltr'><strong>incesta</strong></span> <span class='ocrx_word' id='word_1_75' title='bbox 608 785 812 822; x_wconf 90' lang='lat' dir='ltr'><strong>connubia.</strong></span> <span class='ocrx_word' id='word_1_76' title='bbox 833 786 947 821; x_wconf 91' lang='lat' dir='ltr'><strong>Anno</strong></span> <span class='ocrx_word' id='word_1_77' title='bbox 977 795 1038 820; x_wconf 90' lang='lat' dir='ltr'><strong>se—</strong></span> 
     </span>
     <span class='ocr_line' id='line_1_14' title="bbox 83 836 1038 888; baseline -0.005 -11"><span class='ocrx_word' id='word_1_78' title='bbox 83 839 220 888; x_wconf 84' lang='lat' dir='ltr'><strong>quenti</strong></span> <span class='ocrx_word' id='word_1_79' title='bbox 240 839 440 888; x_wconf 85' lang='lat' dir='ltr'><strong>praesules</strong></span> <span class='ocrx_word' id='word_1_80' title='bbox 461 842 500 875; x_wconf 92' lang='lat' dir='ltr'><strong>et</strong></span> <span class='ocrx_word' id='word_1_81' title='bbox 520 839 678 876; x_wconf 83' lang='lat' dir='ltr'><strong>abbates</strong></span> <span class='ocrx_word' id='word_1_82' title='bbox 697 836 854 886; x_wconf 79' lang='lat' dir='ltr'><strong>plurimi</strong></span> <span class='ocrx_word' id='word_1_83' title='bbox 876 849 896 873; x_wconf 96' lang='lat' dir='ltr'><strong>e</strong></span> <span class='ocrx_word' id='word_1_84' title='bbox 912 837 1038 873; x_wconf 90' lang='lat' dir='ltr'><strong>tribus</strong></span> 
     </span>
     <span class='ocr_line' id='line_1_15' title="bbox 83 889 1037 941; baseline -0.003 -12"><span class='ocrx_word' id='word_1_85' title='bbox 83 892 313 941; x_wconf 82' lang='lat' dir='ltr'><strong>provinciis,</strong></span> <span class='ocrx_word' id='word_1_86' title='bbox 344 891 620 939; x_wconf 84' lang='lat' dir='ltr'><strong>Moguntiaca,</strong></span> <span class='ocrx_word' id='word_1_87' title='bbox 646 889 870 927; x_wconf 85' lang='lat' dir='ltr'><strong>Trevirensi</strong></span> <span class='ocrx_word' id='word_1_88' title='bbox 900 892 939 926; x_wconf 91' lang='lat' dir='ltr'><strong>et</strong></span> <span class='ocrx_word' id='word_1_89' title='bbox 959 889 1037 927; x_wconf 88' lang='lat' dir='ltr'><strong>Co-</strong></span> 
     </span>
     <span class='ocr_line' id='line_1_16' title="bbox 84 942 1039 991; baseline -0.005 -8"><span class='ocrx_word' id='word_1_90' title='bbox 84 944 261 990; x_wconf 88' lang='lat' dir='ltr'><strong>loniensi,</strong></span> <span class='ocrx_word' id='word_1_91' title='bbox 281 946 547 981; x_wconf 87' lang='lat' dir='ltr'><strong>convenerunt</strong></span> <span class='ocrx_word' id='word_1_92' title='bbox 567 942 827 991; x_wconf 84' lang='lat' dir='ltr'><strong>Moguntiam,</strong></span> <span class='ocrx_word' id='word_1_93' title='bbox 846 945 886 978; x_wconf 84' lang='lat' dir='ltr'><strong>et</strong></span> <span class='ocrx_word' id='word_1_94' title='bbox 906 942 952 978; x_wconf 89' lang='lat' dir='ltr'><strong>ad</strong></span> <span class='ocrx_word' id='word_1_95' title='bbox 975 953 1039 978; x_wconf 89' lang='lat' dir='ltr'><strong>re-</strong></span> 
     </span>
     <span class='ocr_line' id='line_1_17' title="bbox 84 994 1038 1044; baseline -0.004 -9"><span class='ocrx_word' id='word_1_96' title='bbox 84 997 327 1035; x_wconf 81' lang='lat' dir='ltr'><strong>formandam</strong></span> <span class='ocrx_word' id='word_1_97' title='bbox 356 996 598 1044; x_wconf 84' lang='lat' dir='ltr'><strong>disciplinam</strong></span> <span class='ocrx_word' id='word_1_98' title='bbox 623 995 882 1032; x_wconf 87' lang='lat' dir='ltr'><strong>condiderunt</strong></span> <span class='ocrx_word' id='word_1_99' title='bbox 901 994 952 1032; x_wconf 75' lang='lat'><strong>26</strong></span> <span class='ocrx_word' id='word_1_100' title='bbox 972 1006 1038 1031; x_wconf 88' lang='lat' dir='ltr'><strong>ca-</strong></span> 
     </span>
     <span class='ocr_line' id='line_1_18' title="bbox 86 1047 1038 1097; baseline -0.004 -10"><span class='ocrx_word' id='word_1_101' title='bbox 86 1061 217 1087; x_wconf 90' lang='lat' dir='ltr'><strong>nones.</strong></span> <span class='ocrx_word' id='word_1_102' title='bbox 240 1050 283 1086; x_wconf 91' lang='lat' dir='ltr'><strong>In</strong></span> <span class='ocrx_word' id='word_1_103' title='bbox 299 1061 431 1086; x_wconf 88' lang='lat' dir='ltr'><strong>eorum</strong></span> <span class='ocrx_word' id='word_1_104' title='bbox 452 1048 711 1097; x_wconf 81' lang='lat' dir='ltr'><strong>praefatione,</strong></span> <span class='ocrx_word' id='word_1_105' title='bbox 733 1047 925 1084; x_wconf 86' lang='lat' dir='ltr'><strong>deiectum</strong></span> <span class='ocrx_word' id='word_1_106' title='bbox 940 1047 1038 1084; x_wconf 88' lang='lat' dir='ltr'><strong>Nor-</strong></span> 
     </span>
     <span class='ocr_line' id='line_1_19' title="bbox 84 1101 1035 1150; baseline -0.004 -10"><span class='ocrx_word' id='word_1_107' title='bbox 84 1113 319 1140; x_wconf 89' lang='lat' dir='ltr'><strong>mannorum</strong></span> <span class='ocrx_word' id='word_1_108' title='bbox 351 1101 572 1150; x_wconf 67' lang='lat' dir='ltr'><strong>incursione</strong></span> <span class='ocrx_word' id='word_1_109' title='bbox 606 1101 860 1137; x_wconf 89' lang='lat' dir='ltr'><strong>eeclesiarum</strong></span> <span class='ocrx_word' id='word_1_110' title='bbox 889 1102 1035 1137; x_wconf 89' lang='lat' dir='ltr'><strong>statum</strong></span> 
     </span>
     <span class='ocr_line' id='line_1_20' title="bbox 86 1153 1036 1204; baseline -0.005 -11"><span class='ocrx_word' id='word_1_111' title='bbox 86 1155 333 1204; x_wconf 84' lang='lat' dir='ltr'><strong>deplorantes</strong></span> <span class='ocrx_word' id='word_1_112' title='bbox 361 1154 518 1191; x_wconf 87' lang='lat' dir='ltr'><strong>dicunt:</strong></span> <span class='ocrx_word' id='word_1_113' title='bbox 542 1165 565 1190; x_wconf 88' lang='lat'><strong>‹&lt;</strong></span> <span class='ocrx_word' id='word_1_114' title='bbox 580 1153 745 1198; x_wconf 89' lang='lat' dir='ltr'><strong>Videte,</strong></span> <span class='ocrx_word' id='word_1_115' title='bbox 771 1164 889 1201; x_wconf 87' lang='lat' dir='ltr'><strong>quam</strong></span> <span class='ocrx_word' id='word_1_116' title='bbox 918 1164 1036 1201; x_wconf 89' lang='lat' dir='ltr'><strong>prae-</strong></span> 
     </span>
     <span class='ocr_line' id='line_1_21' title="bbox 84 1205 1037 1245; baseline -0.003 0"><span class='ocrx_word' id='word_1_117' title='bbox 84 1208 195 1245; x_wconf 88' lang='lat' dir='ltr'><strong>clara</strong></span> <span class='ocrx_word' id='word_1_118' title='bbox 223 1210 262 1245; x_wconf 87' lang='lat' dir='ltr'><strong>et</strong></span> <span class='ocrx_word' id='word_1_119' title='bbox 282 1207 427 1244; x_wconf 90' lang='lat' dir='ltr'><strong>nobilia</strong></span> <span class='ocrx_word' id='word_1_120' title='bbox 447 1217 653 1243; x_wconf 84' lang='lat' dir='ltr'><strong>servorum</strong></span> <span class='ocrx_word' id='word_1_121' title='bbox 675 1205 746 1242; x_wconf 91' lang='lat' dir='ltr'><strong>Dei</strong></span> <span class='ocrx_word' id='word_1_122' title='bbox 769 1205 947 1243; x_wconf 88' lang='lat' dir='ltr'><strong>aedificia</strong></span> <span class='ocrx_word' id='word_1_123' title='bbox 966 1206 1037 1242; x_wconf 92' lang='lat' dir='ltr'><strong>de-</strong></span> 
     </span>
     <span class='ocr_line' id='line_1_22' title="bbox 84 1257 1040 1304; baseline -0.004 -6"><span class='ocrx_word' id='word_1_124' title='bbox 84 1263 234 1298; x_wconf 89' lang='lat' dir='ltr'><strong>structa</strong></span> <span class='ocrx_word' id='word_1_125' title='bbox 261 1263 301 1297; x_wconf 88' lang='lat' dir='ltr'><strong>et</strong></span> <span class='ocrx_word' id='word_1_126' title='bbox 328 1260 487 1296; x_wconf 89' lang='lat' dir='ltr'><strong>incensa</strong></span> <span class='ocrx_word' id='word_1_127' title='bbox 515 1260 624 1304; x_wconf 78' lang='lat' dir='ltr'><strong>sunt3</strong></span> <span class='ocrx_word' id='word_1_128' title='bbox 646 1258 788 1296; x_wconf 82' lang='lat' dir='ltr'><strong>altaria</strong></span> <span class='ocrx_word' id='word_1_129' title='bbox 818 1257 970 1295; x_wconf 87' lang='lat' dir='ltr'><strong>defossa</strong></span> <span class='ocrx_word' id='word_1_130' title='bbox 1000 1260 1040 1294; x_wconf 89' lang='lat' dir='ltr'><strong>et</strong></span> 
     </span>
     <span class='ocr_line' id='line_1_23' title="bbox 83 1311 1035 1362; baseline -0.004 -12"><span class='ocrx_word' id='word_1_131' title='bbox 83 1314 241 1362; x_wconf 88' lang='lat' dir='ltr'><strong>penitus</strong></span> <span class='ocrx_word' id='word_1_132' title='bbox 255 1311 505 1359; x_wconf 83' lang='lat' dir='ltr'><strong>conculcata3</strong></span> <span class='ocrx_word' id='word_1_133' title='bbox 526 1314 759 1348; x_wconf 87' lang='lat' dir='ltr'><strong>ornamenta</strong></span> <span class='ocrx_word' id='word_1_134' title='bbox 778 1311 1035 1348; x_wconf 87' lang='lat' dir='ltr'><strong>ecclesiarum</strong></span> 
     </span>
     <span class='ocr_line' id='line_1_24' title="bbox 80 1363 1037 1413; baseline -0.004 -10"><span class='ocrx_word' id='word_1_135' title='bbox 80 1366 151 1403; x_wconf 90' lang='lat' dir='ltr'><strong>Dei</strong></span> <span class='ocrx_word' id='word_1_136' title='bbox 172 1365 286 1402; x_wconf 88' lang='lat' dir='ltr'><strong>valde</strong></span> <span class='ocrx_word' id='word_1_137' title='bbox 308 1365 503 1413; x_wconf 85' lang='lat' dir='ltr'><strong>pretiosa,</strong></span> <span class='ocrx_word' id='word_1_138' title='bbox 525 1365 677 1412; x_wconf 90' lang='lat' dir='ltr'><strong>direpta</strong></span> <span class='ocrx_word' id='word_1_139' title='bbox 705 1367 745 1401; x_wconf 88' lang='lat' dir='ltr'><strong>et</strong></span> <span class='ocrx_word' id='word_1_140' title='bbox 766 1363 848 1412; x_wconf 84' lang='lat' dir='ltr'><strong>igni</strong></span> <span class='ocrx_word' id='word_1_141' title='bbox 869 1365 1037 1409; x_wconf 82' lang='lat' dir='ltr'><strong>exusta3</strong></span> 
     </span>
     <span class='ocr_line' id='line_1_25' title="bbox 83 1416 1037 1466; baseline -0.003 -11"><span class='ocrx_word' id='word_1_142' title='bbox 83 1418 250 1466; x_wconf 86' lang='lat' dir='ltr'><strong>episcopi</strong></span> <span class='ocrx_word' id='word_1_143' title='bbox 273 1421 312 1455; x_wconf 87' lang='lat' dir='ltr'><strong>et</strong></span> <span class='ocrx_word' id='word_1_144' title='bbox 332 1418 557 1454; x_wconf 83' lang='lat' dir='ltr'><strong>sacerdotes</strong></span> <span class='ocrx_word' id='word_1_145' title='bbox 578 1421 617 1454; x_wconf 90' lang='lat' dir='ltr'><strong>et</strong></span> <span class='ocrx_word' id='word_1_146' title='bbox 637 1416 787 1454; x_wconf 89' lang='lat' dir='ltr'><strong>caeteri</strong></span> <span class='ocrx_word' id='word_1_147' title='bbox 803 1416 950 1453; x_wconf 89' lang='lat' dir='ltr'><strong>ordinis</strong></span> <span class='ocrx_word' id='word_1_148' title='bbox 966 1417 1037 1452; x_wconf 88' lang='lat' dir='ltr'><strong>Ec-</strong></span> 
     </span>
     <span class='ocr_line' id='line_1_26' title="bbox 82 1469 1036 1519; baseline -0.003 -11"><span class='ocrx_word' id='word_1_149' title='bbox 82 1470 224 1508; x_wconf 86' lang='lat' dir='ltr'><strong>clesiae</strong></span> <span class='ocrx_word' id='word_1_150' title='bbox 254 1470 332 1507; x_wconf 81' lang='lat' dir='ltr'><strong>viri</strong></span> <span class='ocrx_word' id='word_1_151' title='bbox 352 1470 480 1519; x_wconf 88' lang='lat' dir='ltr'><strong>gladio</strong></span> <span class='ocrx_word' id='word_1_152' title='bbox 501 1470 673 1507; x_wconf 86' lang='lat' dir='ltr'><strong>truncati</strong></span> <span class='ocrx_word' id='word_1_153' title='bbox 695 1472 736 1506; x_wconf 90' lang='lat' dir='ltr'><strong>et</strong></span> <span class='ocrx_word' id='word_1_154' title='bbox 757 1469 922 1506; x_wconf 90' lang='lat' dir='ltr'><strong>diversis</strong></span> <span class='ocrx_word' id='word_1_155' title='bbox 941 1481 1036 1517; x_wconf 90' lang='lat' dir='ltr'><strong>poe-</strong></span> 
     </span>
     <span class='ocr_line' id='line_1_27' title="bbox 82 1522 1038 1571; baseline -0.003 -10"><span class='ocrx_word' id='word_1_156' title='bbox 82 1535 225 1561; x_wconf 87' lang='lat' dir='ltr'><strong>narum</strong></span> <span class='ocrx_word' id='word_1_157' title='bbox 245 1524 454 1571; x_wconf 89' lang='lat' dir='ltr'><strong>generibus</strong></span> <span class='ocrx_word' id='word_1_158' title='bbox 470 1523 587 1560; x_wconf 88' lang='lat' dir='ltr'><strong>morti</strong></span> <span class='ocrx_word' id='word_1_159' title='bbox 604 1522 771 1568; x_wconf 83' lang='lat' dir='ltr'><strong>addieti3</strong></span> <span class='ocrx_word' id='word_1_160' title='bbox 790 1522 913 1559; x_wconf 91' lang='lat' dir='ltr'><strong>omnis</strong></span> <span class='ocrx_word' id='word_1_161' title='bbox 930 1524 1038 1559; x_wconf 90' lang='lat' dir='ltr'><strong>aetas</strong></span> 
     </span>
     <span class='ocr_line' id='line_1_28' title="bbox 83 1575 1039 1625; baseline -0.002 -12"><span class='ocrx_word' id='word_1_162' title='bbox 83 1577 289 1624; x_wconf 89' lang='lat' dir='ltr'><strong>utriusque</strong></span> <span class='ocrx_word' id='word_1_163' title='bbox 311 1587 428 1613; x_wconf 78' lang='lat' dir='ltr'><strong>sexus</strong></span> <span class='ocrx_word' id='word_1_164' title='bbox 445 1576 574 1625; x_wconf 90' lang='lat' dir='ltr'><strong>gladio</strong></span> <span class='ocrx_word' id='word_1_165' title='bbox 590 1579 630 1612; x_wconf 88' lang='lat' dir='ltr'><strong>et</strong></span> <span class='ocrx_word' id='word_1_166' title='bbox 646 1576 749 1623; x_wconf 90' lang='lat' dir='ltr'><strong>igne,</strong></span> <span class='ocrx_word' id='word_1_167' title='bbox 765 1575 920 1612; x_wconf 81' lang='lat' dir='ltr'><strong>diverso</strong></span> <span class='ocrx_word' id='word_1_168' title='bbox 936 1587 1039 1612; x_wconf 90' lang='lat' dir='ltr'><strong>mor-</strong></span> 
     </span>
     <span class='ocr_line' id='line_1_29' title="bbox 81 1627 1040 1678; baseline -0.001 -12"><span class='ocrx_word' id='word_1_169' title='bbox 81 1629 179 1666; x_wconf 86' lang='lat' dir='ltr'><strong>tium</strong></span> <span class='ocrx_word' id='word_1_170' title='bbox 199 1640 343 1678; x_wconf 85' lang='lat' dir='ltr'><strong>genere</strong></span> <span class='ocrx_word' id='word_1_171' title='bbox 359 1629 631 1677; x_wconf 83' lang='lat' dir='ltr'><strong>consumpti...</strong></span> <span class='ocrx_word' id='word_1_172' title='bbox 650 1628 758 1664; x_wconf 87' lang='lat' dir='ltr'><strong>Illius</strong></span> <span class='ocrx_word' id='word_1_173' title='bbox 775 1627 1040 1665; x_wconf 84' lang='lat' dir='ltr'><strong>subversionis</strong></span> 
     </span>
     <span class='ocr_line' id='line_1_30' title="bbox 83 1681 1038 1731; baseline -0.002 -12"><span class='ocrx_word' id='word_1_174' title='bbox 83 1682 298 1731; x_wconf 90' lang='lat' dir='ltr'><strong>periculum</strong></span> <span class='ocrx_word' id='word_1_175' title='bbox 318 1682 468 1719; x_wconf 82' lang='lat' dir='ltr'><strong>incolae</strong></span> <span class='ocrx_word' id='word_1_176' title='bbox 485 1681 817 1719; x_wconf 83' lang='lat' dir='ltr'><strong>monasteriorum</strong></span> <span class='ocrx_word' id='word_1_177' title='bbox 836 1681 1038 1729; x_wconf 87' lang='lat' dir='ltr'><strong>utriusque</strong></span> 
     </span>
     <span class='ocr_line' id='line_1_31' title="bbox 83 1734 1039 1781; baseline -0.002 -9"><span class='ocrx_word' id='word_1_178' title='bbox 83 1746 199 1772; x_wconf 80' lang='lat' dir='ltr'><strong>sexus</strong></span> <span class='ocrx_word' id='word_1_179' title='bbox 219 1737 457 1781; x_wconf 87' lang='lat' dir='ltr'><strong>metuentes,</strong></span> <span class='ocrx_word' id='word_1_180' title='bbox 478 1735 553 1771; x_wconf 91' lang='lat' dir='ltr'><strong>huc</strong></span> <span class='ocrx_word' id='word_1_181' title='bbox 574 1734 747 1781; x_wconf 87' lang='lat' dir='ltr'><strong>illucque</strong></span> <span class='ocrx_word' id='word_1_182' title='bbox 768 1736 965 1781; x_wconf 79' lang='lat' dir='ltr'><strong>vagantur</strong></span> <span class='ocrx_word' id='word_1_183' title='bbox 985 1735 1039 1770; x_wconf 93' lang='lat' dir='ltr'><strong>in-</strong></span> 
     </span>
     <span class='ocr_line' id='line_1_32' title="bbox 82 1786 1034 1835; baseline -0.001 -11"><span class='ocrx_word' id='word_1_184' title='bbox 82 1787 183 1824; x_wconf 88' lang='lat' dir='ltr'><strong>certi</strong></span> <span class='ocrx_word' id='word_1_185' title='bbox 210 1799 298 1824; x_wconf 91' lang='lat' dir='ltr'><strong>eum</strong></span> <span class='ocrx_word' id='word_1_186' title='bbox 319 1787 493 1835; x_wconf 90' lang='lat' dir='ltr'><strong>periculo</strong></span> <span class='ocrx_word' id='word_1_187' title='bbox 514 1798 606 1824; x_wconf 90' lang='lat' dir='ltr'><strong>suae</strong></span> <span class='ocrx_word' id='word_1_188' title='bbox 628 1786 881 1835; x_wconf 87' lang='lat' dir='ltr'><strong>professionis</strong></span> <span class='ocrx_word' id='word_1_189' title='bbox 897 1797 933 1823; x_wconf 89' lang='lat'><strong>».</strong></span> <span class='ocrx_word' id='word_1_190' title='bbox 955 1786 1034 1823; x_wconf 92' lang='lat' dir='ltr'><strong>Eo-</strong></span> 
     </span>
     <span class='ocr_line' id='line_1_33' title="bbox 80 1838 1040 1890; baseline -0.001 -13"><span class='ocrx_word' id='word_1_191' title='bbox 80 1840 169 1877; x_wconf 86' lang='lat' dir='ltr'><strong>dem</strong></span> <span class='ocrx_word' id='word_1_192' title='bbox 183 1852 286 1877; x_wconf 88' lang='lat' dir='ltr'><strong>anno</strong></span> <span class='ocrx_word' id='word_1_193' title='bbox 302 1839 415 1890; x_wconf 89' lang='lat'><em>(888)</em></span> <span class='ocrx_word' id='word_1_194' title='bbox 435 1840 639 1877; x_wconf 86' lang='lat' dir='ltr'><strong>Rothadus</strong></span> <span class='ocrx_word' id='word_1_195' title='bbox 658 1838 906 1875; x_wconf 87' lang='lat' dir='ltr'><strong>Trevirensis</strong></span> <span class='ocrx_word' id='word_1_196' title='bbox 922 1850 1040 1887; x_wconf 73' lang='lat' dir='ltr'><strong>syno-</strong></span> 
     </span>
     <span class='ocr_line' id='line_1_34' title="bbox 83 1891 1037 1939; baseline -0.002 -9"><span class='ocrx_word' id='word_1_197' title='bbox 83 1893 175 1929; x_wconf 87' lang='lat' dir='ltr'><strong>dum</strong></span> <span class='ocrx_word' id='word_1_198' title='bbox 203 1893 341 1930; x_wconf 84' lang='lat' dir='ltr'><strong>habuit</strong></span> <span class='ocrx_word' id='word_1_199' title='bbox 369 1893 409 1929; x_wconf 90' lang='lat' dir='ltr'><strong>in</strong></span> <span class='ocrx_word' id='word_1_200' title='bbox 438 1892 624 1930; x_wconf 87' lang='lat' dir='ltr'><strong>suburbio</strong></span> <span class='ocrx_word' id='word_1_201' title='bbox 652 1891 876 1938; x_wconf 82' lang='lat' dir='ltr'><strong>Metarum‚</strong></span> <span class='ocrx_word' id='word_1_202' title='bbox 898 1892 937 1927; x_wconf 89' lang='lat' dir='ltr'><strong>in</strong></span> <span class='ocrx_word' id='word_1_203' title='bbox 959 1904 1037 1939; x_wconf 85' lang='lat' dir='ltr'><strong>qua</strong></span> 
     </span>
     <span class='ocr_line' id='line_1_35' title="bbox 87 1943 1036 1992; baseline -0.002 -9"><span class='ocrx_word' id='word_1_204' title='bbox 87 1945 133 1983; x_wconf 88' lang='grc'><strong>13</strong></span> <span class='ocrx_word' id='word_1_205' title='bbox 154 1957 320 1983; x_wconf 87' lang='lat' dir='ltr'><strong>canones</strong></span> <span class='ocrx_word' id='word_1_206' title='bbox 339 1945 436 1983; x_wconf 89' lang='lat' dir='ltr'><strong>editi</strong></span> <span class='ocrx_word' id='word_1_207' title='bbox 456 1947 557 1983; x_wconf 90' lang='lat' dir='ltr'><strong>sunt.</strong></span> <span class='ocrx_word' id='word_1_208' title='bbox 580 1947 654 1982; x_wconf 89' lang='lat' dir='ltr'><strong>An.</strong></span> <span class='ocrx_word' id='word_1_209' title='bbox 675 1945 755 1981; x_wconf 78' lang='grc'>892</span> <span class='ocrx_word' id='word_1_210' title='bbox 775 1943 951 1992; x_wconf 86' lang='lat' dir='ltr'><strong>presules</strong></span> <span class='ocrx_word' id='word_1_211' title='bbox 970 1956 1036 1981; x_wconf 90' lang='lat' dir='ltr'><strong>re-</strong></span> 
     </span>
     <span class='ocr_line' id='line_1_36' title="bbox 83 1997 1036 2047; baseline -0.001 -12"><span class='ocrx_word' id='word_1_212' title='bbox 83 1998 149 2047; x_wconf 85' lang='lat' dir='ltr'><strong>gni</strong></span> <span class='ocrx_word' id='word_1_213' title='bbox 169 1999 408 2036; x_wconf 88' lang='lat' dir='ltr'><strong>Arelatensis</strong></span> <span class='ocrx_word' id='word_1_214' title='bbox 428 1999 468 2035; x_wconf 91' lang='lat' dir='ltr'><strong>in</strong></span> <span class='ocrx_word' id='word_1_215' title='bbox 489 1998 654 2047; x_wconf 74' lang='lat' dir='ltr'><strong>synodo,</strong></span> <span class='ocrx_word' id='word_1_216' title='bbox 676 1997 812 2036; x_wconf 88' lang='lat' dir='ltr'><strong>habita</strong></span> <span class='ocrx_word' id='word_1_217' title='bbox 831 1997 1011 2035; x_wconf 87' lang='lat' dir='ltr'><strong>Viennae</strong></span> <span class='ocrx_word' id='word_1_218' title='bbox 1027 2026 1036 2043; x_wconf 94' lang='lat'><strong>,</strong></span> 
     </span>
     <span class='ocr_line' id='line_1_37' title="bbox 82 2048 1036 2098; baseline -0.002 -10"><span class='ocrx_word' id='word_1_219' title='bbox 82 2051 340 2089; x_wconf 89' lang='lat' dir='ltr'><strong>condiderunt</strong></span> <span class='ocrx_word' id='word_1_220' title='bbox 359 2053 383 2088; x_wconf 88' lang='grc'>4</span> <span class='ocrx_word' id='word_1_221' title='bbox 404 2063 582 2088; x_wconf 89' lang='lat' dir='ltr'><strong>canones.</strong></span> <span class='ocrx_word' id='word_1_222' title='bbox 606 2048 793 2088; x_wconf 90' lang='lat' dir='ltr'><strong>Triennio</strong></span> <span class='ocrx_word' id='word_1_223' title='bbox 816 2052 903 2098; x_wconf 89' lang='lat' dir='ltr'><strong>post</strong></span> <span class='ocrx_word' id='word_1_224' title='bbox 922 2050 974 2087; x_wconf 76' lang='lat'><strong>22</strong></span> <span class='ocrx_word' id='word_1_225' title='bbox 995 2063 1036 2086; x_wconf 88' lang='lat' dir='ltr'><strong>e-</strong></span> 
     </span>
     <span class='ocr_line' id='line_1_38' title="bbox 82 2103 1037 2153; baseline -0.002 -12"><span class='ocrx_word' id='word_1_226' title='bbox 82 2103 226 2153; x_wconf 85' lang='lat' dir='ltr'><strong>piscopi</strong></span> <span class='ocrx_word' id='word_1_227' title='bbox 256 2117 277 2141; x_wconf 89' lang='lat' dir='ltr'><strong>e</strong></span> <span class='ocrx_word' id='word_1_228' title='bbox 306 2115 426 2152; x_wconf 90' lang='lat' dir='ltr'><strong>regno</strong></span> <span class='ocrx_word' id='word_1_229' title='bbox 455 2104 648 2152; x_wconf 88' lang='lat' dir='ltr'><strong>Arnulphi</strong></span> <span class='ocrx_word' id='word_1_230' title='bbox 676 2115 717 2140; x_wconf 87' lang='lat' dir='ltr'><strong>se</strong></span> <span class='ocrx_word' id='word_1_231' title='bbox 745 2105 1037 2152; x_wconf 83' lang='lat' dir='ltr'><strong>congregarunt</strong></span> 
     </span>
     <span class='ocr_line' id='line_1_39' title="bbox 82 2154 1036 2206; baseline -0.001 -12"><span class='ocrx_word' id='word_1_232' title='bbox 82 2154 289 2194; x_wconf 86' lang='lat' dir='ltr'><strong>Triburiae</strong></span> <span class='ocrx_word' id='word_1_233' title='bbox 309 2168 428 2206; x_wconf 87' lang='lat' dir='ltr'><strong>prope</strong></span> <span class='ocrx_word' id='word_1_234' title='bbox 449 2157 711 2205; x_wconf 87' lang='lat' dir='ltr'><strong>Moguntiam,</strong></span> <span class='ocrx_word' id='word_1_235' title='bbox 728 2159 767 2193; x_wconf 89' lang='lat' dir='ltr'><strong>et</strong></span> <span class='ocrx_word' id='word_1_236' title='bbox 786 2168 856 2204; x_wconf 88' lang='lat' dir='ltr'><strong>pro</strong></span> <span class='ocrx_word' id='word_1_237' title='bbox 876 2167 1036 2204; x_wconf 88' lang='lat' dir='ltr'><strong>compo-</strong></span> 
     </span>
     <span class='ocr_line' id='line_1_40' title="bbox 82 2208 1035 2259; baseline 0 -13"><span class='ocrx_word' id='word_1_238' title='bbox 82 2210 219 2246; x_wconf 90' lang='lat' dir='ltr'><strong>nendis</strong></span> <span class='ocrx_word' id='word_1_239' title='bbox 238 2210 330 2247; x_wconf 88' lang='lat' dir='ltr'><strong>cleri</strong></span> <span class='ocrx_word' id='word_1_240' title='bbox 350 2221 396 2247; x_wconf 89' lang='lat' dir='ltr'><strong>ac</strong></span> <span class='ocrx_word' id='word_1_241' title='bbox 416 2209 548 2259; x_wconf 87' lang='lat' dir='ltr'><strong>populi</strong></span> <span class='ocrx_word' id='word_1_242' title='bbox 568 2210 740 2247; x_wconf 88' lang='lat' dir='ltr'><strong>moribus</strong></span> <span class='ocrx_word' id='word_1_243' title='bbox 761 2209 965 2246; x_wconf 87' lang='lat' dir='ltr'><strong>ediderunt</strong></span> <span class='ocrx_word' id='word_1_244' title='bbox 985 2208 1035 2246; x_wconf 83' lang='lat'><strong>58</strong></span> 
     </span>
     <span class='ocr_line' id='line_1_41' title="bbox 83 2261 296 2300; baseline 0 -1"><span class='ocrx_word' id='word_1_245' title='bbox 83 2273 250 2300; x_wconf 86' lang='lat' dir='ltr'><strong>canones</strong></span> <span class='ocrx_word' id='word_1_246' title='bbox 272 2261 296 2299; x_wconf 91' lang='lat'><strong>¹.</strong></span> 
     </span>
    </p>

    <p class='ocr_par' dir='ltr' id='par_1_4' title="bbox 82 2314 1036 3100">
     <span class='ocr_line' id='line_1_42' title="bbox 134 2314 1034 2363; baseline 0 -12"><span class='ocrx_word' id='word_1_247' title='bbox 134 2315 179 2351; x_wconf 90' lang='lat' dir='ltr'><strong>In</strong></span> <span class='ocrx_word' id='word_1_248' title='bbox 200 2315 343 2363; x_wconf 86' lang='lat' dir='ltr'><strong>Anglia</strong></span> <span class='ocrx_word' id='word_1_249' title='bbox 361 2314 546 2354; x_wconf 89' lang='lat' dir='ltr'><strong>Alfredus</strong></span> <span class='ocrx_word' id='word_1_250' title='bbox 565 2326 635 2352; x_wconf 78' lang='lat' dir='ltr'><strong>rex</strong></span> <span class='ocrx_word' id='word_1_251' title='bbox 655 2315 766 2352; x_wconf 90' lang='lat' dir='ltr'><strong>annis</strong></span> <span class='ocrx_word' id='word_1_252' title='bbox 787 2325 906 2363; x_wconf 87' lang='lat' dir='ltr'><strong>prope</strong></span> <span class='ocrx_word' id='word_1_253' title='bbox 922 2314 946 2351; x_wconf 88' lang='grc'>9</span> <span class='ocrx_word' id='word_1_254' title='bbox 964 2315 1034 2351; x_wconf 86' lang='lat' dir='ltr'><strong>ad-</strong></span> 
     </span>
     <span class='ocr_line' id='line_1_43' title="bbox 85 2366 1033 2416; baseline 0.001 -13"><span class='ocrx_word' id='word_1_255' title='bbox 85 2378 223 2404; x_wconf 90' lang='lat' dir='ltr'><strong>versus</strong></span> <span class='ocrx_word' id='word_1_256' title='bbox 243 2368 372 2405; x_wconf 87' lang='lat' dir='ltr'><strong>Danos</strong></span> <span class='ocrx_word' id='word_1_257' title='bbox 390 2366 654 2416; x_wconf 83' lang='lat' dir='ltr'><strong>belligeravit,</strong></span> <span class='ocrx_word' id='word_1_258' title='bbox 670 2369 792 2405; x_wconf 89' lang='lat' dir='ltr'><strong>donec</strong></span> <span class='ocrx_word' id='word_1_259' title='bbox 812 2379 872 2404; x_wconf 87' lang='lat' dir='ltr'><strong>an.</strong></span> <span class='ocrx_word' id='word_1_260' title='bbox 890 2366 968 2404; x_wconf 78' lang='lat'><strong>878</strong></span> <span class='ocrx_word' id='word_1_261' title='bbox 984 2368 1033 2404; x_wconf 86' lang='lat' dir='ltr'><strong>ab</strong></span> 
     </span>
     <span class='ocr_line' id='line_1_44' title="bbox 82 2419 1032 2469; baseline 0.001 -13"><span class='ocrx_word' id='word_1_262' title='bbox 82 2419 129 2457; x_wconf 88' lang='lat' dir='ltr'><strong>iis</strong></span> <span class='ocrx_word' id='word_1_263' title='bbox 147 2423 365 2468; x_wconf 88' lang='lat' dir='ltr'><strong>superatus,</strong></span> <span class='ocrx_word' id='word_1_264' title='bbox 384 2421 422 2457; x_wconf 90' lang='lat' dir='ltr'><strong>in</strong></span> <span class='ocrx_word' id='word_1_265' title='bbox 444 2421 731 2469; x_wconf 86' lang='lat' dir='ltr'><strong>AEthclingiam</strong></span> <span class='ocrx_word' id='word_1_266' title='bbox 752 2420 888 2469; x_wconf 84' lang='lat' dir='ltr'><strong>fugere</strong></span> <span class='ocrx_word' id='word_1_267' title='bbox 917 2432 1032 2457; x_wconf 89' lang='lat' dir='ltr'><strong>coac-</strong></span> 
     </span>
     <span class='ocr_line' id='line_1_45' title="bbox 82 2472 1032 2522; baseline 0 -12"><span class='ocrx_word' id='word_1_268' title='bbox 82 2475 147 2510; x_wconf 83' lang='lat' dir='ltr'><strong>tus</strong></span> <span class='ocrx_word' id='word_1_269' title='bbox 175 2472 305 2510; x_wconf 85' lang='lat' dir='ltr'><strong>fucrit.</strong></span> <span class='ocrx_word' id='word_1_270' title='bbox 326 2473 407 2510; x_wconf 89' lang='lat' dir='ltr'><strong>Illic</strong></span> <span class='ocrx_word' id='word_1_271' title='bbox 426 2486 450 2511; x_wconf 92' lang='lat' dir='ltr'><strong>a</strong></span> <span class='ocrx_word' id='word_1_272' title='bbox 469 2485 498 2510; x_wconf 92' lang='lat' dir='ltr'><strong>s.</strong></span> <span class='ocrx_word' id='word_1_273' title='bbox 515 2474 721 2519; x_wconf 86' lang='lat' dir='ltr'><strong>Gutberto,</strong></span> <span class='ocrx_word' id='word_1_274' title='bbox 738 2474 914 2522; x_wconf 88' lang='lat' dir='ltr'><strong>episcopo</strong></span> <span class='ocrx_word' id='word_1_275' title='bbox 934 2473 1032 2510; x_wconf 89' lang='lat' dir='ltr'><strong>Lin-</strong></span> 
     </span>
     <span class='ocr_line' id='line_1_46' title="bbox 84 2524 1033 2572; baseline 0 -10"><span class='ocrx_word' id='word_1_276' title='bbox 84 2524 331 2570; x_wconf 89' lang='lat' dir='ltr'><strong>disfarnensi,</strong></span> <span class='ocrx_word' id='word_1_277' title='bbox 348 2526 396 2562; x_wconf 90' lang='lat' dir='ltr'><strong>ad</strong></span> <span class='ocrx_word' id='word_1_278' title='bbox 416 2526 599 2563; x_wconf 87' lang='lat' dir='ltr'><strong>fiduciam</strong></span> <span class='ocrx_word' id='word_1_279' title='bbox 616 2529 781 2572; x_wconf 89' lang='lat' dir='ltr'><strong>erectus,</strong></span> <span class='ocrx_word' id='word_1_280' title='bbox 796 2537 860 2563; x_wconf 91' lang='lat' dir='ltr'><strong>an.</strong></span> <span class='ocrx_word' id='word_1_281' title='bbox 877 2527 955 2563; x_wconf 83' lang='grc'>879</span> <span class='ocrx_word' id='word_1_282' title='bbox 970 2538 1033 2562; x_wconf 91' lang='lat' dir='ltr'><strong>no·</strong></span> 
     </span>
     <span class='ocr_line' id='line_1_47' title="bbox 83 2578 1032 2627; baseline 0.003 -14"><span class='ocrx_word' id='word_1_283' title='bbox 83 2589 133 2614; x_wconf 84' lang='lat' dir='ltr'><strong>vo</strong></span> <span class='ocrx_word' id='word_1_284' title='bbox 162 2578 373 2614; x_wconf 89' lang='lat' dir='ltr'><strong>certamine</strong></span> <span class='ocrx_word' id='word_1_285' title='bbox 401 2578 530 2616; x_wconf 88' lang='lat' dir='ltr'><strong>hostes</strong></span> <span class='ocrx_word' id='word_1_286' title='bbox 559 2590 771 2627; x_wconf 84' lang='lat' dir='ltr'><strong>aggressus</strong></span> <span class='ocrx_word' id='word_1_287' title='bbox 792 2582 869 2625; x_wconf 88' lang='lat' dir='ltr'><strong>est,</strong></span> <span class='ocrx_word' id='word_1_288' title='bbox 890 2591 1032 2627; x_wconf 83' lang='lat' dir='ltr'><strong>eosque</strong></span> 
     </span>
     <span class='ocr_line' id='line_1_48' title="bbox 82 2630 1032 2680; baseline 0.001 -13"><span class='ocrx_word' id='word_1_289' title='bbox 82 2632 196 2668; x_wconf 82' lang='lat' dir='ltr'><strong>tanta</strong></span> <span class='ocrx_word' id='word_1_290' title='bbox 210 2633 342 2678; x_wconf 83' lang='lat' dir='ltr'><strong>strage</strong></span> <span class='ocrx_word' id='word_1_291' title='bbox 359 2630 501 2676; x_wconf 85' lang='lat' dir='ltr'><strong>affecit,</strong></span> <span class='ocrx_word' id='word_1_292' title='bbox 520 2634 562 2668; x_wconf 88' lang='lat' dir='ltr'><strong>ut</strong></span> <span class='ocrx_word' id='word_1_293' title='bbox 577 2632 642 2679; x_wconf 88' lang='lat' dir='ltr'><strong>qui</strong></span> <span class='ocrx_word' id='word_1_294' title='bbox 658 2632 890 2680; x_wconf 88' lang='lat' dir='ltr'><strong>superstites</strong></span> <span class='ocrx_word' id='word_1_295' title='bbox 906 2635 1032 2678; x_wconf 86' lang='lat' dir='ltr'><strong>erant,</strong></span> 
     </span>
     <span class='ocr_line' id='line_1_49' title="bbox 82 2683 1031 2730; baseline 0 -9"><span class='ocrx_word' id='word_1_296' title='bbox 82 2694 214 2721; x_wconf 89' lang='lat' dir='ltr'><strong>secum</strong></span> <span class='ocrx_word' id='word_1_297' title='bbox 231 2694 324 2730; x_wconf 89' lang='lat' dir='ltr'><strong>rege</strong></span> <span class='ocrx_word' id='word_1_298' title='bbox 339 2694 409 2720; x_wconf 91' lang='lat' dir='ltr'><strong>suo</strong></span> <span class='ocrx_word' id='word_1_299' title='bbox 426 2683 577 2720; x_wconf 87' lang='lat' dir='ltr'><strong>Guthro</strong></span> <span class='ocrx_word' id='word_1_300' title='bbox 593 2684 783 2730; x_wconf 87' lang='lat' dir='ltr'><strong>dederint,</strong></span> <span class='ocrx_word' id='word_1_301' title='bbox 799 2686 839 2721; x_wconf 90' lang='lat' dir='ltr'><strong>et</strong></span> <span class='ocrx_word' id='word_1_302' title='bbox 854 2685 1031 2722; x_wconf 87' lang='lat' dir='ltr'><strong>christia-</strong></span> 
     </span>
     <span class='ocr_line' id='line_1_50' title="bbox 83 2734 1028 2786; baseline 0.003 -14"><span class='ocrx_word' id='word_1_303' title='bbox 83 2747 173 2772; x_wconf 90' lang='lat' dir='ltr'><strong>nam</strong></span> <span class='ocrx_word' id='word_1_304' title='bbox 190 2734 307 2772; x_wconf 83' lang='lat' dir='ltr'><strong>fidem</strong></span> <span class='ocrx_word' id='word_1_305' title='bbox 324 2746 370 2771; x_wconf 85' lang='lat' dir='ltr'><strong>ac</strong></span> <span class='ocrx_word' id='word_1_306' title='bbox 386 2735 619 2783; x_wconf 88' lang='lat' dir='ltr'><strong>baptismum</strong></span> <span class='ocrx_word' id='word_1_307' title='bbox 636 2737 887 2786; x_wconf 86' lang='lat' dir='ltr'><strong>susceperint.</strong></span> <span class='ocrx_word' id='word_1_308' title='bbox 900 2737 1028 2774; x_wconf 86' lang='lat' dir='ltr'><strong>Alfre-</strong></span> 
     </span>
     <span class='ocr_line' id='line_1_51' title="bbox 83 2788 1031 2835; baseline 0.001 -10"><span class='ocrx_word' id='word_1_309' title='bbox 83 2788 153 2825; x_wconf 90' lang='lat' dir='ltr'><strong>dus</strong></span> <span class='ocrx_word' id='word_1_310' title='bbox 172 2788 228 2825; x_wconf 89' lang='lat' dir='ltr'><strong>eis</strong></span> <span class='ocrx_word' id='word_1_311' title='bbox 248 2788 419 2835; x_wconf 86' lang='lat' dir='ltr'><strong>gratiam</strong></span> <span class='ocrx_word' id='word_1_312' title='bbox 449 2788 555 2825; x_wconf 89' lang='lat' dir='ltr'><strong>dedit</strong></span> <span class='ocrx_word' id='word_1_313' title='bbox 584 2791 624 2825; x_wconf 89' lang='lat' dir='ltr'><strong>et</strong></span> <span class='ocrx_word' id='word_1_314' title='bbox 651 2790 690 2826; x_wconf 88' lang='lat' dir='ltr'><strong>in</strong></span> <span class='ocrx_word' id='word_1_315' title='bbox 722 2789 886 2828; x_wconf 87' lang='lat' dir='ltr'><strong>desertis</strong></span> <span class='ocrx_word' id='word_1_316' title='bbox 914 2790 1031 2828; x_wconf 86' lang='lat' dir='ltr'><strong>terris</strong></span> 
     </span>
     <span class='ocr_line' id='line_1_52' title="bbox 83 2840 1031 2889; baseline 0.001 -11"><span class='ocrx_word' id='word_1_317' title='bbox 83 2840 335 2889; x_wconf 85' lang='lat' dir='ltr'><strong>Est-angliae</strong></span> <span class='ocrx_word' id='word_1_318' title='bbox 357 2841 497 2889; x_wconf 87' lang='lat' dir='ltr'><strong>degere</strong></span> <span class='ocrx_word' id='word_1_319' title='bbox 523 2842 711 2879; x_wconf 84' lang='lat' dir='ltr'><strong>concessit</strong></span> <span class='ocrx_word' id='word_1_320' title='bbox 736 2843 808 2879; x_wconf 88' lang='lat' dir='ltr'><strong>sub</strong></span> <span class='ocrx_word' id='word_1_321' title='bbox 838 2854 908 2880; x_wconf 87' lang='lat' dir='ltr'><strong>sua</strong></span> <span class='ocrx_word' id='word_1_322' title='bbox 936 2855 1031 2880; x_wconf 91' lang='lat' dir='ltr'><strong>suo-</strong></span> 
     </span>
     <span class='ocr_line' id='line_1_53' title="bbox 83 2894 1032 2944; baseline 0.002 -14"><span class='ocrx_word' id='word_1_323' title='bbox 83 2905 249 2942; x_wconf 90' lang='lat' dir='ltr'><strong>rumque</strong></span> <span class='ocrx_word' id='word_1_324' title='bbox 279 2904 544 2930; x_wconf 82' lang='lat' dir='ltr'><strong>successorum</strong></span> <span class='ocrx_word' id='word_1_325' title='bbox 566 2894 703 2931; x_wconf 85' lang='lat' dir='ltr'><strong>tutela.</strong></span> <span class='ocrx_word' id='word_1_326' title='bbox 728 2894 913 2933; x_wconf 84' lang='lat' dir='ltr'><strong>Alfredus</strong></span> <span class='ocrx_word' id='word_1_327' title='bbox 942 2897 1032 2944; x_wconf 85' lang='lat' dir='ltr'><strong>qui,</strong></span> 
     </span>
     <span class='ocr_line' id='line_1_54' title="bbox 83 2945 1031 2996; baseline 0.002 -14"><span class='ocrx_word' id='word_1_328' title='bbox 83 2947 188 2994; x_wconf 84' lang='lat' dir='ltr'><strong>pacis</strong></span> <span class='ocrx_word' id='word_1_329' title='bbox 204 2957 249 2982; x_wconf 89' lang='lat' dir='ltr'><strong>ac</strong></span> <span class='ocrx_word' id='word_1_330' title='bbox 266 2946 355 2982; x_wconf 88' lang='lat' dir='ltr'><strong>belli</strong></span> <span class='ocrx_word' id='word_1_331' title='bbox 372 2945 488 2982; x_wconf 85' lang='lat' dir='ltr'><strong>laude</strong></span> <span class='ocrx_word' id='word_1_332' title='bbox 504 2946 647 2991; x_wconf 88' lang='lat' dir='ltr'><strong>clarus,</strong></span> <span class='ocrx_word' id='word_1_333' title='bbox 663 2946 891 2994; x_wconf 85' lang='lat' dir='ltr'><strong>Religionis,</strong></span> <span class='ocrx_word' id='word_1_334' title='bbox 906 2948 1031 2996; x_wconf 84' lang='lat' dir='ltr'><strong>regni,</strong></span> 
     </span>
     <span class='ocr_line' id='line_1_55' title="bbox 84 2998 1035 3048; baseline 0.002 -12"><span class='ocrx_word' id='word_1_335' title='bbox 84 3002 123 3037; x_wconf 91' lang='lat' dir='ltr'><strong>et</strong></span> <span class='ocrx_word' id='word_1_336' title='bbox 138 2998 361 3036; x_wconf 86' lang='lat' dir='ltr'><strong>litterarum</strong></span> <span class='ocrx_word' id='word_1_337' title='bbox 379 2998 628 3046; x_wconf 86' lang='lat' dir='ltr'><strong>prosperitati</strong></span> <span class='ocrx_word' id='word_1_338' title='bbox 648 2999 855 3046; x_wconf 85' lang='lat' dir='ltr'><strong>consuluit,</strong></span> <span class='ocrx_word' id='word_1_339' title='bbox 870 3000 1035 3048; x_wconf 82' lang='lat' dir='ltr'><strong>opt-imas</strong></span> 
     </span>
     <span class='ocr_line' id='line_1_56' title="bbox 84 3050 1036 3100; baseline 0.002 -11"><span class='ocrx_word' id='word_1_340' title='bbox 84 3052 190 3100; x_wconf 85' lang='lat' dir='ltr'><strong>leges</strong></span> <span class='ocrx_word' id='word_1_341' title='bbox 210 3050 498 3100; x_wconf 82' lang='lat' dir='ltr'><strong>promulgavit,</strong></span> <span class='ocrx_word' id='word_1_342' title='bbox 518 3051 670 3088; x_wconf 85' lang='lat' dir='ltr'><strong>reditus</strong></span> <span class='ocrx_word' id='word_1_343' title='bbox 691 3063 779 3088; x_wconf 84' lang='lat' dir='ltr'><strong>suos</strong></span> <span class='ocrx_word' id='word_1_344' title='bbox 800 3053 902 3090; x_wconf 85' lang='lat' dir='ltr'><strong>inter</strong></span> <span class='ocrx_word' id='word_1_345' title='bbox 923 3054 1036 3091; x_wconf 89' lang='lat' dir='ltr'><strong>aulae</strong></span> 
     </span>
    </p>
   </div>
   <div class='ocr_carea' id='block_1_3' title="bbox 84 3139 268 3145">
    <p class='ocr_par' dir='ltr' id='par_1_5' title="bbox 84 3139 268 3145">
     <span class='ocr_line' id='line_1_57' title="bbox 84 3139 268 3145; baseline 0 0"><span class='ocrx_word' id='word_1_346' title='bbox 84 3139 268 3145; x_wconf 95' lang='lat' dir='ltr'><strong> </strong></span> 
     </span>
    </p>
   </div>
   <div class='ocr_carea' id='block_1_4' title="bbox 129 3177 722 3219">
    <p class='ocr_par' dir='ltr' id='par_1_6' title="bbox 129 3177 722 3219">
     <span class='ocr_line' id='line_1_58' title="bbox 129 3177 722 3219; baseline -0.008 -7"><span class='ocrx_word' id='word_1_347' title='bbox 129 3179 139 3201; x_wconf 76' lang='lat'>¹</span> <span class='ocrx_word' id='word_1_348' title='bbox 156 3181 272 3219; x_wconf 85' lang='lat' dir='ltr'><strong>Labbe,</strong></span> <span class='ocrx_word' id='word_1_349' title='bbox 293 3180 411 3214; x_wconf 82' lang='lat' dir='ltr'><strong>Concil.</strong></span> <span class='ocrx_word' id='word_1_350' title='bbox 430 3183 448 3211; x_wconf 91' lang='lat' dir='ltr'><strong>t.</strong></span> <span class='ocrx_word' id='word_1_351' title='bbox 467 3180 514 3218; x_wconf 72' lang='lat' dir='ltr'><strong>lx,</strong></span> <span class='ocrx_word' id='word_1_352' title='bbox 531 3188 562 3219; x_wconf 90' lang='lat' dir='ltr'><strong>p.</strong></span> <span class='ocrx_word' id='word_1_353' title='bbox 578 3177 722 3211; x_wconf 64' lang='lat'><strong>396-438.</strong></span> 
     </span>
    </p>
   </div>
   <div class='ocr_carea' id='block_1_5' title="bbox 1058 898 1062 1455">
    <p class='ocr_par' dir='ltr' id='par_1_7' title="bbox 1058 898 1062 1455">
     <span class='ocr_line' id='line_1_59' title="bbox 1058 898 1062 1455; baseline 0 0"><span class='ocrx_word' id='word_1_354' title='bbox 1058 898 1062 1455; x_wconf 95' lang='lat' dir='ltr'><strong> </strong></span> 
     </span>
    </p>
   </div>
   <div class='ocr_carea' id='block_1_6' title="bbox 1901 130 1981 169">
    <p class='ocr_par' dir='ltr' id='par_1_8' title="bbox 1901 130 1981 169">
     <span class='ocr_line' id='line_1_60' title="bbox 1901 130 1981 169; baseline 0.013 -1"><span class='ocrx_word' id='word_1_355' title='bbox 1901 130 1981 169; x_wconf 83' lang='lat'><strong>243</strong></span> 
     </span>
    </p>
   </div>
   <div class='ocr_carea' id='block_1_7' title="bbox 1074 205 2044 2474">
    <p class='ocr_par' dir='ltr' id='par_1_9' title="bbox 1081 205 2039 677">
     <span class='ocr_line' id='line_1_61' title="bbox 1081 205 2035 256; baseline 0 -13"><span class='ocrx_word' id='word_1_356' title='bbox 1081 206 1298 253; x_wconf 88' lang='lat' dir='ltr'><strong>ministros,</strong></span> <span class='ocrx_word' id='word_1_357' title='bbox 1325 217 1532 256; x_wconf 83' lang='lat' dir='ltr'><strong>paupereS,</strong></span> <span class='ocrx_word' id='word_1_358' title='bbox 1560 205 1767 251; x_wconf 85' lang='lat' dir='ltr'><strong>eeclesias,</strong></span> <span class='ocrx_word' id='word_1_359' title='bbox 1794 205 2035 244; x_wconf 87' lang='lat' dir='ltr'><strong>monasteria</strong></span> 
     </span>
     <span class='ocr_line' id='line_1_62' title="bbox 1082 259 2038 307; baseline 0 -11"><span class='ocrx_word' id='word_1_360' title='bbox 1082 263 1122 296; x_wconf 88' lang='lat' dir='ltr'><strong>et</strong></span> <span class='ocrx_word' id='word_1_361' title='bbox 1137 260 1377 298; x_wconf 83' lang='lat' dir='ltr'><strong>academiam</strong></span> <span class='ocrx_word' id='word_1_362' title='bbox 1391 260 1654 298; x_wconf 82' lang='lat' dir='ltr'><strong>Oxoniensem</strong></span> <span class='ocrx_word' id='word_1_363' title='bbox 1670 259 1884 305; x_wconf 87' lang='lat' dir='ltr'><strong>dividebat,</strong></span> <span class='ocrx_word' id='word_1_364' title='bbox 1901 270 2038 307; x_wconf 87' lang='lat' dir='ltr'><strong>regna-</strong></span> 
     </span>
     <span class='ocr_line' id='line_1_63' title="bbox 1083 312 2036 362; baseline -0.001 -13"><span class='ocrx_word' id='word_1_365' title='bbox 1083 312 1141 350; x_wconf 86' lang='lat' dir='ltr'><strong>vit</strong></span> <span class='ocrx_word' id='word_1_366' title='bbox 1162 325 1281 361; x_wconf 86' lang='lat' dir='ltr'><strong>usque</strong></span> <span class='ocrx_word' id='word_1_367' title='bbox 1301 314 1348 351; x_wconf 91' lang='lat' dir='ltr'><strong>ad</strong></span> <span class='ocrx_word' id='word_1_368' title='bbox 1370 325 1431 350; x_wconf 92' lang='lat' dir='ltr'><strong>an.</strong></span> <span class='ocrx_word' id='word_1_369' title='bbox 1452 313 1544 359; x_wconf 81' lang='lat'><strong>900,</strong></span> <span class='ocrx_word' id='word_1_370' title='bbox 1564 312 1697 362; x_wconf 86' lang='lat' dir='ltr'><strong>Magni</strong></span> <span class='ocrx_word' id='word_1_371' title='bbox 1718 323 1931 360; x_wconf 81' lang='lat' dir='ltr'><strong>cognomen</strong></span> <span class='ocrx_word' id='word_1_372' title='bbox 1952 323 2036 360; x_wconf 91' lang='lat' dir='ltr'><strong>pro-</strong></span> 
     </span>
     <span class='ocr_line' id='line_1_64' title="bbox 1082 363 2037 414; baseline -0.001 -12"><span class='ocrx_word' id='word_1_373' title='bbox 1082 365 1249 403; x_wconf 86' lang='lat' dir='ltr'><strong>meritus</strong></span> <span class='ocrx_word' id='word_1_374' title='bbox 1273 364 1296 403; x_wconf 93' lang='lat'><strong>¹.</strong></span> <span class='ocrx_word' id='word_1_375' title='bbox 1319 366 1428 403; x_wconf 87' lang='lat' dir='ltr'><strong>Tune</strong></span> <span class='ocrx_word' id='word_1_376' title='bbox 1454 366 1575 403; x_wconf 88' lang='lat' dir='ltr'><strong>etiam</strong></span> <span class='ocrx_word' id='word_1_377' title='bbox 1603 366 1872 414; x_wconf 88' lang='lat' dir='ltr'><strong>cpiscoporum</strong></span> <span class='ocrx_word' id='word_1_378' title='bbox 1904 363 2037 402; x_wconf 85' lang='lat' dir='ltr'><strong>fervor</strong></span> 
     </span>
     <span class='ocr_line' id='line_1_65' title="bbox 1081 416 2035 467; baseline 0 -13"><span class='ocrx_word' id='word_1_379' title='bbox 1081 419 1278 455; x_wconf 81' lang='lat' dir='ltr'><strong>excitatus</strong></span> <span class='ocrx_word' id='word_1_380' title='bbox 1305 421 1382 463; x_wconf 88' lang='lat' dir='ltr'><strong>est,</strong></span> <span class='ocrx_word' id='word_1_381' title='bbox 1403 430 1569 465; x_wconf 86' lang='lat' dir='ltr'><strong>quorum</strong></span> <span class='ocrx_word' id='word_1_382' title='bbox 1600 417 1846 467; x_wconf 83' lang='lat' dir='ltr'><strong>negligentia</strong></span> <span class='ocrx_word' id='word_1_383' title='bbox 1874 416 2035 454; x_wconf 87' lang='lat' dir='ltr'><strong>nefandi</strong></span> 
     </span>
     <span class='ocr_line' id='line_1_66' title="bbox 1082 469 2037 516; baseline 0 -10"><span class='ocrx_word' id='word_1_384' title='bbox 1082 471 1326 507; x_wconf 82' lang='lat' dir='ltr'><strong>ethnicorum</strong></span> <span class='ocrx_word' id='word_1_385' title='bbox 1339 471 1438 508; x_wconf 89' lang='lat' dir='ltr'><strong>ritus</strong></span> <span class='ocrx_word' id='word_1_386' title='bbox 1451 470 1608 508; x_wconf 88' lang='lat' dir='ltr'><strong>fuerant</strong></span> <span class='ocrx_word' id='word_1_387' title='bbox 1618 471 1827 508; x_wconf 88' lang='lat' dir='ltr'><strong>introducti</strong></span> <span class='ocrx_word' id='word_1_388' title='bbox 1837 469 2037 516; x_wconf 90' lang='lat' dir='ltr'><strong>‚ecclesiae</strong></span> 
     </span>
     <span class='ocr_line' id='line_1_67' title="bbox 1083 522 2039 571; baseline 0.001 -13"><span class='ocrx_word' id='word_1_389' title='bbox 1083 522 1302 570; x_wconf 88' lang='lat' dir='ltr'><strong>pastoribus</strong></span> <span class='ocrx_word' id='word_1_390' title='bbox 1331 524 1514 569; x_wconf 85' lang='lat' dir='ltr'><strong>orbatae,</strong></span> <span class='ocrx_word' id='word_1_391' title='bbox 1542 535 1640 571; x_wconf 85' lang='lat' dir='ltr'><strong>grex</strong></span> <span class='ocrx_word' id='word_1_392' title='bbox 1669 523 1739 561; x_wconf 88' lang='lat' dir='ltr'><strong>Dei</strong></span> <span class='ocrx_word' id='word_1_393' title='bbox 1770 523 1969 571; x_wconf 88' lang='lat' dir='ltr'><strong>dispersus</strong></span> <span class='ocrx_word' id='word_1_394' title='bbox 1997 524 2039 560; x_wconf 88' lang='lat' dir='ltr'><strong>et</strong></span> 
     </span>
     <span class='ocr_line' id='line_1_68' title="bbox 1082 575 2038 624; baseline 0.001 -13"><span class='ocrx_word' id='word_1_395' title='bbox 1082 575 1292 623; x_wconf 85' lang='lat' dir='ltr'><strong>dissipatus</strong></span> <span class='ocrx_word' id='word_1_396' title='bbox 1306 604 1314 619; x_wconf 86' lang='lat'><strong>,</strong></span> <span class='ocrx_word' id='word_1_397' title='bbox 1337 575 1476 624; x_wconf 86' lang='lat' dir='ltr'><strong>religio</strong></span> <span class='ocrx_word' id='word_1_398' title='bbox 1497 576 1643 613; x_wconf 86' lang='lat' dir='ltr'><strong>violata</strong></span> <span class='ocrx_word' id='word_1_399' title='bbox 1656 606 1665 620; x_wconf 89' lang='lat'><strong>,</strong></span> <span class='ocrx_word' id='word_1_400' title='bbox 1686 578 1731 613; x_wconf 90' lang='lat' dir='ltr'><strong>ut</strong></span> <span class='ocrx_word' id='word_1_401' title='bbox 1751 575 1805 613; x_wconf 89' lang='lat' dir='ltr'><strong>ait</strong></span> <span class='ocrx_word' id='word_1_402' title='bbox 1824 575 2038 613; x_wconf 86' lang='lat' dir='ltr'><strong>Formosus</strong></span> 
     </span>
     <span class='ocr_line' id='line_1_69' title="bbox 1084 626 2035 677; baseline 0.002 -14"><span class='ocrx_word' id='word_1_403' title='bbox 1084 628 1153 675; x_wconf 89' lang='lat' dir='ltr'><strong>Pp.</strong></span> <span class='ocrx_word' id='word_1_404' title='bbox 1175 627 1213 663; x_wconf 91' lang='lat' dir='ltr'><strong>in</strong></span> <span class='ocrx_word' id='word_1_405' title='bbox 1235 627 1400 675; x_wconf 86' lang='lat' dir='ltr'><strong>epistola</strong></span> <span class='ocrx_word' id='word_1_406' title='bbox 1420 640 1494 665; x_wconf 88' lang='lat' dir='ltr'><strong>sua</strong></span> <span class='ocrx_word' id='word_1_407' title='bbox 1520 629 1568 665; x_wconf 89' lang='lat' dir='ltr'><strong>ad</strong></span> <span class='ocrx_word' id='word_1_408' title='bbox 1598 629 1798 677; x_wconf 87' lang='lat' dir='ltr'><strong>episcopos</strong></span> <span class='ocrx_word' id='word_1_409' title='bbox 1818 628 1987 677; x_wconf 85' lang='lat' dir='ltr'><strong>Angliae</strong></span> <span class='ocrx_word' id='word_1_410' title='bbox 2007 626 2035 665; x_wconf 74' lang='lat'><strong>².</strong></span> 
     </span>
    </p>

    <p class='ocr_par' dir='ltr' id='par_1_10' title="bbox 1074 680 2044 2474">
     <span class='ocr_line' id='line_1_70' title="bbox 1135 680 2035 731; baseline 0.001 -14"><span class='ocrx_word' id='word_1_411' title='bbox 1135 680 1197 717; x_wconf 78' lang='lat'><strong>65.</strong></span> <span class='ocrx_word' id='word_1_412' title='bbox 1214 681 1440 718; x_wconf 77' lang='lat' dir='ltr'><strong>Formosus</strong></span> <span class='ocrx_word' id='word_1_413' title='bbox 1457 682 1656 729; x_wconf 70' lang='lat' dir='ltr'><strong>Pontifeoe</strong></span> <span class='ocrx_word' id='word_1_414' title='bbox 1675 681 1761 731; x_wconf 80' lang='lat' dir='ltr'><strong>(an.</strong></span> <span class='ocrx_word' id='word_1_415' title='bbox 1773 681 1848 718; x_wconf 84' lang='lat'><strong>891</strong></span> <span class='ocrx_word' id='word_1_416' title='bbox 1860 680 1874 730; x_wconf 96' lang='lat'>)</span> <span class='ocrx_word' id='word_1_417' title='bbox 1885 682 2035 718; x_wconf 87' lang='lat' dir='ltr'><strong>-Post</strong></span> 
     </span>
     <span class='ocr_line' id='line_1_71' title="bbox 1082 732 2036 781; baseline 0.003 -13"><span class='ocrx_word' id='word_1_418' title='bbox 1082 732 1233 769; x_wconf 87' lang='lat' dir='ltr'><strong>obitum</strong></span> <span class='ocrx_word' id='word_1_419' title='bbox 1262 732 1449 781; x_wconf 86' lang='lat' dir='ltr'><strong>Stephani</strong></span> <span class='ocrx_word' id='word_1_420' title='bbox 1480 733 1529 779; x_wconf 90' lang='lat' dir='ltr'><strong>V,</strong></span> <span class='ocrx_word' id='word_1_421' title='bbox 1568 734 1671 781; x_wconf 88' lang='lat' dir='ltr'><strong>quod</strong></span> <span class='ocrx_word' id='word_1_422' title='bbox 1704 733 1845 771; x_wconf 87' lang='lat' dir='ltr'><strong>accidit</strong></span> <span class='ocrx_word' id='word_1_423' title='bbox 1864 735 2036 772; x_wconf 82' lang='lat' dir='ltr'><strong>exeunte</strong></span> 
     </span>
     <span class='ocr_line' id='line_1_72' title="bbox 1082 785 2039 835; baseline 0.002 -13"><span class='ocrx_word' id='word_1_424' title='bbox 1082 796 1213 822; x_wconf 87' lang='lat' dir='ltr'><strong>mense</strong></span> <span class='ocrx_word' id='word_1_425' title='bbox 1229 785 1442 834; x_wconf 86' lang='lat' dir='ltr'><strong>septembri</strong></span> <span class='ocrx_word' id='word_1_426' title='bbox 1457 798 1516 823; x_wconf 91' lang='lat' dir='ltr'><strong>an.</strong></span> <span class='ocrx_word' id='word_1_427' title='bbox 1527 785 1738 832; x_wconf 81' lang='lat' dir='ltr'><strong>891,sexto</strong></span> <span class='ocrx_word' id='word_1_428' title='bbox 1750 798 1799 823; x_wconf 81' lang='lat' dir='ltr'><strong>ex</strong></span> <span class='ocrx_word' id='word_1_429' title='bbox 1811 798 1888 835; x_wconf 90' lang='lat' dir='ltr'><strong>quo</strong></span> <span class='ocrx_word' id='word_1_430' title='bbox 1899 797 2039 835; x_wconf 85' lang='lat' dir='ltr'><strong>regna-</strong></span> 
     </span>
     <span class='ocr_line' id='line_1_73' title="bbox 1082 838 2035 887; baseline 0.002 -13"><span class='ocrx_word' id='word_1_431' title='bbox 1082 849 1123 875; x_wconf 91' lang='lat' dir='ltr'><strong>re</strong></span> <span class='ocrx_word' id='word_1_432' title='bbox 1143 840 1350 886; x_wconf 87' lang='lat' dir='ltr'><strong>coeperat,</strong></span> <span class='ocrx_word' id='word_1_433' title='bbox 1372 838 1420 875; x_wconf 90' lang='lat' dir='ltr'><strong>ad</strong></span> <span class='ocrx_word' id='word_1_434' title='bbox 1440 849 1637 875; x_wconf 88' lang='lat' dir='ltr'><strong>summum</strong></span> <span class='ocrx_word' id='word_1_435' title='bbox 1659 838 1930 887; x_wconf 88' lang='lat' dir='ltr'><strong>pontificatum</strong></span> <span class='ocrx_word' id='word_1_436' title='bbox 1950 840 2035 876; x_wconf 91' lang='lat' dir='ltr'><strong>ele-</strong></span> 
     </span>
     <span class='ocr_line' id='line_1_74' title="bbox 1082 890 2039 940; baseline 0.002 -13"><span class='ocrx_word' id='word_1_437' title='bbox 1082 893 1168 928; x_wconf 90' lang='lat' dir='ltr'><strong>ctus</strong></span> <span class='ocrx_word' id='word_1_438' title='bbox 1190 890 1264 927; x_wconf 88' lang='lat' dir='ltr'><strong>fuit</strong></span> <span class='ocrx_word' id='word_1_439' title='bbox 1288 890 1512 936; x_wconf 85' lang='lat' dir='ltr'><strong>Formosus,</strong></span> <span class='ocrx_word' id='word_1_440' title='bbox 1528 891 1657 939; x_wconf 86' lang='lat' dir='ltr'><strong>patria</strong></span> <span class='ocrx_word' id='word_1_441' title='bbox 1673 890 1876 938; x_wconf 85' lang='lat' dir='ltr'><strong>Ostiensis,</strong></span> <span class='ocrx_word' id='word_1_442' title='bbox 1892 891 2039 940; x_wconf 86' lang='lat' dir='ltr'><strong>episco-</strong></span> 
     </span>
     <span class='ocr_line' id='line_1_75' title="bbox 1083 943 2040 993; baseline 0.003 -15"><span class='ocrx_word' id='word_1_443' title='bbox 1083 955 1153 991; x_wconf 86' lang='lat' dir='ltr'><strong>pus</strong></span> <span class='ocrx_word' id='word_1_444' title='bbox 1164 943 1565 992; x_wconf 88' lang='lat' dir='ltr'><strong>Portuensis,primus</strong></span> <span class='ocrx_word' id='word_1_445' title='bbox 1591 943 1657 992; x_wconf 87' lang='lat' dir='ltr'><strong>qui</strong></span> <span class='ocrx_word' id='word_1_446' title='bbox 1674 956 1723 981; x_wconf 78' lang='lat' dir='ltr'><strong>ex</strong></span> <span class='ocrx_word' id='word_1_447' title='bbox 1741 943 1918 993; x_wconf 89' lang='lat' dir='ltr'><strong>episcopo</strong></span> <span class='ocrx_word' id='word_1_448' title='bbox 1935 956 2040 981; x_wconf 88' lang='lat' dir='ltr'><strong>erea-</strong></span> 
     </span>
     <span class='ocr_line' id='line_1_76' title="bbox 1081 995 2035 1043; baseline 0.002 -11"><span class='ocrx_word' id='word_1_449' title='bbox 1081 999 1147 1033; x_wconf 89' lang='lat' dir='ltr'><strong>tus</strong></span> <span class='ocrx_word' id='word_1_450' title='bbox 1163 998 1223 1033; x_wconf 90' lang='lat' dir='ltr'><strong>est</strong></span> <span class='ocrx_word' id='word_1_451' title='bbox 1244 995 1670 1043; x_wconf 78' lang='lat' dir='ltr'><strong>Pontifex,exact0que</strong></span> <span class='ocrx_word' id='word_1_452' title='bbox 1690 997 1899 1034; x_wconf 86' lang='lat' dir='ltr'><strong>admodum</strong></span> <span class='ocrx_word' id='word_1_453' title='bbox 1920 1009 2035 1034; x_wconf 92' lang='lat' dir='ltr'><strong>men-</strong></span> 
     </span>
     <span class='ocr_line' id='line_1_77' title="bbox 1082 1045 2037 1097; baseline 0.001 -12"><span class='ocrx_word' id='word_1_454' title='bbox 1082 1061 1121 1086; x_wconf 88' lang='lat' dir='ltr'><strong>se</strong></span> <span class='ocrx_word' id='word_1_455' title='bbox 1137 1049 1347 1097; x_wconf 87' lang='lat' dir='ltr'><strong>septembri</strong></span> <span class='ocrx_word' id='word_1_456' title='bbox 1364 1050 1574 1086; x_wconf 81' lang='lat' dir='ltr'><strong>coronatus</strong></span> <span class='ocrx_word' id='word_1_457' title='bbox 1586 1045 1613 1086; x_wconf 79' lang='lat'><strong>³.</strong></span> <span class='ocrx_word' id='word_1_458' title='bbox 1623 1049 1888 1097; x_wconf 88' lang='lat' dir='ltr'><strong>Luitprandus</strong></span> <span class='ocrx_word' id='word_1_459' title='bbox 1899 1051 1939 1086; x_wconf 88' lang='lat' dir='ltr'><strong>et</strong></span> <span class='ocrx_word' id='word_1_460' title='bbox 1950 1052 2037 1097; x_wconf 89' lang='lat' dir='ltr'><strong>post</strong></span> 
     </span>
     <span class='ocr_line' id='line_1_78' title="bbox 1081 1101 2039 1150; baseline 0.001 -12"><span class='ocrx_word' id='word_1_461' title='bbox 1081 1113 1170 1138; x_wconf 87' lang='lat' dir='ltr'><strong>eum</strong></span> <span class='ocrx_word' id='word_1_462' title='bbox 1189 1101 1337 1150; x_wconf 86' lang='lat' dir='ltr'><strong>aliquot</strong></span> <span class='ocrx_word' id='word_1_463' title='bbox 1352 1102 1417 1139; x_wconf 90' lang='lat' dir='ltr'><strong>alii</strong></span> <span class='ocrx_word' id='word_1_464' title='bbox 1438 1101 1689 1150; x_wconf 87' lang='lat' dir='ltr'><strong>scripserunt,</strong></span> <span class='ocrx_word' id='word_1_465' title='bbox 1705 1101 1934 1139; x_wconf 87' lang='lat' dir='ltr'><strong>electionem</strong></span> <span class='ocrx_word' id='word_1_466' title='bbox 1944 1102 2039 1139; x_wconf 88' lang='lat' dir='ltr'><strong>For-</strong></span> 
     </span>
     <span class='ocr_line' id='line_1_79' title="bbox 1081 1153 2037 1203; baseline 0.001 -13"><span class='ocrx_word' id='word_1_467' title='bbox 1081 1154 1179 1191; x_wconf 87' lang='lat' dir='ltr'><strong>mosi</strong></span> <span class='ocrx_word' id='word_1_468' title='bbox 1191 1153 1309 1192; x_wconf 83' lang='lat' dir='ltr'><strong>fuisse</strong></span> <span class='ocrx_word' id='word_1_469' title='bbox 1324 1154 1640 1200; x_wconf 77' lang='lat' dir='ltr'><strong>tumultuariam,</strong></span> <span class='ocrx_word' id='word_1_470' title='bbox 1655 1154 1886 1203; x_wconf 89' lang='lat' dir='ltr'><strong>insurgente</strong></span> <span class='ocrx_word' id='word_1_471' title='bbox 1899 1158 2037 1192; x_wconf 90' lang='lat' dir='ltr'><strong>contra</strong></span> 
     </span>
     <span class='ocr_line' id='line_1_80' title="bbox 1081 1207 2040 1256; baseline 0.001 -13"><span class='ocrx_word' id='word_1_472' title='bbox 1081 1219 1170 1244; x_wconf 89' lang='lat' dir='ltr'><strong>eum</strong></span> <span class='ocrx_word' id='word_1_473' title='bbox 1180 1207 1318 1256; x_wconf 88' lang='lat' dir='ltr'><strong>Sergio</strong></span> <span class='ocrx_word' id='word_1_474' title='bbox 1330 1207 1504 1254; x_wconf 89' lang='lat' dir='ltr'><strong>diacono,</strong></span> <span class='ocrx_word' id='word_1_475' title='bbox 1513 1208 1581 1244; x_wconf 90' lang='lat' dir='ltr'><strong>sed</strong></span> <span class='ocrx_word' id='word_1_476' title='bbox 1593 1218 1663 1255; x_wconf 92' lang='lat' dir='ltr'><strong>per</strong></span> <span class='ocrx_word' id='word_1_477' title='bbox 1679 1218 1863 1245; x_wconf 87' lang='lat' dir='ltr'><strong>errorem.</strong></span> <span class='ocrx_word' id='word_1_478' title='bbox 1873 1207 2040 1256; x_wconf 88' lang='lat' dir='ltr'><strong>Sergius</strong></span> 
     </span>
     <span class='ocr_line' id='line_1_81' title="bbox 1083 1259 2040 1309; baseline 0 -13"><span class='ocrx_word' id='word_1_479' title='bbox 1083 1260 1186 1297; x_wconf 88' lang='lat' dir='ltr'><strong>enim</strong></span> <span class='ocrx_word' id='word_1_480' title='bbox 1207 1261 1255 1297; x_wconf 88' lang='lat' dir='ltr'><strong>ab</strong></span> <span class='ocrx_word' id='word_1_481' title='bbox 1277 1260 1474 1309; x_wconf 89' lang='lat' dir='ltr'><strong>aliquibus</strong></span> <span class='ocrx_word' id='word_1_482' title='bbox 1494 1259 1692 1309; x_wconf 87' lang='lat' dir='ltr'><strong>oppositus</strong></span> <span class='ocrx_word' id='word_1_483' title='bbox 1711 1262 1770 1298; x_wconf 89' lang='lat' dir='ltr'><strong>est</strong></span> <span class='ocrx_word' id='word_1_484' title='bbox 1782 1271 1858 1297; x_wconf 91' lang='lat' dir='ltr'><strong>non</strong></span> <span class='ocrx_word' id='word_1_485' title='bbox 1874 1259 2040 1297; x_wconf 86' lang='lat' dir='ltr'><strong>Formo-</strong></span> 
     </span>
     <span class='ocr_line' id='line_1_82' title="bbox 1082 1312 2040 1359; baseline -0.001 -9"><span class='ocrx_word' id='word_1_486' title='bbox 1082 1320 1144 1359; x_wconf 86' lang='lat' dir='ltr'><strong>so,</strong></span> <span class='ocrx_word' id='word_1_487' title='bbox 1166 1313 1232 1350; x_wconf 87' lang='lat' dir='ltr'><strong>sed</strong></span> <span class='ocrx_word' id='word_1_488' title='bbox 1262 1313 1398 1350; x_wconf 89' lang='lat' dir='ltr'><strong>Ioanni</strong></span> <span class='ocrx_word' id='word_1_489' title='bbox 1420 1313 1479 1350; x_wconf 93' lang='lat' dir='ltr'><strong>IX</strong></span> <span class='ocrx_word' id='word_1_490' title='bbox 1499 1312 1526 1350; x_wconf 76' lang='lat'><strong>⁴.</strong></span> <span class='ocrx_word' id='word_1_491' title='bbox 1548 1313 1606 1349; x_wconf 92' lang='lat' dir='ltr'><strong>De</strong></span> <span class='ocrx_word' id='word_1_492' title='bbox 1636 1312 1814 1350; x_wconf 86' lang='lat' dir='ltr'><strong>Formosi</strong></span> <span class='ocrx_word' id='word_1_493' title='bbox 1834 1314 1966 1350; x_wconf 89' lang='lat' dir='ltr'><strong>tamen</strong></span> <span class='ocrx_word' id='word_1_494' title='bbox 1989 1312 2040 1350; x_wconf 87' lang='lat' dir='ltr'><strong>ad</strong></span> 
     </span>
     <span class='ocr_line' id='line_1_83' title="bbox 1080 1365 2038 1414; baseline 0 -12"><span class='ocrx_word' id='word_1_495' title='bbox 1080 1365 1349 1414; x_wconf 89' lang='lat' dir='ltr'><strong>pontificatum</strong></span> <span class='ocrx_word' id='word_1_496' title='bbox 1379 1365 1650 1414; x_wconf 83' lang='lat' dir='ltr'><strong>promotione,</strong></span> <span class='ocrx_word' id='word_1_497' title='bbox 1685 1367 1725 1403; x_wconf 89' lang='lat' dir='ltr'><strong>et</strong></span> <span class='ocrx_word' id='word_1_498' title='bbox 1752 1367 2038 1413; x_wconf 88' lang='lat' dir='ltr'><strong>consequenter</strong></span> 
     </span>
     <span class='ocr_line' id='line_1_84' title="bbox 1081 1418 2041 1468; baseline -0.001 -13"><span class='ocrx_word' id='word_1_499' title='bbox 1081 1420 1128 1456; x_wconf 91' lang='lat' dir='ltr'><strong>de</strong></span> <span class='ocrx_word' id='word_1_500' title='bbox 1144 1419 1267 1456; x_wconf 87' lang='lat' dir='ltr'><strong>sacris</strong></span> <span class='ocrx_word' id='word_1_501' title='bbox 1281 1419 1364 1456; x_wconf 89' lang='lat' dir='ltr'><strong>eius</strong></span> <span class='ocrx_word' id='word_1_502' title='bbox 1380 1418 1690 1456; x_wconf 85' lang='lat' dir='ltr'><strong>ordinationibus</strong></span> <span class='ocrx_word' id='word_1_503' title='bbox 1707 1418 1949 1468; x_wconf 88' lang='lat' dir='ltr'><strong>disputatum</strong></span> <span class='ocrx_word' id='word_1_504' title='bbox 1968 1420 2041 1464; x_wconf 87' lang='lat' dir='ltr'><strong>est,</strong></span> 
     </span>
     <span class='ocr_line' id='line_1_85' title="bbox 1081 1471 2044 1521; baseline -0.001 -13"><span class='ocrx_word' id='word_1_505' title='bbox 1081 1472 1186 1520; x_wconf 88' lang='lat' dir='ltr'><strong>quia,</strong></span> <span class='ocrx_word' id='word_1_506' title='bbox 1203 1483 1293 1508; x_wconf 90' lang='lat' dir='ltr'><strong>cum</strong></span> <span class='ocrx_word' id='word_1_507' title='bbox 1309 1473 1410 1509; x_wconf 88' lang='lat' dir='ltr'><strong>esset</strong></span> <span class='ocrx_word' id='word_1_508' title='bbox 1423 1472 1481 1521; x_wconf 87' lang='lat' dir='ltr'><strong>epi</strong></span> <span class='ocrx_word' id='word_1_509' title='bbox 1488 1483 1627 1519; x_wconf 86' lang='lat' dir='ltr'><strong>scopus</strong></span> <span class='ocrx_word' id='word_1_510' title='bbox 1642 1471 1920 1518; x_wconf 89' lang='lat' dir='ltr'><strong>Portuensis,a</strong></span> <span class='ocrx_word' id='word_1_511' title='bbox 1931 1472 2044 1508; x_wconf 89' lang='lat' dir='ltr'><strong>Ioan-</strong></span> 
     </span>
     <span class='ocr_line' id='line_1_86' title="bbox 1080 1524 2040 1573; baseline -0.001 -12"><span class='ocrx_word' id='word_1_512' title='bbox 1080 1536 1128 1562; x_wconf 87' lang='lat' dir='ltr'><strong>ne</strong></span> <span class='ocrx_word' id='word_1_513' title='bbox 1148 1524 1245 1561; x_wconf 87' lang='lat' dir='ltr'>VIII</span> <span class='ocrx_word' id='word_1_514' title='bbox 1266 1524 1465 1573; x_wconf 81' lang='lat' dir='ltr'><strong>depositus</strong></span> <span class='ocrx_word' id='word_1_515' title='bbox 1491 1524 1639 1570; x_wconf 79' lang='lat' dir='ltr'><strong>fuerat,</strong></span> <span class='ocrx_word' id='word_1_516' title='bbox 1660 1526 1700 1561; x_wconf 91' lang='lat' dir='ltr'><strong>et</strong></span> <span class='ocrx_word' id='word_1_517' title='bbox 1728 1524 1821 1572; x_wconf 90' lang='lat' dir='ltr'><strong>quia</strong></span> <span class='ocrx_word' id='word_1_518' title='bbox 1850 1536 1874 1561; x_wconf 91' lang='lat' dir='ltr'><strong>a</strong></span> <span class='ocrx_word' id='word_1_519' title='bbox 1893 1524 2040 1561; x_wconf 89' lang='lat' dir='ltr'><strong>minori</strong></span> 
     </span>
     <span class='ocr_line' id='line_1_87' title="bbox 1081 1577 2038 1628; baseline -0.002 -13"><span class='ocrx_word' id='word_1_520' title='bbox 1081 1577 1248 1615; x_wconf 87' lang='lat' dir='ltr'><strong>ecelesia</strong></span> <span class='ocrx_word' id='word_1_521' title='bbox 1277 1577 1536 1628; x_wconf 75' lang='lat' dir='ltr'><strong>(portuensi)</strong></span> <span class='ocrx_word' id='word_1_522' title='bbox 1557 1578 1605 1614; x_wconf 89' lang='lat' dir='ltr'><strong>ad</strong></span> <span class='ocrx_word' id='word_1_523' title='bbox 1634 1577 1824 1615; x_wconf 89' lang='lat' dir='ltr'><strong>maiorem</strong></span> <span class='ocrx_word' id='word_1_524' title='bbox 1852 1577 2038 1627; x_wconf 81' lang='lat' dir='ltr'><strong>(Roma-</strong></span> 
     </span>
     <span class='ocr_line' id='line_1_88' title="bbox 1082 1630 2038 1678; baseline -0.001 -11"><span class='ocrx_word' id='word_1_525' title='bbox 1082 1633 1186 1678; x_wconf 90' lang='lat' dir='ltr'><strong>nam)</strong></span> <span class='ocrx_word' id='word_1_526' title='bbox 1199 1631 1331 1668; x_wconf 87' lang='lat' dir='ltr'><strong>fuerat</strong></span> <span class='ocrx_word' id='word_1_527' title='bbox 1350 1630 1579 1668; x_wconf 89' lang='lat' dir='ltr'><strong>translatus.</strong></span> <span class='ocrx_word' id='word_1_528' title='bbox 1589 1630 1754 1668; x_wconf 89' lang='lat' dir='ltr'><strong>Ioannes</strong></span> <span class='ocrx_word' id='word_1_529' title='bbox 1765 1630 1860 1668; x_wconf 92' lang='lat' dir='ltr'>VIII</span> <span class='ocrx_word' id='word_1_530' title='bbox 1870 1630 2038 1668; x_wconf 86' lang='lat' dir='ltr'><strong>Formo-</strong></span> 
     </span>
     <span class='ocr_line' id='line_1_89' title="bbox 1081 1682 2037 1721; baseline 0.001 -1"><span class='ocrx_word' id='word_1_531' title='bbox 1081 1696 1166 1721; x_wconf 91' lang='lat' dir='ltr'><strong>sum</strong></span> <span class='ocrx_word' id='word_1_532' title='bbox 1189 1695 1251 1721; x_wconf 88' lang='lat' dir='ltr'><strong>an.</strong></span> <span class='ocrx_word' id='word_1_533' title='bbox 1272 1683 1350 1720; x_wconf 76' lang='lat'><strong>876</strong></span> <span class='ocrx_word' id='word_1_534' title='bbox 1370 1683 1410 1720; x_wconf 90' lang='lat' dir='ltr'><strong>in</strong></span> <span class='ocrx_word' id='word_1_535' title='bbox 1432 1684 1611 1720; x_wconf 88' lang='lat' dir='ltr'><strong>Romana</strong></span> <span class='ocrx_word' id='word_1_536' title='bbox 1632 1684 1672 1720; x_wconf 89' lang='lat' dir='ltr'><strong>et</strong></span> <span class='ocrx_word' id='word_1_537' title='bbox 1691 1695 1755 1721; x_wconf 91' lang='lat' dir='ltr'><strong>an.</strong></span> <span class='ocrx_word' id='word_1_538' title='bbox 1777 1683 1854 1720; x_wconf 83' lang='lat'><strong>878</strong></span> <span class='ocrx_word' id='word_1_539' title='bbox 1874 1682 1915 1720; x_wconf 87' lang='lat' dir='ltr'><strong>in</strong></span> <span class='ocrx_word' id='word_1_540' title='bbox 1938 1683 2037 1721; x_wconf 85' lang='lat' dir='ltr'><strong>Tre-</strong></span> 
     </span>
     <span class='ocr_line' id='line_1_90' title="bbox 1082 1736 2035 1785; baseline 0.001 -12"><span class='ocrx_word' id='word_1_541' title='bbox 1082 1736 1187 1774; x_wconf 88' lang='lat' dir='ltr'><strong>censi</strong></span> <span class='ocrx_word' id='word_1_542' title='bbox 1216 1737 1364 1785; x_wconf 82' lang='lat' dir='ltr'><strong>synodo</strong></span> <span class='ocrx_word' id='word_1_543' title='bbox 1393 1736 1650 1774; x_wconf 84' lang='lat' dir='ltr'><strong>damnaverat</strong></span> <span class='ocrx_word' id='word_1_544' title='bbox 1676 1765 1686 1782; x_wconf 91' lang='lat'><strong>,</strong></span> <span class='ocrx_word' id='word_1_545' title='bbox 1724 1739 1765 1773; x_wconf 89' lang='lat' dir='ltr'><strong>et</strong></span> <span class='ocrx_word' id='word_1_546' title='bbox 1793 1736 1834 1773; x_wconf 92' lang='lat' dir='ltr'><strong>in</strong></span> <span class='ocrx_word' id='word_1_547' title='bbox 1864 1736 2035 1774; x_wconf 87' lang='lat' dir='ltr'><strong>Galliam</strong></span> 
     </span>
     <span class='ocr_line' id='line_1_91' title="bbox 1080 1788 2040 1838; baseline -0.002 -11"><span class='ocrx_word' id='word_1_548' title='bbox 1080 1789 1284 1827; x_wconf 76' lang='lat' dir='ltr'><strong>exulatum</strong></span> <span class='ocrx_word' id='word_1_549' title='bbox 1302 1789 1464 1826; x_wconf 86' lang='lat' dir='ltr'><strong>miserat</strong></span> <span class='ocrx_word' id='word_1_550' title='bbox 1477 1819 1487 1836; x_wconf 94' lang='lat'><strong>,</strong></span> <span class='ocrx_word' id='word_1_551' title='bbox 1507 1789 1734 1826; x_wconf 88' lang='lat' dir='ltr'><strong>devinctum</strong></span> <span class='ocrx_word' id='word_1_552' title='bbox 1753 1789 1864 1838; x_wconf 89' lang='lat' dir='ltr'><strong>prius</strong></span> <span class='ocrx_word' id='word_1_553' title='bbox 1887 1788 2040 1826; x_wconf 89' lang='lat' dir='ltr'><strong>iureiu-</strong></span> 
     </span>
     <span class='ocr_line' id='line_1_92' title="bbox 1080 1843 2036 1890; baseline 0 -11"><span class='ocrx_word' id='word_1_554' title='bbox 1080 1843 1214 1889; x_wconf 85' lang='lat' dir='ltr'><strong>rando,</strong></span> <span class='ocrx_word' id='word_1_555' title='bbox 1234 1854 1276 1880; x_wconf 90' lang='lat' dir='ltr'><strong>se</strong></span> <span class='ocrx_word' id='word_1_556' title='bbox 1296 1854 1420 1890; x_wconf 88' lang='lat' dir='ltr'><strong>neque</strong></span> <span class='ocrx_word' id='word_1_557' title='bbox 1437 1843 1606 1879; x_wconf 85' lang='lat' dir='ltr'><strong>Romam</strong></span> <span class='ocrx_word' id='word_1_558' title='bbox 1628 1854 1755 1890; x_wconf 87' lang='lat' dir='ltr'><strong>neque</strong></span> <span class='ocrx_word' id='word_1_559' title='bbox 1774 1843 1823 1879; x_wconf 90' lang='lat' dir='ltr'><strong>ad</strong></span> <span class='ocrx_word' id='word_1_560' title='bbox 1845 1843 2036 1879; x_wconf 87' lang='lat' dir='ltr'><strong>Portuen-</strong></span> 
     </span>
     <span class='ocr_line' id='line_1_93' title="bbox 1080 1894 2035 1933; baseline 0 -1"><span class='ocrx_word' id='word_1_561' title='bbox 1080 1908 1161 1933; x_wconf 90' lang='lat' dir='ltr'><strong>sem</strong></span> <span class='ocrx_word' id='word_1_562' title='bbox 1177 1895 1385 1932; x_wconf 90' lang='lat' dir='ltr'><strong>eeclesiam</strong></span> <span class='ocrx_word' id='word_1_563' title='bbox 1401 1895 1634 1932; x_wconf 87' lang='lat' dir='ltr'><strong>rediturum.</strong></span> <span class='ocrx_word' id='word_1_564' title='bbox 1651 1895 1819 1932; x_wconf 87' lang='lat' dir='ltr'><strong>Causam</strong></span> <span class='ocrx_word' id='word_1_565' title='bbox 1837 1894 1954 1933; x_wconf 89' lang='lat' dir='ltr'><strong>huius</strong></span> <span class='ocrx_word' id='word_1_566' title='bbox 1976 1895 2035 1932; x_wconf 89' lang='lat' dir='ltr'><strong>rei</strong></span> 
     </span>
     <span class='ocr_line' id='line_1_94' title="bbox 1080 1947 2033 1994; baseline 0.001 -9"><span class='ocrx_word' id='word_1_567' title='bbox 1080 1949 1278 1986; x_wconf 87' lang='lat' dir='ltr'><strong>diversam</strong></span> <span class='ocrx_word' id='word_1_568' title='bbox 1299 1960 1322 1986; x_wconf 89' lang='lat' dir='ltr'><strong>a</strong></span> <span class='ocrx_word' id='word_1_569' title='bbox 1341 1947 1506 1985; x_wconf 88' lang='lat' dir='ltr'><strong>diversis</strong></span> <span class='ocrx_word' id='word_1_570' title='bbox 1526 1948 1652 1994; x_wconf 90' lang='lat' dir='ltr'><strong>tradi,</strong></span> <span class='ocrx_word' id='word_1_571' title='bbox 1674 1948 1770 1985; x_wconf 89' lang='lat' dir='ltr'><strong>dicit</strong></span> <span class='ocrx_word' id='word_1_572' title='bbox 1789 1948 1987 1986; x_wconf 88' lang='lat' dir='ltr'><strong>Baronius</strong></span> <span class='ocrx_word' id='word_1_573' title='bbox 2007 1947 2033 1986; x_wconf 85' lang='lat'><strong>⁵.</strong></span> 
     </span>
     <span class='ocr_line' id='line_1_95' title="bbox 1080 2000 2037 2050; baseline 0 -12"><span class='ocrx_word' id='word_1_574' title='bbox 1080 2001 1292 2049; x_wconf 88' lang='lat' dir='ltr'><strong>Triplicem</strong></span> <span class='ocrx_word' id='word_1_575' title='bbox 1312 2001 1443 2038; x_wconf 91' lang='lat' dir='ltr'><strong>adfert</strong></span> <span class='ocrx_word' id='word_1_576' title='bbox 1461 2000 1649 2038; x_wconf 86' lang='lat' dir='ltr'><strong>Mabillon</strong></span> <span class='ocrx_word' id='word_1_577' title='bbox 1668 2012 1718 2039; x_wconf 79' lang='lat' dir='ltr'><strong>ex</strong></span> <span class='ocrx_word' id='word_1_578' title='bbox 1738 2000 1857 2050; x_wconf 90' lang='lat' dir='ltr'><strong>ipsius</strong></span> <span class='ocrx_word' id='word_1_579' title='bbox 1878 2001 2037 2038; x_wconf 89' lang='lat' dir='ltr'><strong>Ioannis</strong></span> 
     </span>
     <span class='ocr_line' id='line_1_96' title="bbox 1079 2051 2034 2103; baseline -0.002 -11"><span class='ocrx_word' id='word_1_580' title='bbox 1079 2054 1176 2093; x_wconf 90' lang='lat' dir='ltr'>VIII</span> <span class='ocrx_word' id='word_1_581' title='bbox 1206 2054 1372 2103; x_wconf 87' lang='lat' dir='ltr'><strong>epistola</strong></span> <span class='ocrx_word' id='word_1_582' title='bbox 1389 2051 1426 2091; x_wconf 79' lang='lat'><strong>⁶:</strong></span> <span class='ocrx_word' id='word_1_583' title='bbox 1449 2053 1503 2100; x_wconf 86' lang='lat'><strong>1⁰,</strong></span> <span class='ocrx_word' id='word_1_584' title='bbox 1533 2054 1634 2102; x_wconf 92' lang='lat' dir='ltr'><strong>quod</strong></span> <span class='ocrx_word' id='word_1_585' title='bbox 1663 2054 1894 2100; x_wconf 87' lang='lat' dir='ltr'><strong>Formosus,</strong></span> <span class='ocrx_word' id='word_1_586' title='bbox 1917 2066 1940 2091; x_wconf 88' lang='lat' dir='ltr'><strong>a</strong></span> <span class='ocrx_word' id='word_1_587' title='bbox 1959 2053 2034 2092; x_wconf 92' lang='lat' dir='ltr'><strong>Ni-</strong></span> 
     </span>
     <span class='ocr_line' id='line_1_97' title="bbox 1078 2106 2034 2155; baseline -0.001 -11"><span class='ocrx_word' id='word_1_588' title='bbox 1078 2107 1186 2144; x_wconf 89' lang='lat' dir='ltr'><strong>colao</strong></span> <span class='ocrx_word' id='word_1_589' title='bbox 1207 2107 1225 2144; x_wconf 66' lang='lat' dir='ltr'><strong>l&#39;</strong></span> <span class='ocrx_word' id='word_1_590' title='bbox 1244 2107 1284 2144; x_wconf 91' lang='lat' dir='ltr'><strong>in</strong></span> <span class='ocrx_word' id='word_1_591' title='bbox 1313 2106 1543 2155; x_wconf 85' lang='lat' dir='ltr'><strong>Bulgariam</strong></span> <span class='ocrx_word' id='word_1_592' title='bbox 1573 2107 1716 2144; x_wconf 89' lang='lat' dir='ltr'><strong>missus</strong></span> <span class='ocrx_word' id='word_1_593' title='bbox 1733 2136 1744 2152; x_wconf 92' lang='lat'><strong>,</strong></span> <span class='ocrx_word' id='word_1_594' title='bbox 1769 2106 2034 2155; x_wconf 86' lang='lat' dir='ltr'><strong>Bulgarorum</strong></span> 
     </span>
     <span class='ocr_line' id='line_1_98' title="bbox 1078 2159 2030 2209; baseline 0.001 -13"><span class='ocrx_word' id='word_1_595' title='bbox 1078 2171 1212 2209; x_wconf 88' lang='lat' dir='ltr'><strong>regem</strong></span> <span class='ocrx_word' id='word_1_596' title='bbox 1232 2161 1477 2198; x_wconf 86' lang='lat' dir='ltr'><strong>sacramento</strong></span> <span class='ocrx_word' id='word_1_597' title='bbox 1498 2159 1786 2206; x_wconf 81' lang='lat' dir='ltr'><strong>obstrinxisset,</strong></span> <span class='ocrx_word' id='word_1_598' title='bbox 1807 2171 1870 2205; x_wconf 91' lang='lat' dir='ltr'><strong>ne,</strong></span> <span class='ocrx_word' id='word_1_599' title='bbox 1891 2171 1938 2197; x_wconf 91' lang='lat' dir='ltr'><strong>eo</strong></span> <span class='ocrx_word' id='word_1_600' title='bbox 1959 2172 2030 2197; x_wconf 89' lang='lat' dir='ltr'><strong>su-</strong></span> 
     </span>
     <span class='ocr_line' id='line_1_99' title="bbox 1076 2213 2030 2262; baseline -0.001 -12"><span class='ocrx_word' id='word_1_601' title='bbox 1076 2213 1254 2262; x_wconf 84' lang='lat' dir='ltr'><strong>perstite,</strong></span> <span class='ocrx_word' id='word_1_602' title='bbox 1270 2213 1393 2250; x_wconf 89' lang='lat' dir='ltr'><strong>alium</strong></span> <span class='ocrx_word' id='word_1_603' title='bbox 1410 2213 1632 2261; x_wconf 86' lang='lat' dir='ltr'><strong>episcopum</strong></span> <span class='ocrx_word' id='word_1_604' title='bbox 1649 2224 1672 2249; x_wconf 86' lang='lat' dir='ltr'><strong>a</strong></span> <span class='ocrx_word' id='word_1_605' title='bbox 1691 2213 1791 2250; x_wconf 88' lang='lat' dir='ltr'><strong>Sede</strong></span> <span class='ocrx_word' id='word_1_606' title='bbox 1807 2213 2030 2260; x_wconf 84' lang='lat' dir='ltr'><strong>Apostolica</strong></span> 
     </span>
     <span class='ocr_line' id='line_1_100' title="bbox 1074 2264 2026 2315; baseline -0.002 -12"><span class='ocrx_word' id='word_1_607' title='bbox 1074 2267 1309 2315; x_wconf 81' lang='lat' dir='ltr'><strong>susciperet3</strong></span> <span class='ocrx_word' id='word_1_608' title='bbox 1329 2264 1385 2311; x_wconf 78' lang='lat'><strong>2⁰,</strong></span> <span class='ocrx_word' id='word_1_609' title='bbox 1404 2265 1507 2314; x_wconf 90' lang='lat' dir='ltr'><strong>quod</strong></span> <span class='ocrx_word' id='word_1_610' title='bbox 1537 2267 1676 2302; x_wconf 88' lang='lat' dir='ltr'><strong>contra</strong></span> <span class='ocrx_word' id='word_1_611' title='bbox 1703 2277 1871 2303; x_wconf 90' lang='lat' dir='ltr'><strong>canones</strong></span> <span class='ocrx_word' id='word_1_612' title='bbox 1893 2266 1940 2302; x_wconf 88' lang='lat' dir='ltr'><strong>ab</strong></span> <span class='ocrx_word' id='word_1_613' title='bbox 1961 2277 2026 2302; x_wconf 84' lang='lat' dir='ltr'><strong>ee-</strong></span> 
     </span>
     <span class='ocr_line' id='line_1_101' title="bbox 1076 2318 2027 2367; baseline -0.002 -11"><span class='ocrx_word' id='word_1_614' title='bbox 1076 2320 1195 2356; x_wconf 90' lang='lat' dir='ltr'><strong>clesia</strong></span> <span class='ocrx_word' id='word_1_615' title='bbox 1211 2318 1422 2357; x_wconf 85' lang='lat' dir='ltr'><strong>Portuensi</strong></span> <span class='ocrx_word' id='word_1_616' title='bbox 1442 2319 1490 2356; x_wconf 87' lang='lat' dir='ltr'><strong>ad</strong></span> <span class='ocrx_word' id='word_1_617' title='bbox 1508 2320 1728 2356; x_wconf 84' lang='lat' dir='ltr'><strong>Romanam</strong></span> <span class='ocrx_word' id='word_1_618' title='bbox 1747 2330 1817 2367; x_wconf 88' lang='lat' dir='ltr'><strong>per</strong></span> <span class='ocrx_word' id='word_1_619' title='bbox 1835 2318 2027 2355; x_wconf 89' lang='lat' dir='ltr'><strong>ambitum</strong></span> 
     </span>
     <span class='ocr_line' id='line_1_102' title="bbox 1077 2369 2024 2421; baseline -0.003 -12"><span class='ocrx_word' id='word_1_620' title='bbox 1077 2372 1254 2421; x_wconf 87' lang='lat' dir='ltr'><strong>prosilire</strong></span> <span class='ocrx_word' id='word_1_621' title='bbox 1283 2374 1448 2409; x_wconf 89' lang='lat' dir='ltr'><strong>conatus</strong></span> <span class='ocrx_word' id='word_1_622' title='bbox 1477 2371 1640 2417; x_wconf 81' lang='lat' dir='ltr'><strong>fuisset3</strong></span> <span class='ocrx_word' id='word_1_623' title='bbox 1670 2369 1728 2417; x_wconf 87' lang='lat'><strong>3⁰,</strong></span> <span class='ocrx_word' id='word_1_624' title='bbox 1757 2371 1857 2419; x_wconf 76' lang='lat' dir='ltr'><strong>quod</strong></span> <span class='ocrx_word' id='word_1_625' title='bbox 1885 2372 2024 2407; x_wconf 87' lang='lat' dir='ltr'><strong>contra</strong></span> 
     </span>
     <span class='ocr_line' id='line_1_103' title="bbox 1075 2424 2026 2474; baseline -0.002 -12"><span class='ocrx_word' id='word_1_626' title='bbox 1075 2425 1316 2474; x_wconf 88' lang='lat' dir='ltr'><strong>reipublicae</strong></span> <span class='ocrx_word' id='word_1_627' title='bbox 1336 2427 1380 2464; x_wconf 64' lang='lat' dir='ltr'><strong>et⁴</strong></span> <span class='ocrx_word' id='word_1_628' title='bbox 1399 2425 1555 2474; x_wconf 89' lang='lat' dir='ltr'><strong>imperii</strong></span> <span class='ocrx_word' id='word_1_629' title='bbox 1584 2425 1755 2462; x_wconf 88' lang='lat' dir='ltr'><strong>salutem</strong></span> <span class='ocrx_word' id='word_1_630' title='bbox 1783 2424 2026 2472; x_wconf 88' lang='lat' dir='ltr'><strong>conspirasse</strong></span> 
     </span>
    </p>
   </div>
   <div class='ocr_carea' id='block_1_8' title="bbox 1073 2558 2038 3247">
    <p class='ocr_par' dir='ltr' id='par_1_11' title="bbox 1078 2558 2038 2643">
     <span class='ocr_line' id='line_1_104' title="bbox 1115 2558 2038 2601; baseline -0.002 -9"><span class='ocrx_word' id='word_1_631' title='bbox 1115 2562 1125 2583; x_wconf 85' lang='lat'>¹</span> <span class='ocrx_word' id='word_1_632' title='bbox 1154 2562 1304 2599; x_wconf 83' lang='lat' dir='ltr'><strong>Asserus,</strong></span> <span class='ocrx_word' id='word_1_633' title='bbox 1323 2560 1416 2594; x_wconf 79' lang='lat' dir='ltr'><strong>Gesta</strong></span> <span class='ocrx_word' id='word_1_634' title='bbox 1433 2560 1578 2601; x_wconf 81' lang='lat' dir='ltr'><strong>Alfredi,</strong></span> <span class='ocrx_word' id='word_1_635' title='bbox 1597 2559 1682 2601; x_wconf 85' lang='lat' dir='ltr'><strong>apud</strong></span> <span class='ocrx_word' id='word_1_636' title='bbox 1700 2559 1784 2591; x_wconf 88' lang='lat' dir='ltr'><strong>Galle</strong></span> <span class='ocrx_word' id='word_1_637' title='bbox 1800 2584 1808 2598; x_wconf 86' lang='lat'>‚</span> <span class='ocrx_word' id='word_1_638' title='bbox 1823 2558 1945 2591; x_wconf 77' lang='lat' dir='ltr'><strong>Hister.</strong></span> <span class='ocrx_word' id='word_1_639' title='bbox 1962 2558 2038 2591; x_wconf 79' lang='lat' dir='ltr'><strong>Bri-</strong></span> 
     </span>
     <span class='ocr_line' id='line_1_105' title="bbox 1078 2603 1334 2643; baseline -0.012 -8"><span class='ocrx_word' id='word_1_640' title='bbox 1078 2605 1166 2635; x_wconf 78' lang='lat' dir='ltr'><strong>tann.</strong></span> <span class='ocrx_word' id='word_1_641' title='bbox 1184 2603 1334 2643; x_wconf 80' lang='lat' dir='ltr'><strong>scriptor.</strong></span> 
     </span>
    </p>

    <p class='ocr_par' dir='ltr' id='par_1_12' title="bbox 1113 2643 1501 2683">
     <span class='ocr_line' id='line_1_106' title="bbox 1113 2643 1501 2683; baseline 0 -8"><span class='ocrx_word' id='word_1_642' title='bbox 1113 2644 1127 2665; x_wconf 68' lang='lat'><strong>2</strong></span> <span class='ocrx_word' id='word_1_643' title='bbox 1145 2644 1258 2681; x_wconf 85' lang='lat' dir='ltr'><strong>Labbe,</strong></span> <span class='ocrx_word' id='word_1_644' title='bbox 1277 2648 1296 2675; x_wconf 86' lang='lat' dir='ltr'><strong>t.</strong></span> <span class='ocrx_word' id='word_1_645' title='bbox 1313 2644 1363 2680; x_wconf 85' lang='lat' dir='ltr'><strong>lx,</strong></span> <span class='ocrx_word' id='word_1_646' title='bbox 1383 2653 1412 2683; x_wconf 88' lang='lat' dir='ltr'><strong>p.</strong></span> <span class='ocrx_word' id='word_1_647' title='bbox 1428 2643 1501 2675; x_wconf 62' lang='lat'><strong>430.</strong></span> 
     </span>
    </p>

    <p class='ocr_par' dir='ltr' id='par_1_13' title="bbox 1073 2682 2038 3090">
     <span class='ocr_line' id='line_1_107' title="bbox 1115 2682 2037 2721; baseline -0.001 -5"><span class='ocrx_word' id='word_1_648' title='bbox 1115 2686 1129 2708; x_wconf 87' lang='grc'>3</span> <span class='ocrx_word' id='word_1_649' title='bbox 1145 2686 1210 2715; x_wconf 80' lang='lat' dir='ltr'><strong>Non</strong></span> <span class='ocrx_word' id='word_1_650' title='bbox 1234 2687 1446 2716; x_wconf 75' lang='lat' dir='ltr'><strong>consecratus.</strong></span> <span class='ocrx_word' id='word_1_651' title='bbox 1463 2685 1547 2721; x_wconf 81' lang='lat' dir='ltr'><strong>Nam,</strong></span> <span class='ocrx_word' id='word_1_652' title='bbox 1562 2687 1594 2714; x_wconf 87' lang='lat' dir='ltr'><strong>ut</strong></span> <span class='ocrx_word' id='word_1_653' title='bbox 1606 2683 1713 2715; x_wconf 86' lang='lat' dir='ltr'><strong>scribit</strong></span> <span class='ocrx_word' id='word_1_654' title='bbox 1724 2682 1854 2714; x_wconf 84' lang='lat' dir='ltr'><strong>Iacobus</strong></span> <span class='ocrx_word' id='word_1_655' title='bbox 1870 2683 2037 2715; x_wconf 82' lang='lat' dir='ltr'><strong>Caietanus</strong></span> 
     </span>
     <span class='ocr_line' id='line_1_108' title="bbox 1075 2723 2038 2764; baseline -0.001 -7"><span class='ocrx_word' id='word_1_656' title='bbox 1075 2727 1259 2764; x_wconf 79' lang='lat' dir='ltr'><strong>CardinaliS,</strong></span> <span class='ocrx_word' id='word_1_657' title='bbox 1281 2728 1312 2757; x_wconf 92' lang='lat' dir='ltr'><strong>in</strong></span> <span class='ocrx_word' id='word_1_658' title='bbox 1331 2726 1450 2757; x_wconf 75' lang='lat' dir='ltr'><strong>Ordine</strong></span> <span class='ocrx_word' id='word_1_659' title='bbox 1471 2726 1623 2756; x_wconf 79' lang='lat' dir='ltr'><strong>Romano</strong></span> <span class='ocrx_word' id='word_1_660' title='bbox 1648 2725 1710 2755; x_wconf 84' lang='lat' dir='ltr'><strong>XIV</strong></span> <span class='ocrx_word' id='word_1_661' title='bbox 1731 2733 1780 2763; x_wconf 80' lang='lat' dir='ltr'><strong>ap.</strong></span> <span class='ocrx_word' id='word_1_662' title='bbox 1799 2723 1956 2762; x_wconf 87' lang='lat' dir='ltr'><strong>Mabillon‚</strong></span> <span class='ocrx_word' id='word_1_663' title='bbox 1974 2728 1998 2755; x_wconf 89' lang='lat' dir='ltr'><strong>t.</strong></span> <span class='ocrx_word' id='word_1_664' title='bbox 2012 2726 2038 2756; x_wconf 89' lang='lat'><strong>11</strong></span> 
     </span>
     <span class='ocr_line' id='line_1_109' title="bbox 1073 2765 2036 2806; baseline -0.003 -7"><span class='ocrx_word' id='word_1_665' title='bbox 1073 2768 1175 2800; x_wconf 67' lang='lat' dir='ltr'><strong>Musei</strong></span> <span class='ocrx_word' id='word_1_666' title='bbox 1192 2767 1306 2801; x_wconf 77' lang='lat' dir='ltr'><strong>Italici.</strong></span> <span class='ocrx_word' id='word_1_667' title='bbox 1318 2777 1346 2806; x_wconf 91' lang='lat' dir='ltr'><strong>p.</strong></span> <span class='ocrx_word' id='word_1_668' title='bbox 1360 2767 1437 2797; x_wconf 62' lang='lat'><strong>254:</strong></span> <span class='ocrx_word' id='word_1_669' title='bbox 1454 2767 1660 2804; x_wconf 78' lang='lat' dir='ltr'><strong>«Episcopus,</strong></span> <span class='ocrx_word' id='word_1_670' title='bbox 1674 2765 1725 2804; x_wconf 89' lang='lat' dir='ltr'><strong>qui</strong></span> <span class='ocrx_word' id='word_1_671' title='bbox 1743 2766 1773 2795; x_wconf 91' lang='lat' dir='ltr'><strong>in</strong></span> <span class='ocrx_word' id='word_1_672' title='bbox 1789 2766 1903 2804; x_wconf 85' lang='lat' dir='ltr'><strong>Papam</strong></span> <span class='ocrx_word' id='word_1_673' title='bbox 1916 2766 2036 2797; x_wconf 87' lang='lat' dir='ltr'><strong>electus</strong></span> 
     </span>
     <span class='ocr_line' id='line_1_110' title="bbox 1074 2806 2038 2846; baseline -0.002 -6"><span class='ocrx_word' id='word_1_674' title='bbox 1074 2814 1130 2845; x_wconf 75' lang='lat' dir='ltr'><strong>est,</strong></span> <span class='ocrx_word' id='word_1_675' title='bbox 1148 2818 1209 2840; x_wconf 90' lang='lat' dir='ltr'><strong>non</strong></span> <span class='ocrx_word' id='word_1_676' title='bbox 1227 2812 1427 2839; x_wconf 77' lang='lat' dir='ltr'><strong>consecratur</strong></span> <span class='ocrx_word' id='word_1_677' title='bbox 1451 2807 1564 2844; x_wconf 83' lang='lat' dir='ltr'><strong>denuo,</strong></span> <span class='ocrx_word' id='word_1_678' title='bbox 1579 2806 1634 2836; x_wconf 86' lang='lat' dir='ltr'><strong>sed</strong></span> <span class='ocrx_word' id='word_1_679' title='bbox 1651 2806 1845 2836; x_wconf 77' lang='lat' dir='ltr'><strong>benedicitur</strong></span> <span class='ocrx_word' id='word_1_680' title='bbox 1861 2807 1966 2846; x_wconf 82' lang='lat' dir='ltr'><strong>aliquo</strong></span> <span class='ocrx_word' id='word_1_681' title='bbox 1983 2807 2038 2838; x_wconf 84' lang='lat' dir='ltr'><strong>die</strong></span> 
     </span>
     <span class='ocr_line' id='line_1_111' title="bbox 1074 2847 2036 2888; baseline -0.003 -7"><span class='ocrx_word' id='word_1_682' title='bbox 1074 2851 1242 2887; x_wconf 83' lang='lat' dir='ltr'><strong>Dominico,</strong></span> <span class='ocrx_word' id='word_1_683' title='bbox 1254 2858 1313 2888; x_wconf 86' lang='lat' dir='ltr'><strong>quo</strong></span> <span class='ocrx_word' id='word_1_684' title='bbox 1330 2853 1359 2879; x_wconf 86' lang='lat' dir='ltr'><strong>et</strong></span> <span class='ocrx_word' id='word_1_685' title='bbox 1372 2850 1537 2879; x_wconf 82' lang='lat' dir='ltr'><strong>coronatur</strong></span> <span class='ocrx_word' id='word_1_686' title='bbox 1554 2859 1580 2877; x_wconf 83' lang='lat'><strong>».</strong></span> <span class='ocrx_word' id='word_1_687' title='bbox 1605 2848 1647 2876; x_wconf 82' lang='lat' dir='ltr'><strong>Ea</strong></span> <span class='ocrx_word' id='word_1_688' title='bbox 1670 2847 1857 2885; x_wconf 80' lang='lat' dir='ltr'><strong>benedictio,</strong></span> <span class='ocrx_word' id='word_1_689' title='bbox 1872 2848 1954 2886; x_wconf 86' lang='lat' dir='ltr'><strong>quod</strong></span> <span class='ocrx_word' id='word_1_690' title='bbox 1986 2848 2036 2878; x_wconf 89' lang='lat' dir='ltr'><strong>fie-</strong></span> 
     </span>
     <span class='ocr_line' id='line_1_112' title="bbox 1074 2888 2038 2925; baseline -0.004 -3"><span class='ocrx_word' id='word_1_691' title='bbox 1074 2896 1121 2922; x_wconf 84' lang='lat' dir='ltr'><strong>ret</strong></span> <span class='ocrx_word' id='word_1_692' title='bbox 1144 2892 1214 2922; x_wconf 84' lang='lat' dir='ltr'><strong>loeo</strong></span> <span class='ocrx_word' id='word_1_693' title='bbox 1238 2889 1496 2925; x_wconf 79' lang='lat' dir='ltr'><strong>consecrationis,</strong></span> <span class='ocrx_word' id='word_1_694' title='bbox 1522 2897 1539 2917; x_wconf 90' lang='lat' dir='ltr'><strong>a</strong></span> <span class='ocrx_word' id='word_1_695' title='bbox 1562 2888 1720 2919; x_wconf 84' lang='lat' dir='ltr'><strong>veteribus</strong></span> <span class='ocrx_word' id='word_1_696' title='bbox 1751 2889 1945 2919; x_wconf 82' lang='lat' dir='ltr'><strong>consecratio</strong></span> <span class='ocrx_word' id='word_1_697' title='bbox 1980 2889 2038 2919; x_wconf 88' lang='lat' dir='ltr'><strong>ali-</strong></span> 
     </span>
     <span class='ocr_line' id='line_1_113' title="bbox 1075 2929 2036 2970; baseline -0.001 -9"><span class='ocrx_word' id='word_1_698' title='bbox 1075 2933 1198 2970; x_wconf 80' lang='lat' dir='ltr'><strong>qnando</strong></span> <span class='ocrx_word' id='word_1_699' title='bbox 1223 2931 1406 2970; x_wconf 79' lang='lat' dir='ltr'><strong>appellatur.</strong></span> <span class='ocrx_word' id='word_1_700' title='bbox 1432 2930 1596 2959; x_wconf 78' lang='lat' dir='ltr'><strong>Formosus</strong></span> <span class='ocrx_word' id='word_1_701' title='bbox 1621 2930 1674 2967; x_wconf 82' lang='lat' dir='ltr'><strong>Pp.</strong></span> <span class='ocrx_word' id='word_1_702' title='bbox 1690 2929 1824 2959; x_wconf 84' lang='lat' dir='ltr'><strong>omnium</strong></span> <span class='ocrx_word' id='word_1_703' title='bbox 1849 2930 1901 2959; x_wconf 78' lang='lat' dir='ltr'><strong>RR</strong></span> <span class='ocrx_word' id='word_1_704' title='bbox 1923 2930 1979 2960; x_wconf 90' lang='grc' dir='ltr'><strong>ΡΡ.</strong></span> <span class='ocrx_word' id='word_1_705' title='bbox 1999 2938 2036 2960; x_wconf 82' lang='lat' dir='ltr'><strong>ex</strong></span> 
     </span>
     <span class='ocr_line' id='line_1_114' title="bbox 1076 2970 2036 3008; baseline -0.003 -5"><span class='ocrx_word' id='word_1_706' title='bbox 1076 2973 1196 3003; x_wconf 77' lang='lat' dir='ltr'><strong>alienae</strong></span> <span class='ocrx_word' id='word_1_707' title='bbox 1221 2973 1401 3002; x_wconf 75' lang='lat' dir='ltr'><strong>dioeceseos</strong></span> <span class='ocrx_word' id='word_1_708' title='bbox 1419 2970 1570 3008; x_wconf 85' lang='lat' dir='ltr'><strong>Episcopo</strong></span> <span class='ocrx_word' id='word_1_709' title='bbox 1587 2971 1743 3000; x_wconf 84' lang='lat' dir='ltr'><strong>Romanus</strong></span> <span class='ocrx_word' id='word_1_710' title='bbox 1761 2970 1901 3000; x_wconf 81' lang='lat' dir='ltr'><strong>Pontifex</strong></span> <span class='ocrx_word' id='word_1_711' title='bbox 1926 2974 1973 3000; x_wconf 87' lang='lat' dir='ltr'><strong>est</strong></span> <span class='ocrx_word' id='word_1_712' title='bbox 1990 2970 2036 3001; x_wconf 88' lang='lat' dir='ltr'><strong>fa-</strong></span> 
     </span>
     <span class='ocr_line' id='line_1_115' title="bbox 1077 3011 2030 3050; baseline -0.002 -6"><span class='ocrx_word' id='word_1_713' title='bbox 1077 3019 1226 3050; x_wconf 75' lang='lat' dir='ltr'><strong>CIUS,Cl11n</strong></span> <span class='ocrx_word' id='word_1_714' title='bbox 1245 3015 1319 3042; x_wconf 77' lang='lat' dir='ltr'><strong>ante</strong></span> <span class='ocrx_word' id='word_1_715' title='bbox 1335 3013 1432 3050; x_wconf 81' lang='lat' dir='ltr'><strong>ipsum</strong></span> <span class='ocrx_word' id='word_1_716' title='bbox 1452 3020 1512 3041; x_wconf 87' lang='lat' dir='ltr'><strong>non</strong></span> <span class='ocrx_word' id='word_1_717' title='bbox 1529 3011 1588 3041; x_wconf 85' lang='lat' dir='ltr'><strong>nisi</strong></span> <span class='ocrx_word' id='word_1_718' title='bbox 1606 3020 1641 3041; x_wconf 84' lang='lat' dir='ltr'><strong>ex</strong></span> <span class='ocrx_word' id='word_1_719' title='bbox 1655 3011 1841 3049; x_wconf 78' lang='lat' dir='ltr'><strong>Presbytero</strong></span> <span class='ocrx_word' id='word_1_720' title='bbox 1856 3011 1903 3041; x_wconf 88' lang='lat' dir='ltr'><strong>vel</strong></span> <span class='ocrx_word' id='word_1_721' title='bbox 1921 3011 2030 3042; x_wconf 83' lang='lat' dir='ltr'><strong>Diaco-</strong></span> 
     </span>
     <span class='ocr_line' id='line_1_116' title="bbox 1076 3052 1839 3090; baseline -0.004 -5"><span class='ocrx_word' id='word_1_722' title='bbox 1076 3065 1116 3085; x_wconf 87' lang='lat' dir='ltr'><strong>no</strong></span> <span class='ocrx_word' id='word_1_723' title='bbox 1133 3054 1350 3085; x_wconf 68' lang='lat' dir='ltr'><strong>‹filardinalilms</strong></span> <span class='ocrx_word' id='word_1_724' title='bbox 1368 3054 1467 3082; x_wconf 73' lang='lat' dir='ltr'><strong>faetus</strong></span> <span class='ocrx_word' id='word_1_725' title='bbox 1485 3052 1596 3081; x_wconf 82' lang='lat' dir='ltr'><strong>fuisset</strong></span> <span class='ocrx_word' id='word_1_726' title='bbox 1612 3053 1726 3082; x_wconf 78' lang='lat' dir='ltr'><strong>Romae</strong></span> <span class='ocrx_word' id='word_1_727' title='bbox 1743 3053 1839 3090; x_wconf 87' lang='lat' dir='ltr'><strong>Papa.</strong></span> 
     </span>
    </p>

    <p class='ocr_par' dir='ltr' id='par_1_14' title="bbox 1117 3091 1994 3164">
     <span class='ocr_line' id='line_1_117' title="bbox 1117 3091 1994 3164; baseline -0.002 -38"><span class='ocrx_word' id='word_1_728' title='bbox 1117 3095 1132 3117; x_wconf 79' lang='lat'>4</span> <span class='ocrx_word' id='word_1_729' title='bbox 1150 3093 1394 3164; x_wconf 49' lang='lat' dir='ltr'><strong>San‹lini,ggtae</strong></span> <span class='ocrx_word' id='word_1_730' title='bbox 1410 3092 1470 3124; x_wconf 81' lang='lat' dir='ltr'><strong>RR.</strong></span> <span class='ocrx_word' id='word_1_731' title='bbox 1491 3092 1619 3131; x_wconf 64' lang='lat' dir='ltr'><strong>Pontis„</strong></span> <span class='ocrx_word' id='word_1_732' title='bbox 1635 3091 1820 3130; x_wconf 80' lang='lat' dir='ltr'><strong>Formosus,</strong></span> <span class='ocrx_word' id='word_1_733' title='bbox 1839 3096 1944 3124; x_wconf 83' lang='lat' dir='ltr'><strong>annot.</strong></span> <span class='ocrx_word' id='word_1_734' title='bbox 1964 3093 1994 3125; x_wconf 81' lang='lat'><strong>2.</strong></span> 
     </span>
    </p>

    <p class='ocr_par' dir='ltr' id='par_1_15' title="bbox 1123 3135 1348 3166">
     <span class='ocr_line' id='line_1_118' title="bbox 1123 3135 1348 3166; baseline -0.009 0"><span class='ocrx_word' id='word_1_735' title='bbox 1123 3137 1137 3158; x_wconf 87' lang='lat'>5</span> <span class='ocrx_word' id='word_1_736' title='bbox 1152 3136 1197 3166; x_wconf 81' lang='lat' dir='ltr'><strong>Ad</strong></span> <span class='ocrx_word' id='word_1_737' title='bbox 1213 3145 1262 3165; x_wconf 85' lang='lat' dir='ltr'><strong>an.</strong></span> <span class='ocrx_word' id='word_1_738' title='bbox 1280 3136 1298 3166; x_wconf 75' lang='lat'><em>8</em></span> <span class='ocrx_word' id='word_1_739' title='bbox 1322 3135 1327 3143; x_wconf 71' lang='lat'><em>⁶</em></span> <span class='ocrx_word' id='word_1_740' title='bbox 1342 3159 1348 3164; x_wconf 95' lang='lat'><strong>.</strong></span> 
     </span>
    </p>

    <p class='ocr_par' dir='ltr' id='par_1_16' title="bbox 1121 3173 1842 3216">
     <span class='ocr_line' id='line_1_119' title="bbox 1121 3173 1842 3216; baseline -0.004 -8"><span class='ocrx_word' id='word_1_741' title='bbox 1121 3179 1135 3200; x_wconf 72' lang='lat'><strong>⁶</strong></span> <span class='ocrx_word' id='word_1_742' title='bbox 1150 3176 1252 3216; x_wconf 76' lang='lat' dir='ltr'><strong>Epist.</strong></span> <span class='ocrx_word' id='word_1_743' title='bbox 1271 3175 1340 3213; x_wconf 85' lang='lat'><strong>319,</strong></span> <span class='ocrx_word' id='word_1_744' title='bbox 1357 3175 1438 3215; x_wconf 87' lang='lat' dir='ltr'><strong>apud</strong></span> <span class='ocrx_word' id='word_1_745' title='bbox 1455 3175 1569 3213; x_wconf 87' lang='lat' dir='ltr'><strong>Labbc,</strong></span> <span class='ocrx_word' id='word_1_746' title='bbox 1584 3175 1642 3206; x_wconf 88' lang='lat' dir='ltr'><strong>loc.</strong></span> <span class='ocrx_word' id='word_1_747' title='bbox 1659 3174 1709 3205; x_wconf 91' lang='lat' dir='ltr'><strong>cit.</strong></span> <span class='ocrx_word' id='word_1_748' title='bbox 1726 3183 1756 3214; x_wconf 88' lang='lat' dir='ltr'><strong>p.</strong></span> <span class='ocrx_word' id='word_1_749' title='bbox 1771 3173 1842 3206; x_wconf 71' lang='lat'><strong>232.</strong></span> 
     </span>
    </p>

    <p class='ocr_par' dir='ltr' id='par_1_17' title="bbox 1766 3225 1788 3247">
     <span class='ocr_line' id='line_1_120' title="bbox 1766 3225 1788 3247; baseline 0 0"><span class='ocrx_word' id='word_1_750' title='bbox 1766 3225 1788 3247; x_wconf 63' lang='grc' dir='ltr'><strong>τηε</strong></span> 
     </span>
    </p>
   </div>
  </div>
 </body>
</html>
