2241 3473
234 158 313 200 350

178 241 375 278 scribendi
403 245 444 277 et
468 238 744 285 imprimendi,
772 238 819 274 de
846 237 1127 286 indifferentia

178 294 218 330 in
244 294 401 341 negotio
428 293 657 339 Religionis.
685 293 802 327 Anno
832 291 1026 339 sequenti,
1055 292 1126 327 xv⁰

178 347 328 384 calend.
348 346 514 388 octobr.,
531 346 635 381 bulla
653 345 750 381 Cum
768 346 809 381 in
823 345 1011 381 Ecclesia
1025 344 1127 381 haud

178 402 308 437 omisit
333 401 522 435 damnare
542 399 655 436 simul
677 400 824 446 aliquot
840 403 1045 435 vastarum
1067 411 1124 435 re-

177 455 337 501 gionum
365 452 604 489 Germaniae
631 453 862 500 scriptores,
881 453 943 500 qui
965 452 1125 498 agmine

176 509 279 544 facto
297 507 544 552 arrogabant
562 506 634 541 sibi
650 506 977 543 reformationem
997 507 1035 541 in
1054 506 1126 542 Ec-

176 561 337 597 clesiam
373 560 585 603 inducere,
620 571 697 607 qua
732 561 904 608 tempori
937 561 1122 596 serviret.

175 615 358 650 Pontifex
383 613 504 660 igitur
521 614 691 660 quinque
709 614 876 650 istorum
897 614 1015 650 libros
1034 625 1121 650 cen-

173 679 267 705 sura
293 667 458 710 notavit,
486 678 533 703 eo
560 667 660 714 quod
678 669 931 704 continerent
948 669 1123 715 proposi-

173 723 299 758 tiones
324 721 548 769 respective
575 721 708 765 falsas,
730 722 982 765 temerarias,
1011 732 1124 758 erro-

171 787 268 812 neas
293 780 368 812 etc.
399 780 437 811 et
463 776 541 810 iam
568 775 616 811 ab
644 775 827 812 Ecclesia
854 776 891 811 in
920 775 1094 812 Luthero
1113 804 1121 818 ,

171 829 281 872 Baio,
295 828 496 872 Richerio,
506 829 684 875 Eybelio,
697 829 1007 866 pistoriensibus
1021 830 1124 865 aliis-

172 894 246 930 que
278 883 501 919 damnatas.
529 882 659 918 idibus
697 882 919 920 decembris
945 882 1121 919 eiusdem

171 938 263 973 anni
284 937 437 974 litteras
455 937 492 972 in
514 937 643 973 forma
662 938 816 980 Brevis,
836 936 997 972 Maiori
1015 939 1122 973 certo

169 990 318 1027 solatio
339 1020 347 1033 ,
382 991 486 1027 dedit
517 990 564 1027 ad
593 991 935 1039 archiepiscopum
959 991 1123 1027 Mechli-

171 1045 258 1080 niae
297 1045 473 1092 aliosque
515 1045 724 1093 episcopos
761 1045 889 1092 Belgii
908 1074 916 1089 ,
956 1057 1123 1092 quorum

171 1099 391 1143 fervorem,
408 1099 656 1146 vigilantiam
677 1105 717 1136 et
734 1111 833 1146 erga
851 1100 1122 1147 Apostolicam

170 1153 313 1189 Sedem
340 1153 634 1191 observantiam
670 1154 868 1197 laudavit,
897 1159 937 1190 et
968 1165 1122 1190 eorum-

170 1206 258 1243 dem
279 1207 461 1254 precibus
479 1219 677 1252 annuens,
697 1209 745 1245 iis
772 1212 1010 1256 potestatem
1030 1208 1124 1244 fecit

169 1260 349 1308 erigendi
376 1262 614 1298 catholicam
632 1262 855 1298 studiorum
875 1262 1124 1298 Universita-

170 1319 264 1358 tem,
283 1327 448 1352 monens
467 1317 705 1363 praesertim
725 1316 774 1352 ad
793 1316 937 1353 Sedem
955 1318 1122 1364 Aposto-

170 1369 288 1404 licam
315 1371 520 1417 pertinere
549 1371 679 1407 studia
713 1382 928 1419 sacrasque
954 1371 1123 1419 discipli-

171 1434 241 1458 nas
268 1423 305 1458 in
325 1424 530 1461 catholicis
548 1425 889 1462 Universitatibus
909 1425 1123 1462 moderari.

169 1476 259 1513 V11⁰
285 1478 472 1515 calendas
498 1479 613 1515 iulias
642 1479 732 1517 1834
758 1479 928 1516 alteram
953 1480 1124 1527 publica-

169 1530 226 1566 vit
251 1532 460 1578 epistolam
488 1533 761 1581 Encycticam,
788 1533 1000 1581 Singulari
1020 1535 1120 1574 Nos,

168 1595 246 1631 qua
278 1585 501 1622 doctrinam
535 1587 1025 1636 philosophico-politicam
1052 1589 1125 1625 Fe-

169 1638 264 1675 licit.
300 1640 348 1677 de
382 1641 647 1686 la-Mennais,
683 1653 797 1690 quam
832 1643 909 1678 iam
937 1642 975 1677 in
1003 1643 1125 1690 priori

169 1694 373 1740 encyclica
392 1697 522 1738 (XV1110
543 1697 616 1733 cal.
638 1700 738 1743 sept.
758 1696 862 1741 1832)
883 1697 1125 1744 perstrinxe-

170 1751 246 1791 rat,
275 1750 498 1796 expressius
520 1749 759 1797 reprobavit.
784 1750 919 1787 Pridie
938 1750 1023 1786 idus
1039 1763 1126 1798 sep-

168 1800 331 1837 tembris
356 1802 685 1848 Instructionem‚
714 1803 877 1840 Litteris
904 1804 987 1840 iam
1013 1803 1120 1845 inde,

167 1853 274 1891 dedit
291 1855 340 1892 ad
358 1857 565 1904 episcopos
585 1858 782 1894 Bavariae
797 1858 844 1894 de
862 1858 1124 1896 matrimoniis

168 1908 313 1945 mixtis.
343 1911 458 1946 Anno
486 1911 594 1955 1835,
622 1912 708 1948 xvi⁰
736 1912 890 1948 calend.
922 1912 1030 1957 iunii,
1050 1914 1124 1949 En·

169 1962 362 2010 cyclicam
389 1965 613 2012 epistolam,
641 1965 898 2003 Commissum
919 1965 1119 2008 diuinitus,

167 2017 327 2064 scripsit
358 2018 405 2054 ad
440 2019 670 2067 episcopos,
699 2020 873 2067 capitula
891 2048 900 2063 ,
928 2021 1124 2067 parochos

167 2070 399 2118 clerumque
431 2073 639 2110 Helvetiae
673 2078 812 2110 contra
844 2074 1124 2122 usurpationes

168 2126 376 2170 potestatis
409 2126 534 2163 civilis
566 2128 603 2163 in
630 2128 959 2165 ecclesiasticam.
988 2129 1122 2173 Brevi,

167 2177 257 2214 dato
295 2180 354 2215 vi⁰
388 2180 574 2217 calendas
607 2182 779 2218 octobris
802 2211 810 2226 ‚
846 2181 1125 2219 condemnavit

166 2242 292 2278 opera
307 2233 469 2281 Georgii
489 2234 661 2271 Hermes
680 2235 718 2270 in
736 2235 1008 2273 Universitate
1023 2237 1123 2272 Bon-

168 2286 281 2322 nensi
308 2286 532 2333 theologiae
560 2288 795 2334 professoris
814 2291 841 2322 1.

215 2339 273 2376 De
306 2341 663 2386 condemnatione,
700 2355 771 2390 per
804 2344 934 2381 Breve
968 2345 1045 2382 diei
1082 2347 1123 2383 16

168 2396 382 2440 septembr.
415 2396 528 2436 1835,
561 2396 663 2441 libri,
692 2397 751 2433 cui
782 2398 914 2434 titulus
941 2398 1121 2445 Synoclus

168 2447 418 2486 Antioc-leena
433 2450 499 2486 sub
515 2450 668 2498 Agyabio
689 2452 851 2496 Matar,
866 2453 1121 2490 [miriarcha

167 2500 426 2548 Antiocheno,
448 2516 510 2540 an.
535 2505 625 2542 1806
648 2505 865 2548 celebrata,
885 2517 908 2541 a
927 2506 1121 2553 Gregorio

166 2553 239 2602 Pp.
256 2556 348 2593 XVI
370 2558 488 2600 sacta,
503 2559 580 2595 iam
599 2559 803 2596 diximus2.
824 2561 933 2596 Haec
952 2561 1121 2608 synodus

166 2610 338 2647 arabicis
365 2613 465 2659 typis
494 2614 703 2661 impressa,
726 2614 949 2650 inconsulta
967 2620 1118 2661 aposto-

167 2662 241 2698 lica
270 2675 433 2701 romana
465 2667 565 2703 Sede
589 2668 700 2714 plura
720 2673 860 2703 contra
878 2678 1014 2703 sanam
1034 2668 1120 2705 doc—

167 2717 312 2753 trinam
341 2723 379 2755 ct
406 2721 612 2767 probatam
646 2722 850 2758 Ecclesiae
871 2721 1119 2768 disciplinam

165 2771 387 2816 continens,
414 2774 562 2810 iamdiu
590 2776 625 2811 in
653 2775 853 2812 hominum
882 2775 930 2812 de
951 2777 1120 2823 puritate

166 2825 384 2863 catholicae
416 2828 612 2875 dogmatis
629 2830 890 2866 sollicitorum
911 2830 1120 2877 reprelien-

166 2879 298 2916 siones
336 2882 470 2918 varias
511 2883 746 2921 incurrerat.
784 2884 979 2931 Episcopo
1009 2884 1121 2919 Baio-

166 2934 288 2975 ccnsi,
311 2935 454 2972 Literis
474 2937 510 2972 in
535 2938 663 2973 forma
678 2939 820 2974 Brevis
837 2938 911 2974 diei
927 2939 948 2975 8
964 2949 1122 2974 novem-

170 2986 248 3021 bris
276 2989 368 3025 1843
395 2990 512 3035 datis,
542 2991 725 3029 Pontifex
746 3004 887 3029 novam
910 2992 1120 3040 impiorum

216 3074 221 3093 ¹
254 3075 295 3106 De
329 3077 376 3107 liis
403 3078 550 3109 omnibus
575 3078 639 3109 νῑιΙ.
670 3078 763 3110 Hella
789 3079 859 3111 vita
885 3089 901 3111 e
927 3079 979 3110 del
1008 3078 1123 3110 I'onli-

169 3119 266 3159 ficato
291 3121 325 3152 cli
355 3121 516 3163 Greyorto
542 3123 618 3155 XVI
647 3125 674 3155 in
703 3124 836 3166 ophlal
864 3125 1005 3157 Sctema
1034 3134 1050 3156 e
1076 3123 1120 3157 La

172 3165 270 3203 Ferte,
298 3168 362 3199 vol.
394 3169 462 3207 xil,
485 3170 596 3211 Naupoli
618 3170 717 3207 18411,
736 3174 798 3202 art.
819 3171 845 3201 11
868 3172 999 3212 passim,
1019 3170 1123 3203 locos-

173 3220 290 3289 (11101111
318 3215 402 3246 notis
428 3216 486 3248 sub
510 3214 525 3260 ἕ
550 3215 590 3247 42
624 3216 719 3248 liuius
746 3216 898 3258 Epochac
925 3218 1052 3250 citatos.

218 3269 226 3274 ⁴
281 3282 289 3289 .
319 3260 394 3292 335.

521 171 687 198 EPOCHA
707 171 796 197 xm.
823 172 849 196 A
871 168 1053 196 PVBLICA
1073 169 1223 196 RERVM
1245 169 1289 196 1N
1311 168 1482 196 GALLIIS
1504 168 1796 198 SVBVERSIONE

1178 238 1382 274 hominum
1396 239 1629 276 societatem
1651 250 1676 275 a
1691 240 1811 276 Petro
1826 241 2024 278 Michaele
2038 241 2133 277 Vin-

1178 299 1262 329 tras
1287 292 1339 327 ibi
1368 294 1631 340 propalatam,
1659 294 1908 341 improbavit.
1937 296 1988 331 Hi
2006 300 2131 332 secta·

1178 347 1240 390 rii,
1268 346 1601 393 transfigurantes
1627 359 1670 384 se
1697 348 1735 382 in
1754 350 1952 395 apostolos
1969 349 2130 393 Christi,

1178 401 1491 437 commentitium
1502 401 1714 449 fictumque
1727 402 2024 441 misericordiae
2035 415 2133 451 opus

1177 454 1462 491 annuntiantes
1480 483 1489 499 ‚
1526 456 1688 491 tertium
1722 455 1762 490 in
1793 456 1938 494 Christi
1965 468 2134 505 regnum

1178 509 1468 555 proponebant,
1496 509 1597 556 quod
1624 509 1794 556 Spiritus
1814 511 1949 546 Sancti
1965 522 2134 558 regnum

1177 562 1381 608 appellare
1400 573 1476 597 non
1500 562 1822 599 reformidabant.
1842 563 2003 600 Litteris
2020 564 2134 600 Inter

1176 615 1376 651 maoeimas
1402 616 1478 652 diei
1498 617 1520 652 5
1539 620 1694 663 august·
1713 616 1804 653 1843
1822 616 2026 654 damnavit
2043 629 2135 665 quo-

1176 680 1250 715 que
1277 681 1453 706 summus
1480 669 1664 706 Pontifex
1691 670 1880 716 libellum,
1907 671 1971 718 qui
1999 671 2136 708 inscri-

1178 723 1291 759 bitur:
1319 723 1437 759 Salla
1462 723 1667 760 clireeione
1693 723 1797 771 deyli
1816 724 1925 761 studi
1941 724 1985 760 di
2003 724 2137 762 Fran-

1176 787 1288 813 cesco
1314 772 1448 822 Forii,
1476 778 1651 814 Ginevra
1670 779 1774 815 1843.
1796 779 1915 816 Liber
1933 779 2036 816 mole
2055 780 2138 827 qui—

1176 830 1266 867 dem
1292 832 1478 879 exiguus,
1505 832 1575 869 sed
1602 833 1828 880 argumenti
1854 833 2066 876 varietate,
2095 836 2136 870 et

1176 897 1358 925 errorum
1394 887 1643 923 multitudine
1678 888 1834 935 magnis
1867 887 2133 924 voluminibus

1177 939 1379 976 habendus
1405 946 1466 977 est
1491 940 1775 988 aequipollens,
1804 953 1851 979 eo
1876 942 1955 978 fine
1986 952 2033 977 ac
2052 952 2133 977 ma-

1176 993 1284 1039 ligna
1310 994 1594 1041 magistrorum
1622 995 1842 1042 iniquitatis
1868 1000 1956 1032 arte
1972 1023 1981 1039 ‚
2008 998 2052 1032 ut
2076 994 2133 1031 sic

1178 1047 1291 1083 molis
1300 1049 1518 1095 exiguitate
1532 1048 1686 1085 facilius
1700 1060 1788 1086 esse
1805 1050 1926 1097 possit
1939 1060 2037 1097 prae
2052 1060 2133 1085 om-

1177 1101 1283 1138 nium
1304 1103 1482 1138 manibus
1502 1103 1551 1139 ad
1565 1103 1766 1151 quaelibet
1778 1103 1908 1139 studia
1923 1100 2134 1140 inficienda

1181 1159 1220 1191 et
1246 1155 1544 1203 depravandam
1571 1157 1817 1193 inventutem
1843 1156 2052 1193 cuiuslibet
2071 1167 2134 1192 ae—

1177 1209 1687 1253 tatis,ordinis,conditionis
1704 1211 2014 1258 religionemque
2031 1210 2136 1246 labe-

1178 1262 1417 1300 factandam.
1439 1265 1481 1300 In
1509 1264 1769 1311 praelaudata
1787 1265 1902 1312 epist.
1920 1263 2134 1312 Encyclica

1176 1317 1364 1362 postridie
1380 1329 1504 1355 nonas
1514 1319 1608 1355 maii
1619 1319 1710 1356 1844
1724 1318 2040 1363 edita,adversus
2051 1328 2131 1354 ma-

1176 1371 1423 1408 chinationes
1448 1373 1760 1409 acatholicorum
1787 1385 1876 1409 curn
1899 1373 1980 1409 suis
1998 1372 2132 1409 Socie-

1178 1425 1323 1462 tatibus
1355 1426 1542 1471 biblicis¹‚
1571 1427 1754 1463 Pontifex
1772 1438 1797 1463 a
1814 1427 2015 1464 Societate
2034 1424 2134 1462 Foc—

1176 1477 1283 1514 deris
1301 1479 1517 1516 christiani
1537 1486 1724 1517 avertere
1743 1492 1895 1528 quoque
1911 1481 2134 1516 obtestatur

1177 1536 1292 1580 atque
1318 1534 1538 1571 obsecrat2.
1562 1535 1633 1571 Die
1659 1535 1705 1571 24
1723 1534 1860 1582 aprilis
1878 1534 1970 1572 1838
1992 1545 2133 1582 appro-

1178 1587 1285 1623 bavit
1304 1587 1529 1625 sodalitium
1547 1589 1795 1625 lmmaculati
1813 1588 1954 1626 Cordis
1967 1587 2133 1624 B.V.M.

1176 1645 1217 1678 et
1244 1642 1412 1679 Litaniis
1438 1643 1670 1687 lauretanis‚
1686 1643 1743 1679 uti
1761 1643 1931 1679 diximus
1948 1643 1976 1686 3,
2000 1641 2137 1678 adiun-

1176 1696 1233 1732 xit
1270 1695 1430 1743 Regina,
1463 1696 1546 1733 sinc
1582 1697 1668 1732 labe
1701 1695 1894 1744 originali
1927 1697 2135 1743 concepta.

1176 1752 1211 1784 A
1237 1750 1299 1787 die
1318 1751 1367 1787 22
1384 1751 1521 1798 aprilis
1542 1751 1631 1788 1831
1650 1762 1774 1798 usque
1794 1750 1845 1786 ad
1862 1752 1885 1788 5
1903 1754 2023 1787 mart.
2042 1748 2133 1786 1845

1177 1804 1325 1841 cultum
1359 1806 1581 1842 Beatorum
1615 1804 1674 1841 vel
1702 1806 1939 1841 Sanctorum
1966 1804 2134 1852 triginta

1177 1858 1348 1907 quinque
1376 1860 1513 1896 Servis
1531 1859 1604 1896 Dei
1623 1859 1671 1895 ab
1691 1857 1997 1895 immemorabili
2014 1858 2134 1894 tribu-

1177 1916 1273 1956 tum,
1302 1925 1323 1949 e
1351 1914 1391 1950 S.
1416 1914 1579 1950 Rituum
1599 1914 1750 1960 Congr.
1770 1913 1963 1956 consulto,
1982 1912 2133 1960 Grego—

1177 1967 1256 2003 rius
1266 1968 1358 2004 XVI
1368 1969 1607 2005 auctoritate
1622 1967 1850 2016 Apostolica
1865 1966 2130 2003 confirmavit.

1177 2021 1219 2057 In
1233 2021 1477 2058 Sanctorum
1493 2034 1702 2060 numerum
1720 2026 1935 2070 praeterea
1949 2020 2134 2057 solemni-

1178 2080 1253 2120 ter,
1282 2075 1343 2113 die
1363 2076 1409 2113 24
1427 2077 1520 2113 maii
1540 2077 1646 2122 1839,
1666 2077 1801 2114 retulit
1819 2075 1899 2111 BB.
1921 2075 2131 2111 Alfonsum

1178 2131 1235 2165 M.
1264 2131 1311 2167 de
1339 2131 1516 2179 Ligorio,
1533 2131 1791 2168 Franciscum
1809 2129 1857 2166 de
1873 2129 2131 2177 Hieronymo,

1177 2184 1396 2221 Pacificum
1423 2197 1447 2222 a
1473 2187 1620 2222 Sancto
1639 2186 1849 2228 SeverinO,
1868 2184 2056 2220 Ioannem
2074 2183 2131 2220 10-

1174 2239 1340 2286 sephum
1369 2251 1394 2276 a
1419 2241 1546 2277 Cruce
1574 2245 1615 2277 et
1641 2239 1882 2277 Veronicam
1911 2238 2101 2274 lulianam
2121 2267 2131 2284 ‚

1175 2293 1292 2330 sicuti
1319 2294 1424 2330 inter
1450 2293 1601 2330 Beatos
1629 2293 1840 2341 adscripsit
1856 2293 1987 2329 Venn.
2007 2292 2128 2328 Seba-
2167 2304 2174 2311 ·

1174 2347 1347 2383 stiauum
1373 2348 1530 2392 Valfre‚
1558 2348 1600 2384 31
1630 2348 1786 2395 augusti
1816 2347 1921 2392 1837,
1944 2348 2130 2384 Ioannem

1176 2401 1347 2437 Massias
1357 2406 1397 2438 et
1408 2402 1628 2438 Martinum
1640 2402 1686 2438 de
1701 2400 2130 2446 Porres‚Ord.Praed.,

1173 2454 1220 2490 22
1245 2460 1322 2491 oct·
1353 2455 1460 2499 1837,
1489 2456 1750 2492 Franciscam
1770 2466 1795 2491 a
1812 2456 1980 2503 quinque
1993 2454 2128 2491 vulne-

1174 2508 1344 2553 ribus-,12
1357 2509 1472 2557 april.
1498 2510 1742 2547 1843.—V111
1759 2509 1946 2546 calendas
1959 2513 2129 2557 septem-

1175 2563 1253 2600 bris
1291 2564 1383 2601 1840
1413 2575 1569 2600 rursum
1605 2564 1652 2600 ad
1678 2575 1818 2601 omnes
1853 2563 2127 2612 patriarchas,

1175 2617 1377 2663 primates,
1395 2618 1716 2666 archiepiscopos
1735 2623 1775 2655 et
1792 2618 1999 2665 episcopos
2013 2629 2128 2666 ency-

1173 2671 1313 2706 clicam
1351 2671 1573 2719 epistolam,
1602 2673 1731 2708 Probe
1757 2671 1892 2715 noscis,
1913 2671 2032 2717 dedit,
2053 2683 2129 2720 qua

1173 2725 1360 2771 expositis
1393 2725 1509 2762 malis
1528 2755 1536 2769 ,
1569 2727 1707 2774 quibus
1734 2726 1915 2763 Ecclesia
1940 2725 1979 2762 in
2004 2726 2128 2764 variis

1174 2779 1398 2826 regionibus
1426 2781 1694 2827 affligebatur,
1721 2787 1761 2818 et.
1788 2779 1957 2817 laudatis
1983 2780 2021 2817 in
2039 2781 2127 2818 aliis

1173 2832 1392 2879 Religionis
1413 2834 1668 2871 incrementis
1683 2835 2011 2883 etprosperitate‚
2027 2835 2126 2872 anti-

1173 2887 1286 2923 stites
1310 2888 1499 2925 excitavit
1517 2889 1564 2925 ad
1583 2889 1793 2926 sollicitam
1813 2900 2019 2927 munerum
2038 2900 2127 2926 suo-

1221 2990 1228 3010 1
1259 2993 1326 3023 viil.
1356 3003 1387 3035 p.
1418 2992 1495 3024 337.

1216 3037 1230 3059 2
1255 3039 1293 3070 Cf
1318 3039 1361 3071 La
1390 3038 1530 3072 Scienza
1549 3049 1564 3072 e
1584 3039 1629 3073 La
1648 3040 1746 3080 Fede,
1768 3040 1832 3072 vol.
1851 3048 1899 3080 vi,
1915 3049 1947 3083 p.
1969 3039 2031 3073 123
2049 3047 2122 3082 sqq,

1175 3082 1288 3125 Napoli
1314 3085 1411 3122 1843,
1433 3095 1535 3127 aeque
1552 3096 1587 3120 ac
1607 3087 1687 3119 volt.
1706 3087 2016 3120 vni-xiearumdem
2028 3086 2125 3128 ephe-

1174 3131 1342 3168 mei-idum,
1364 3131 1414 3162 ubi
1435 3133 1492 3164 sub
1512 3134 1640 3165 nomine
1659 3132 1787 3164 Lettcre
1801 3132 1884 3165 d'un
1900 3132 2041 3174 yiovane
2058 3131 2125 3164 ila-

1173 3175 1264 3207 liano
1299 3177 1466 3209 ‹loen-inae
1484 3180 1710 3218 scandalosac,
1737 3179 1768 3211 111
1792 3179 1940 3211 damnato
1968 3177 2064 3220 impio
2090 3182 2124 3210 et

1173 3222 1487 3299 ⁰x9⁰ff¹¹¹hidib⁰¹lo
1507 3229 1694 3263 contentae,
1713 3224 1902 3266 plenissime
1919 3224 2121 3259 refutantur.

1217 3277 1230 3286 ·’
1282 3292 1289 3300 .
1317 3271 1329 3302 1
1389 3293 1396 3302 .

2234 2965 2241 3178 Α-ΑΑ-μμμ.-
2240 2947 2241 2950 Α
