2241 3473
595 159 724 191 VSQVE
752 159 806 186 AD
833 155 1135 186 PONTIFIGATVM
1163 155 1194 184 S.
1214 156 1414 185 GREGORII
1442 157 1512 185 vu.

86 235 222 263 corum
249 223 297 261 de
324 234 394 260 sex
425 223 558 262 mundi
578 223 773 261 aetatibus
790 222 814 260 ¹.
831 221 1034 259 Usuardus

89 275 299 315 monachus
319 276 609 320 Benedictinus,
630 276 788 323 reliquit
805 273 1034 323 martyrolo-

85 329 194 378 gium
213 327 240 366 ².
261 329 518 375 Anastasius,
547 330 667 366 abbas
696 327 968 366 Benedictinus
997 328 1035 363 et

86 382 290 419 Romanae
329 381 529 420 Ecclesiae
567 380 892 418 Bibliothecarius
907 408 916 424 ,
947 382 1034 416 acta

87 428 339 472 co'neiliovum
356 434 598 480 generalium
618 433 692 470 VII
712 434 752 469 et
767 432 860 468 VIII
882 444 902 468 e
923 442 1033 479 grae-

86 498 130 524 co
149 486 187 523 in
218 486 387 523 latinum
407 487 549 532 vertit,
570 486 771 523 historiam
792 483 1032 521 ecclesiasti—

83 550 170 576 cam
185 550 206 576 e
217 539 537 587 chronographiis
546 538 703 586 Georgii
724 536 900 585 syncelli,
911 536 1032 572 Theo-

87 591 225 640 phanis
247 594 287 629 et
302 591 512 639 Nicephori
534 591 653 628 latine
671 585 887 637 exposuit&
904 587 1037 624 collec-

85 646 204 681 tanea
229 655 360 681 rerum
377 673 386 690 ,
406 645 455 680 ad
476 643 677 680 historiam
698 640 1033 679 Monotheliticam

63 696 348 744 'spectantium
382 696 502 733 edidit
521 695 548 740 ⁴,
578 695 800 742 librumque
822 692 1033 730 Pontifica-

86 746 163 786 lem
201 761 266 786 seu
296 748 398 785 vitas
426 748 515 785 RR.
545 747 780 785 Pontificum
809 744 967 792 collegit
995 747 1035 780 et

85 801 199 839 auxit
215 800 240 839 ⁵.
259 802 401 838 Petrus
421 799 574 837 Siculus
587 829 596 845 ,
625 799 768 837 litteris
787 797 950 835 tradidit
970 796 1033 833 hi-

84 853 244 891 storiam
265 853 580 890 Manichaeorum
601 850 627 889 ⁶.

135 906 198 944 57.
208 906 382 943 Carolus
397 905 545 942 Calvus
558 906 611 941 lm
611 915 715 952 pera
722 908 784 940 tor
795 900 1032 951 (an.875)—-

86 959 184 996 Cum
204 958 430 995 Ludovicus
455 956 668 1005 imperator
689 957 725 994 II
746 959 786 993 et
804 966 876 992 rex
895 954 1033 991 ItalIae

86 1022 154 1048 seu
186 1009 497 1058 Longobardiae,
529 1021 589 1046 an.
610 1009 688 1046 875
717 1009 798 1045 sine
818 1006 925 1056 prole
945 1019 1031 1044 ma—

85 1063 195 1101 scula
210 1063 380 1108 obiisset,
395 1062 442 1099 de
462 1062 548 1098 iure
571 1063 618 1099 ad
640 1062 722 1099 eius
742 1071 906 1109 regnum
927 1062 966 1097 et
986 1060 1032 1096 de

85 1115 250 1164 imperio
279 1115 565 1152 contenderunt
594 1114 754 1152 Carolus
791 1112 934 1150 Calvus
963 1124 1033 1149 rex

86 1168 251 1213 Galliae,
267 1169 305 1204 et
324 1167 547 1204 Ludovicus
566 1178 637 1204 rex
655 1167 900 1204 Germaniae.
917 1165 1034 1202 Prae-

85 1220 212 1258 valuit
223 1219 398 1266 Carolus,
409 1231 523 1267 quem
537 1220 701 1256 Ioannes
712 1219 745 1255 P
749 1219 883 1266 p.VIII
899 1218 1030 1254 eodem

83 1285 184 1310 anno
203 1273 367 1310 Romam
394 1276 579 1310 vocatum
593 1301 602 1318 ,
621 1272 661 1308 in
681 1271 844 1309 basilica
872 1282 900 1308 s.
922 1271 1032 1307 Petri

82 1326 363 1374 Imperatorem
377 1324 757 1362 coronavit.Carolus
767 1323 962 1372 profectus
972 1323 1033 1359 Ti-

82 1378 226 1424 cinum,
245 1377 386 1415 ibidem
409 1389 510 1414 anno
531 1380 717 1425 sequente
737 1377 1005 1425 episcoporum
1023 1405 1032 1420 ,

82 1431 267 1468 abbatum
297 1433 336 1467 et
363 1441 569 1479 procerum
596 1429 893 1477 Longobardiae
913 1428 1031 1465 fidem

82 1483 246 1532 accepit,
265 1484 306 1519 et
328 1483 376 1521 15
397 1483 569 1531 capitula
588 1482 857 1532 promulgavit
885 1481 932 1518 de
960 1481 1032 1518 ho-

83 1547 176 1573 nore
203 1536 252 1573 R.
283 1535 481 1573 Ecclesiae
511 1539 555 1572 ut
583 1535 757 1572 omnium
785 1536 1031 1571 caeterarum

83 1588 409 1637 capiti,habend0‚
419 1589 466 1625 de
483 1588 702 1625 obedientia
715 1587 850 1625 Ioanni
863 1587 1033 1635 Pp.VIII

82 1641 332 1689 praestanda,
349 1641 395 1678 de
412 1653 488 1677 non
504 1641 749 1689 impedienda
764 1640 1029 1688 episcoporum

81 1693 371 1738 iurisdictione,
392 1694 439 1730 de
469 1693 662 1730 solvendis
690 1693 861 1730 decimis.
883 1693 1029 1729 Eadem

82 1746 254 1794 capitula
273 1746 522 1783 confirmavit
541 1746 580 1782 in
596 1746 756 1794 synodo,
773 1746 908 1782 eodem
929 1756 1030 1782 anno

83 1801 221 1836 coacta
247 1799 349 1847 apud
370 1799 628 1847 Pontigonem
659 1799 699 1835 in
720 1797 866 1844 Gallia,
886 1798 926 1834 in
956 1809 1031 1845 qua

81 1845 198 1888 etiam
211 1851 614 1899 Ansegisus,vicarius
631 1850 868 1899 apostolicus
887 1862 910 1888 a
922 1851 1031 1888 Ioan-

81 1915 129 1941 ne
144 1903 240 1941 VIII
255 1915 325 1952 pro
345 1903 475 1941 Gallia
494 1906 533 1941 et
553 1903 766 1941 Germania
785 1903 1032 1950 constitutus,

81 1967 159 2004 qua
176 1956 268 1993 talis
288 1959 488 2005 susceptus
508 1959 567 1994 est
580 1954 607 1994 ⁷.

133 2010 208 2046 An.
224 2009 302 2046 877
317 2009 478 2046 Carolus
499 2010 715 2057 imperator
735 2021 757 2046 a
777 2009 922 2046 Ioanne
937 2009 1031 2047 VIII

80 2061 120 2098 in
141 2060 299 2098 Italiam
327 2064 465 2099 contra
494 2061 782 2099 Saracenorum
810 2062 1032 2099 invasiones

81 2114 308 2160 advocatus,
327 2125 446 2163 prope
465 2114 584 2162 Alpes
605 2126 767 2160 veneno,
785 2114 858 2151 sibi
878 2126 900 2151 a
920 2115 1032 2152 Sede-

82 2166 144 2203 cia
179 2166 326 2204 medico
355 2170 493 2204 contra
521 2167 673 2212 febrim,
702 2179 779 2215 qua
806 2167 1032 2214 laborabat,

79 2219 296 2267 propinato,
313 2219 512 2257 extinctus
532 2222 600 2257 est.
618 2220 666 2257 Ei
686 2220 725 2256 in
742 2231 864 2269 regno
881 2220 1031 2257 Galliae

80 2271 270 2308 successit
289 2272 512 2310 Ludovicus
527 2302 536 2318 ,
555 2273 661 2310 filius
691 2273 773 2309 eius
803 2274 1031 2321 cognomine

81 2323 243 2361 Balbus.
263 2324 578 2372 Longobardiam
607 2337 702 2362 vero
731 2326 939 2373 occupavit
959 2327 1033 2363 Ca-

81 2375 335 2414 rolomannus
362 2389 432 2414 rex
461 2378 656 2414 Bavariae
673 2407 682 2423 ,
711 2377 812 2415 filius
843 2379 1032 2416 Ludovici

79 2428 312 2466 Germanici.
363 2430 574 2478 Imperium
613 2430 772 2467 vacavit
819 2443 939 2479 usque
983 2432 1030 2469 ad

80 2492 226 2517 annum
247 2481 336 2518 880.

131 2533 194 2570 58.
216 2533 375 2570 Rerum
397 2538 530 2571 status
552 2537 597 2572 in
618 2535 747 2572 Italia
763 2541 808 2572 et
828 2536 966 2573 Gallia
982 2558 1031 2564 --

79 2584 123 2621 In
139 2585 264 2631 Italia,
283 2587 369 2633 post
391 2589 553 2623 mortem
571 2587 761 2625 Ludovici
787 2588 1033 2637 imperatoris

76 2637 113 2674 II
129 2637 255 2688 (875),
274 2638 459 2675 Saraceni
474 2639 695 2687 provincias
719 2641 873 2678 tristem
894 2642 935 2678 in
956 2653 1034 2679 mo-

117 2764 129 2786 ¹
149 2764 252 2795 Edidit
263 2764 432 2796 Rosweide
449 2765 536 2796 Antv.
554 2764 631 2797 1673
649 2767 763 2803 in-sol.;
782 2771 811 2798 et
827 2769 859 2799 G.
875 2769 1031 2810 Rodigini‚

77 2807 162 2836 Rom.
180 2805 281 2843 1745;
297 2807 409 2845 >ligna
425 2805 545 2836 Patrol.
565 2805 677 2844 Latin„
693 2812 711 2838 1.
730 2809 853 2840 cxxiii.

117 2846 132 2867 2
148 2847 248 2895 Edidit
263 2847 412 2883 Melanos
437 2847 548 2877 Lovan.
566 2847 655 2886 1568,
670 2849 766 2887 in-8⁰‚
783 2854 812 2880 et
827 2851 946 2891 Sollier,
961 2853 1027 2884 Ant.

77 2887 458 2965 “ala-'¹1’aza-20.

115 2969 130 2991 ⁴
147 2969 223 2999 Ibid.
241 2968 332 3007 1620,
349 2970 378 2998 in
397 2968 444 2999 80.

115 3009 131 3032 5
146 3010 265 3047 Migne,
292 3012 312 3040 t.
341 3010 546 3047 cxxvii-lm
577 3009 665 3040 eard.
689 3011 764 3050 Mai,
788 3010 943 3053 Scriptor.
966 3018 1028 3047 vet.

77 3053 96 3080 t.
121 3050 178 3080 VII.
194 3050 317 3080 Librum
342 3050 447 3089 ponus.
466 3051 653 3081 doctissimis
670 3051 937 3085 observationibus
954 3055 1026 3088 illu-

76 3093 205 3121 stratum
221 3091 317 3121 edidit
332 3092 362 3121 F.
380 3092 550 3127 BIanchini,
567 3093 652 3122 Rom.
673 3092 758 3130 1718,
776 3092 795 3123 4
811 3095 868 3125 vol.
885 3097 986 3127 in-soI.

116 3131 131 3153 6
141 3131 256 3162 Graece
271 3135 301 3162 et
312 3132 405 3162 lanne
419 3132 515 3162 edidit
527 3133 564 3162 M.
579 3132 917 3174 naderus‚1ng01stad.
932 3137 1023 3171 1604.

117 3171 130 3193 ⁷
146 3171 258 3211 Labbe,
274 3172 393 3204 Concil.
410 3177 428 3203 t.
446 3173 494 3211 lx,
510 3182 538 3212 p.
555 3173 624 3204 281.

1895 149 1975 188 239

1076 220 1168 257 dum
1188 222 1411 268 vastabant,
1425 222 1464 259 et
1485 220 1570 259 urbi
1586 221 1736 259 Romae
1757 220 1941 260 continuo
1958 223 2027 262 mi-

1078 273 1315 312 nitabantur.
1332 273 1443 311 Varii
1462 274 1653 323 principes
1673 273 1774 319 Itali,
1794 275 1922 324 magis
1942 287 2029 324 pro-

1076 325 1182 373 priae
1206 326 1532 374 independentiae
1549 327 1804 364 stabiliendae
1821 330 1863 365 et
1881 340 2025 377 augen-

1075 378 1132 415 dis
1158 378 1386 425 ditionibus,
1407 390 1525 427 quam
1550 380 1723 428 gerendo
1751 379 1853 416 bello
1889 384 2028 420 contra

1075 430 1292 468 Saracenos
1311 431 1470 478 intenti,
1491 443 1581 468 cum
1610 431 1671 469 his
1690 431 1847 469 foedera
1866 432 2028 481 inibant,

1076 485 1115 518 et
1135 483 1182 519 R.
1198 483 1392 528 Pontifici,
1414 484 1460 520 de
1477 485 1734 532 reprimendis
1753 485 1931 523 hostibus
1949 485 2029 523 sol-

1077 534 1194 580 licite,
1222 536 1410 572 moeroris
1430 536 1554 584 potius
1583 548 1699 584 quam
1728 537 1859 574 solatii
1887 549 2026 576 causas

1077 587 1329 624 suscitabant.
1351 588 1451 628 Quin
1472 588 1550 626 imo
1570 590 1804 627 Lambertus
1823 590 1902 627 dux
1921 591 2025 640 Spo-

1076 638 1230 676 letanus
1251 641 1291 677 et
1311 639 1548 678 Adelbertus
1573 642 1746 679 marchio
1766 642 1932 680 Tusciae
1959 655 2027 681 ar-

1079 694 1183 728 mata
1202 703 1320 729 manu
1341 704 1482 740 agrum
1502 704 1707 731 romanum
1723 695 1901 742 praedati
1920 699 2026 744 sunt,

1079 744 1295 791 urbemque
1323 744 1488 792 ingressi
1517 757 1578 783 an.
1600 746 1697 792 878,
1718 747 1899 784 Pontifici
1918 749 2024 786 iniu-

1078 795 1175 832 riam
1196 796 1424 834 intulerunt.
1436 797 1598 835 Ioannes
1609 799 1703 836 VIII
1718 799 1970 838 Lambertum
1987 804 2028 839 et

1077 848 1345 894 Adelbertum,
1366 850 1462 886 urbe
1482 861 1672 899 egressos,
1691 863 1903 902 eorumque
1923 865 2026 891 com-

1078 900 1196 948 plices
1224 902 1603 950 excommunicavit,
1625 907 1664 940 et
1683 905 1818 941 eodem
1848 917 1948 943 anno
1977 907 2028 944 ad

1077 953 1363 1001 implorandum
1391 966 1531 1003 regum
1551 955 1794 993 Francorum
1817 958 2027 1005 auxilium,

1077 1006 1115 1042 in
1132 1006 1300 1043 Galliam
1322 1006 1522 1055 profectus
1542 1010 1612 1045 est.
1625 1008 1760 1046 'I‘recis
1775 1021 1862 1046 cum
1879 1010 1903 1047 3
1919 1011 2027 1048 Italis

1077 1060 1116 1095 et
1133 1058 1185 1096 27
1205 1059 1368 1096 Francis
1389 1060 1576 1109 episcopis
1595 1062 1790 1109 synodum
1810 1062 1964 1109 habuit,
1984 1063 2026 1101 in

1077 1123 1153 1158 qua
1183 1113 1536 1150 excommunicatio
1565 1113 1767 1150 Lamberti
1797 1114 1905 1152 ducis
1925 1115 2025 1164 Spo-

1076 1163 1196 1200 letani
1233 1164 1398 1212 eiusque
1428 1165 1656 1214 complicum
1683 1167 1903 1204 instaurata
1930 1167 2026 1216 fuit3

1077 1217 1446 1265 transmigrationes
1466 1218 1694 1256 ambitiosae
1713 1219 1981 1267 episcoporum
2003 1233 2025 1258 a

1077 1269 1218 1306 minori
1247 1270 1412 1307 ecclesia
1441 1271 1489 1307 ad
1519 1271 1706 1308 maiorem
1734 1272 1970 1319 prohibitae,
1989 1276 2028 1310 et

1079 1321 1127 1358 19
1157 1333 1341 1367 canones,
1363 1334 1464 1359 anno
1484 1323 1561 1360 877
1581 1323 1620 1359 in
1641 1325 1788 1373 synodo
1808 1324 2025 1362 Ravenna-

1077 1374 1176 1411 tensi
1192 1375 1262 1412 sub
1279 1376 1413 1412 eodem
1434 1375 1624 1413 Pontifice
1641 1376 2027 1423 conditi‚confirmati

1077 1430 1167 1464 sunt
1187 1425 1212 1465 ¹.

1130 1480 1274 1517 Trecas
1294 1480 1412 1517 etiam
1434 1480 1596 1518 advenit
1615 1481 1838 1519 Ludovicus
1857 1482 2004 1520 Balbus
2017 1512 2028 1530 ,

1077 1544 1148 1570 rex
1168 1532 1340 1579 Galliae,
1361 1544 1478 1582 quem
1499 1533 1664 1571 Ioannes
1683 1535 1791 1580 VIII,
1812 1547 1888 1571 non
1908 1535 2026 1584 impe-

1077 1590 1259 1631 ratorem,
1280 1587 1346 1623 sed
1366 1597 1497 1633 regem
1517 1587 1740 1633 coronavit,
1761 1589 1801 1624 et
1820 1588 1869 1624 ad
1890 1587 2026 1625 defen-

1077 1638 1223 1675 sionem
1241 1639 1345 1676 urbis
1364 1641 1403 1676 et
1421 1638 1608 1676 ecclesiae
1627 1639 1832 1677 Romanae
1847 1641 2027 1678 hortatus

1078 1693 1147 1728 est.
1178 1691 1328 1728 Verum
1364 1691 1590 1728 Ludovicus
1621 1692 1700 1729 iam
1728 1693 1862 1730 morbo
1891 1705 2027 1730 corre-

1077 1746 1165 1792 ptus
1178 1773 1187 1790 ,
1208 1755 1310 1780 anno
1331 1747 1518 1792 sequente
1538 1744 1621 1781 vita
1641 1745 1819 1783 excessit.
1840 1745 2024 1784 Pontifex

1077 1808 1168 1833 vero
1197 1797 1366 1834 Romam
1394 1797 1580 1834 reductus
1609 1798 1669 1834 est
1697 1798 1894 1835 a-Bosone
1925 1799 2023 1836 duce

1076 1849 1331 1896 Provinciae,
1361 1861 1475 1898 quem
1495 1850 1534 1886 in
1562 1848 1684 1886 filium
1713 1851 1752 1887 et
1781 1850 2028 1888 defensorem'

1078 1914 1190 1939 suum
1211 1902 1415 1950 adoptavit
1435 1901 1462 1939 ².

1127 1955 1201 1992 An.
1217 1955 1294 1991 880
1314 1956 1399 2002 post
1419 1953 1566 1991 obitum
1582 1953 1869 2001 Carolomanni,
1885 1955 2025 1993 Italiae

1076 2019 1143 2045 seu
1172 2007 1467 2056 Longobardiae
1496 2018 1660 2055 regnum
1690 2008 1837 2057 accepit
1865 2008 2025 2047 Carolus

1076 2060 1304 2109 cognomine
1333 2060 1521 2104 Crassus,
1550 2060 1634 2097 eius
1666 2059 1811 2107 frater,
1837 2065 1877 2098 et
1904 2073 2026 2110 regno

1076 2113 1309 2150 Germaniae
1330 2113 1474 2161 potitus
1495 2114 1554 2149 est
1573 2113 1794 2151 Ludovicus
1813 2113 1954 2159 iunior,
1974 2114 2026 2151 al·

1075 2168 1138 2203 ter
1167 2165 1441 2203 Carolomanni
1469 2164 1602 2202 frater.
1632 2166 1796 2203 Ioannes
1816 2167 1886 2215 Pp.
1907 2167 2025 2213 VIII,

1080 2222 1122 2255 ut
1142 2218 1323 2255 Carolum
1344 2218 1524 2255 Crassum
1542 2218 1603 2255 -ad
1634 2219 1740 2256 urbis
1769 2221 1808 2256 et
1837 2219 2025 2256 ecclesiae

1077 2272 1280 2308 Romanae
1301 2270 1567 2307 defensionem
1587 2271 1792 2318 excitaret,
1813 2283 1904 2308 eum
1925 2283 2024 2308 anno

1077 2324 1154 2361 880
1172 2323 1233 2360 vel
1249 2323 1323 2368 881
1341 2324 1491 2360 Romae
1511 2323 1789 2371 imperatorem
1809 2324 2023 2361 coronavit.

1077 2378 1130 2415 At
1149 2376 1310 2413 Carolus
1325 2379 1482 2425 accepto
1502 2375 1734 2423 diademate,
1749 2388 1947 2425 regressus
1963 2379 2022 2413 est

1076 2430 1116 2466 in
1136 2429 1399 2475 Germaniam,
1416 2429 1482 2466 ubi
1500 2440 1561 2465 an.
1577 2429 1654 2465 882
1672 2429 1804 2466 fratris
1823 2429 1882 2466 sui
1902 2429 2026 2466 Ludo-

1077 2482 1152 2519 vici
1173 2482 1345 2519 defuncti
1366 2493 1530 2530 regnum
1551 2482 1712 2529 imperio
1732 2494 1802 2519 suo
1823 2482 2023 2527 adiunxit,

1077 2534 1231 2572 Italiam
1248 2546 1341 2571 vero
1357 2535 1644 2571 Saracenorum
1660 2534 1866 2581 direptioni
1885 2536 1925 2571 et
1944 2545 2026 2571 ma-

1077 2590 1238 2635 gnatum
1258 2586 1491 2624 factionibus
1511 2586 1728 2635 expositam
1748 2586 1916 2634 reliquit.

1131 2640 1173 2677 In
1195 2639 1323 2677 Gallia
1341 2651 1403 2676 an.
1425 2639 1502 2676 879
1524 2650 1686 2687 regnum
1705 2639 1892 2676 Ludovici
1911 2638 2023 2676 Balbi

1075 2693 1177 2730 inter
1195 2704 1236 2729 se
1255 2692 1390 2740 partiti
1414 2694 1503 2728 sunt
1532 2692 1605 2728 duo
1633 2690 1699 2727 filii
1722 2691 1818 2737 eius,
1845 2692 2022 2729 Ludovi-

1075 2757 1142 2782 cus
1159 2746 1228 2782 ΙΙΙ·
1242 2748 1281 2782 et
1301 2745 1614 2784 Carolomannus.
1635 2743 1781 2780 Eodem
1802 2755 1902 2781 anno
1923 2745 2022 2781 Boso

1076 2811 1095 2834 e
1117 2798 1212 2835 duce
1233 2797 1360 2835 factus
1389 2801 1448 2834 est
1480 2807 1549 2833 rex
1570 2795 1803 2833 Provinciae
1833 2808 1900 2834 seu
1921 2797 2019 2833 Bur-

1073 2851 1243 2899 gundiae
1281 2850 1511 2893 Cisiuranae
1539 2877 1548 2894 ,
1579 2848 1771 2896 regnique
1800 2849 1860 2885 sui
1888 2850 2021 2886 sedem

1072 2903 1275 2940 constituit
1294 2902 1464 2938 Arelate.
1482 2901 1701 2938 Ludovicus
1722 2903 1761 2938 et
1776 2901 2021 2938 Caroloman-

1073 2968 1144 2993 nus
1164 2955 1316 2992 fortiter
1345 2954 1579 2990 dimicarunt
1603 2955 1739 2990 eontra
1757 2954 2021 3000 Normann0s3

1070 3009 1137 3046 sed
1166 3007 1270 3056 prior
1299 3018 1360 3043 an.
1390 3006 1489 3052 882,
1509 3006 1699 3054 posterior
1728 3018 1790 3044 an.
1811 3007 1888 3044 884
1909 3006 2017 3044 obiit.

1108 3137 1119 3158 1
1137 3127 1252 3175 Labhej
1264 3137 1322 3167 100.
1339 3135 1388 3166 cit.
1406 3144 1436 3173 ῃ.
1453 3134 1524 3167 ⁶299.

1109 3178 1123 3199 ‘2
1139 3180 1264 3216 Baron„
1280 3177 1319 3208 ad
1336 3186 1375 3207 an
1401 3176 1469 3207 878.
