2241 3473
213 140 294 182 430

162 223 328 260 libenter
345 234 387 258 se
412 232 572 257 usurum
590 220 850 262 declarasset,
869 219 964 253 Pius
980 217 1050 263 Pp.
1070 215 1102 251 11

163 277 432 316 Cardinalibus
458 275 495 309 in
523 275 725 310 consilium
756 273 950 315 adhibitis,
979 281 1102 306 novas

162 331 406 369 cathedrales
445 328 556 364 sedes
596 328 635 363 in
671 328 815 364 Bosnia
847 323 1102 362 instituendas

162 396 304 432 easque
323 382 471 418 idoneis
490 381 708 417 rectoribus
726 379 1025 417 committendas
1039 377 1102 412 de-

162 440 299 482 crevit,
333 443 446 485 atque
476 437 574 472 haee
600 448 671 483 per
697 436 830 482 regios
854 436 1027 480 Legatos
1054 430 1101 466 ad

158 504 296 539 regern
324 492 448 538 ipsum
477 491 611 526 afferri
638 489 800 525 curavit.
824 490 877 524 At
901 488 1006 530 dum,
1032 486 1100 520 im·

158 545 390 593 pedimentis
410 544 590 579 omnibus
612 543 787 583 sublatis,
808 545 1029 590 opportuna
1047 539 1101 573 fa-

156 599 279 634 cultas
298 599 389 634 data
408 597 614 633 videbatur
641 596 841 643 religionis
868 595 984 631 rebus
1010 598 1100 640 apte

153 652 191 688 in
217 652 364 688 Bosnia
383 650 682 694 constituendis,
705 661 838 686 rerum
855 649 1098 697 publicarum

154 709 278 741 status
297 734 305 749 ,
334 705 396 753 qui
422 705 458 740 in
489 704 663 740 deterius
689 704 728 739 in
755 714 802 740 ea
829 703 991 749 regione
1011 713 1099 749 quo-

152 758 244 795 tidie
264 759 416 802 ruebat‚
443 757 715 794 miserandum
742 758 782 793 in
812 757 970 793 modum
989 767 1099 792 ever-

152 823 218 848 sus
237 816 320 855 est;
341 817 457 859 atque
484 812 538 847 ita
565 811 725 847 consilia
751 816 790 847 et
815 821 934 847 curae
960 809 1098 845 irritae

152 866 345 909 cecidere,
376 876 471 912 quas
489 877 559 912 per
578 865 690 911 plura
708 863 930 901 saecula'ad
946 875 1099 910 promo-

147 919 296 955 vendas
310 919 584 955 Bosniensium
603 919 794 955 utilitates
811 919 896 954 RR.
912 917 989 952 PP.
1009 927 1097 953 con-

149 973 256 1009 ferre
275 984 485 1020 numquam
505 972 813 1009 intermiserant.

192 1027 235 1062 In
261 1028 433 1063 maxima
459 1028 532 1062 hac
552 1027 847 1074 perturbatione
868 1036 1018 1068 rerum,
1039 1036 1099 1061 re-

147 1080 291 1128 ligione
326 1082 478 1128 pariter
508 1081 664 1127 magnis
694 1080 984 1116 calamitatibus
1011 1091 1096 1126 per—

146 1135 266 1179 culsa,
294 1136 525 1183 Episcopus,
552 1135 617 1182 qui
642 1147 742 1170 unus
769 1134 966 1181 pastorale
987 1133 1095 1168 mini-

144 1189 307 1225 sterium
335 1189 437 1236 apud
464 1189 701 1225 Bosnienses
723 1188 949 1231 exercebat,
969 1187 1094 1223 solum

144 1246 303 1279 vertere
328 1246 497 1285 coactus,
529 1242 730 1278 Diakovae
758 1242 797 1276 in
822 1241 990 1277 finitima
1014 1241 1096 1277 Sla-

145 1297 285 1333 voniae
306 1297 400 1332 urbe
419 1307 530 1332 suam
557 1296 688 1332 sedem
709 1296 930 1332 collocavit.
952 1296 1096 1331 Herze-

144 1351 312 1397 govinae
328 1351 518 1398 gentibus,
538 1350 623 1397 pari
642 1361 776 1386 rerum
793 1350 1019 1385 calamitate
1043 1350 1098 1384 af-

144 1405 274 1449 flictis,
290 1405 475 1452 gravibus
494 1415 645 1452 quoque
674 1403 961 1452 impedimentis
981 1404 1098 1439 inter-

145 1463 281 1505 ceptus
307 1460 378 1495 fuit
401 1471 495 1495 usus
521 1470 660 1495 sacrae
687 1458 893 1505 potestatis
912 1457 1096 1504 Episcopi

145 1513 419 1549 Mercanensis
438 1517 478 1549 et
492 1513 777 1555 Tribuniensis,
793 1511 1003 1548 cuiusillae
1019 1522 1096 1546 ma-

144 1577 223 1613 gna
250 1579 296 1603 ex
318 1572 429 1614 parte
449 1566 638 1614 pastorali
658 1566 850 1613 regimine
872 1566 1095 1608 utebantur,

145 1619 235 1655 dum
263 1621 503 1668 reliquarum
533 1620 704 1668 partium
730 1630 827 1655 cura
846 1619 894 1655 ad
912 1619 1099 1655 finitimos

144 1673 363 1711 Dalmatiae
392 1675 607 1722 Episcopos
635 1674 871 1721 pertinebat.
901 1674 1000 1711 Cum
1029 1673 1094 1708 ita-

144 1740 216 1775 que
232 1740 277 1765 eo
298 1741 360 1766 res
379 1729 568 1765 adductae
587 1729 770 1772 fuissent,
785 1733 828 1764 ut
843 1739 1005 1764 suorum
1025 1727 1096 1762 Pa-

142 1786 292 1819 storum
321 1784 557 1831 praesidium
578 1788 716 1831 gentes
736 1783 824 1819 illae
845 1783 1013 1830 amplius
1033 1793 1098 1818 ex-

143 1837 265 1884 periri
292 1849 369 1873 non
397 1842 569 1885 possent,
599 1838 684 1873 Ra.
717 1837 796 1872 ΡΡ.
825 1848 871 1873 eo
893 1837 1023 1872 acrius
1044 1837 1098 1871 in-

144 1892 250 1928 censi
266 1892 314 1928 ad
334 1904 449 1940 opem
465 1892 684 1931 ferendam.
703 1903 776 1939 quo
796 1891 948 1927 maiore
968 1892 1005 1926 in
1025 1892 1097 1927 dis·

143 1945 307 1982 crimine
335 1957 474 1983 earum
501 1946 736 1982 versabatur
764 1946 894 1989 salus,
927 1945 1096 1982 excitato

142 1999 318 2035 virorum
339 2001 643 2048 apostolicorum
671 2001 769 2044 zelo,
790 2012 836 2036 ac
856 2010 977 2047 opera
993 1999 1096 2035 adhi-

143 2052 224 2090 bita
251 2056 353 2090 sacri
381 2055 542 2092 Consilii
569 2055 782 2090 christiano
798 2055 944 2090 nomini
961 2064 1097 2100 propa-

144 2107 288 2155 gando,
305 2109 458 2145 meliori
474 2120 551 2156 qua
568 2109 653 2144 fieri
670 2109 797 2156 potuit
815 2109 981 2151 ratione,
1010 2107 1097 2144 fidei

145 2162 183 2197 in
195 2162 240 2198 iis
253 2162 428 2209 partibus
440 2163 606 2199 tuendae
622 2167 660 2198 et
674 2163 875 2210 religionis
889 2161 1098 2198 detrimen-

147 2215 195 2251 tis
214 2216 464 2252 sublevandis
492 2217 787 2253 consuluerunt.
806 2217 894 2257 Qua
921 2217 959 2250 in
987 2227 1029 2251 re
1047 2216 1098 2251 lu-

149 2270 326 2306 culenter
355 2270 495 2307 enituit
521 2271 711 2306 sodalium
739 2270 1097 2305 Franciscanorum

148 2334 196 2360 ex
221 2324 369 2362 Ordine
397 2325 546 2361 veteris
571 2324 858 2361 Observantiae
880 2324 1100 2360 constantia

149 2382 187 2414 et
208 2379 419 2426 virtus,qui
435 2389 597 2426 operam
614 2379 650 2414 in
672 2378 716 2414 iis
733 2378 942 2425 provinciis
963 2389 1099 2425 propa-

151 2433 302 2479 gationi
337 2433 424 2469 fidei
455 2438 674 2476 navantcs‚
705 2444 773 2479 pro
801 2443 876 2479 qua
903 2432 1097 2468 interdum

149 2486 265 2522 etiam
294 2487 526 2534 sanguinem
555 2485 751 2529 fuderunt,
772 2486 946 2533 pluribus
967 2486 1100 2521 relatis

150 2541 288 2576 salutis
315 2541 518 2584 fructibus,
545 2541 707 2587 egregie
735 2539 780 2575 de
802 2539 989 2586 religione
1011 2543 1100 2574 sunt

153 2595 297 2630 meriti.
320 2597 417 2632 Cum
439 2607 556 2642 porro
576 2595 778 2630 Romanos
797 2593 1005 2629 Pontifices
1025 2606 1098 2628 non

154 2649 325 2685 laterent
352 2650 491 2696 gravia
517 2649 673 2693 damna,
702 2649 811 2696 queis
837 2648 994 2683 obnoxii
1013 2654 1101 2683 sunt

153 2703 192 2746 ii,
207 2714 229 2738 a
247 2704 383 2751 quibus
403 2704 517 2751 longe
533 2704 646 2740 abest
667 2702 889 2751 procuratio
912 2701 1100 2745 Pastoris,

154 2758 387 2793 auctoritate
424 2759 570 2793 Eorum
606 2758 766 2794 decreto
800 2756 902 2793 edito
937 2766 960 2791 a
986 2767 1100 2791 sacro

154 2811 323 2848 Consilio
340 2812 619 2859 propagandae
638 2811 724 2848 fidei
745 2811 982 2858 praeposito,
999 2820 1100 2844 anno

157 2865 247 2900 17:55
267 2864 326 2901 dic
346 2867 367 2900 5
387 2864 1102 2912 novembr.,ApostolicusVicariatus

156 2919 354 2955 institutus
380 2927 453 2963 cst,
482 2921 543 2967 qui
574 2920 610 2955 in
631 2920 755 2955 locum
776 2918 1008 2966 episcopalis
1030 2920 1101 2953 Bo-

157 2973 265 3009 sniae
301 2974 402 3010 sedis
431 2977 645 3017 suffectus,
682 2972 960 3009 Bosniensibus
989 2973 1100 3008 simul

158 3031 196 3062 ct
233 3029 641 3075 Ilerzegovinensibus
687 3028 959 3075 prospiceret3
988 3033 1103 3074 atquc

160 3080 269 3117 liuius
285 3084 489 3119 ministerii
507 3095 647 3119 munus
659 3083 742 3118 viro
757 3081 966 3128 episcopali
983 3081 1102 3127 digni-

162 3138 240 3171 tate
266 3142 380 3172 aucto
404 3138 474 3173 suit
492 3137 697 3178 creditum,
718 3142 755 3171 ut
778 3136 814 3171 in
830 3135 975 3171 Bosnia
993 3147 1103 3171 suam

160 3187 291 3224 sedem
312 3195 501 3233 statuens,
518 3189 710 3237 spirituali
729 3189 929 3235 utriusque
950 3189 1104 3236 provin-

161 3241 245 3279 ciae
273 3246 552 3290 procuratione
580 3244 653 3280 ritc
682 3245 927 3290 fungeretur.

500 150 666 178 EPOCHA
685 133 775 178 'X111.
800 151 827 176 A
847 149 994 176 RERVM
1016 146 1197 173 PVBLICA
1217 147 1259 173 IN
1280 146 1448 176 GALLIIS
1467 147 1758 175 SVBVERSIONE

1200 215 1254 251 At
1280 227 1369 252 cum
1395 217 1478 253 Deo
1504 216 1662 253 favente
1680 215 1773 251 laeti
1793 215 1941 252 fructus
1960 226 2009 252 ex
2026 215 2103 252 his-

1155 281 1198 305 ce
1226 270 1328 305 curis
1356 275 1551 314 extarent,
1580 274 1621 306 et
1645 268 1818 304 fidelium
1845 281 2031 305 numerus
2049 269 2110 318 fe-⁴

1154 324 1282 359 liciter
1307 328 1537 371 augeretur,
1556 335 1648 360 ann.
1668 323 1760 359 1852
1779 322 1870 359 Pius
1889 323 1959 371 Pp.
1979 323 2034 359 IX
2054 323 2103 360 ad

1155 377 1410 414 christianum
1439 390 1584 414 nomen
1612 378 1728 413 latius
1747 377 2043 424 propagandum
2062 381 2103 414 et

1155 431 1363 468 fovendam
1388 433 1578 469 unitatem
1606 432 1767 479 spiritus
1793 431 1830 466 in
1856 431 2011 467 vinculo
2037 442 2103 478 pa-

1155 486 1209 521 cis
1237 486 1337 522 inter
1367 487 1587 534 operarios,
1606 486 1669 533 qui
1687 486 1726 520 in
1743 486 1860 520 vinea
1878 484 2032 520 Domini
2050 485 2105 521 la-

1155 539 1310 582 borant,
1339 541 1583 587 peculiarem
1610 544 1650 576 et
1677 538 1880 587 proprium
1899 538 2104 585 religionis

1154 593 1270 629 rebus
1297 595 1335 629 in
1355 594 1632 641 Herzegovina
1651 592 1836 629 curandis
1852 592 2101 628 Vicariatum

1151 647 1422 693 Apostolicum
1449 648 1664 692 constituit,
1690 650 1852 683 servata
1871 650 2003 682 tamen
2022 646 2105 693 epi—

1151 701 1299 748 scopali
1317 702 1409 739 sede
1428 701 1683 738 Mercanensi
1702 704 1742 737 et
1759 699 2023 743 Tribuniensi,
2040 711 2104 737 cu—

1152 754 1212 790 ius
1226 755 1607 792 administrationem
1623 755 1792 795 conlatis
1806 758 1926 791 antea
1935 765 2023 790 cum
2034 753 2102 790 im-

1151 809 1291 855 periali
1313 810 1499 846 Austriae
1517 808 1720 846 Gubernio
1739 808 1934 852 consilios,
1953 808 2103 855 Grego-

1151 863 1232 899 rius
1251 863 1319 911 Pp.
1343 865 1435 900 XVI
1454 865 1647 912 Episcopo
1668 863 1870 910 Ragusino
1893 861 2104 900 demanda·

1149 927 1276 954 verat.
1305 918 1416 960 Quae
1444 919 1619 955 rationes
1645 919 1729 954 RR.
1755 917 1836 952 PP,
1855 917 2106 965 providentia

1149 971 1283 1016 initae,
1300 972 1340 1008 in
1365 973 1521 1009 illarum
1548 972 1843 1020 provinciarum
1869 971 2011 1007 bonum
2037 982 2103 1018 ap-

1150 1026 1274 1072 prime
1302 1026 1586 1071 redundarunt,
1614 1027 1653 1062 in
1678 1026 1814 1073 quibus
1831 1025 1965 1061 oblata
1981 1025 2104 1060 homi-

1149 1080 1262 1116 nibus
1288 1081 1469 1117 veritatis
1496 1080 1753 1128 excipiendae
1773 1079 2048 1127 opportunitas
2065 1081 2105 1115 et

1150 1134 1197 1169 ad
1224 1135 1481 1171 christianam
1502 1135 1790 1184 professionem
1815 1133 2019 1171 colendam
2038 1143 2102 1169 au-

1148 1188 1242 1224 xilia
1265 1190 1449 1233 effecere,
1469 1194 1512 1226 ut
1530 1189 1641 1234 fides,
1661 1189 1800 1235 religio
1820 1192 1859 1224 et
1876 1187 2004 1236 pietas
2022 1197 2105 1223 am·

1149 1242 1213 1288 pla
1238 1243 1277 1278 in
1303 1243 1350 1279 iis
1377 1244 1625 1280 incrementa
1651 1243 1887 1288 susciperet.

1195 1297 1246 1332 At
1265 1309 1380 1344 quum
1401 1309 1464 1334 res
1486 1298 1732 1333 catholicam
1748 1297 1855 1332 hisce
1875 1295 2102 1343 regionibus

1150 1350 1188 1385 in
1208 1351 1349 1387 melius
1367 1351 1569 1394 evaderet,
1586 1352 1666 1388 Leo
1684 1350 1754 1397 Pp.
1773 1350 1862 1386 XIII
1880 1350 1918 1385 in
1933 1349 2104 1387 Bosniae

1150 1408 1188 1440 et
1215 1405 1517 1452 Herzegovinae
1545 1404 1786 1442 districtibus
1812 1404 1919 1440 iuxta
1945 1403 2102 1440 canoni-

1150 1468 1285 1493 carum
1316 1458 1447 1505 legum
1478 1459 1726 1506 praescripta
1752 1457 2016 1494 hierarchiam
2043 1468 2105 1493 or-

1149 1511 1391 1548 dinariorum
1420 1514 1706 1561 Episcoporum
1735 1511 1924 1556 instituit,
1951 1516 1992 1548 et
2017 1523 2105 1560 pro·

1149 1567 1322 1603 vinciam
1338 1568 1648 1604 ecclesiasticam
1664 1566 2104 1614 erexitLitt.Apost·111⁰

1151 1632 1273 1657 nonas
1298 1622 1381 1657 iulii
1401 1622 1505 1659 1881.
1525 1622 1652 1658 Huius
1671 1621 1729 1657 rei
1749 1631 1869 1657 causa
1886 1619 2105 1668 Apostolici

1154 1675 1378 1712 Vicariatus
1405 1676 1444 1711 in
1471 1675 1680 1712 Bosniensi
1706 1679 1746 1711 et
1765 1673 2105 1721 Herzegovinensi

1151 1729 1392 1766 districtibus
1426 1730 1652 1774 constituti,
1680 1728 1883 1776 suppressi
1908 1732 2021 1772 sunt;
2047 1738 2106 1764 se-

1150 1783 1238 1819 dem
1258 1784 1363 1820 urbis
1380 1784 1617 1828 Seraiensis,
1633 1794 1732 1831 quae
1751 1782 2028 1819 Bosniensium
2042 1793 2106 1818 ur-

1151 1838 1255 1873 bium
1291 1839 1476 1886 princeps
1506 1838 1672 1874 habetur
1707 1829 2032 1884 archiepiscopali
2066 1840 2106 1875 et

1151 1892 1457 1940 metropolitana
1480 1891 1672 1939 dignitate
1700 1891 1808 1927 auxit
1835 1901 1882 1927 ac
1906 1890 2107 1928 Verhbos-

1151 1958 1311 1982 nensem
1328 1946 1521 1994 appellari
1539 1946 1665 1989 iussit,
1678 1945 1881 1993 eidemque
1899 1944 2013 1982 sedes
2028 1945 2106 1993 epi-

1151 2001 1331 2047 scopales
1351 2007 1446 2045 tres,
1467 2011 1609 2046 nempe
1625 1999 1972 2043 Banialucensem,
1993 1999 2104 2036 Man-

1152 2054 1392 2091 detriensem
1412 2067 1483 2091 seu
1509 2055 1779 2096 Dumiensem,
1801 2054 2106 2090 Marcanensem

1153 2113 1191 2145 et
1205 2109 1508 2145 Tribuniensem
1530 2108 1927 2156 RagusaniEpiscopi
1943 2107 2105 2143 admini-

1152 2163 1332 2199 strationi
1352 2162 1619 2199 concreditam
1634 2191 1642 2206 ,
1667 2168 1867 2209 tamquam
1886 2161 2105 2207 provincia-

1153 2217 1209 2253 les
1230 2216 1469 2263 adsignavit,
1488 2227 1700 2263 earumque
1719 2215 1871 2252 sedium
1887 2215 2106 2263 Episcopos

1153 2270 1449 2317 Archiepiscopi
1480 2269 1797 2306 Verhbosnensis
1827 2269 2106 2316 suffraganeos

1152 2325 1304 2360 futuros
1330 2323 1572 2366 decrevit‚et
1590 2324 1661 2359 hoc
1680 2322 1894 2371 publicavit
1914 2323 1951 2358 in
1971 2323 2104 2361 Consi·

1151 2378 1273 2413 storio
1294 2378 1423 2413 habito
1443 2378 1504 2414 die
1522 2377 1544 2413 4
1563 2380 1719 2424 augusti
1741 2377 1842 2414 1881.
1857 2377 2048 2414 Catholici
2067 2377 2104 2414 in

1154 2431 1355 2479 praesenti
1383 2432 1432 2467 ibi
1461 2436 1552 2467 sunt
1580 2431 1732 2474 16:3‚000
1759 2431 1934 2468 circiter.

1202 2487 1282 2524 101.
1300 2486 1475 2533 Regnum
1491 2484 1977 2534 Bulyarorum—Bulgari
1990 2487 2001 2510 ¹
2015 2486 2103 2523 stir-

1153 2552 1200 2588 pe
1232 2540 1427 2588 phinnica,
1457 2540 1646 2587 reliquiae
1672 2540 1900 2583 Unnorum,
1935 2540 2104 2577 incolue-

1154 2600 1257 2638 runt,
1270 2595 1788 2642 mortquttila‚regionem
1803 2595 1852 2630 ad
1872 2605 1981 2631 mare
1993 2594 2101 2630 Azof.

1153 2649 1321 2685 Saeculo
1340 2649 1390 2684 VI
1411 2648 1557 2685 Avaris
1575 2649 1897 2693 subiiciebantur‚
1913 2648 1981 2685 sed
2001 2659 2104 2684 anno

1151 2703 1219 2739 670
1247 2703 1466 2738 Danubium
1495 2703 1752 2746 transierunt,
1772 2707 1813 2739 et
1838 2702 1940 2739 inter
1957 2703 2104 2739 flumen

1154 2762 1191 2793 et
1221 2762 1394 2793 montem
1421 2757 1590 2793 Aemum
1631 2768 1797 2803 regnum
1841 2757 2104 2804 Bulgarorum

1155 2810 1426 2846 condiderunt.
1449 2812 1545 2848 Cum
1572 2810 1647 2846 sibi
1668 2809 1921 2854 Dardaniam,
1941 2809 2105 2846 Thessa-

1157 2866 1246 2900 liam
1275 2869 1314 2901 ct
1342 2871 1552 2911 utrumque
1587 2865 1750 2912 Epirum
1783 2864 1984 2901 adscirent
2004 2893 2012 2908 ,
2040 2875 2104 2900 no-

1155 2931 1245 2953 vuin
1276 2919 1348 2954 hoc
1375 2930 1541 2966 regnum
1578 2918 1765 2954 invidiam
1800 2919 2013 2956 Caesarum
2042 2918 2106 2966 by-

1156 2984 1211 3008 zai
1232 2974 1401 3008 tinorum
1430 2973 1665 3016 suscitavit,
1695 2978 1735 3009 et
1765 2972 2014 3020 Nicephorus
2040 2971 2094 3008 im

1158 3032 1317 3074 perator
1335 3027 1427 3062 illud
1446 3027 1671 3071 (lcbcllavit3
1687 3033 1749 3064 ast
1766 3038 1867 3063 anno
1881 3027 1963 3070 811,
1984 3026 2106 3062 Grae-

1157 3082 1212 3116 cis
1244 3081 1475 3128 profligatis,
1510 3081 1727 3129 imperator
1762 3082 1992 3118 interfectus
2019 3079 2104 3116 suit.

1205 3202 1210 3222 ¹
1233 3201 1283 3233 Sic
1302 3200 1378 3232 dicti
1400 3210 1416 3232 a
1438 3200 1546 3242 Bulya
1566 3201 1662 3234 fluvio
1681 3202 1749 3234 sive
1774 3200 1887 3243 Volya,
1903 3199 1954 3233 ubi
1967 3198 2103 3243 primum

1160 3247 1190 3279 in
1212 3248 1413 3280 Moschorum
1434 3247 1550 3280 finibus
1570 3247 1766 3281 habitarunt.
