2241 3473
519 215 646 247 VSQVE
674 215 726 242 An
754 212 1063 241 CONVERSIONEM
1090 211 1352 240 CONSTANTINI
1379 209 1423 238 Μ.

10 284 144 324 servat
161 279 352 330 Sulpicius
370 278 551 326 Severus3
572 282 761 329 quatenns
781 277 835 315 sic
852 277 958 314 Chri-

10 335 124 376 stiani
141 347 164 372 a
184 333 417 372 Iudaeorum
447 331 779 382 peisecutionibus
798 329 957 368 suerunt

10 388 182 434 liberati,
202 389 242 424 et
261 385 471 435 periculum
495 384 742 424 iudaizande·
764 383 836 422 sub
861 393 956 432 gra-

12 442 88 482 tiae
108 441 191 490 lege
210 442 383 477 amotum
402 438 426 477 ¹.

62 494 99 532 9.
119 494 158 532 S.
179 493 334 541 Xystus
359 493 383 529 I
385 492 720 541 'ontifeoe—Post
739 501 768 528 s.
793 489 960 527 Alexan-

13 547 139 594 drum,
150 547 215 596 qui
231 545 499 595 pontificatum
513 545 644 582 decem
661 554 849 581 annorum
861 553 958 579 mar-

13 600 116 650 tyrio
154 598 379 645 coronavit,
410 598 603 636 Ecclesiae
631 595 852 646 praefectus
881 594 957 631 fuit

13 653 146 692 Sixtus
165 664 232 690 seu
255 652 420 701 Xystus,
441 651 566 700 patria
592 651 805 694 Romanus,
820 647 885 696 qui
905 659 957 684 se-

15 706 182 744 cundum
204 705 411 742 Eusebium
428 702 455 750 ²,
475 707 513 741 et
535 714 667 740 omnes
686 702 772 739 RR.
795 700 958 738 Pontifi-

15 771 103 798 cum
131 759 328 807 catalogos
355 757 453 795 sedit
483 756 614 793 decem
643 755 765 793 annis.
796 754 853 791 De
887 753 959 790 hoc

17 811 205 851 Pontifice
231 811 269 848 in
290 810 407 847 Libro
430 808 650 846 Pontificali
670 807 837 856 legitur,
857 806 960 854 quod

17 863 259 909 decreverit,
279 865 321 900 ut
349 873 444 899 vasa
472 873 581 899 sacra
609 863 763 899 tantum
794 873 816 897 a
842 858 962 896 sacris

17 916 204 956 ministris
225 918 498 964 tangerentur,
518 917 637 963 utque
657 913 788 950 nullus
808 911 960 961 episco-

16 982 108 1020 pus,
128 970 256 1007 Roma
276 969 323 1006 ad
344 967 546 1005 ecelesiam
566 978 676 1005 suam
697 965 847 1003 rediens
861 995 870 1011 ,
890 977 960 1002 su-

18 1023 255 1072 sciperetur,
283 1020 356 1058 nisi
385 1020 630 1070 Apostolicae
665 1019 776 1057 Sedis
812 1019 963 1056 litteras

19 1078 219 1126 formatas
238 1103 249 1121 ,
277 1073 399 1111 veluti
429 1072 712 1111 communionis
741 1076 931 1109 tesseram
954 1100 963 1118 ,

22 1128 233 1167 exhiberet.
265 1126 464 1165 Eiusmodi
492 1126 668 1172 litterae,
696 1137 719 1163 a
744 1124 868 1163 forma
896 1135 963 1161 seu

21 1181 146 1232 sigillo
183 1180 307 1218 dictae
341 1183 562 1228 formatae,
590 1178 843 1228 perantiquae
877 1178 966 1214 sunt

22 1235 62 1273 in
83 1233 275 1280 Ecclesia,
295 1244 440 1282 perque
465 1244 530 1270 eas
551 1231 814 1270 ecclesiastica
833 1242 908 1280 pax
929 1231 967 1267 et

23 1286 250 1338 communio,
267 1286 435 1335 fideique
450 1297 518 1323 seu
540 1285 734 1323 doctrinae
756 1284 885 1322 unitas
905 1295 967 1320 ca-

2 1359 7 1364 ·
23 1340 104 1391 pita
122 1339 224 1377 inter
243 1342 282 1376 et
296 1340 469 1377 membra
489 1338 685 1376 Ecclesiae
700 1337 969 1387 significaban-

25 1395 88 1432 tur
108 1397 147 1430 et
165 1392 418 1439 fovebantur3
438 1392 538 1429 unde
567 1392 684 1429 etiam
709 1392 904 1440 pacificae
923 1401 968 1426 ac

24 1447 410 1484 communicatoriae
429 1445 553 1483 dictae
580 1447 694 1491 sunt3
714 1446 752 1481 et
772 1455 819 1481 ne
839 1443 878 1480 in
898 1442 968 1480 iis-

27 1500 113 1538 dem
132 1498 260 1537 fraudi
281 1498 388 1536 locus
408 1500 530 1545 esset,
551 1508 686 1536 earum
706 1497 807 1534 ratio
836 1496 968 1533 conci-

26 1551 168 1590 liorum
195 1552 406 1589 canonibus
426 1581 436 1599 ,
467 1553 568 1589 unde
596 1551 713 1588 etiam
748 1551 971 1587 canonicae

26 1605 152 1643 dictae
181 1608 294 1652 sunt,
314 1604 553 1654 praescripta
577 1604 650 1641 fuit
666 1602 971 1651 ³.—Trisagion

31 1658 223 1704 Sanctus,
244 1658 436 1702 Sanetus,
460 1657 649 1702 Sanctus,
669 1656 810 1694 Missae
829 1654 973 1693 sacrifi-

29 1711 89 1748 cio
108 1711 156 1748 ab
175 1722 220 1748 eo
239 1710 453 1757 insertum,
469 1710 588 1758 aliqui
607 1710 777 1747 tradunt.
800 1709 878 1746 Sed
898 1709 971 1745 hoc

31 1763 153 1802 solum
173 1766 237 1800 est·
249 1763 288 1800 in
310 1764 425 1800 Libro
446 1762 680 1809 Pontificali,
696 1762 868 1810 Xystum
883 1771 972 1798 con-

30 1817 218 1860 stituisse,
228 1821 274 1853 ut
285 1817 510 1854 Missarum
526 1818 724 1853 actionem
739 1816 752 1836 ⁴
769 1814 973 1852 sacerdote

33 1870 261 1918 incipiente,
279 1870 458 1919 populas
487 1869 690 1918 hymnum
721 1866 813 1918 (seu
834 1866 971 1904 Trisa-

32 1921 145 1972 gion)
159 1922 408 1967 decantaret,
428 1922 620 1967 Sanctus,
640 1922 832 1966 Sanctus,
851 1920 974 1958 Sanc-

34 1980 107 2012 tus.
118 1975 253 2024 Itaque
272 1975 461 2012 Baronius
473 1974 487 1996 ⁵
498 1976 709 2020 existimat,
723 1986 767 2011 eo
779 1973 974 2011 duntaxat

33 2031 228 2077 spectasse
247 2028 367 2077 Xysti
387 2028 584 2065 decretum
598 2030 670 2080 „ut
697 2027 810 2065 huius
839 2025 974 2075 hymni

36 2092 126 2119 usus
144 2081 224 2118 iam
239 2083 415 2130 receptus
430 2081 571 2118 custod
575 2083 705 2118 iretur
723 2081 908 2117 sanctius
921 2076 947 2116 ⁶.

87 2134 146 2171 10.
165 2133 400 2175 Quadratus
414 2139 452 2173 et
461 2134 663 2171 Aristides
675 2133 975 2182 apoloyistae—

38 2187 166 2229 Quum
184 2186 338 2224 interim
357 2187 396 2224 in
415 2187 547 2225 multis
566 2186 775 2236 provinciis
794 2196 976 2234 persecu-

37 2240 160 2278 tiones
179 2240 384 2289 populares
403 2241 589 2278 adversus
609 2239 822 2277 Ecclesiam
846 2237 977 2276 saevi-

37 2295 139 2338 rent,
166 2293 206 2330 in
234 2293 386 2342 quibus,
406 2297 564 2343 praeter
582 2293 807 2331 Evaristum
827 2294 867 2328 et
885 2291 978 2329 Ale-

41 2346 230 2383 xandrum
247 2347 443 2396 pontifices
459 2347 643 2396 aliosque,
654 2345 756 2396 passi
767 2347 858 2384 sunt
868 2345 978 2382 Fau-

81 2486 92 2506 ¹
111 2485 171 2525 Op.
184 2485 241 2517 cic.

82 2526 97 2547 ἢ
112 2526 206 2558 Hist.
221 2527 294 2558 eccl.
310 2527 329 2558 l.
347 2528 391 2563 lV,
408 2536 433 2558 c.
449 2528 477 2559 5.
503 2551 506 2554 Α

83 2568 98 2589 3
113 2568 150 2599 Cs
161 2569 282 2608 Baron.,
297 2569 334 2599 ad
351 2578 399 2600 an.
416 2568 490 2607 1422;
507 2570 551 2600 Du
568 2568 662 2608 Cang.
680 2568 840 2605 Glossar„
856 2575 883 2597 v.
901 2566 982 2597 For-

43 2617 170 2640 malae.

85 2651 98 2673 ⁴
111 2650 292 2681 Walasridus
305 2650 428 2689 Strabo,
442 2651 492 2681 De
502 2651 604 2682 rebus
616 2649 878 2687 Ecclesiasdcis,
894 2658 918 2680 c.
932 2648 983 2687 ⁶32,

46 2696 65 2723 t.
82 2693 131 2723 XV
146 2692 233 2722 Btbt.
251 2691 353 2722 Patr.
369 2702 398 2731 p.
416 2691 484 2730 193,
500 2694 554 2723 ait:
579 2704 590 2720 α
606 2692 691 2722 Actio
708 2692 819 2722 dicitur
834 2691 900 2730 ipse
920 2690 982 2721 Ca-

46 2742 128 2771 non,
141 2734 212 2772 quia
227 2734 257 2763 in
274 2742 309 2764 eo
323 2737 516 2764 sacramenta
528 2733 728 2764 conficiuntur
741 2733 909 2769 Dominica;
924 2732 983 2763 Ca-

47 2784 128 2813 non,
151 2783 235 2811 vero,
258 2773 364 2804 eadem
381 2774 476 2804 Actio
492 2776 674 2813 nominatur,
690 2775 762 2814 quia
778 2777 808 2804 in
826 2783 862 2805 ea
878 2777 923 2804 est
937 2773 983 2804 le-

48 2817 156 2856 gitima
172 2819 201 2846 et
217 2816 370 2855 regularis
386 2820 646 2847 sacramentorum
663 2816 814 2846 confectio
832 2827 859 2846 η.

89 2857 104 2880 5
119 2857 244 2887 Annal.
260 2857 298 2886 ad
315 2865 362 2886 an.
381 2856 447 2886 142.

89 2898 104 2920 ⁶
119 2898 252 2938 Hymnus
275 2898 324 2928 hlc
347 2898 501 2928 adhibitus
524 2898 554 2927 in
569 2907 661 2929 sacra
676 2898 812 2937 Liturgia
828 2906 865 2928 ex
880 2896 983 2927 iacobi

51 2939 187 2979 Apostoli
202 2939 326 2969 decreto
339 2938 451 2977 legitur
464 2939 512 2968 lib.
527 2940 587 2969 Vlll
602 2939 788 2970 Constitut.
802 2938 982 2978 Apostottc.

52 2989 78 3011 c.
91 2979 138 3010 12.
152 2981 245 3017 Bona,
259 2980 310 3011 lib.
323 2981 345 3010 11
359 2981 440 3010 Rer.
454 2979 613 3019 Licuryic
630 2989 655 3010 c,
670 2979 839 3017 10,subdit:
850 2979 985 3019 «Duplex

53 3024 98 3052 est
112 3022 286 3060 Trisagion,
302 3022 383 3051 istud
400 3022 551 3057 nimirum,
565 3022 601 3051 (le
613 3029 672 3060 quo
685 3030 764 3051 nunc
777 3022 907 3061 agimus,
919 3029 985 3051 om·

52 3062 141 3093 nibus
164 3062 307 3093 Ecclesiis
329 3071 497 3099 commune,
520 3067 548 3092 et
564 3063 647 3099 illud,
663 3062 744 3101 quod
760 3062 868 3092 Graeci
884 3063 985 3102 quoti-

54 3103 118 3141 die,
135 3104 228 3134 Lalini
243 3104 334 3134 semel
353 3105 383 3134 in
398 3112 478 3134 anno
496 3112 606 3143 graece
623 3103 710 3133 simul
727 3105 755 3132 et
771 3103 864 3134 latine
879 3104 986 3134 conci-

55 3147 130 3175 nunt
150 3146 180 3175 in
202 3152 316 3184 magna
345 3146 528 3181 Parnm-eve,
552 3153 678 3183 nempe:
706 3143 858 3175 Sanctus
879 3145 984 3182 Deus,

8 3203 12 3207 -
58 3185 209 3216 Sanctus
221 3185 336 3225 fortis,
346 3186 496 3218 Sanctus
511 3184 736 3223 immortalis,
746 3185 914 3216 'miserere
928 3195 987 3216 no-

59 3226 119 3263 bis,
140 3228 226 3258 cuius
248 3228 397 3268 originem
420 3228 500 3259 Felix
522 3227 567 3258 111
590 3227 726 3258 Pontifex
748 3231 854 3258 narrat
868 3227 899 3258 in
915 3228 987 3266 Epi-

59 3268 138 3301 stola
154 3268 193 3300 ad
209 3269 329 3301 Petrum
345 3269 540 3309 Cnaphaeum
556 3280 583 3299 ι».

1834 196 1885 235 37

999 277 1123 315 stinus
1152 277 1375 327 presbyter,
1406 273 1532 312 Iovita
1560 272 1766 318 diaconus,
1794 271 1938 310 Sabina

1000 330 1136 368 nobilis
1155 334 1345 375 matrona,
1363 327 1526 376 Serapia
1542 327 1666 375 virgo,
1677 325 1939 375 Symphorosa

1000 395 1086 421 cum
1106 387 1251 433 septem
1271 382 1374 429 filiis3
1396 381 1620 423 Quadratus
1633 409 1643 426 ,
1664 378 1939 427 Apostolorum

1001 436 1208 485 discipulus
1246 438 1285 473 et
1317 448 1346 473 s.
1382 434 1512 472 Publii
1542 432 1727 483 martyris
1754 432 1792 469 in
1813 432 1938 470 Athe-

1001 489 1125 527 niensi
1154 489 1377 538 episcopatu
1406 499 1630 532 successor,
1659 497 1793 532 mora,
1823 496 1939 534 quam

1002 542 1223 580 Hadrianus
1251 541 1462 590 imperator
1490 539 1652 578 Athenis
1680 540 1882 584 traxerat,
1900 537 1940 575 in

1000 595 1250 633 ecclesiarum
1270 593 1511 631 commodum
1533 605 1623 636 usus
1639 595 1711 638 est,
1726 596 1766 630 et
1781 591 1943 640 impera-

1002 648 1076 685 tori
1103 648 1299 697 egregiam
1321 646 1627 683 Christianorum
1649 656 1859 694 eorumque
1878 644 1943 681 Fi-

1002 701 1062 738 dei
1075 701 1290 750 apologiam
1307 699 1447 736 obtulit
1460 698 1484 736 ¹.
1502 699 1624 736 Paulo
1641 702 1725 748 post
1739 697 1942 742 AristideS‚

1003 766 1050 792 cx
1079 754 1231 792 ethnico
1261 752 1484 802 philosopho
1514 752 1767 798 christianus,
1796 750 1943 799 pariter

1004 806 1261 853 Atheniensis,
1277 805 1400 843 eidem
1422 804 1646 852 imperatori
1666 803 1943 853 apologeticam

1004 860 1218 897 orationem
1252 870 1319 907 pro
1347 857 1576 894 Christianis
1609 857 1768 903 obtulit,
1798 857 1837 894 in
1866 868 1944 904 qua

1003 925 1050 950 ex
1065 912 1235 962 ipsorum
1246 910 1561 960 philosophorum
1576 910 1777 948 sententiis
1790 909 1943 947 illorum

1005 965 1138 1003 Fidem
1160 964 1376 1003 vindicavit
1391 961 1420 999 ².

1057 1018 1164 1056 Inter
1200 1018 1302 1067 ipsos
1331 1016 1496 1066 gentiles
1525 1029 1599 1054 non
1630 1015 1850 1061 defuerunt,
1880 1014 1945 1063 qui

1005 1072 1313 1110 Christianorum
1330 1082 1487 1108 causam
1502 1072 1638 1107 contra
1653 1069 1805 1118 iniquos
1821 1080 1947 1117 perse-

1007 1125 1181 1164 cutiones
1210 1124 1475 1162 defenderent.
1497 1122 1742 1162 Clarissimus
1762 1120 1947 1160 Serenius

1007 1178 1241 1223 Granianus,
1260 1177 1375 1215 Asiae
1396 1177 1614 1226 proconsul,
1635 1176 1683 1213 ad
1703 1175 1946 1213 Hadrianum

1007 1233 1157 1271 litteras
1178 1230 1301 1277 dedit,
1321 1229 1495 1278 iniquum
1515 1229 1587 1267 sibi
1606 1228 1729 1266 videri
1755 1227 1948 1272 scribens,

1009 1285 1240 1324 christianos
1255 1314 1264 1330 ,
1294 1283 1400 1320 nullo
1429 1283 1579 1320 obiecto
1599 1282 1761 1319 crimine
1774 1310 1783 1328 ,
1803 1280 1950 1318 indicta

1009 1349 1126 1377 causa
1139 1367 1148 1383 ,
1167 1336 1421 1375 tumultuosis
1441 1335 1548 1385 vulgi
1567 1335 1802 1373 clamoribus
1821 1332 1949 1384 grati-

1010 1391 1151 1430 ficandi
1171 1390 1298 1428 studio
1319 1389 1442 1427 occidi
1458 1387 1484 1427 ³.

1065 1444 1288 1491 Hadrianus
1308 1443 1367 1480 his
1387 1442 1563 1481 omnibus
1583 1442 1623 1479 in
1638 1440 1876 1479 Christianos
1892 1439 1950 1477 fa-

1012 1501 1098 1537 ctus
1113 1496 1350 1547 propensior,
1369 1508 1433 1533 eos
1462 1495 1612 1542 deinde,
1634 1495 1705 1532 nisi
1723 1505 1790 1544 per
1809 1492 1953 1530 iudicia

1012 1556 1051 1590 et
1077 1550 1289 1600 legitimam
1320 1549 1611 1586 accusationem
1652 1547 1824 1585 criminis
1861 1557 1953 1583 con-

1012 1605 1155 1650 victos,
1186 1602 1434 1641 condemnari
1463 1605 1532 1639 aut
1560 1601 1674 1650 plecti
1696 1600 1842 1646 vetuit,
1863 1598 1953 1647 quin

1013 1659 1132 1696 etiam
1152 1657 1190 1694 in
1211 1667 1346 1693 eorum
1367 1655 1667 1693 calumniatores
1692 1651 1955 1691 animadverti

1014 1711 1136 1748 iussit.
1155 1710 1228 1747 «Si
1250 1708 1336 1757 quis
1357 1720 1421 1746 eos
1441 1708 1638 1755 detulerit,
1657 1707 1786 1755 inquit
1805 1706 1853 1743 ad
1873 1704 1955 1743 Mi-

1015 1763 1169 1801 nucium
1193 1762 1445 1808 Fundanum,
1465 1760 1651 1799 Graniani
1669 1769 1931 1798 successorem
1947 1786 1957 1803 ,

1014 1816 1314 1866 probaveritque
1331 1817 1467 1851 contra
1482 1814 1588 1863 leges
1603 1814 1812 1862 quidquam
1826 1822 1957 1861 agere,

1014 1876 1056 1908 tu
1084 1881 1154 1919 pro
1182 1868 1376 1917 gravitate
1405 1867 1534 1905 delicti
1561 1867 1599 1904 in
1626 1879 1690 1904 eos
1716 1867 1855 1903 statue.
1877 1863 1958 1908 Sin,

1016 1922 1250 1968 mehercule,
1262 1920 1480 1958 calumniae
1494 1932 1613 1958 causa
1623 1919 1724 1957 istud
1735 1916 1958 1962 intenderit,

1016 1986 1172 2025 operam
1201 1974 1309 2011 dabis
1322 2003 1332 2020 ,
1352 1977 1396 2011 ut
1414 1984 1482 2022 pro
1504 1973 1700 2023 gravitate
1728 1970 1900 2009 criminis
1919 1968 1959 2005 in

1015 2029 1126 2067 illum
1154 2025 1465 2065 animadvertas⁴
1486 2038 1522 2065 ›>.
1539 2027 1640 2064 Hinc
1661 2026 1807 2064 factum
1827 2025 1897 2068 est,
1917 2023 1961 2059 ut

1017 2082 1234 2120 concitatae
1251 2079 1369 2118 variis
1384 2080 1423 2117 in
1439 2079 1533 2118 locis
1549 2080 1738 2118 adversus
1747 2075 1960 2117 Ecclesiam

1021 2134 1307 2186 persecutiones
1327 2133 1604 2171 deferbuerint.

1030 2189 1134 2228 ,νς-11.
1156 2189 1293 2226 Celsus
1302 2187 1572 2236 philosophus
1581 2185 1781 2223 —Verum
1798 2181 1961 2222 alterius

1019 2242 1175 2292 generis
1202 2242 1332 2279 hostes
1360 2239 1535 2277 Ecclesia
1555 2242 1719 2289 experta
1737 2241 1814 2285 est,
1834 2235 1961 2286 philo-

1014 2296 1157 2344 sophos
1174 2324 1183 2341 ,
1208 2294 1370 2339 scilicet,
1399 2305 1562 2341 quorum
1592 2293 1679 2340 alii,
1705 2295 1749 2330 ut
1775 2290 1963 2333 diximuS,

1020 2347 1293 2398 philosophicis
1321 2346 1472 2395 placitis
1492 2347 1683 2384 sinceram
1705 2344 1851 2384 Christi
1872 2343 1963 2380 doc-

1020 2402 1183 2447 trinam,
1204 2402 1252 2439 ab
1280 2400 1473 2449 Apostolis
1499 2400 1706 2445 traditam,
1732 2407 1961 2443 corrumpe-

1022 2456 1135 2502 bant3
1156 2455 1223 2491 alii
1242 2454 1280 2491 in
1303 2454 1524 2491 universum
1544 2465 1588 2490 eo
1610 2451 1907 2494 contendebant,
1924 2448 1967 2484 ut

1024 2508 1226 2545 fallacibus
1248 2506 1570 2544 conclusiunculis
1591 2505 1824 2542 christianas
1846 2500 1965 2539 disci-

1024 2562 1147 2610 plinas
1168 2560 1352 2598 vanitatis
1382 2571 1427 2597 ac
1454 2559 1642 2597 stultitiae
1659 2559 1891 2606 arguerent,
1910 2552 1967 2590 ri-

1024 2616 1159 2662 suique
1179 2613 1329 2663 publico
1351 2615 1599 2662 exponerent.
1622 2612 1681 2649 Ex
1701 2610 1760 2648 his
1780 2608 1853 2646 fuit
1873 2606 1967 2645 Cel-

1024 2680 1102 2714 sus,
1122 2667 1367 2716 philosophus
1387 2666 1601 2715 epicureus,
1619 2665 1703 2701 odio
1724 2663 1764 2700 in
1787 2659 1970 2699 Christia-

1025 2733 1094 2758 nos
1115 2724 1154 2758 et
1171 2719 1386 2765 calumniis,
1406 2720 1546 2767 quibus
1571 2729 1703 2755 eorum
1725 2714 1970 2763 Religionem

1025 2774 1223 2823 proscidit,
1245 2772 1479 2810 notissimus,
1501 2771 1635 2808 Talem
1658 2768 1796 2818 quippe
1817 2779 1858 2805 se
1878 2778 1972 2815 proa

1026 2827 1122 2864 didit
1147 2826 1186 2864 in
1208 2826 1327 2871 libro,
1347 2825 1412 2873 qui
1442 2825 1582 2862 Sermo
1611 2834 1732 2860 verus
1760 2820 1971 2868 inscriptus

1025 2882 1120 2918 erat.
1142 2880 1297 2917 Dudum
1324 2878 1407 2915 eius
1425 2877 1521 2914 liber
1541 2875 1759 2924 deperditus
1780 2876 1819 2912 et
1848 2873 1971 2910 solum

1027 2936 1140 2971 notus
1172 2935 1231 2970 est
1256 2944 1276 2969 e
1306 2930 1560 2968 celeberrima
1588 2929 1693 2966 illius
1721 2926 1972 2971 refutatione,

1069 3060 1078 3081 ¹
1098 3060 1217 3098 Euseb,
1232 3057 1320 3089 Hist.
1336 3059 1409 3089 eccl.
1426 3058 1445 3088 l.
1461 3058 1506 3095 IV,
1518 3068 1544 3090 c.
1559 3054 1813 3096 3.—Ap0209iae
1825 3051 1974 3098 Quadrati

1028 3106 1141 3134 tantum
1166 3103 1308 3139 superest
1331 3101 1542 3139 fragmentum,
1565 3099 1603 3130 ab
1627 3098 1758 3129 Eusebio
1783 3095 1924 3132 relatum,
1941 3101 1972 3123 m

1028 3153 1087 3184 quo
1104 3146 1210 3173 auctor
1225 3142 1347 3172 disserit
1363 3141 1399 3171 de
1415 3141 1570 3172 miraculis
1587 3140 1708 3171 Christi.

1068 3184 1083 3205 ‘2
1098 3184 1216 3220 Euscb,
1233 3183 1251 3213 l.
1267 3192 1299 3214 c(
1310 3183 1414 3214 Oratio
1431 3182 1571 3213 Aristidis
1587 3181 1707 3221 penitus
1723 3178 1849 3211 excidit.

1068 3226 1082 3247 3
1099 3224 1210 3256 Euseb.
1226 3224 1244 3254 1.
1263 3234 1289 3255 c.
1306 3234 1330 3255 c.
1349 3223 1376 3254 8.
1480 3235 1485 3238 ·
1534 3241 1538 3246 ·

1068 3267 1081 3289 ⁴
1098 3265 1189 3305 lbid.;
1212 3266 1323 3306 Sulpic.
1340 3266 1452 3304 Seven,
1467 3264 1562 3297 Hist.
1578 3263 1597 3296 l.
1614 3264 1658 3304 113
1674 3263 1763 3296 Oros.
1778 3262 1797 3294 l.
1812 3260 1870 3298 vn,
1885 3268 1911 3292 c.
1926 3256 1977 3289 13.
