2241 3473
453 146 462 156 ’
481 155 619 186 stVE
641 155 696 184 AD
717 154 936 186 PVBLICAM
958 152 1109 184 RERVM
1131 152 1173 181 IN
1194 153 1362 184 GALLIIS
1381 151 1704 183 SVBVERSIONEM

126 228 258 267 debita
274 236 363 263 cum
381 224 602 263 obedientia
620 229 659 263 et
678 229 862 274 tanquam
889 225 1080 273 dogmati-

126 293 214 319 cum
229 279 432 318 Ecclesiae
449 279 632 316 iudicium
647 284 919 328 susceperunt.
937 280 978 316 In
996 279 1080 316 sola

125 335 254 373 Gallia
272 334 383 382 pauci
404 333 531 371 eidem
551 334 744 382 refragati
771 338 861 370 sunt
880 362 888 378 ,
915 344 1078 381 quorum

124 389 334 426 haesitatio
348 388 411 425 vel
428 388 648 436 pertinacia
666 391 903 424 novatorum
924 387 1078 424 animos

125 443 181 480 ita
197 442 402 483 extulit.ut
421 441 635 478 incredibili
655 441 820 478 audacIa
834 441 1077 477 constitutio-

125 507 216 533 nem
232 496 475 544 pontificiam
492 507 679 544 perverse
695 494 952 542 interpretari
967 498 1007 531 et
1024 493 1078 530 in-

124 561 296 594 cessere,
313 561 536 598 pravaeque
556 550 677 586 etiam
692 549 895 585 doctrinae
915 551 955 584 et
971 558 1078 584 erro-

124 615 211 641 rum
249 604 477 640 insimulare
517 616 594 640 non
627 602 871 640 erubuerint.
912 601 1077 638 Ludovi-

124 669 192 694 cus
210 659 304 695 XIV
323 658 479 694 Bullam
495 658 635 694 eodem
655 667 773 699 anno,
790 667 863 703 quo
880 655 985 691 edita
1003 659 1076 698 est,

124 712 328 760 proposuit
345 713 390 750 48
408 713 605 760 episcopis
625 711 788 747 Parisiis
808 709 1076 757 congregatis,

122 775 289 813 eamque
307 766 352 803 40
371 777 420 802 ex
441 766 486 800 iis
505 766 782 802 incunctanter
801 765 1074 811 acceptarunt3

123 819 262 866 reliqui
291 819 314 856 8
331 847 339 862 ,
373 830 537 866 quorum
562 818 640 854 dux
671 821 757 854 erat
783 816 1005 854 Cardinalis
1028 815 1074 851 de

121 872 312 916 Noailles,
331 873 650 920 archiepiscopus
671 871 921 913 parisiensis,
943 873 1074 906 conte-

121 926 214 962 stati
231 931 321 962 sunt
339 937 395 970 se,
415 937 531 973 quum
553 925 844 973 propositiones
863 924 1075 960 damnatae

120 980 241 1016 etiarn
262 979 299 1015 in
320 980 463 1016 bonum
484 991 642 1016 sensum
662 978 788 1026 accipi
807 982 982 1026 possent,
998 988 1073 1013 non

119 1032 193 1069 nisi
212 1033 282 1070 sub
300 1034 419 1070 certis
437 1033 737 1075 conditionibus,
756 1033 893 1080 quibus
913 1043 1072 1080 perver-

119 1097 185 1125 sus
202 1098 339 1124 earum
357 1099 496 1124 sensus
514 1087 766 1131 definiretur,
786 1087 940 1122 Bullam
963 1096 1072 1122 acce-

120 1144 233 1188 ptare
249 1153 379 1190 posse3
395 1142 624 1189 litterasque
643 1140 693 1177 ad
710 1140 943 1176 Pontificem
959 1139 1073 1176 dede-

119 1199 232 1240 runt,
249 1200 291 1232 ut
309 1195 390 1243 ipse
409 1195 600 1232 eiusmodi
619 1195 903 1242 explicationes
921 1193 1070 1238 ederet,

118 1252 159 1285 et
176 1249 291 1285 simul
305 1250 471 1296 singulis
486 1249 817 1298 propositionibus
837 1248 1070 1284 convenien-

118 1305 198 1338 tem
224 1314 434 1340 censuram
461 1303 710 1351 adiungeret.
733 1303 806 1339 His
829 1303 850 1340 8
877 1302 1073 1349 episcopis

119 1355 304 1405 deinceps
332 1357 353 1394 6
376 1361 443 1393 aut
461 1358 482 1393 7
509 1357 576 1393 alii
600 1369 641 1394 se
668 1357 893 1393 iunxerunt.
909 1356 1073 1399 Contra,

117 1414 277 1457 praeter
294 1411 422 1448 dictos
440 1412 485 1450 40
503 1411 670 1448 Parisiis
693 1413 958 1458 congregatos
977 1439 985 1452 ,
1006 1410 1073 1445 alii

116 1464 163 1501 70
180 1465 326 1502 bullam
350 1470 612 1514 acceptarunt
638 1470 678 1503 et
704 1466 1069 1514 promulgaverunt.

118 1517 203 1565 Ipse
217 1519 339 1556 etiam
354 1524 513 1556 senatus
526 1519 766 1556 Parisiensis
779 1519 994 1556 secundum
1014 1529 1073 1554 re-

118 1571 179 1617 gis
197 1573 425 1609 mandatum
450 1573 605 1609 Bullam
624 1573 708 1609 sine
735 1573 997 1609 haesitatione
1017 1572 1072 1606 in-

118 1628 180 1660 ter
206 1625 317 1673 leges
343 1627 518 1674 publicas
544 1627 692 1670 retulit;
715 1626 895 1663 Sorbona
920 1636 1070 1673 quoque

118 1678 301 1715 eamdem
327 1680 549 1728 acceptavit
580 1684 619 1716 et
645 1679 817 1726 regestis
844 1678 1070 1725 inscripsit;

116 1732 232 1777 pauci
246 1744 342 1770 vero
357 1733 555 1776 doctores,
570 1733 634 1781 qui
653 1733 761 1769 illam
777 1735 988 1780 acceptare
1008 1731 1071 1767 de-

117 1788 363 1830 trectarunt,
385 1787 530 1834 partim
550 1798 570 1823 e
590 1787 800 1823 Facultate
825 1786 963 1829 eiecti,
981 1796 1070 1832 par-

116 1838 187 1874 tim
207 1839 372 1877 Parisiis
398 1841 569 1888 relegati
597 1845 700 1877 sunt.
729 1840 951 1876 Ludovicus
975 1839 1069 1874 XIV

116 1892 426 1930 conditionatam
446 1905 661 1942 paucorum
676 1922 684 1937 ,
704 1894 769 1930 vel
787 1893 1069 1930 haesitantium

115 1946 179 1982 vel
201 1947 406 1984 rebellium
424 1948 643 1984 antistitum
662 1947 990 1995 subscriptionem
1010 1957 1068 1982 re-

115 1998 209 2037 iecit
226 2012 234 2044 ;
253 2012 400 2049 eosque
419 2002 536 2038 facile
554 2002 591 2037 in
618 2002 798 2038 ordinem
824 2000 1067 2047 redegisset,

115 2052 183 2090 sed
200 2053 291 2090 dum
309 2055 384 2092 hac
399 2055 446 2092 de
466 2067 508 2092 re
529 2067 617 2092 cum
636 2056 685 2091 R.
701 2055 893 2091 Pontifice
909 2054 1068 2101 agebat,

115 2117 218 2144 anno
239 2108 330 2145 1715
348 2113 526 2146 mortuus
544 2113 605 2146 est
621 2111 648 2144 1.

161 2161 359 2199 Ludovico
377 2163 470 2199 XIV
490 2164 529 2199 in
548 2174 674 2210 regno
689 2162 882 2200 successit
899 2161 1065 2198 Ludovi-

116 2226 183 2252 cus
209 2216 285 2252 XV
303 2245 312 2259 ,
348 2217 433 2253 eius
459 2229 656 2266 pronepos
683 2216 939 2265 quinquennis
957 2244 965 2259 ,
993 2226 1065 2263 pro

115 2279 189 2316 quo
206 2281 326 2318 usque
345 2270 394 2307 ad
413 2282 476 2307 an.
497 2271 590 2307 1722
617 2272 728 2318 regni
759 2270 1066 2307 administratio-

114 2334 206 2358 nem
232 2324 355 2371 gessit
380 2324 584 2373 Philippus
601 2354 610 2370 ‚
636 2325 713 2361 dux
738 2324 1064 2369 Aurelianensis,

114 2376 177 2412 vir
196 2377 371 2414 moribus
388 2383 596 2426 corruptus
613 2383 653 2416 et
671 2379 874 2426 religionis
894 2390 1037 2425 expers
1054 2406 1063 2422 ‚

116 2430 180 2477 qui
198 2458 207 2474 ‚
235 2441 382 2478 magno
408 2432 655 2468 Francorum
688 2432 874 2469 scandalo
895 2461 904 2476 ‚
932 2443 1064 2468 corru-

116 2483 291 2531 ptionem
311 2485 349 2520 in
369 2486 459 2522 aula
476 2485 592 2530 fovit,
613 2487 749 2534 regiae
767 2491 807 2523 et
825 2485 1062 2522 ecclesiasti-

115 2548 186 2574 cae
204 2539 451 2576 auctoritatis
469 2540 646 2577 osoribus
674 2540 881 2576 audaciam
901 2568 908 2580 ,
938 2539 1062 2575 ianse-

114 2591 258 2629 nianae
283 2597 323 2629 et
348 2594 642 2640 quesnellianae
662 2594 897 2630 factionibus
925 2596 964 2629 et
982 2593 1063 2640 pul-

114 2645 252 2682 lulanti
285 2647 575 2684 incredulorum
610 2648 791 2684 societati
817 2647 924 2683 vires
957 2646 1064 2682 addi-

114 2699 168 2736 dit
184 2702 212 2733 ².

160 2754 204 2790 In
222 2755 362 2802 primis
380 2760 467 2805 post
483 2756 672 2794 Ludovici
688 2755 781 2791 XIV
809 2755 958 2791 obitum
979 2755 1061 2791 Ian-

114 2809 304 2853 senistae,
320 2809 510 2847 hactenus
528 2809 876 2858 repressi‚animos
890 2820 981 2844 suos
998 2821 1063 2845 ex-

115 2862 302 2899 tulerunt.
315 2864 471 2900 Illorum
489 2868 622 2912 partes
638 2862 1061 2900 adversariiConstitu-

115 2916 232 2954 tionis
252 2917 484 2965 Uniqcnitus
503 2919 687 2956 Clemens
702 2918 772 2964 Pp.
789 2917 844 2952 XI
860 2916 1060 2954 Cardinali

115 2971 162 3009 de
186 2973 365 3010 Noailles
399 2974 553 3010 litteras
583 2972 806 3010 transmisit
822 3000 830 3015 ,
862 2972 998 3019 quibus
1024 2973 1060 3009 ei

159 3063 170 3085 1
187 3063 223 3095 P.
239 3062 275 3095 F.
292 3062 454 3101 Laliteau,
470 3061 615 3094 Histoire
631 3060 670 3092 de
683 3059 715 3092 la
735 3056 965 3093 Constitution
983 3060 1062 3093 Uni-

116 3107 257 3158 genitus‚
278 3107 298 3139 2
315 3109 394 3141 voll.
423 3108 523 3147 in-40,
543 3112 574 3140 ct
592 3107 610 3138 3
628 3105 736 3144 in-8⁰;
759 3105 790 3136 D'
806 3106 945 3148 Avrigny
961 3131 968 3145 ,
994 3105 1060 3139 Μέ-

116 3161 240 3185 moires
256 3158 320 3187 etc.

159 3197 174 3218 ²
188 3199 230 3232 De
245 3199 479 3240 Saint-Victor,
500 3199 645 3233 Tableau
661 3198 740 3230 hist.
759 3196 919 3239 etpiceor.
932 3195 972 3230 de
989 3198 1059 3231 Pa-

115 3242 191 3283 ris„
211 3247 235 3277 t.
254 3244 307 3284 IV,
325 3249 410 3287 part.
429 3245 463 3278 Ξ.

1936 135 2017 176 259

1130 229 1292 273 praeter
1313 227 1391 264 alia
1410 225 1704 274 ademptionem
1731 220 2004 259 cardinalitiae
2024 219 2078 256 di-

1129 279 1290 326 gnitatis
1309 281 1547 323 minabatur,
1567 277 1641 315 nisi
1660 276 1817 313 Bullam
1836 275 2081 321 acceptaret.

1130 333 1279 370 Verum
1299 334 1345 370 de
1364 334 1541 370 Noailles
1564 332 1644 368 iam
1669 330 1810 367 ducem
1826 327 2084 365 Aurelianen-

1129 397 1227 429 scm,
1249 387 1363 434 regni
1382 386 1673 428 administrum,
1694 383 1765 420 sibi
1785 381 2085 424 conciliaverat,

1129 439 1191 486 qui
1220 440 1410 487 relegatis
1429 439 1598 477 reditum
1628 436 1802 481 indulsit,
1830 434 2084 482 omnibusque

1127 504 1239 529 suam
1259 493 1306 530 de
1327 493 1441 530 Bulla
1460 497 1635 530 mentem
1653 491 1778 527 libere
1801 486 2082 526 manifestandi

1129 546 1358 583 facultatem
1371 546 1581 583 concessit.
1593 545 1705 580 Tunc
1719 544 1808 580 lites
1819 546 1963 580 auctae
1977 544 2082 578 sunt-

1129 599 1204 647 Ipsi
1222 600 1405 636 doctores
1425 597 1645 641 Sorbonici‚
1665 597 1814 645 aliquot
1832 593 2081 633 reclamanti-

1128 652 1198 689 bus
1214 682 1222 697 ,
1243 654 1454 691 contestati
1473 657 1587 697 sunt,
1609 663 1650 689 se
1679 662 1755 687 non
1776 651 1898 687 libere
1926 649 2082 685 Bullam

1127 710 1359 754 acceptasse
1375 735 1383 750 ,
1408 706 1547 743 deinde
1567 706 1670 742 illius
1688 703 1962 751 acceptatione
1981 713 2003 738 e
2023 712 2083 737 re-

1127 760 1249 806 gestis
1268 760 1412 804 deleta,
1430 760 1583 797 mentiti
1603 762 1808 803 sunt,eam
1827 765 2041 803 numquam
2059 765 2084 791 a

1126 813 1337 851 Facultate
1364 813 1483 850 fuisse
1516 817 1731 860 receptam.
1763 809 1948 858 Episcopi
1969 807 2082 855 pleri-

1126 877 1199 913 que
1218 867 1372 904 Bullam
1393 867 1549 903 fortiter
1567 864 1850 907 defendebant,
1864 866 1906 899 et
1921 863 1958 897 in
1974 861 2084 898 cleri-

1127 930 1194 955 cos
1220 931 1310 957 suos
1328 950 1336 966 ,
1355 932 1443 957 eam
1473 919 1735 967 reprobantes
1752 946 1760 961 ,
1788 915 2083 953 animadverte·

1126 972 1231 1009 bant.
1267 974 1345 1011 Alii
1371 984 1494 1010 novas
1526 973 1663 1009 Bullae
1697 969 1987 1007 declarationes
2015 970 2084 1004 aut

1126 1025 1406 1064 damnatarum
1449 1026 1761 1075 propositionum
1795 1022 2084 1069 explicationes

1126 1081 1326 1127 petebant.
1344 1080 1638 1118 Iansenistaein
1654 1079 1783 1127 ipsam
1798 1077 1955 1113 Bullam
1972 1087 2082 1113 acer-

1127 1134 1227 1171 rime
1243 1135 1544 1172 invehebantur.
1561 1134 1688 1170 Varia
1707 1132 1756 1168 ad
1771 1142 1913 1179 pacem
1935 1134 1974 1166 et
1992 1141 2082 1166 con-

1127 1188 1302 1225 cordiam
1317 1189 1603 1226 restituendam
1624 1190 1778 1224 tentata
1796 1188 1900 1229 sunt,
1916 1184 1984 1221 sed
2002 1184 2080 1220 fru-

1125 1246 1225 1279 stra.
1245 1243 1431 1281 Clemens
1456 1244 1510 1279 XI
1530 1241 1782 1281 Cardinalem
1808 1239 1854 1276 de
1874 1239 2052 1276 Noailles
2069 1267 2077 1284 ,

1125 1296 1310 1333 factionis
1329 1297 1566 1345 principem,
1585 1307 1689 1332 nunc
1708 1295 1848 1331 amicis
1862 1322 1870 1337 ,
1889 1305 1992 1330 nunc
2010 1292 2080 1329 mi-

1125 1350 1288 1386 nacibus
1314 1351 1456 1388 litteris
1483 1350 1532 1386 ad
1558 1349 1779 1386 absolutam
1806 1348 1943 1384 Bullae
1968 1358 2079 1384 acce-

1125 1404 1344 1450 ptationem
1371 1415 1609 1452 promovere
1637 1406 1802 1439 conatus
1827 1405 1902 1438 est.
1922 1402 1957 1438 Is
1981 1411 2079 1437 vero

1125 1458 1164 1492 in
1183 1458 1380 1494 sententia
1397 1468 1469 1494 sua
1487 1457 1673 1504 perstitit;
1693 1456 1784 1504 quin
1804 1455 1883 1491 imo
1902 1467 1966 1493 an·
1987 1455 2080 1491 1717

1123 1510 1367 1555 declaravit,
1386 1523 1428 1548 se
1447 1522 1614 1558 suosque
1633 1520 1833 1557 nunquam
1852 1512 2078 1557 acceptatu-

1126 1575 1190 1601 ros
1210 1565 1378 1608 bullam,
1399 1577 1517 1613 quum
1536 1565 1639 1601 inter
1665 1563 1954 1611 propositiones
1971 1563 2079 1599 dam-

1125 1622 1240 1655 natas
1258 1619 1307 1655 ad
1332 1619 1539 1656 minimum
1557 1619 1603 1656 26
1629 1622 1783 1662 essent,
1804 1628 1903 1666 quae
1930 1618 2078 1654 nullam

1123 1684 1287 1720 prorsus
1302 1684 1513 1710 censuram
1529 1676 1797 1710 mererentur.
1817 1672 1930 1708 Haeo
1945 1671 2077 1708 Noail-

1123 1726 1163 1761 lii
1181 1726 1400 1763 declaratio
1420 1727 1679 1763 factiosorum
1707 1725 1913 1762 audaciam
1940 1725 2074 1771 auxit,

1123 1783 1163 1816 et
1181 1780 1510 1828 appellationibus
1526 1780 1575 1816 ad
1594 1778 1994 1825 futurum-concilium
2013 1791 2078 1826 ge-

1122 1834 1274 1877 nerale,
1296 1845 1392 1881 quas
1408 1834 1603 1871 hactenus
1622 1833 1693 1870 soli
1710 1832 1904 1869 haeretici
1922 1835 1962 1868 et
1978 1832 2077 1869 schi-

1120 1887 1275 1923 smatici
1293 1887 1332 1923 in
1352 1887 1522 1925 materia
1538 1887 1630 1924 fidei
1648 1887 1916 1930 instituerant,
1935 1895 2075 1923 ansam

1120 1941 1229 1978 dedit
1247 1944 1275 1975 1.

1164 1996 1222 2034 40.
1252 1996 1510 2045 Appellctntes
1539 2007 1565 2032 a
1583 1995 1707 2032 Balla
1729 1993 1961 2042 Uniyenitus
1987 1998 2072 2038 (an.

1119 2050 1222 2093 1717)
1238 2050 1411 2086 —Primi
1439 2051 1544 2087 inter
1577 2049 1824 2097 appellantes
1849 2048 2010 2086 fuerunt
2035 2049 2075 2085 hi

1116 2104 1139 2140 4
1164 2104 1364 2152 episcopi,
1390 2104 1435 2139 P.
1465 2104 1513 2141 de
1542 2104 1579 2140 la
1605 2104 1736 2140 Broue
1769 2103 2071 2150 Mirapicensis‚

1118 2157 1144 2193 I.
1166 2159 1324 2195 Soanen
1353 2157 1600 2202 Sanitiensis‚
1621 2158 1663 2195 C.
1681 2157 1708 2193 1.
1727 2157 1890 2195 Colbert
1907 2156 2073 2193 Montis-

1119 2212 1320 2258 pessulan.
1347 2216 1387 2249 et
1418 2212 1462 2247 P.
1493 2211 1541 2248 de
1560 2211 1711 2258 Langle
1729 2210 1990 2253 Boloniensis,
2007 2209 2072 2257 qui

1118 2275 1140 2301 a
1158 2266 1444 2304 Constitutione
1468 2264 1703 2312 Uniyenitus
1722 2264 1771 2301 ad
1790 2264 1962 2301 futurum
1983 2274 2072 2300 con-

1117 2320 1247 2356 cilium
1275 2321 1465 2367 generale
1493 2319 1756 2367 appellarunt,
1785 2329 1973 2365 suamque
2001 2328 2068 2365 ap-

1118 2374 1381 2419 pellationem,
1402 2373 1576 2410 calendis
1597 2372 1729 2409 martii
1750 2372 1841 2408 1717
1862 2371 2066 2418 scriptam,

1116 2427 1284 2463 Romam
1319 2428 1525 2464 miserunt.
1564 2427 1716 2462 Eorum
1748 2425 1972 2471 exemplum
2009 2436 2069 2460 se-

1117 2481 1194 2517 cuti
1213 2485 1301 2517 sunt
1318 2481 1500 2518 doctores
1519 2479 1744 2522 Sorbonici‚
1764 2477 1897 2514 clerici
1917 2482 1957 2514 et
1982 2477 2063 2522 alii,

1115 2535 1242 2571 omnis
1269 2535 1430 2582 generis
1455 2538 1495 2571 et
1521 2533 1768 2575 conditionis,
1787 2532 1863 2567 viri
1890 2535 1930 2567 et
1955 2531 2065 2567 femi-

1115 2599 1204 2633 nae;
1223 2589 1272 2625 ad
1291 2588 1391 2636 quod
1411 2588 1660 2625 efficiendum
1680 2585 1899 2622 adversarii
1917 2596 2065 2622 memo-

1115 2646 1228 2679 ratae
1243 2642 1541 2680 Constitutionis
1554 2652 1628 2677 nec
1644 2638 1860 2683 labori,nec
1870 2640 2062 2686 pecuniae

1115 2700 1395 2743 pepercerunt.
1422 2694 1604 2731 Accessit
1628 2694 1746 2730 etiam
1773 2692 1997 2730 Cardinalis
2017 2694 2065 2731 de

1113 2751 1291 2787 Noailles
1308 2779 1316 2795 ‚
1344 2750 1408 2798 qui
1441 2750 1481 2785 in
1515 2747 1790 2796 appellationis
1822 2758 1917 2784 suae
1949 2747 2063 2785 docu-

1114 2810 1260 2849 mento,
1289 2805 1390 2852 quod
1417 2803 1597 2840 Pontifici
1623 2802 1877 2848 significavit,
1903 2813 1927 2838 a
1952 2803 2064 2852 Papa

1115 2860 1218 2896 male
1245 2860 1454 2895 informato
1489 2857 1538 2893 ad
1572 2856 1713 2893 melius
1743 2857 2033 2894 informandum
2052 2887 2061 2903 ‚

1113 2918 1154 2951 et
1179 2914 1228 2951 ad
1255 2913 1473 2951 Concilium
1502 2911 1689 2958 generale
1705 2912 1948 2959 provocavit.
1967 2913 2062 2948 Eius

1112 2969 1336 3016 exemplum
1362 2966 1486 3003 secuti
1512 2970 1603 3002 sunt
1629 2966 1674 3002 12
1700 2967 1889 3014 episcopi.

1158 3024 1341 3063 Clemens
1366 3021 1421 3056 XI
1449 3020 1496 3056 de
1523 3020 1581 3056 his
1607 3021 1753 3057 certior
1779 3021 1974 3064 redditus,
1996 3021 2056 3058 xi⁰

1113 3079 1187 3115 cal.
1207 3080 1324 3113 mart.
1342 3074 1435 3111 1718
1448 3073 1726 3110 documentum
1742 3074 2015 3122 appellationis
2034 3074 2058 3111 4

1112 3133 1284 3181 episcop.
1303 3128 1597 3165 schismaticum
1624 3132 1663 3166 et
1688 3129 1945 3173 haereticum,
1962 3128 2053 3165 illud

1159 3242 1347 3281 lLaliteau,
1367 3245 1399 3274 ct
1419 3240 1616 3284 D'Avrigny,
1636 3239 1714 3285 Opp.
1733 3240 1805 3274 citt.
