<?xml version="1.0" encoding="UTF-8"?>
<!DOCTYPE html PUBLIC "-//W3C//DTD XHTML 1.0 Transitional//EN"
    "http://www.w3.org/TR/xhtml1/DTD/xhtml1-transitional.dtd">
<html xmlns="http://www.w3.org/1999/xhtml" xml:lang="en" lang="en">
 <head>
  <title>
</title>
<meta http-equiv="Content-Type" content="text/html;charset=utf-8" />
  <meta name='ocr-system' content='tesseract 3.04.00' />
  <meta name='ocr-capabilities' content='ocr_page ocr_carea ocr_par ocr_line ocrx_word'/>
</head>
<body>
  <div class='ocr_page' id='page_1' title='image "./historiaeecclesi01wout_0154.png"; bbox 0 0 2241 3473; ppageno 0'>
   <div class='ocr_carea' id='block_1_1' title="bbox 227 134 302 173">
    <p class='ocr_par' dir='ltr' id='par_1_1' title="bbox 227 134 302 173">
     <span class='ocr_line' id='line_1_1' title="bbox 227 134 302 173; baseline 0 0"><span class='ocrx_word' id='word_1_1' title='bbox 227 134 302 173; x_wconf 74' lang='lat'>124</span> 
     </span>
    </p>
   </div>
   <div class='ocr_carea' id='block_1_2' title="bbox 170 203 1130 2658">
    <p class='ocr_par' dir='ltr' id='par_1_2' title="bbox 170 203 1117 420">
     <span class='ocr_line' id='line_1_2' title="bbox 173 203 1117 248; baseline -0.011 0"><span class='ocrx_word' id='word_1_2' title='bbox 173 208 446 248; x_wconf 90' lang='lat' dir='ltr'>communione</span> <span class='ocrx_word' id='word_1_3' title='bbox 475 207 672 245; x_wconf 80' lang='lat' dir='ltr'>Ecclesiae</span> <span class='ocrx_word' id='word_1_4' title='bbox 703 204 880 243; x_wconf 76' lang='lat' dir='ltr'>exclusit.</span> <span class='ocrx_word' id='word_1_5' title='bbox 915 203 1028 239; x_wconf 84' lang='lat' dir='ltr'>Unde</span> <span class='ocrx_word' id='word_1_6' title='bbox 1053 214 1117 239; x_wconf 91' lang='lat' dir='ltr'>so-</span> 
     </span>
     <span class='ocr_line' id='line_1_3' title="bbox 173 256 1109 309; baseline -0.01 -8"><span class='ocrx_word' id='word_1_7' title='bbox 173 263 300 301; x_wconf 88' lang='lat' dir='ltr'>lemne</span> <span class='ocrx_word' id='word_1_8' title='bbox 319 262 412 299; x_wconf 89' lang='lat' dir='ltr'>illud</span> <span class='ocrx_word' id='word_1_9' title='bbox 429 273 457 298; x_wconf 89' lang='lat' dir='ltr'>s.</span> <span class='ocrx_word' id='word_1_10' title='bbox 474 259 679 309; x_wconf 81' lang='lat' dir='ltr'><strong>Augustini</strong></span> <span class='ocrx_word' id='word_1_11' title='bbox 696 258 878 295; x_wconf 86' lang='lat' dir='ltr'>effatum:</span> <span class='ocrx_word' id='word_1_12' title='bbox 897 256 1109 304; x_wconf 75' lang='lat' dir='ltr'>Rescripta</span> 
     </span>
     <span class='ocr_line' id='line_1_4' title="bbox 173 309 1110 360; baseline -0.01 -6"><span class='ocrx_word' id='word_1_13' title='bbox 173 317 305 354; x_wconf 83' lang='lat' dir='ltr'>Roma</span> <span class='ocrx_word' id='word_1_14' title='bbox 324 318 545 358; x_wconf 77' lang='lat' dir='ltr'>venerunt,</span> <span class='ocrx_word' id='word_1_15' title='bbox 567 323 692 350; x_wconf 79' lang='lat' dir='ltr'>causa</span> <span class='ocrx_word' id='word_1_16' title='bbox 711 311 835 360; x_wconf 74' lang='lat' dir='ltr'>finita</span> <span class='ocrx_word' id='word_1_17' title='bbox 854 313 924 353; x_wconf 77' lang='lat' dir='ltr'>est,</span> <span class='ocrx_word' id='word_1_18' title='bbox 945 309 1110 346; x_wconf 70' lang='lat' dir='ltr'>utinam</span> 
     </span>
     <span class='ocr_line' id='line_1_5' title="bbox 170 365 584 420; baseline -0.01 -14"><span class='ocrx_word' id='word_1_19' title='bbox 170 370 350 420; x_wconf 69' lang='lat' dir='ltr'>finiatur</span> <span class='ocrx_word' id='word_1_20' title='bbox 370 372 406 404; x_wconf 79' lang='lat' dir='ltr'>et</span> <span class='ocrx_word' id='word_1_21' title='bbox 421 378 537 403; x_wconf 83' lang='lat' dir='ltr'>error</span> <span class='ocrx_word' id='word_1_22' title='bbox 562 365 584 402; x_wconf 89' lang='lat'>¹.</span> 
     </span>
    </p>

    <p class='ocr_par' dir='ltr' id='par_1_3' title="bbox 173 415 1119 1688">
     <span class='ocr_line' id='line_1_6' title="bbox 226 415 1113 469; baseline -0.008 -11"><span class='ocrx_word' id='word_1_23' title='bbox 226 421 370 469; x_wconf 84' lang='lat' dir='ltr'>Reipsa</span> <span class='ocrx_word' id='word_1_24' title='bbox 389 422 515 456; x_wconf 86' lang='lat' dir='ltr'>tamen</span> <span class='ocrx_word' id='word_1_25' title='bbox 537 429 646 455; x_wconf 89' lang='lat' dir='ltr'>error</span> <span class='ocrx_word' id='word_1_26' title='bbox 666 416 798 454; x_wconf 87' lang='lat' dir='ltr'>finitus</span> <span class='ocrx_word' id='word_1_27' title='bbox 819 427 894 453; x_wconf 91' lang='lat' dir='ltr'>non</span> <span class='ocrx_word' id='word_1_28' title='bbox 915 416 985 452; x_wconf 89' lang='lat' dir='ltr'>est.</span> <span class='ocrx_word' id='word_1_29' title='bbox 1004 415 1113 452; x_wconf 93' lang='lat' dir='ltr'>Inno-</span> 
     </span>
     <span class='ocr_line' id='line_1_7' title="bbox 174 468 1111 521; baseline -0.009 -9"><span class='ocrx_word' id='word_1_30' title='bbox 174 474 298 512; x_wconf 78' lang='lat' dir='ltr'>centio</span> <span class='ocrx_word' id='word_1_31' title='bbox 308 473 323 509; x_wconf 99' lang='grc' dir='ltr'>Ι</span> <span class='ocrx_word' id='word_1_32' title='bbox 334 473 446 521; x_wconf 88' lang='lat' dir='ltr'>paulo</span> <span class='ocrx_word' id='word_1_33' title='bbox 459 474 554 519; x_wconf 89' lang='lat' dir='ltr'>post,</span> <span class='ocrx_word' id='word_1_34' title='bbox 567 471 718 516; x_wconf 84' lang='lat' dir='ltr'>an.4l7,</span> <span class='ocrx_word' id='word_1_35' title='bbox 728 468 1111 514; x_wconf 88' lang='lat' dir='ltr'>mortu0,Caelestius</span> 
     </span>
     <span class='ocr_line' id='line_1_8' title="bbox 174 521 1112 573; baseline -0.007 -9"><span class='ocrx_word' id='word_1_36' title='bbox 174 528 336 564; x_wconf 83' lang='lat' dir='ltr'><strong>Romam</strong></span> <span class='ocrx_word' id='word_1_37' title='bbox 358 524 579 573; x_wconf 87' lang='lat' dir='ltr'>properavit</span> <span class='ocrx_word' id='word_1_38' title='bbox 603 525 651 561; x_wconf 88' lang='lat' dir='ltr'>ad</span> <span class='ocrx_word' id='word_1_39' title='bbox 672 523 878 568; x_wconf 87' lang='lat' dir='ltr'>Zosimum,</span> <span class='ocrx_word' id='word_1_40' title='bbox 899 521 1112 558; x_wconf 89' lang='lat' dir='ltr'>Innocentii</span> 
     </span>
     <span class='ocr_line' id='line_1_9' title="bbox 174 575 1112 623; baseline -0.006 -6"><span class='ocrx_word' id='word_1_41' title='bbox 174 589 453 623; x_wconf 84' lang='lat' dir='ltr'>successorem3</span> <span class='ocrx_word' id='word_1_42' title='bbox 483 578 517 613; x_wconf 90' lang='lat' dir='ltr'>ei</span> <span class='ocrx_word' id='word_1_43' title='bbox 539 577 660 614; x_wconf 87' lang='lat' dir='ltr'>modis</span> <span class='ocrx_word' id='word_1_44' title='bbox 679 577 856 613; x_wconf 89' lang='lat' dir='ltr'>omnibus</span> <span class='ocrx_word' id='word_1_45' title='bbox 877 575 1112 623; x_wconf 89' lang='lat' dir='ltr'>persuadere</span> 
     </span>
     <span class='ocr_line' id='line_1_10' title="bbox 175 627 1111 678; baseline -0.004 -9"><span class='ocrx_word' id='word_1_46' title='bbox 175 634 331 670; x_wconf 89' lang='lat' dir='ltr'>conatus</span> <span class='ocrx_word' id='word_1_47' title='bbox 352 633 430 675; x_wconf 88' lang='lat' dir='ltr'>est,</span> <span class='ocrx_word' id='word_1_48' title='bbox 450 641 489 667; x_wconf 90' lang='lat' dir='ltr'>se</span> <span class='ocrx_word' id='word_1_49' title='bbox 505 632 544 666; x_wconf 90' lang='lat' dir='ltr'>et</span> <span class='ocrx_word' id='word_1_50' title='bbox 559 630 761 678; x_wconf 81' lang='lat' dir='ltr'>Pelagium</span> <span class='ocrx_word' id='word_1_51' title='bbox 781 640 862 666; x_wconf 91' lang='lat' dir='ltr'>esse</span> <span class='ocrx_word' id='word_1_52' title='bbox 882 627 1111 674; x_wconf 87' lang='lat' dir='ltr'>catholicos;</span> 
     </span>
     <span class='ocr_line' id='line_1_11' title="bbox 175 681 1113 734; baseline -0.004 -12"><span class='ocrx_word' id='word_1_53' title='bbox 175 684 378 734; x_wconf 88' lang='lat' dir='ltr'>plurimum</span> <span class='ocrx_word' id='word_1_54' title='bbox 400 684 444 719; x_wconf 90' lang='lat' dir='ltr'>de</span> <span class='ocrx_word' id='word_1_55' title='bbox 475 683 677 732; x_wconf 77' lang='lat' dir='ltr'>praecipiti</span> <span class='ocrx_word' id='word_1_56' title='bbox 706 682 975 719; x_wconf 86' lang='lat' dir='ltr'>Africanorum</span> <span class='ocrx_word' id='word_1_57' title='bbox 1004 681 1044 718; x_wconf 90' lang='lat' dir='ltr'>in</span> <span class='ocrx_word' id='word_1_58' title='bbox 1074 692 1113 718; x_wconf 90' lang='lat' dir='ltr'>se</span> 
     </span>
     <span class='ocr_line' id='line_1_12' title="bbox 175 734 1111 784; baseline -0.003 -10"><span class='ocrx_word' id='word_1_59' title='bbox 175 737 314 775; x_wconf 88' lang='lat' dir='ltr'>iudicio</span> <span class='ocrx_word' id='word_1_60' title='bbox 335 739 588 784; x_wconf 82' lang='lat' dir='ltr'>conquestus,</span> <span class='ocrx_word' id='word_1_61' title='bbox 617 738 657 773; x_wconf 88' lang='lat' dir='ltr'>et</span> <span class='ocrx_word' id='word_1_62' title='bbox 682 736 805 772; x_wconf 87' lang='lat' dir='ltr'>multa</span> <span class='ocrx_word' id='word_1_63' title='bbox 825 735 871 772; x_wconf 90' lang='lat' dir='ltr'>ad</span> <span class='ocrx_word' id='word_1_64' title='bbox 901 734 1016 771; x_wconf 90' lang='lat' dir='ltr'>fidem</span> <span class='ocrx_word' id='word_1_65' title='bbox 1045 746 1111 771; x_wconf 88' lang='lat' dir='ltr'>ca-</span> 
     </span>
     <span class='ocr_line' id='line_1_13' title="bbox 173 789 1111 836; baseline -0.003 -9"><span class='ocrx_word' id='word_1_66' title='bbox 173 790 356 828; x_wconf 85' lang='lat' dir='ltr'>tholicam</span> <span class='ocrx_word' id='word_1_67' title='bbox 373 819 382 835; x_wconf 95' lang='lat'>,</span> <span class='ocrx_word' id='word_1_68' title='bbox 415 789 479 826; x_wconf 90' lang='lat' dir='ltr'>sed</span> <span class='ocrx_word' id='word_1_69' title='bbox 500 801 572 826; x_wconf 89' lang='lat' dir='ltr'>non</span> <span class='ocrx_word' id='word_1_70' title='bbox 594 790 641 826; x_wconf 90' lang='lat' dir='ltr'>ad</span> <span class='ocrx_word' id='word_1_71' title='bbox 661 800 818 826; x_wconf 88' lang='lat' dir='ltr'>causam</span> <span class='ocrx_word' id='word_1_72' title='bbox 844 789 1111 836; x_wconf 72' lang='lat' dir='ltr'>praesentem,</span> 
     </span>
     <span class='ocr_line' id='line_1_14' title="bbox 174 841 1112 892; baseline -0.004 -11"><span class='ocrx_word' id='word_1_73' title='bbox 174 843 388 892; x_wconf 81' lang='lat' dir='ltr'>spectantia</span> <span class='ocrx_word' id='word_1_74' title='bbox 406 841 617 891; x_wconf 85' lang='lat' dir='ltr'>professus,</span> <span class='ocrx_word' id='word_1_75' title='bbox 637 841 802 887; x_wconf 85' lang='lat' dir='ltr'>addidit,</span> <span class='ocrx_word' id='word_1_76' title='bbox 823 853 862 878; x_wconf 88' lang='lat' dir='ltr'>se</span> <span class='ocrx_word' id='word_1_77' title='bbox 889 841 1112 889; x_wconf 76' lang='lat' dir='ltr'>caeteroqui</span> 
     </span>
     <span class='ocr_line' id='line_1_15' title="bbox 174 894 1116 944; baseline -0.002 -11"><span class='ocrx_word' id='word_1_78' title='bbox 174 898 457 941; x_wconf 86' lang='lat' dir='ltr'>damnaturum,</span> <span class='ocrx_word' id='word_1_79' title='bbox 478 907 574 944; x_wconf 88' lang='lat' dir='ltr'>quae</span> <span class='ocrx_word' id='word_1_80' title='bbox 596 894 817 944; x_wconf 87' lang='lat' dir='ltr'>Apostolica</span> <span class='ocrx_word' id='word_1_81' title='bbox 832 895 948 932; x_wconf 86' lang='lat' dir='ltr'>Sedes</span> <span class='ocrx_word' id='word_1_82' title='bbox 960 894 1116 931; x_wconf 88' lang='lat' dir='ltr'>damna-</span> 
     </span>
     <span class='ocr_line' id='line_1_16' title="bbox 173 947 1113 994; baseline -0.003 -7"><span class='ocrx_word' id='word_1_83' title='bbox 173 953 242 987; x_wconf 87' lang='lat' dir='ltr'>ret.</span> <span class='ocrx_word' id='word_1_84' title='bbox 274 950 483 986; x_wconf 84' lang='lat' dir='ltr'>Praeterea</span> <span class='ocrx_word' id='word_1_85' title='bbox 503 949 654 986; x_wconf 90' lang='lat' dir='ltr'>Zosimo</span> <span class='ocrx_word' id='word_1_86' title='bbox 683 948 834 985; x_wconf 88' lang='lat' dir='ltr'>oblatus</span> <span class='ocrx_word' id='word_1_87' title='bbox 862 949 921 985; x_wconf 89' lang='lat' dir='ltr'>est</span> <span class='ocrx_word' id='word_1_88' title='bbox 948 947 1113 994; x_wconf 88' lang='lat' dir='ltr'>libellus,</span> 
     </span>
     <span class='ocr_line' id='line_1_17' title="bbox 174 1001 1114 1051; baseline -0.003 -11"><span class='ocrx_word' id='word_1_89' title='bbox 174 1003 240 1040; x_wconf 90' lang='lat' dir='ltr'>sed</span> <span class='ocrx_word' id='word_1_90' title='bbox 271 1002 480 1039; x_wconf 85' lang='lat' dir='ltr'>mendaciis</span> <span class='ocrx_word' id='word_1_91' title='bbox 513 1002 649 1051; x_wconf 90' lang='lat' dir='ltr'>plenus</span> <span class='ocrx_word' id='word_1_92' title='bbox 666 1031 674 1048; x_wconf 92' lang='lat'>,</span> <span class='ocrx_word' id='word_1_93' title='bbox 707 1013 794 1039; x_wconf 91' lang='lat' dir='ltr'>eum</span> <span class='ocrx_word' id='word_1_94' title='bbox 827 1001 969 1038; x_wconf 90' lang='lat' dir='ltr'>litteris</span> <span class='ocrx_word' id='word_1_95' title='bbox 1007 1012 1114 1038; x_wconf 90' lang='lat' dir='ltr'>com-</span> 
     </span>
     <span class='ocr_line' id='line_1_18' title="bbox 174 1054 1114 1104; baseline -0.003 -10"><span class='ocrx_word' id='word_1_96' title='bbox 174 1056 411 1094; x_wconf 87' lang='lat' dir='ltr'>mendatitiis</span> <span class='ocrx_word' id='word_1_97' title='bbox 446 1055 601 1104; x_wconf 88' lang='lat' dir='ltr'>Prayli,</span> <span class='ocrx_word' id='word_1_98' title='bbox 636 1055 802 1104; x_wconf 86' lang='lat' dir='ltr'>episcopi</span> <span class='ocrx_word' id='word_1_99' title='bbox 832 1054 1114 1102; x_wconf 87' lang='lat' dir='ltr'>Hierosolymi—</span> 
     </span>
     <span class='ocr_line' id='line_1_19' title="bbox 175 1107 1116 1157; baseline -0.003 -10"><span class='ocrx_word' id='word_1_100' title='bbox 175 1110 267 1147; x_wconf 91' lang='lat' dir='ltr'>tani.</span> <span class='ocrx_word' id='word_1_101' title='bbox 295 1107 478 1146; x_wconf 84' lang='lat' dir='ltr'>Pontifex</span> <span class='ocrx_word' id='word_1_102' title='bbox 511 1108 568 1146; x_wconf 91' lang='lat' dir='ltr'>his</span> <span class='ocrx_word' id='word_1_103' title='bbox 602 1108 749 1146; x_wconf 82' lang='lat' dir='ltr'>artibus</span> <span class='ocrx_word' id='word_1_104' title='bbox 782 1108 974 1157; x_wconf 87' lang='lat' dir='ltr'>deceptus,</span> <span class='ocrx_word' id='word_1_105' title='bbox 1007 1107 1116 1145; x_wconf 90' lang='lat' dir='ltr'>Pela-</span> 
     </span>
     <span class='ocr_line' id='line_1_20' title="bbox 175 1161 1114 1211; baseline -0.001 -12"><span class='ocrx_word' id='word_1_106' title='bbox 175 1163 281 1211; x_wconf 90' lang='lat' dir='ltr'>gium</span> <span class='ocrx_word' id='word_1_107' title='bbox 307 1164 346 1200; x_wconf 88' lang='lat' dir='ltr'>et</span> <span class='ocrx_word' id='word_1_108' title='bbox 366 1161 599 1200; x_wconf 83' lang='lat' dir='ltr'>Caelestium</span> <span class='ocrx_word' id='word_1_109' title='bbox 628 1161 837 1199; x_wconf 88' lang='lat' dir='ltr'>catholicos</span> <span class='ocrx_word' id='word_1_110' title='bbox 865 1173 948 1199; x_wconf 89' lang='lat' dir='ltr'>esse</span> <span class='ocrx_word' id='word_1_111' title='bbox 976 1161 1114 1199; x_wconf 87' lang='lat' dir='ltr'>existi-</span> 
     </span>
     <span class='ocr_line' id='line_1_21' title="bbox 175 1214 1115 1264; baseline 0 -11"><span class='ocrx_word' id='word_1_112' title='bbox 175 1215 299 1254; x_wconf 86' lang='lat' dir='ltr'>mavit</span> <span class='ocrx_word' id='word_1_113' title='bbox 321 1229 329 1262; x_wconf 82' lang='lat'><em>3</em></span> <span class='ocrx_word' id='word_1_114' title='bbox 363 1215 462 1253; x_wconf 89' lang='lat' dir='ltr'>datis</span> <span class='ocrx_word' id='word_1_115' title='bbox 495 1215 542 1252; x_wconf 88' lang='lat' dir='ltr'>ad</span> <span class='ocrx_word' id='word_1_116' title='bbox 578 1214 780 1252; x_wconf 89' lang='lat' dir='ltr'>Africanos</span> <span class='ocrx_word' id='word_1_117' title='bbox 816 1215 1011 1264; x_wconf 89' lang='lat' dir='ltr'>episcopos</span> <span class='ocrx_word' id='word_1_118' title='bbox 1046 1215 1115 1253; x_wconf 87' lang='lat' dir='ltr'>lit-</span> 
     </span>
     <span class='ocr_line' id='line_1_22' title="bbox 177 1268 1116 1318; baseline -0.001 -12"><span class='ocrx_word' id='word_1_119' title='bbox 177 1269 290 1315; x_wconf 82' lang='lat' dir='ltr'>teris,</span> <span class='ocrx_word' id='word_1_120' title='bbox 310 1280 374 1306; x_wconf 91' lang='lat' dir='ltr'>eos</span> <span class='ocrx_word' id='word_1_121' title='bbox 393 1268 593 1317; x_wconf 89' lang='lat' dir='ltr'>corripuit,</span> <span class='ocrx_word' id='word_1_122' title='bbox 613 1269 713 1316; x_wconf 86' lang='lat' dir='ltr'>quod</span> <span class='ocrx_word' id='word_1_123' title='bbox 735 1268 940 1318; x_wconf 84' lang='lat' dir='ltr'>Pelagium</span> <span class='ocrx_word' id='word_1_124' title='bbox 960 1271 999 1306; x_wconf 90' lang='lat' dir='ltr'>et</span> <span class='ocrx_word' id='word_1_125' title='bbox 1019 1268 1116 1306; x_wconf 80' lang='lat' dir='ltr'>Cae-</span> 
     </span>
     <span class='ocr_line' id='line_1_23' title="bbox 176 1322 1118 1370; baseline -0.001 -11"><span class='ocrx_word' id='word_1_126' title='bbox 176 1322 333 1360; x_wconf 87' lang='lat' dir='ltr'>lestium</span> <span class='ocrx_word' id='word_1_127' title='bbox 358 1322 601 1359; x_wconf 84' lang='lat' dir='ltr'>damnassent</span> <span class='ocrx_word' id='word_1_128' title='bbox 617 1323 664 1359; x_wconf 93' lang='lat' dir='ltr'>ob</span> <span class='ocrx_word' id='word_1_129' title='bbox 680 1322 909 1368; x_wconf 84' lang='lat' dir='ltr'>doctrinam,</span> <span class='ocrx_word' id='word_1_130' title='bbox 924 1334 947 1359; x_wconf 91' lang='lat' dir='ltr'>a</span> <span class='ocrx_word' id='word_1_131' title='bbox 961 1333 1040 1370; x_wconf 86' lang='lat' dir='ltr'>qua</span> <span class='ocrx_word' id='word_1_132' title='bbox 1054 1333 1118 1359; x_wconf 90' lang='lat' dir='ltr'>eos</span> 
     </span>
     <span class='ocr_line' id='line_1_24' title="bbox 178 1375 1119 1424; baseline -0.001 -11"><span class='ocrx_word' id='word_1_133' title='bbox 178 1375 325 1414; x_wconf 87' lang='lat' dir='ltr'>alienos</span> <span class='ocrx_word' id='word_1_134' title='bbox 344 1387 473 1413; x_wconf 86' lang='lat' dir='ltr'>errore</span> <span class='ocrx_word' id='word_1_135' title='bbox 493 1376 595 1424; x_wconf 73' lang='lat' dir='ltr'>facti</span> <span class='ocrx_word' id='word_1_136' title='bbox 612 1376 799 1424; x_wconf 87' lang='lat' dir='ltr'>putabat;</span> <span class='ocrx_word' id='word_1_137' title='bbox 821 1375 1022 1412; x_wconf 89' lang='lat' dir='ltr'>Africanos</span> <span class='ocrx_word' id='word_1_138' title='bbox 1043 1387 1119 1412; x_wconf 90' lang='lat' dir='ltr'>mo-</span> 
     </span>
     <span class='ocr_line' id='line_1_25' title="bbox 178 1428 1119 1477; baseline -0.001 -11"><span class='ocrx_word' id='word_1_139' title='bbox 178 1428 274 1475; x_wconf 88' lang='lat' dir='ltr'>nuit,</span> <span class='ocrx_word' id='word_1_140' title='bbox 296 1431 337 1466; x_wconf 91' lang='lat' dir='ltr'>ut</span> <span class='ocrx_word' id='word_1_141' title='bbox 357 1429 522 1466; x_wconf 86' lang='lat' dir='ltr'>Romam</span> <span class='ocrx_word' id='word_1_142' title='bbox 542 1428 743 1466; x_wconf 84' lang='lat' dir='ltr'>mitterent</span> <span class='ocrx_word' id='word_1_143' title='bbox 762 1428 827 1477; x_wconf 91' lang='lat' dir='ltr'>qui</span> <span class='ocrx_word' id='word_1_144' title='bbox 848 1429 1052 1477; x_wconf 82' lang='lat' dir='ltr'>Pelagium</span> <span class='ocrx_word' id='word_1_145' title='bbox 1081 1431 1119 1465; x_wconf 89' lang='lat' dir='ltr'>et</span> 
     </span>
     <span class='ocr_line' id='line_1_26' title="bbox 179 1482 1119 1531; baseline -0.001 -12"><span class='ocrx_word' id='word_1_146' title='bbox 179 1482 412 1519; x_wconf 85' lang='lat' dir='ltr'>Caelestium</span> <span class='ocrx_word' id='word_1_147' title='bbox 442 1482 557 1519; x_wconf 82' lang='lat' dir='ltr'>aliter</span> <span class='ocrx_word' id='word_1_148' title='bbox 584 1482 728 1520; x_wconf 89' lang='lat' dir='ltr'>sentire</span> <span class='ocrx_word' id='word_1_149' title='bbox 759 1483 981 1531; x_wconf 85' lang='lat' dir='ltr'>probarent,</span> <span class='ocrx_word' id='word_1_150' title='bbox 1004 1493 1119 1530; x_wconf 88' lang='lat' dir='ltr'>quam</span> 
     </span>
     <span class='ocr_line' id='line_1_27' title="bbox 179 1535 1119 1585; baseline -0.001 -12"><span class='ocrx_word' id='word_1_151' title='bbox 179 1536 218 1573; x_wconf 90' lang='lat' dir='ltr'>hi</span> <span class='ocrx_word' id='word_1_152' title='bbox 236 1535 376 1573; x_wconf 88' lang='lat' dir='ltr'>litteris</span> <span class='ocrx_word' id='word_1_153' title='bbox 397 1538 436 1573; x_wconf 88' lang='lat' dir='ltr'>et</span> <span class='ocrx_word' id='word_1_154' title='bbox 455 1535 582 1573; x_wconf 91' lang='lat' dir='ltr'>verbis</span> <span class='ocrx_word' id='word_1_155' title='bbox 604 1535 762 1585; x_wconf 86' lang='lat' dir='ltr'>professi</span> <span class='ocrx_word' id='word_1_156' title='bbox 781 1538 907 1582; x_wconf 87' lang='lat' dir='ltr'>erant;</span> <span class='ocrx_word' id='word_1_157' title='bbox 932 1535 1027 1572; x_wconf 89' lang='lat' dir='ltr'>nihil</span> <span class='ocrx_word' id='word_1_158' title='bbox 1055 1538 1119 1572; x_wconf 84' lang='lat' dir='ltr'>ta-</span> 
     </span>
     <span class='ocr_line' id='line_1_28' title="bbox 178 1588 1119 1627; baseline -0.001 -1"><span class='ocrx_word' id='word_1_159' title='bbox 178 1601 267 1626; x_wconf 90' lang='lat' dir='ltr'>men</span> <span class='ocrx_word' id='word_1_160' title='bbox 282 1588 503 1626; x_wconf 86' lang='lat' dir='ltr'>immutavit</span> <span class='ocrx_word' id='word_1_161' title='bbox 518 1589 621 1626; x_wconf 91' lang='lat' dir='ltr'>eirca</span> <span class='ocrx_word' id='word_1_162' title='bbox 635 1589 819 1627; x_wconf 90' lang='lat' dir='ltr'>iudicium</span> <span class='ocrx_word' id='word_1_163' title='bbox 837 1592 875 1627; x_wconf 89' lang='lat' dir='ltr'>et</span> <span class='ocrx_word' id='word_1_164' title='bbox 889 1588 1119 1626; x_wconf 88' lang='lat' dir='ltr'>sententiam</span> 
     </span>
     <span class='ocr_line' id='line_1_29' title="bbox 179 1641 792 1688; baseline 0.002 -9"><span class='ocrx_word' id='word_1_165' title='bbox 179 1642 392 1680; x_wconf 87' lang='lat' dir='ltr'>Innocentii</span> <span class='ocrx_word' id='word_1_166' title='bbox 412 1643 440 1688; x_wconf 93' lang='grc' dir='ltr'>Ι,</span> <span class='ocrx_word' id='word_1_167' title='bbox 460 1643 667 1680; x_wconf 89' lang='lat' dir='ltr'>decessoris</span> <span class='ocrx_word' id='word_1_168' title='bbox 685 1643 747 1681; x_wconf 91' lang='lat' dir='ltr'>sui</span> <span class='ocrx_word' id='word_1_169' title='bbox 765 1641 792 1680; x_wconf 79' lang='lat'>².</span> 
     </span>
    </p>

    <p class='ocr_par' dir='ltr' id='par_1_4' title="bbox 180 1695 1127 2548">
     <span class='ocr_line' id='line_1_30' title="bbox 231 1695 1121 1746; baseline -0.002 -12"><span class='ocrx_word' id='word_1_170' title='bbox 231 1696 378 1734; x_wconf 90' lang='lat' dir='ltr'>Verum</span> <span class='ocrx_word' id='word_1_171' title='bbox 399 1696 672 1735; x_wconf 85' lang='lat' dir='ltr'>Africanorum</span> <span class='ocrx_word' id='word_1_172' title='bbox 701 1708 818 1746; x_wconf 87' lang='lat' dir='ltr'>opera</span> <span class='ocrx_word' id='word_1_173' title='bbox 846 1708 934 1734; x_wconf 86' lang='lat' dir='ltr'>mox</span> <span class='ocrx_word' id='word_1_174' title='bbox 965 1695 1121 1734; x_wconf 84' lang='lat' dir='ltr'>fraudes</span> 
     </span>
     <span class='ocr_line' id='line_1_31' title="bbox 180 1749 1123 1789; baseline 0.001 -3"><span class='ocrx_word' id='word_1_175' title='bbox 180 1749 354 1787; x_wconf 90' lang='lat' dir='ltr'>detectae</span> <span class='ocrx_word' id='word_1_176' title='bbox 371 1753 470 1789; x_wconf 92' lang='lat' dir='ltr'>sunt.</span> <span class='ocrx_word' id='word_1_177' title='bbox 485 1750 544 1787; x_wconf 90' lang='lat' dir='ltr'>Illi</span> <span class='ocrx_word' id='word_1_178' title='bbox 560 1750 661 1788; x_wconf 89' lang='lat' dir='ltr'>enim</span> <span class='ocrx_word' id='word_1_179' title='bbox 676 1753 810 1789; x_wconf 85' lang='lat' dir='ltr'>coacta</span> <span class='ocrx_word' id='word_1_180' title='bbox 826 1762 927 1788; x_wconf 89' lang='lat' dir='ltr'>anno</span> <span class='ocrx_word' id='word_1_181' title='bbox 944 1750 1020 1788; x_wconf 81' lang='grc'>418</span> <span class='ocrx_word' id='word_1_182' title='bbox 1035 1749 1123 1787; x_wconf 91' lang='lat' dir='ltr'>Car-</span> 
     </span>
     <span class='ocr_line' id='line_1_32' title="bbox 180 1803 1122 1854; baseline -0.001 -13"><span class='ocrx_word' id='word_1_183' title='bbox 180 1803 338 1852; x_wconf 85' lang='lat' dir='ltr'>thagine</span> <span class='ocrx_word' id='word_1_184' title='bbox 358 1804 517 1854; x_wconf 81' lang='lat' dir='ltr'>synodo,</span> <span class='ocrx_word' id='word_1_185' title='bbox 536 1803 688 1841; x_wconf 88' lang='lat' dir='ltr'>litteras</span> <span class='ocrx_word' id='word_1_186' title='bbox 709 1804 756 1841; x_wconf 93' lang='lat' dir='ltr'>ad</span> <span class='ocrx_word' id='word_1_187' title='bbox 777 1804 968 1842; x_wconf 91' lang='lat' dir='ltr'>Zosimum</span> <span class='ocrx_word' id='word_1_188' title='bbox 1003 1803 1122 1840; x_wconf 90' lang='lat' dir='ltr'>dede-</span> 
     </span>
     <span class='ocr_line' id='line_1_33' title="bbox 183 1856 1124 1905; baseline 0 -11"><span class='ocrx_word' id='word_1_189' title='bbox 183 1859 288 1901; x_wconf 86' lang='lat' dir='ltr'>runt,</span> <span class='ocrx_word' id='word_1_190' title='bbox 309 1858 445 1905; x_wconf 87' lang='lat' dir='ltr'>quibus</span> <span class='ocrx_word' id='word_1_191' title='bbox 466 1857 587 1895; x_wconf 89' lang='lat' dir='ltr'>totius</span> <span class='ocrx_word' id='word_1_192' title='bbox 608 1857 664 1895; x_wconf 86' lang='lat' dir='ltr'>rei</span> <span class='ocrx_word' id='word_1_193' title='bbox 684 1857 837 1904; x_wconf 88' lang='lat' dir='ltr'>seriem,</span> <span class='ocrx_word' id='word_1_194' title='bbox 861 1869 991 1895; x_wconf 90' lang='lat' dir='ltr'>omnes</span> <span class='ocrx_word' id='word_1_195' title='bbox 1013 1856 1124 1894; x_wconf 88' lang='lat' dir='ltr'>Pela-</span> 
     </span>
     <span class='ocr_line' id='line_1_34' title="bbox 185 1910 1121 1959; baseline 0 -12"><span class='ocrx_word' id='word_1_196' title='bbox 185 1910 237 1959; x_wconf 89' lang='lat' dir='ltr'>gii</span> <span class='ocrx_word' id='word_1_197' title='bbox 257 1912 296 1947; x_wconf 91' lang='lat' dir='ltr'>et</span> <span class='ocrx_word' id='word_1_198' title='bbox 315 1910 491 1948; x_wconf 88' lang='lat' dir='ltr'>Caelestii</span> <span class='ocrx_word' id='word_1_199' title='bbox 512 1910 683 1955; x_wconf 83' lang='lat' dir='ltr'>fraudes,</span> <span class='ocrx_word' id='word_1_200' title='bbox 713 1915 752 1949; x_wconf 90' lang='lat' dir='ltr'>et</span> <span class='ocrx_word' id='word_1_201' title='bbox 785 1913 926 1949; x_wconf 88' lang='lat' dir='ltr'>cuncta</span> <span class='ocrx_word' id='word_1_202' title='bbox 954 1922 1054 1959; x_wconf 89' lang='lat' dir='ltr'>quae</span> <span class='ocrx_word' id='word_1_203' title='bbox 1083 1910 1121 1947; x_wconf 92' lang='lat' dir='ltr'>in</span> 
     </span>
     <span class='ocr_line' id='line_1_35' title="bbox 186 1964 1121 2013; baseline 0 -12"><span class='ocrx_word' id='word_1_204' title='bbox 186 1975 318 2001; x_wconf 88' lang='lat' dir='ltr'>eorum</span> <span class='ocrx_word' id='word_1_205' title='bbox 335 1975 451 2001; x_wconf 86' lang='lat' dir='ltr'>causa</span> <span class='ocrx_word' id='word_1_206' title='bbox 467 1966 640 2013; x_wconf 84' lang='lat' dir='ltr'>egerant,</span> <span class='ocrx_word' id='word_1_207' title='bbox 658 1964 837 2003; x_wconf 89' lang='lat' dir='ltr'>Pontifici</span> <span class='ocrx_word' id='word_1_208' title='bbox 848 1965 1121 2013; x_wconf 83' lang='lat' dir='ltr'>exposuerunt.</span> 
     </span>
     <span class='ocr_line' id='line_1_36' title="bbox 187 2017 1125 2066; baseline 0 -12"><span class='ocrx_word' id='word_1_209' title='bbox 187 2017 371 2063; x_wconf 87' lang='lat' dir='ltr'>Zosimus,</span> <span class='ocrx_word' id='word_1_210' title='bbox 387 2017 658 2055; x_wconf 88' lang='lat' dir='ltr'>Africanorum</span> <span class='ocrx_word' id='word_1_211' title='bbox 679 2018 820 2056; x_wconf 88' lang='lat' dir='ltr'>litteris</span> <span class='ocrx_word' id='word_1_212' title='bbox 840 2018 1021 2066; x_wconf 88' lang='lat' dir='ltr'>acceptis,</span> <span class='ocrx_word' id='word_1_213' title='bbox 1038 2029 1125 2055; x_wconf 90' lang='lat' dir='ltr'>eon-</span> 
     </span>
     <span class='ocr_line' id='line_1_37' title="bbox 187 2070 1123 2120; baseline 0 -12"><span class='ocrx_word' id='word_1_214' title='bbox 187 2070 315 2108; x_wconf 88' lang='lat' dir='ltr'>festim</span> <span class='ocrx_word' id='word_1_215' title='bbox 336 2070 566 2108; x_wconf 90' lang='lat' dir='ltr'>Caelestium</span> <span class='ocrx_word' id='word_1_216' title='bbox 587 2072 633 2108; x_wconf 86' lang='lat' dir='ltr'>ad</span> <span class='ocrx_word' id='word_1_217' title='bbox 655 2072 864 2120; x_wconf 86' lang='lat' dir='ltr'>pleniorem</span> <span class='ocrx_word' id='word_1_218' title='bbox 882 2071 1123 2108; x_wconf 85' lang='lat' dir='ltr'>audientiam</span> 
     </span>
     <span class='ocr_line' id='line_1_38' title="bbox 187 2123 1122 2174; baseline 0.002 -14"><span class='ocrx_word' id='word_1_219' title='bbox 187 2123 355 2170; x_wconf 85' lang='lat' dir='ltr'>vocavit3</span> <span class='ocrx_word' id='word_1_220' title='bbox 375 2125 440 2162; x_wconf 86' lang='lat' dir='ltr'>sed</span> <span class='ocrx_word' id='word_1_221' title='bbox 456 2124 487 2161; x_wconf 92' lang='lat' dir='ltr'>is</span> <span class='ocrx_word' id='word_1_222' title='bbox 507 2124 583 2161; x_wconf 86' lang='lat' dir='ltr'>iam</span> <span class='ocrx_word' id='word_1_223' title='bbox 604 2125 728 2163; x_wconf 86' lang='lat' dir='ltr'>Roma</span> <span class='ocrx_word' id='word_1_224' title='bbox 748 2125 914 2174; x_wconf 89' lang='lat' dir='ltr'>fugerat.</span> <span class='ocrx_word' id='word_1_225' title='bbox 949 2125 1122 2174; x_wconf 86' lang='lat' dir='ltr'>Quapro-</span> 
     </span>
     <span class='ocr_line' id='line_1_39' title="bbox 188 2177 1124 2227; baseline 0.001 -13"><span class='ocrx_word' id='word_1_226' title='bbox 188 2180 274 2227; x_wconf 87' lang='lat' dir='ltr'>pter</span> <span class='ocrx_word' id='word_1_227' title='bbox 295 2177 476 2215; x_wconf 79' lang='lat' dir='ltr'>Pontifex</span> <span class='ocrx_word' id='word_1_228' title='bbox 497 2177 700 2226; x_wconf 86' lang='lat' dir='ltr'>Pelagium</span> <span class='ocrx_word' id='word_1_229' title='bbox 721 2182 759 2216; x_wconf 91' lang='lat' dir='ltr'>et</span> <span class='ocrx_word' id='word_1_230' title='bbox 779 2178 1025 2224; x_wconf 90' lang='lat' dir='ltr'>Caelestium,</span> <span class='ocrx_word' id='word_1_231' title='bbox 1041 2190 1124 2216; x_wconf 89' lang='lat' dir='ltr'>om-</span> 
     </span>
     <span class='ocr_line' id='line_1_40' title="bbox 185 2230 1123 2280; baseline 0 -12"><span class='ocrx_word' id='word_1_232' title='bbox 185 2242 350 2280; x_wconf 87' lang='lat' dir='ltr'>nemque</span> <span class='ocrx_word' id='word_1_233' title='bbox 371 2242 503 2268; x_wconf 91' lang='lat' dir='ltr'>eorum</span> <span class='ocrx_word' id='word_1_234' title='bbox 527 2230 754 2277; x_wconf 81' lang='lat' dir='ltr'>doctrinam,</span> <span class='ocrx_word' id='word_1_235' title='bbox 774 2232 812 2269; x_wconf 94' lang='lat' dir='ltr'>in</span> <span class='ocrx_word' id='word_1_236' title='bbox 833 2232 990 2280; x_wconf 78' lang='lat' dir='ltr'>synodis</span> <span class='ocrx_word' id='word_1_237' title='bbox 1012 2231 1123 2269; x_wconf 87' lang='lat' dir='ltr'>Afri-</span> 
     </span>
     <span class='ocr_line' id='line_1_41' title="bbox 187 2284 1124 2334; baseline 0.001 -13"><span class='ocrx_word' id='word_1_238' title='bbox 187 2285 294 2322; x_wconf 87' lang='lat' dir='ltr'>canis</span> <span class='ocrx_word' id='word_1_239' title='bbox 313 2286 353 2321; x_wconf 90' lang='lat' dir='ltr'>et</span> <span class='ocrx_word' id='word_1_240' title='bbox 371 2284 419 2321; x_wconf 88' lang='lat' dir='ltr'>ab</span> <span class='ocrx_word' id='word_1_241' title='bbox 440 2284 661 2321; x_wconf 85' lang='lat' dir='ltr'>Innocentio</span> <span class='ocrx_word' id='word_1_242' title='bbox 688 2285 703 2322; x_wconf 93' lang='lat' dir='ltr'>I</span> <span class='ocrx_word' id='word_1_243' title='bbox 725 2286 992 2334; x_wconf 88' lang='lat' dir='ltr'>proscriptam,</span> <span class='ocrx_word' id='word_1_244' title='bbox 1013 2285 1124 2323; x_wconf 85' lang='lat' dir='ltr'>dam-</span> 
     </span>
     <span class='ocr_line' id='line_1_42' title="bbox 189 2337 1125 2386; baseline 0.001 -11"><span class='ocrx_word' id='word_1_245' title='bbox 189 2338 310 2384; x_wconf 86' lang='lat' dir='ltr'>navit,</span> <span class='ocrx_word' id='word_1_246' title='bbox 330 2337 511 2386; x_wconf 85' lang='lat' dir='ltr'>deditque</span> <span class='ocrx_word' id='word_1_247' title='bbox 531 2349 576 2374; x_wconf 88' lang='lat' dir='ltr'>ea</span> <span class='ocrx_word' id='word_1_248' title='bbox 595 2338 641 2375; x_wconf 92' lang='lat' dir='ltr'>de</span> <span class='ocrx_word' id='word_1_249' title='bbox 664 2350 703 2375; x_wconf 89' lang='lat' dir='ltr'>re</span> <span class='ocrx_word' id='word_1_250' title='bbox 723 2339 769 2375; x_wconf 83' lang='lat' dir='ltr'>ad</span> <span class='ocrx_word' id='word_1_251' title='bbox 793 2339 992 2377; x_wconf 88' lang='lat' dir='ltr'>universos</span> <span class='ocrx_word' id='word_1_252' title='bbox 1021 2339 1125 2376; x_wconf 90' lang='lat' dir='ltr'>chri-</span> 
     </span>
     <span class='ocr_line' id='line_1_43' title="bbox 189 2390 1127 2441; baseline 0.002 -13"><span class='ocrx_word' id='word_1_253' title='bbox 189 2391 303 2429; x_wconf 88' lang='lat' dir='ltr'>stiani</span> <span class='ocrx_word' id='word_1_254' title='bbox 327 2391 428 2428; x_wconf 89' lang='lat' dir='ltr'>orbis</span> <span class='ocrx_word' id='word_1_255' title='bbox 448 2390 643 2439; x_wconf 87' lang='lat' dir='ltr'>episcopos</span> <span class='ocrx_word' id='word_1_256' title='bbox 663 2391 883 2440; x_wconf 86' lang='lat' dir='ltr'>epistolam,</span> <span class='ocrx_word' id='word_1_257' title='bbox 902 2403 1016 2441; x_wconf 88' lang='lat' dir='ltr'>quam</span> <span class='ocrx_word' id='word_1_258' title='bbox 1038 2391 1127 2430; x_wconf 87' lang='lat' dir='ltr'>Ma-</span> 
     </span>
     <span class='ocr_line' id='line_1_44' title="bbox 188 2444 1127 2486; baseline 0.004 -4"><span class='ocrx_word' id='word_1_259' title='bbox 188 2446 271 2483; x_wconf 85' lang='lat' dir='ltr'>rius</span> <span class='ocrx_word' id='word_1_260' title='bbox 299 2444 493 2482; x_wconf 83' lang='lat' dir='ltr'>Mercator</span> <span class='ocrx_word' id='word_1_261' title='bbox 533 2444 784 2483; x_wconf 67' lang='lat' dir='ltr'>Traccormm</span> <span class='ocrx_word' id='word_1_262' title='bbox 811 2459 878 2485; x_wconf 90' lang='lat' dir='ltr'>seu</span> <span class='ocrx_word' id='word_1_263' title='bbox 913 2449 1127 2486; x_wconf 76' lang='lat' dir='ltr'>Tractato-</span> 
     </span>
     <span class='ocr_line' id='line_1_45' title="bbox 190 2496 530 2548; baseline -0.003 -12"><span class='ocrx_word' id='word_1_264' title='bbox 190 2501 297 2536; x_wconf 78' lang='lat' dir='ltr'>riam</span> <span class='ocrx_word' id='word_1_265' title='bbox 317 2498 487 2548; x_wconf 86' lang='lat' dir='ltr'>appellat</span> <span class='ocrx_word' id='word_1_266' title='bbox 505 2496 530 2535; x_wconf 78' lang='lat'>³.</span> 
     </span>
    </p>

    <p class='ocr_par' dir='ltr' id='par_1_5' title="bbox 195 2551 1130 2658">
     <span class='ocr_line' id='line_1_46' title="bbox 244 2551 1130 2601; baseline 0.006 -13"><span class='ocrx_word' id='word_1_267' title='bbox 244 2551 470 2589; x_wconf 76' lang='lat' dir='ltr'>&#39;Praetoriae</span> <span class='ocrx_word' id='word_1_268' title='bbox 487 2551 626 2589; x_wconf 89' lang='lat' dir='ltr'>Zosimi</span> <span class='ocrx_word' id='word_1_269' title='bbox 648 2552 832 2601; x_wconf 87' lang='lat' dir='ltr'>epistolae</span> <span class='ocrx_word' id='word_1_270' title='bbox 853 2554 898 2591; x_wconf 89' lang='lat' dir='ltr'>de</span> <span class='ocrx_word' id='word_1_271' title='bbox 929 2556 1130 2593; x_wconf 88' lang='lat' dir='ltr'>haereseos</span> 
     </span>
     <span class='ocr_line' id='line_1_47' title="bbox 195 2605 1129 2658; baseline 0.004 -16"><span class='ocrx_word' id='word_1_272' title='bbox 195 2605 433 2654; x_wconf 87' lang='lat' dir='ltr'>Pelagianae</span> <span class='ocrx_word' id='word_1_273' title='bbox 449 2605 694 2643; x_wconf 85' lang='lat' dir='ltr'>damnatione</span> <span class='ocrx_word' id='word_1_274' title='bbox 715 2618 847 2645; x_wconf 86' lang='lat' dir='ltr'>ornnes</span> <span class='ocrx_word' id='word_1_275' title='bbox 875 2609 1014 2656; x_wconf 90' lang='lat' dir='ltr'>ubique</span> <span class='ocrx_word' id='word_1_276' title='bbox 1045 2609 1129 2658; x_wconf 92' lang='lat' dir='ltr'>epi-</span> 
     </span>
    </p>
   </div>
   <div class='ocr_carea' id='block_1_3' title="bbox 195 2710 1158 3167">
    <p class='ocr_par' dir='ltr' id='par_1_6' title="bbox 195 2710 1121 2791">
     <span class='ocr_line' id='line_1_48' title="bbox 236 2710 1121 2750; baseline 0.006 -10"><span class='ocrx_word' id='word_1_277' title='bbox 236 2710 289 2740; x_wconf 73' lang='lat'>18.</span> <span class='ocrx_word' id='word_1_278' title='bbox 316 2712 472 2749; x_wconf 72' lang='lat' dir='ltr'>Angusiin.</span> <span class='ocrx_word' id='word_1_279' title='bbox 505 2711 658 2742; x_wconf 78' lang='lat' dir='ltr'>Sermon.</span> <span class='ocrx_word' id='word_1_280' title='bbox 685 2711 719 2750; x_wconf 72' lang='lat'>⁶2;</span> <span class='ocrx_word' id='word_1_281' title='bbox 748 2712 861 2750; x_wconf 77' lang='lat' dir='ltr'>Mansi,</span> <span class='ocrx_word' id='word_1_282' title='bbox 893 2712 1014 2746; x_wconf 78' lang='lat' dir='ltr'>Concil.</span> <span class='ocrx_word' id='word_1_283' title='bbox 1039 2717 1056 2744; x_wconf 84' lang='lat' dir='ltr'>t.</span> <span class='ocrx_word' id='word_1_284' title='bbox 1081 2714 1121 2745; x_wconf 85' lang='lat'>111</span> 
     </span>
     <span class='ocr_line' id='line_1_49' title="bbox 195 2751 600 2791; baseline 0.005 -10"><span class='ocrx_word' id='word_1_285' title='bbox 195 2759 223 2791; x_wconf 85' lang='lat' dir='ltr'>p.</span> <span class='ocrx_word' id='word_1_286' title='bbox 246 2751 600 2791; x_wconf 62' lang='lat' dir='ltr'>1071,‹›ii.1v,p.1031.</span> 
     </span>
    </p>

    <p class='ocr_par' dir='ltr' id='par_1_7' title="bbox 195 2792 1134 2918">
     <span class='ocr_line' id='line_1_50' title="bbox 237 2792 1133 2837; baseline 0.008 -16"><span class='ocrx_word' id='word_1_287' title='bbox 237 2792 251 2811; x_wconf 78' lang='lat'>&#39;2</span> <span class='ocrx_word' id='word_1_288' title='bbox 264 2794 290 2822; x_wconf 76' lang='lat' dir='ltr'>S.</span> <span class='ocrx_word' id='word_1_289' title='bbox 305 2794 452 2830; x_wconf 65' lang='lat' dir='ltr'>Augustin</span> <span class='ocrx_word' id='word_1_290' title='bbox 468 2794 987 2835; x_wconf 70' lang='lat' dir='ltr'>‚1..11depeccac.oriqin,eiLib</span> <span class='ocrx_word' id='word_1_291' title='bbox 1007 2798 1133 2837; x_wconf 67' lang='lat' dir='ltr'>(leora-</span> 
     </span>
     <span class='ocr_line' id='line_1_51' title="bbox 198 2831 1134 2878; baseline 0.007 -15"><span class='ocrx_word' id='word_1_292' title='bbox 198 2833 267 2870; x_wconf 72' lang='lat' dir='ltr'>tia,</span> <span class='ocrx_word' id='word_1_293' title='bbox 296 2835 367 2864; x_wconf 73' lang='lat' dir='ltr'>Mar.</span> <span class='ocrx_word' id='word_1_294' title='bbox 392 2836 512 2866; x_wconf 65' lang='grc' dir='ltr'>Μαι-ατη.</span> <span class='ocrx_word' id='word_1_295' title='bbox 539 2836 866 2875; x_wconf 75' lang='lat' dir='ltr'>Commonitorium,</span> <span class='ocrx_word' id='word_1_296' title='bbox 889 2847 915 2869; x_wconf 85' lang='lat' dir='ltr'>c.</span> <span class='ocrx_word' id='word_1_297' title='bbox 940 2838 972 2876; x_wconf 79' lang='lat'>1;</span> <span class='ocrx_word' id='word_1_298' title='bbox 998 2831 1134 2878; x_wconf 68' lang='lat' dir='ltr'>(zar&#39;nier,</span> 
     </span>
     <span class='ocr_line' id='line_1_52' title="bbox 195 2874 829 2918; baseline 0.008 -15"><span class='ocrx_word' id='word_1_299' title='bbox 195 2874 285 2904; x_wconf 60' lang='lat' dir='ltr'>Dis-s.</span> <span class='ocrx_word' id='word_1_300' title='bbox 305 2875 329 2905; x_wconf 91' lang='lat' dir='ltr'>ll</span> <span class='ocrx_word' id='word_1_301' title='bbox 349 2876 388 2905; x_wconf 70' lang='lat' dir='ltr'>(le</span> <span class='ocrx_word' id='word_1_302' title='bbox 402 2877 520 2916; x_wconf 61' lang='lat' dir='ltr'>synod.</span> <span class='ocrx_word' id='word_1_303' title='bbox 540 2877 577 2906; x_wconf 76' lang='lat' dir='ltr'>in</span> <span class='ocrx_word' id='word_1_304' title='bbox 595 2888 702 2908; x_wconf 70' lang='lat' dir='ltr'>causa</span> <span class='ocrx_word' id='word_1_305' title='bbox 722 2878 829 2918; x_wconf 68' lang='lat' dir='ltr'>l&#39;elay.</span> 
     </span>
    </p>

    <p class='ocr_par' dir='ltr' id='par_1_8' title="bbox 195 2916 1158 3167">
     <span class='ocr_line' id='line_1_53' title="bbox 236 2916 1136 2958; baseline 0.01 -15"><span class='ocrx_word' id='word_1_306' title='bbox 236 2916 247 2935; x_wconf 73' lang='lat'>³⁵</span> <span class='ocrx_word' id='word_1_307' title='bbox 265 2917 290 2944; x_wconf 75' lang='lat' dir='ltr'>S.</span> <span class='ocrx_word' id='word_1_308' title='bbox 311 2918 483 2953; x_wconf 48' lang='grc' dir='ltr'>ΑιιμημιίηἼ</span> <span class='ocrx_word' id='word_1_309' title='bbox 508 2920 535 2948; x_wconf 75' lang='grc' dir='ltr'>Ι..</span> <span class='ocrx_word' id='word_1_310' title='bbox 553 2919 578 2949; x_wconf 89' lang='lat'>11</span> <span class='ocrx_word' id='word_1_311' title='bbox 598 2920 643 2949; x_wconf 76' lang='lat' dir='ltr'>acl</span> <span class='ocrx_word' id='word_1_312' title='bbox 663 2920 794 2958; x_wconf 65' lang='lat' dir='ltr'>lionif;</span> <span class='ocrx_word' id='word_1_313' title='bbox 813 2922 885 2951; x_wconf 71' lang='lat' dir='ltr'>Mar.</span> <span class='ocrx_word' id='word_1_314' title='bbox 902 2922 1021 2951; x_wconf 64' lang='lat' dir='ltr'>Mvrcat.</span> <span class='ocrx_word' id='word_1_315' title='bbox 1044 2920 1136 2953; x_wconf 81' lang='lat' dir='ltr'>Com-</span> 
     </span>
     <span class='ocr_line' id='line_1_54' title="bbox 195 2954 1158 2999; baseline 0.008 -15"><span class='ocrx_word' id='word_1_316' title='bbox 195 2956 452 2994; x_wconf 55' lang='lat' dir='ltr'>monit—Qunm</span> <span class='ocrx_word' id='word_1_317' title='bbox 468 2960 543 2988; x_wconf 66' lang='lat' dir='ltr'>malo,</span> <span class='ocrx_word' id='word_1_318' title='bbox 555 2961 583 2993; x_wconf 77' lang='lat' dir='ltr'>ii,</span> <span class='ocrx_word' id='word_1_319' title='bbox 601 2960 650 2999; x_wconf 79' lang='lat' dir='ltr'>qui</span> <span class='ocrx_word' id='word_1_320' title='bbox 669 2962 892 2997; x_wconf 66' lang='lat' dir='ltr'>l‘..l’0nlili‹:0m,</span> <span class='ocrx_word' id='word_1_321' title='bbox 908 2963 976 2992; x_wconf 77' lang='lat' dir='ltr'>dnm</span> <span class='ocrx_word' id='word_1_322' title='bbox 990 2972 1024 2993; x_wconf 70' lang='lat' dir='ltr'>rx</span> <span class='ocrx_word' id='word_1_323' title='bbox 1040 2965 1137 2993; x_wconf 73' lang='lat' dir='ltr'>‹tallw-</span> <span class='ocrx_word' id='word_1_324' title='bbox 1156 2954 1158 2969; x_wconf 61' lang='grc'>’</span> 
     </span>
     <span class='ocr_line' id='line_1_55' title="bbox 196 2998 1158 3042; baseline 0.007 -16"><span class='ocrx_word' id='word_1_325' title='bbox 196 2998 250 3028; x_wconf 69' lang='lat' dir='ltr'>‹lra</span> <span class='ocrx_word' id='word_1_326' title='bbox 268 2998 304 3027; x_wconf 73' lang='lat' dir='ltr'>cle</span> <span class='ocrx_word' id='word_1_327' title='bbox 321 2999 411 3028; x_wconf 64' lang='lat' dir='ltr'>rebus</span> <span class='ocrx_word' id='word_1_328' title='bbox 431 3001 498 3029; x_wconf 76' lang='lat' dir='ltr'>lidci</span> <span class='ocrx_word' id='word_1_329' title='bbox 517 3005 564 3029; x_wconf 74' lang='lat' dir='ltr'>:inl</span> <span class='ocrx_word' id='word_1_330' title='bbox 580 3011 694 3031; x_wconf 79' lang='lat' dir='ltr'>morum</span> <span class='ocrx_word' id='word_1_331' title='bbox 711 3003 851 3042; x_wconf 75' lang='lat' dir='ltr'>loquitur,</span> <span class='ocrx_word' id='word_1_332' title='bbox 867 3004 1054 3034; x_wconf 68' lang='lat' dir='ltr'>infallibilem</span> <span class='ocrx_word' id='word_1_333' title='bbox 1069 3015 1136 3033; x_wconf 72' lang='lat' dir='ltr'>csse</span> <span class='ocrx_word' id='word_1_334' title='bbox 1157 3006 1158 3013; x_wconf 64' lang='lat'>¹</span> 
     </span>
     <span class='ocr_line' id='line_1_56' title="bbox 197 3039 1136 3082; baseline 0.007 -14"><span class='ocrx_word' id='word_1_335' title='bbox 197 3039 367 3077; x_wconf 64' lang='lat' dir='ltr'>nvgnbnni,</span> <span class='ocrx_word' id='word_1_336' title='bbox 393 3042 420 3070; x_wconf 90' lang='lat' dir='ltr'>in</span> <span class='ocrx_word' id='word_1_337' title='bbox 445 3043 610 3071; x_wconf 73' lang='lat' dir='ltr'>s‹·ni··nii:··=</span> <span class='ocrx_word' id='word_1_338' title='bbox 635 3053 708 3072; x_wconf 71' lang='lat' dir='ltr'>sune</span> <span class='ocrx_word' id='word_1_339' title='bbox 726 3050 936 3082; x_wconf 69' lang='lat' dir='ltr'>:wgunwulum</span> <span class='ocrx_word' id='word_1_340' title='bbox 957 3046 1136 3075; x_wconf 64' lang='lat' dir='ltr'>:alvei-:iudo</span> 
     </span>
     <span class='ocr_line' id='line_1_57' title="bbox 200 3081 1137 3123; baseline 0.01 -15"><span class='ocrx_word' id='word_1_341' title='bbox 200 3081 238 3109; x_wconf 76' lang='lat' dir='ltr'>sm</span> <span class='ocrx_word' id='word_1_342' title='bbox 251 3085 310 3110; x_wconf 79' lang='lat' dir='ltr'>ium</span> <span class='ocrx_word' id='word_1_343' title='bbox 328 3082 435 3111; x_wconf 55' lang='lat' dir='ltr'>Zosimi</span> <span class='ocrx_word' id='word_1_344' title='bbox 455 3084 480 3111; x_wconf 87' lang='lat' dir='ltr'>in</span> <span class='ocrx_word' id='word_1_345' title='bbox 499 3093 591 3113; x_wconf 66' lang='lat' dir='ltr'>rausa</span> <span class='ocrx_word' id='word_1_346' title='bbox 610 3085 722 3122; x_wconf 53' lang='lat' dir='ltr'>Pelagii</span> <span class='ocrx_word' id='word_1_347' title='bbox 741 3091 768 3115; x_wconf 67' lang='lat' dir='ltr'>cl</span> <span class='ocrx_word' id='word_1_348' title='bbox 787 3087 935 3123; x_wconf 61' lang='lat' dir='ltr'>(ltu-leslii,</span> <span class='ocrx_word' id='word_1_349' title='bbox 953 3097 967 3117; x_wconf 87' lang='lat' dir='ltr'>e</span> <span class='ocrx_word' id='word_1_350' title='bbox 986 3087 1050 3117; x_wconf 66' lang='lat' dir='ltr'>solu</span> <span class='ocrx_word' id='word_1_351' title='bbox 1070 3087 1137 3117; x_wconf 69' lang='lat' dir='ltr'>facti</span> 
     </span>
     <span class='ocr_line' id='line_1_58' title="bbox 200 3122 1137 3167; baseline 0.007 -16"><span class='ocrx_word' id='word_1_352' title='bbox 200 3122 346 3151; x_wconf 68' lang='lat' dir='ltr'>rvlzilionoe</span> <span class='ocrx_word' id='word_1_353' title='bbox 371 3127 461 3161; x_wconf 69' lang='lat' dir='ltr'>pali-l.</span> <span class='ocrx_word' id='word_1_354' title='bbox 486 3125 522 3153; x_wconf 63' lang='lat'>(21⁴</span> <span class='ocrx_word' id='word_1_355' title='bbox 542 3125 627 3154; x_wconf 55' lang='lat' dir='ltr'>nard,</span> <span class='ocrx_word' id='word_1_356' title='bbox 653 3127 735 3163; x_wconf 65' lang='lat' dir='ltr'>Ursi,</span> <span class='ocrx_word' id='word_1_357' title='bbox 763 3127 808 3156; x_wconf 74' lang='lat' dir='ltr'>De</span> <span class='ocrx_word' id='word_1_358' title='bbox 826 3127 1082 3167; x_wconf 70' lang='lat' dir='ltr'>irreformabili</span> <span class='ocrx_word' id='word_1_359' title='bbox 1100 3129 1137 3159; x_wconf 70' lang='grc' dir='ltr'>[ί.</span> 
     </span>
    </p>
   </div>
   <div class='ocr_carea' id='block_1_4' title="bbox 1126 2738 1134 2754">
    <p class='ocr_par' dir='ltr' id='par_1_9' title="bbox 1126 2738 1134 2754">
     <span class='ocr_line' id='line_1_59' title="bbox 1126 2738 1134 2754; baseline 0 0"><span class='ocrx_word' id='word_1_360' title='bbox 1126 2738 1134 2754; x_wconf 77' lang='lat'>²</span> 
     </span>
    </p>
   </div>
   <div class='ocr_carea' id='block_1_5' title="bbox 1144 2219 1164 3235">
    <p class='ocr_par' dir='ltr' id='par_1_10' title="bbox 1144 2219 1164 3235">
     <span class='ocr_line' id='line_1_60' title="bbox 1144 2219 1164 3235; baseline 0 0"><span class='ocrx_word' id='word_1_361' title='bbox 1144 2219 1164 3235; x_wconf 95' lang='lat' dir='ltr'> </span> 
     </span>
    </p>
   </div>
   <div class='ocr_carea' id='block_1_6' title="bbox 200 3161 1141 3233">
    <p class='ocr_par' dir='ltr' id='par_1_11' title="bbox 200 3161 1141 3233">
     <span class='ocr_line' id='line_1_61' title="bbox 200 3161 1141 3233; baseline 0.01 -41"><span class='ocrx_word' id='word_1_362' title='bbox 200 3161 232 3192; x_wconf 80' lang='lat'>1¹.</span> <span class='ocrx_word' id='word_1_363' title='bbox 251 3162 524 3233; x_wconf 27' lang='lat' dir='ltr'>{aadcfinicvdix</span> <span class='ocrx_word' id='word_1_364' title='bbox 545 3165 628 3205; x_wconf 79' lang='lat' dir='ltr'>fidci</span> <span class='ocrx_word' id='word_1_365' title='bbox 649 3170 896 3200; x_wconf 64' lang='lat' dir='ltr'>controversiis</span> <span class='ocrx_word' id='word_1_366' title='bbox 913 3170 1054 3206; x_wconf 77' lang='lat' dir='ltr'>iudicio,</span> <span class='ocrx_word' id='word_1_367' title='bbox 1068 3174 1086 3201; x_wconf 84' lang='lat' dir='ltr'>t.</span> <span class='ocrx_word' id='word_1_368' title='bbox 1104 3170 1141 3207; x_wconf 91' lang='lat'>11,</span> 
     </span>
    </p>
   </div>
   <div class='ocr_carea' id='block_1_7' title="bbox 655 135 1621 172">
    <p class='ocr_par' dir='ltr' id='par_1_12' title="bbox 655 135 1621 172">
     <span class='ocr_line' id='line_1_62' title="bbox 655 135 1621 172; baseline -0.004 -1"><span class='ocrx_word' id='word_1_369' title='bbox 655 142 811 172; x_wconf 72' lang='lat' dir='ltr'>EPOCHA</span> <span class='ocrx_word' id='word_1_370' title='bbox 838 139 894 167; x_wconf 85' lang='lat'>111.</span> <span class='ocrx_word' id='word_1_371' title='bbox 924 139 949 165; x_wconf 79' lang='lat' dir='ltr'>A</span> <span class='ocrx_word' id='word_1_372' title='bbox 978 135 1258 166; x_wconf 83' lang='lat' dir='ltr'>CONVERSIONE</span> <span class='ocrx_word' id='word_1_373' title='bbox 1287 137 1549 166; x_wconf 81' lang='lat' dir='ltr'>CONSTANTINI</span> <span class='ocrx_word' id='word_1_374' title='bbox 1576 140 1621 167; x_wconf 87' lang='lat' dir='ltr'>M.</span> 
     </span>
    </p>
   </div>
   <div class='ocr_carea' id='block_1_8' title="bbox 1153 202 2130 2323">
    <p class='ocr_par' dir='ltr' id='par_1_13' title="bbox 1153 202 2130 517">
     <span class='ocr_line' id='line_1_63' title="bbox 1154 202 2096 253; baseline 0.002 -13"><span class='ocrx_word' id='word_1_375' title='bbox 1154 203 1260 252; x_wconf 91' lang='lat' dir='ltr'>scopi</span> <span class='ocrx_word' id='word_1_376' title='bbox 1280 202 1603 251; x_wconf 86' lang='lat' dir='ltr'>subscripserunt,</span> <span class='ocrx_word' id='word_1_377' title='bbox 1620 203 1793 252; x_wconf 86' lang='lat' dir='ltr'>exeeptis</span> <span class='ocrx_word' id='word_1_378' title='bbox 1812 204 1872 250; x_wconf 90' lang='lat'>18,</span> <span class='ocrx_word' id='word_1_379' title='bbox 1883 203 1986 242; x_wconf 84' lang='lat' dir='ltr'>inter</span> <span class='ocrx_word' id='word_1_380' title='bbox 2002 214 2096 253; x_wconf 88' lang='lat' dir='ltr'>quos</span> 
     </span>
     <span class='ocr_line' id='line_1_64' title="bbox 1155 255 2097 305; baseline 0.003 -13"><span class='ocrx_word' id='word_1_381' title='bbox 1155 257 1384 305; x_wconf 89' lang='lat' dir='ltr'>praecipuus</span> <span class='ocrx_word' id='word_1_382' title='bbox 1405 255 1480 293; x_wconf 90' lang='lat' dir='ltr'>fuit</span> <span class='ocrx_word' id='word_1_383' title='bbox 1500 256 1672 294; x_wconf 87' lang='lat' dir='ltr'>Iulianus</span> <span class='ocrx_word' id='word_1_384' title='bbox 1701 257 1936 295; x_wconf 88' lang='lat' dir='ltr'>Eclanensis.</span> <span class='ocrx_word' id='word_1_385' title='bbox 1968 257 2019 295; x_wconf 90' lang='lat' dir='ltr'>Hi</span> <span class='ocrx_word' id='word_1_386' title='bbox 2047 258 2097 295; x_wconf 85' lang='lat' dir='ltr'>ad</span> 
     </span>
     <span class='ocr_line' id='line_1_65' title="bbox 1154 308 2098 359; baseline 0.002 -13"><span class='ocrx_word' id='word_1_387' title='bbox 1154 309 1317 358; x_wconf 86' lang='lat' dir='ltr'>plenarii</span> <span class='ocrx_word' id='word_1_388' title='bbox 1330 308 1480 347; x_wconf 86' lang='lat' dir='ltr'>concilii</span> <span class='ocrx_word' id='word_1_389' title='bbox 1493 309 1733 347; x_wconf 85' lang='lat' dir='ltr'>audientiam</span> <span class='ocrx_word' id='word_1_390' title='bbox 1745 310 1998 358; x_wconf 87' lang='lat' dir='ltr'>pertinaciter</span> <span class='ocrx_word' id='word_1_391' title='bbox 2015 322 2098 359; x_wconf 89' lang='lat' dir='ltr'>pro-</span> 
     </span>
     <span class='ocr_line' id='line_1_66' title="bbox 1155 362 2130 411; baseline 0.003 -13"><span class='ocrx_word' id='word_1_392' title='bbox 1155 366 1339 400; x_wconf 89' lang='lat' dir='ltr'>vocantes</span> <span class='ocrx_word' id='word_1_393' title='bbox 1355 392 1364 409; x_wconf 91' lang='lat'>,</span> <span class='ocrx_word' id='word_1_394' title='bbox 1386 374 1460 400; x_wconf 91' lang='lat' dir='ltr'>non</span> <span class='ocrx_word' id='word_1_395' title='bbox 1480 364 1633 399; x_wconf 91' lang='lat' dir='ltr'>tantum</span> <span class='ocrx_word' id='word_1_396' title='bbox 1667 362 1925 401; x_wconf 87' lang='lat' dir='ltr'>ecclesiastico</span> <span class='ocrx_word' id='word_1_397' title='bbox 1953 363 2097 401; x_wconf 90' lang='lat' dir='ltr'>iudicio</span> <span class='ocrx_word' id='word_1_398' title='bbox 2125 406 2130 411; x_wconf 32' lang='lat'>⁸</span> 
     </span>
     <span class='ocr_line' id='line_1_67' title="bbox 1153 415 2097 464; baseline 0.003 -12"><span class='ocrx_word' id='word_1_399' title='bbox 1153 415 1345 463; x_wconf 86' lang='lat' dir='ltr'>damnati,</span> <span class='ocrx_word' id='word_1_400' title='bbox 1365 417 1430 454; x_wconf 89' lang='lat' dir='ltr'>sed</span> <span class='ocrx_word' id='word_1_401' title='bbox 1451 416 1498 453; x_wconf 88' lang='lat' dir='ltr'>ab</span> <span class='ocrx_word' id='word_1_402' title='bbox 1518 415 1813 464; x_wconf 89' lang='lat' dir='ltr'>imperatoribus</span> <span class='ocrx_word' id='word_1_403' title='bbox 1843 417 1949 454; x_wconf 85' lang='lat' dir='ltr'>exilii</span> <span class='ocrx_word' id='word_1_404' title='bbox 1978 416 2097 455; x_wconf 90' lang='lat' dir='ltr'>etiam</span> 
     </span>
     <span class='ocr_line' id='line_1_68' title="bbox 1155 469 1600 517; baseline -0.002 -11"><span class='ocrx_word' id='word_1_405' title='bbox 1155 480 1279 517; x_wconf 89' lang='lat' dir='ltr'>poena</span> <span class='ocrx_word' id='word_1_406' title='bbox 1301 469 1478 506; x_wconf 89' lang='lat' dir='ltr'>mulctati</span> <span class='ocrx_word' id='word_1_407' title='bbox 1500 470 1600 506; x_wconf 89' lang='lat' dir='ltr'>sunt.</span> 
     </span>
    </p>

    <p class='ocr_par' dir='ltr' id='par_1_14' title="bbox 1154 521 2109 1745">
     <span class='ocr_line' id='line_1_69' title="bbox 1209 521 2098 570; baseline 0.001 -10"><span class='ocrx_word' id='word_1_408' title='bbox 1209 524 1282 560; x_wconf 89' lang='lat' dir='ltr'>An.</span> <span class='ocrx_word' id='word_1_409' title='bbox 1304 523 1382 560; x_wconf 77' lang='grc'>424</span> <span class='ocrx_word' id='word_1_410' title='bbox 1402 522 1616 560; x_wconf 85' lang='lat' dir='ltr'>Caelestius</span> <span class='ocrx_word' id='word_1_411' title='bbox 1636 521 1779 558; x_wconf 88' lang='lat' dir='ltr'>iterum</span> <span class='ocrx_word' id='word_1_412' title='bbox 1795 522 1960 560; x_wconf 87' lang='lat' dir='ltr'>Romam</span> <span class='ocrx_word' id='word_1_413' title='bbox 1976 522 2098 570; x_wconf 85' lang='lat' dir='ltr'>venit,</span> 
     </span>
     <span class='ocr_line' id='line_1_70' title="bbox 1156 575 2098 624; baseline 0.001 -12"><span class='ocrx_word' id='word_1_414' title='bbox 1156 577 1226 613; x_wconf 89' lang='lat' dir='ltr'>eta</span> <span class='ocrx_word' id='word_1_415' title='bbox 1235 575 1452 614; x_wconf 89' lang='lat' dir='ltr'>Caelestino</span> <span class='ocrx_word' id='word_1_416' title='bbox 1463 578 1555 612; x_wconf 92' lang='lat' dir='ltr'>tunc</span> <span class='ocrx_word' id='word_1_417' title='bbox 1565 575 1749 624; x_wconf 88' lang='lat' dir='ltr'>temporis</span> <span class='ocrx_word' id='word_1_418' title='bbox 1760 575 1946 613; x_wconf 88' lang='lat' dir='ltr'>Pontifice</span> <span class='ocrx_word' id='word_1_419' title='bbox 1957 588 2098 615; x_wconf 85' lang='lat' dir='ltr'>novam</span> 
     </span>
     <span class='ocr_line' id='line_1_71' title="bbox 1156 628 2098 678; baseline 0.003 -13"><span class='ocrx_word' id='word_1_420' title='bbox 1156 640 1296 667; x_wconf 86' lang='lat' dir='ltr'>causae</span> <span class='ocrx_word' id='word_1_421' title='bbox 1316 641 1409 667; x_wconf 90' lang='lat' dir='ltr'>suae</span> <span class='ocrx_word' id='word_1_422' title='bbox 1423 659 1431 675; x_wconf 91' lang='lat'>,</span> <span class='ocrx_word' id='word_1_423' title='bbox 1451 629 1561 678; x_wconf 88' lang='lat' dir='ltr'>quasi</span> <span class='ocrx_word' id='word_1_424' title='bbox 1583 628 1749 665; x_wconf 91' lang='lat' dir='ltr'>nondum</span> <span class='ocrx_word' id='word_1_425' title='bbox 1770 628 1903 665; x_wconf 89' lang='lat' dir='ltr'>finitae</span> <span class='ocrx_word' id='word_1_426' title='bbox 1916 658 1925 674; x_wconf 95' lang='lat'>,</span> <span class='ocrx_word' id='word_1_427' title='bbox 1945 629 2098 668; x_wconf 86' lang='lat' dir='ltr'>discus-</span> 
     </span>
     <span class='ocr_line' id='line_1_72' title="bbox 1155 681 2101 731; baseline 0.001 -12"><span class='ocrx_word' id='word_1_428' title='bbox 1155 682 1300 720; x_wconf 90' lang='lat' dir='ltr'>sionem</span> <span class='ocrx_word' id='word_1_429' title='bbox 1322 683 1443 731; x_wconf 91' lang='lat' dir='ltr'>petiit.</span> <span class='ocrx_word' id='word_1_430' title='bbox 1466 683 1518 719; x_wconf 81' lang='lat' dir='ltr'>At</span> <span class='ocrx_word' id='word_1_431' title='bbox 1537 681 1711 731; x_wconf 83' lang='lat' dir='ltr'>pontifex</span> <span class='ocrx_word' id='word_1_432' title='bbox 1723 681 1905 718; x_wconf 90' lang='lat' dir='ltr'>—sciens</span> <span class='ocrx_word' id='word_1_433' title='bbox 1923 683 2101 720; x_wconf 90' lang='lat' dir='ltr'>condem·</span> 
     </span>
     <span class='ocr_line' id='line_1_73' title="bbox 1155 735 2099 785; baseline 0 -12"><span class='ocrx_word' id='word_1_434' title='bbox 1155 736 1255 773; x_wconf 86' lang='lat' dir='ltr'>natis</span> <span class='ocrx_word' id='word_1_435' title='bbox 1277 748 1350 773; x_wconf 93' lang='lat' dir='ltr'>non</span> <span class='ocrx_word' id='word_1_436' title='bbox 1371 747 1536 773; x_wconf 84' lang='lat' dir='ltr'>examen</span> <span class='ocrx_word' id='word_1_437' title='bbox 1557 735 1710 780; x_wconf 91' lang='lat' dir='ltr'>iudicii,</span> <span class='ocrx_word' id='word_1_438' title='bbox 1731 735 1797 772; x_wconf 89' lang='lat' dir='ltr'>sed</span> <span class='ocrx_word' id='word_1_439' title='bbox 1817 735 1942 772; x_wconf 89' lang='lat' dir='ltr'>solum</span> <span class='ocrx_word' id='word_1_440' title='bbox 1962 735 2099 785; x_wconf 91' lang='lat' dir='ltr'>poeni-</span> 
     </span>
     <span class='ocr_line' id='line_1_74' title="bbox 1154 789 2100 838; baseline -0.002 -11"><span class='ocrx_word' id='word_1_441' title='bbox 1154 789 1300 827; x_wconf 89' lang='lat' dir='ltr'>tentiae</span> <span class='ocrx_word' id='word_1_442' title='bbox 1320 789 1532 826; x_wconf 88' lang='lat' dir='ltr'>remedium</span> <span class='ocrx_word' id='word_1_443' title='bbox 1554 800 1635 826; x_wconf 88' lang='lat' dir='ltr'>esse</span> <span class='ocrx_word' id='word_1_444' title='bbox 1656 789 1999 838; x_wconf 84' lang='lat' dir='ltr'>praestandum—,</span> <span class='ocrx_word' id='word_1_445' title='bbox 2015 800 2100 826; x_wconf 91' lang='lat' dir='ltr'>con-</span> 
     </span>
     <span class='ocr_line' id='line_1_75' title="bbox 1156 841 2102 880; baseline 0 -1"><span class='ocrx_word' id='word_1_446' title='bbox 1156 844 1347 880; x_wconf 91' lang='lat' dir='ltr'>tumacem</span> <span class='ocrx_word' id='word_1_447' title='bbox 1379 844 1605 880; x_wconf 79' lang='lat' dir='ltr'>novatorem</span> <span class='ocrx_word' id='word_1_448' title='bbox 1635 841 1755 879; x_wconf 88' lang='lat' dir='ltr'>totius</span> <span class='ocrx_word' id='word_1_449' title='bbox 1788 841 1926 879; x_wconf 87' lang='lat' dir='ltr'>Italiae</span> <span class='ocrx_word' id='word_1_450' title='bbox 1961 842 2102 879; x_wconf 87' lang='lat' dir='ltr'>finibus</span> 
     </span>
     <span class='ocr_line' id='line_1_76' title="bbox 1156 895 2103 945; baseline -0.001 -12"><span class='ocrx_word' id='word_1_451' title='bbox 1156 896 1295 945; x_wconf 86' lang='lat' dir='ltr'>expelli</span> <span class='ocrx_word' id='word_1_452' title='bbox 1319 895 1484 933; x_wconf 89' lang='lat' dir='ltr'>curavit.</span> <span class='ocrx_word' id='word_1_453' title='bbox 1506 895 1616 932; x_wconf 86' lang='lat' dir='ltr'>Tunc</span> <span class='ocrx_word' id='word_1_454' title='bbox 1633 895 1664 932; x_wconf 89' lang='lat' dir='ltr'>is</span> <span class='ocrx_word' id='word_1_455' title='bbox 1683 907 1760 932; x_wconf 91' lang='lat' dir='ltr'>una</span> <span class='ocrx_word' id='word_1_456' title='bbox 1780 906 1868 932; x_wconf 89' lang='lat' dir='ltr'>cum</span> <span class='ocrx_word' id='word_1_457' title='bbox 1887 895 2037 933; x_wconf 86' lang='lat' dir='ltr'>Iuliano</span> <span class='ocrx_word' id='word_1_458' title='bbox 2056 895 2103 932; x_wconf 87' lang='lat' dir='ltr'>E-</span> 
     </span>
     <span class='ocr_line' id='line_1_77' title="bbox 1156 947 2102 997; baseline 0.001 -12"><span class='ocrx_word' id='word_1_459' title='bbox 1156 948 1326 987; x_wconf 87' lang='lat' dir='ltr'>clanensi</span> <span class='ocrx_word' id='word_1_460' title='bbox 1364 948 1528 997; x_wconf 83' lang='lat' dir='ltr'>aliisque</span> <span class='ocrx_word' id='word_1_461' title='bbox 1559 948 1708 996; x_wconf 87' lang='lat' dir='ltr'>Pelagii</span> <span class='ocrx_word' id='word_1_462' title='bbox 1737 948 1892 985; x_wconf 88' lang='lat' dir='ltr'>asseclis</span> <span class='ocrx_word' id='word_1_463' title='bbox 1929 947 2102 997; x_wconf 87' lang='lat' dir='ltr'>confugit</span> 
     </span>
     <span class='ocr_line' id='line_1_78' title="bbox 1156 1001 2101 1051; baseline -0.002 -11"><span class='ocrx_word' id='word_1_464' title='bbox 1156 1002 1535 1050; x_wconf 87' lang='lat' dir='ltr'>Constantinopolim.</span> <span class='ocrx_word' id='word_1_465' title='bbox 1557 1002 1632 1039; x_wconf 88' lang='lat' dir='ltr'>Eos</span> <span class='ocrx_word' id='word_1_466' title='bbox 1653 1001 1806 1050; x_wconf 89' lang='lat' dir='ltr'>quidem</span> <span class='ocrx_word' id='word_1_467' title='bbox 1835 1001 1988 1051; x_wconf 87' lang='lat' dir='ltr'>excepit</span> <span class='ocrx_word' id='word_1_468' title='bbox 2015 1001 2101 1039; x_wconf 91' lang='lat' dir='ltr'>Ne-</span> 
     </span>
     <span class='ocr_line' id='line_1_79' title="bbox 1156 1054 2103 1104; baseline -0.003 -10"><span class='ocrx_word' id='word_1_469' title='bbox 1156 1056 1296 1095; x_wconf 88' lang='lat' dir='ltr'>storius</span> <span class='ocrx_word' id='word_1_470' title='bbox 1311 1055 1542 1104; x_wconf 86' lang='lat' dir='ltr'>patriarcba;</span> <span class='ocrx_word' id='word_1_471' title='bbox 1558 1055 1623 1092; x_wconf 89' lang='lat' dir='ltr'>sed</span> <span class='ocrx_word' id='word_1_472' title='bbox 1641 1055 1877 1092; x_wconf 89' lang='lat' dir='ltr'>Theodosius</span> <span class='ocrx_word' id='word_1_473' title='bbox 1891 1054 2103 1104; x_wconf 86' lang='lat' dir='ltr'>imperator</span> 
     </span>
     <span class='ocr_line' id='line_1_80' title="bbox 1158 1108 2101 1158; baseline -0.001 -11"><span class='ocrx_word' id='word_1_474' title='bbox 1158 1110 1206 1156; x_wconf 88' lang='lat' dir='ltr'>II,</span> <span class='ocrx_word' id='word_1_475' title='bbox 1227 1110 1365 1158; x_wconf 87' lang='lat' dir='ltr'>agente</span> <span class='ocrx_word' id='word_1_476' title='bbox 1386 1108 1511 1146; x_wconf 88' lang='lat' dir='ltr'>Mario</span> <span class='ocrx_word' id='word_1_477' title='bbox 1533 1108 1764 1154; x_wconf 84' lang='lat' dir='ltr'>Mercatore,</span> <span class='ocrx_word' id='word_1_478' title='bbox 1785 1108 1938 1146; x_wconf 88' lang='lat' dir='ltr'>eosdem</span> <span class='ocrx_word' id='word_1_479' title='bbox 1959 1109 2008 1146; x_wconf 87' lang='lat' dir='ltr'>ad</span> <span class='ocrx_word' id='word_1_480' title='bbox 2028 1109 2101 1146; x_wconf 89' lang='lat' dir='ltr'>de-</span> 
     </span>
     <span class='ocr_line' id='line_1_81' title="bbox 1159 1161 2104 1210; baseline -0.001 -10"><span class='ocrx_word' id='word_1_481' title='bbox 1159 1163 1362 1201; x_wconf 84' lang='lat' dir='ltr'>serendam</span> <span class='ocrx_word' id='word_1_482' title='bbox 1379 1163 1511 1199; x_wconf 88' lang='lat' dir='ltr'>urbem</span> <span class='ocrx_word' id='word_1_483' title='bbox 1524 1161 1717 1210; x_wconf 88' lang='lat' dir='ltr'>compulit.</span> <span class='ocrx_word' id='word_1_484' title='bbox 1728 1162 1771 1199; x_wconf 91' lang='lat' dir='ltr'>In</span> <span class='ocrx_word' id='word_1_485' title='bbox 1783 1161 1987 1199; x_wconf 89' lang='lat' dir='ltr'>Britannia</span> <span class='ocrx_word' id='word_1_486' title='bbox 1995 1161 2104 1199; x_wconf 87' lang='lat' dir='ltr'>Pela·</span> 
     </span>
     <span class='ocr_line' id='line_1_82' title="bbox 1158 1214 2104 1266; baseline -0.003 -12"><span class='ocrx_word' id='word_1_487' title='bbox 1158 1217 1314 1266; x_wconf 88' lang='lat' dir='ltr'>gianam</span> <span class='ocrx_word' id='word_1_488' title='bbox 1330 1215 1519 1252; x_wconf 89' lang='lat' dir='ltr'>haeresim</span> <span class='ocrx_word' id='word_1_489' title='bbox 1536 1214 1804 1252; x_wconf 85' lang='lat' dir='ltr'>disseminavit</span> <span class='ocrx_word' id='word_1_490' title='bbox 1818 1215 1975 1264; x_wconf 88' lang='lat' dir='ltr'>quidam</span> <span class='ocrx_word' id='word_1_491' title='bbox 1994 1214 2104 1263; x_wconf 89' lang='lat' dir='ltr'>Agri-</span> 
     </span>
     <span class='ocr_line' id='line_1_83' title="bbox 1161 1268 2105 1318; baseline -0.002 -11"><span class='ocrx_word' id='word_1_492' title='bbox 1161 1270 1244 1307; x_wconf 90' lang='lat' dir='ltr'>cola</span> <span class='ocrx_word' id='word_1_493' title='bbox 1260 1282 1269 1315; x_wconf 83' lang='lat'>;</span> <span class='ocrx_word' id='word_1_494' title='bbox 1288 1271 1329 1306; x_wconf 89' lang='lat' dir='ltr'>at</span> <span class='ocrx_word' id='word_1_495' title='bbox 1348 1268 1456 1306; x_wconf 88' lang='lat' dir='ltr'>brevi</span> <span class='ocrx_word' id='word_1_496' title='bbox 1479 1270 1562 1316; x_wconf 85' lang='lat' dir='ltr'>post</span> <span class='ocrx_word' id='word_1_497' title='bbox 1581 1268 1725 1305; x_wconf 89' lang='lat' dir='ltr'>ibidem</span> <span class='ocrx_word' id='word_1_498' title='bbox 1746 1279 1883 1306; x_wconf 87' lang='lat' dir='ltr'>eversa</span> <span class='ocrx_word' id='word_1_499' title='bbox 1906 1272 1964 1307; x_wconf 84' lang='lat' dir='ltr'>est</span> <span class='ocrx_word' id='word_1_500' title='bbox 1987 1279 2105 1318; x_wconf 88' lang='lat' dir='ltr'>opera</span> 
     </span>
     <span class='ocr_line' id='line_1_84' title="bbox 1160 1321 2106 1370; baseline -0.003 -9"><span class='ocrx_word' id='word_1_501' title='bbox 1160 1335 1188 1362; x_wconf 93' lang='lat' dir='ltr'>s.</span> <span class='ocrx_word' id='word_1_502' title='bbox 1210 1322 1406 1366; x_wconf 84' lang='lat' dir='ltr'>Germani,</span> <span class='ocrx_word' id='word_1_503' title='bbox 1427 1321 1594 1370; x_wconf 87' lang='lat' dir='ltr'>episcopi</span> <span class='ocrx_word' id='word_1_504' title='bbox 1613 1321 1950 1369; x_wconf 87' lang='lat' dir='ltr'>Antisiodorensis,</span> <span class='ocrx_word' id='word_1_505' title='bbox 1967 1323 2015 1360; x_wconf 90' lang='lat' dir='ltr'>ab</span> <span class='ocrx_word' id='word_1_506' title='bbox 2032 1321 2106 1370; x_wconf 89' lang='lat' dir='ltr'>epi-</span> 
     </span>
     <span class='ocr_line' id='line_1_85' title="bbox 1162 1375 2105 1425; baseline -0.003 -11"><span class='ocrx_word' id='word_1_507' title='bbox 1162 1376 1285 1425; x_wconf 86' lang='lat' dir='ltr'>scopis</span> <span class='ocrx_word' id='word_1_508' title='bbox 1305 1375 1468 1421; x_wconf 85' lang='lat' dir='ltr'>Galliae,</span> <span class='ocrx_word' id='word_1_509' title='bbox 1490 1376 1725 1424; x_wconf 74' lang='lat' dir='ltr'>approbante</span> <span class='ocrx_word' id='word_1_510' title='bbox 1746 1375 1961 1414; x_wconf 86' lang='lat' dir='ltr'>Caelestino</span> <span class='ocrx_word' id='word_1_511' title='bbox 1977 1376 2047 1424; x_wconf 90' lang='lat' dir='ltr'>Pp.</span> <span class='ocrx_word' id='word_1_512' title='bbox 2066 1375 2105 1412; x_wconf 91' lang='lat' dir='ltr'>et</span> 
     </span>
     <span class='ocr_line' id='line_1_86' title="bbox 1162 1428 2105 1479; baseline -0.002 -12"><span class='ocrx_word' id='word_1_513' title='bbox 1162 1429 1445 1479; x_wconf 85' lang='lat' dir='ltr'>postulantibus</span> <span class='ocrx_word' id='word_1_514' title='bbox 1465 1428 1673 1466; x_wconf 83' lang='lat' dir='ltr'>Catholicis</span> <span class='ocrx_word' id='word_1_515' title='bbox 1694 1429 1932 1475; x_wconf 87' lang='lat' dir='ltr'>Britanniae,</span> <span class='ocrx_word' id='word_1_516' title='bbox 1946 1429 1986 1466; x_wconf 91' lang='lat' dir='ltr'>in</span> <span class='ocrx_word' id='word_1_517' title='bbox 2005 1429 2105 1466; x_wconf 89' lang='lat' dir='ltr'>hanc</span> 
     </span>
     <span class='ocr_line' id='line_1_87' title="bbox 1162 1481 2108 1531; baseline -0.002 -11"><span class='ocrx_word' id='word_1_518' title='bbox 1162 1483 1328 1521; x_wconf 90' lang='lat' dir='ltr'>insulam</span> <span class='ocrx_word' id='word_1_519' title='bbox 1346 1482 1474 1531; x_wconf 89' lang='lat' dir='ltr'>legati.</span> <span class='ocrx_word' id='word_1_520' title='bbox 1493 1482 1559 1519; x_wconf 89' lang='lat' dir='ltr'>Sic</span> <span class='ocrx_word' id='word_1_521' title='bbox 1575 1481 1649 1520; x_wconf 86' lang='lat' dir='ltr'>ista</span> <span class='ocrx_word' id='word_1_522' title='bbox 1665 1483 1849 1530; x_wconf 85' lang='lat' dir='ltr'>haeresis,</span> <span class='ocrx_word' id='word_1_523' title='bbox 1866 1495 1889 1520; x_wconf 92' lang='lat' dir='ltr'>a</span> <span class='ocrx_word' id='word_1_524' title='bbox 1903 1483 1990 1520; x_wconf 81' lang='lat' dir='ltr'>RR.</span> <span class='ocrx_word' id='word_1_525' title='bbox 2008 1482 2108 1519; x_wconf 90' lang='lat' dir='ltr'>Pon·</span> 
     </span>
     <span class='ocr_line' id='line_1_88' title="bbox 1162 1535 2106 1585; baseline -0.002 -11"><span class='ocrx_word' id='word_1_526' title='bbox 1162 1536 1331 1575; x_wconf 85' lang='lat' dir='ltr'>tificibus</span> <span class='ocrx_word' id='word_1_527' title='bbox 1351 1535 1583 1585; x_wconf 84' lang='lat' dir='ltr'>synodisque</span> <span class='ocrx_word' id='word_1_528' title='bbox 1609 1536 1805 1581; x_wconf 86' lang='lat' dir='ltr'>damnata,</span> <span class='ocrx_word' id='word_1_529' title='bbox 1821 1548 1844 1573; x_wconf 86' lang='lat' dir='ltr'>a</span> <span class='ocrx_word' id='word_1_530' title='bbox 1860 1536 1956 1574; x_wconf 84' lang='lat' dir='ltr'>viris</span> <span class='ocrx_word' id='word_1_531' title='bbox 1972 1535 2106 1581; x_wconf 88' lang='lat' dir='ltr'>doctis,</span> 
     </span>
     <span class='ocr_line' id='line_1_89' title="bbox 1164 1588 2107 1637; baseline -0.003 -9"><span class='ocrx_word' id='word_1_532' title='bbox 1164 1602 1192 1628; x_wconf 89' lang='lat' dir='ltr'>s.</span> <span class='ocrx_word' id='word_1_533' title='bbox 1216 1589 1454 1637; x_wconf 80' lang='lat' dir='ltr'>Hieronymo</span> <span class='ocrx_word' id='word_1_534' title='bbox 1473 1618 1482 1635; x_wconf 97' lang='lat'>,</span> <span class='ocrx_word' id='word_1_535' title='bbox 1512 1588 1645 1626; x_wconf 86' lang='lat' dir='ltr'>Oresio</span> <span class='ocrx_word' id='word_1_536' title='bbox 1664 1619 1674 1635; x_wconf 89' lang='lat'>,</span> <span class='ocrx_word' id='word_1_537' title='bbox 1704 1589 1826 1627; x_wconf 88' lang='lat' dir='ltr'>Mario</span> <span class='ocrx_word' id='word_1_538' title='bbox 1859 1589 2081 1627; x_wconf 86' lang='lat' dir='ltr'>Mercatore</span> <span class='ocrx_word' id='word_1_539' title='bbox 2097 1617 2107 1633; x_wconf 92' lang='lat'>,</span> 
     </span>
     <span class='ocr_line' id='line_1_90' title="bbox 1165 1640 2109 1692; baseline -0.002 -12"><span class='ocrx_word' id='word_1_540' title='bbox 1165 1642 1369 1692; x_wconf 86' lang='lat' dir='ltr'>praecipue</span> <span class='ocrx_word' id='word_1_541' title='bbox 1391 1654 1413 1679; x_wconf 88' lang='lat' dir='ltr'>a</span> <span class='ocrx_word' id='word_1_542' title='bbox 1432 1653 1461 1679; x_wconf 88' lang='lat' dir='ltr'>s.</span> <span class='ocrx_word' id='word_1_543' title='bbox 1484 1642 1703 1691; x_wconf 88' lang='lat' dir='ltr'>Augustino</span> <span class='ocrx_word' id='word_1_544' title='bbox 1724 1642 1937 1689; x_wconf 88' lang='lat' dir='ltr'>confutata,</span> <span class='ocrx_word' id='word_1_545' title='bbox 1960 1654 1982 1679; x_wconf 88' lang='lat' dir='ltr'>a</span> <span class='ocrx_word' id='word_1_546' title='bbox 2002 1640 2109 1679; x_wconf 91' lang='lat' dir='ltr'>civili</span> 
     </span>
     <span class='ocr_line' id='line_1_91' title="bbox 1164 1692 2106 1745; baseline -0.002 -11"><span class='ocrx_word' id='word_1_547' title='bbox 1164 1696 1280 1734; x_wconf 86' lang='lat' dir='ltr'>etiam</span> <span class='ocrx_word' id='word_1_548' title='bbox 1296 1697 1485 1745; x_wconf 88' lang='lat' dir='ltr'>potestate</span> <span class='ocrx_word' id='word_1_549' title='bbox 1502 1696 1895 1745; x_wconf 83' lang='lat' dir='ltr'>proscripta,tandem</span> <span class='ocrx_word' id='word_1_550' title='bbox 1910 1692 2106 1733; x_wconf 87' lang='lat' dir='ltr'>concidit¹.</span> 
     </span>
    </p>

    <p class='ocr_par' dir='ltr' id='par_1_15' title="bbox 1165 1749 2112 2323">
     <span class='ocr_line' id='line_1_92' title="bbox 1217 1749 2110 1798; baseline -0.002 -11"><span class='ocrx_word' id='word_1_551' title='bbox 1217 1750 1279 1787; x_wconf 86' lang='grc'>74.</span> <span class='ocrx_word' id='word_1_552' title='bbox 1318 1749 1505 1786; x_wconf 79' lang='lat' dir='ltr'>Zosimus</span> <span class='ocrx_word' id='word_1_553' title='bbox 1535 1754 1574 1787; x_wconf 79' lang='lat' dir='ltr'>et</span> <span class='ocrx_word' id='word_1_554' title='bbox 1605 1749 1853 1798; x_wconf 79' lang='lat' dir='ltr'>Bom‘facz‘us</span> <span class='ocrx_word' id='word_1_555' title='bbox 1886 1749 2110 1798; x_wconf 77' lang='lat' dir='ltr'>Pontifices</span> 
     </span>
     <span class='ocr_line' id='line_1_93' title="bbox 1166 1801 2109 1853; baseline -0.002 -12"><span class='ocrx_word' id='word_1_556' title='bbox 1166 1802 1250 1853; x_wconf 79' lang='lat' dir='ltr'>(an.</span> <span class='ocrx_word' id='word_1_557' title='bbox 1284 1802 1478 1852; x_wconf 81' lang='grc'><strong>417-423)</strong></span> <span class='ocrx_word' id='word_1_558' title='bbox 1495 1802 1721 1839; x_wconf 86' lang='lat' dir='ltr'>—Interim</span> <span class='ocrx_word' id='word_1_559' title='bbox 1749 1814 1778 1841; x_wconf 87' lang='lat' dir='ltr'>s.</span> <span class='ocrx_word' id='word_1_560' title='bbox 1803 1801 2050 1840; x_wconf 76' lang='lat' dir='ltr'>Innocentius</span> <span class='ocrx_word' id='word_1_561' title='bbox 2079 1801 2109 1848; x_wconf 94' lang='lat' dir='ltr'>I,</span> 
     </span>
     <span class='ocr_line' id='line_1_94' title="bbox 1166 1854 2110 1905; baseline -0.002 -11"><span class='ocrx_word' id='word_1_562' title='bbox 1166 1856 1274 1894; x_wconf 89' lang='lat' dir='ltr'>annis</span> <span class='ocrx_word' id='word_1_563' title='bbox 1298 1856 1345 1894; x_wconf 84' lang='lat'>15</span> <span class='ocrx_word' id='word_1_564' title='bbox 1367 1858 1406 1893; x_wconf 90' lang='lat' dir='ltr'>et</span> <span class='ocrx_word' id='word_1_565' title='bbox 1426 1855 1620 1893; x_wconf 90' lang='lat' dir='ltr'>mensibus</span> <span class='ocrx_word' id='word_1_566' title='bbox 1640 1856 1666 1892; x_wconf 79' lang='lat'><strong>2</strong></span> <span class='ocrx_word' id='word_1_567' title='bbox 1698 1868 1849 1893; x_wconf 89' lang='lat' dir='ltr'>summo</span> <span class='ocrx_word' id='word_1_568' title='bbox 1882 1854 2110 1905; x_wconf 86' lang='lat' dir='ltr'>pontificatu</span> 
     </span>
     <span class='ocr_line' id='line_1_95' title="bbox 1166 1909 2111 1958; baseline -0.002 -11"><span class='ocrx_word' id='word_1_569' title='bbox 1166 1910 1343 1956; x_wconf 87' lang='lat' dir='ltr'>functus,</span> <span class='ocrx_word' id='word_1_570' title='bbox 1373 1921 1435 1947; x_wconf 86' lang='lat' dir='ltr'>an.</span> <span class='ocrx_word' id='word_1_571' title='bbox 1457 1909 1534 1946; x_wconf 83' lang='grc'>417</span> <span class='ocrx_word' id='word_1_572' title='bbox 1554 1909 1705 1947; x_wconf 89' lang='lat' dir='ltr'>obierat</span> <span class='ocrx_word' id='word_1_573' title='bbox 1724 1909 1750 1947; x_wconf 73' lang='lat'>2.</span> <span class='ocrx_word' id='word_1_574' title='bbox 1781 1910 1882 1948; x_wconf 85' lang='lat' dir='ltr'>Eum</span> <span class='ocrx_word' id='word_1_575' title='bbox 1901 1911 2111 1958; x_wconf 83' lang='lat' dir='ltr'>exceperat</span> 
     </span>
     <span class='ocr_line' id='line_1_96' title="bbox 1166 1961 2112 2012; baseline -0.002 -11"><span class='ocrx_word' id='word_1_576' title='bbox 1166 1976 1195 2002; x_wconf 91' lang='lat' dir='ltr'>s.</span> <span class='ocrx_word' id='word_1_577' title='bbox 1207 1963 1393 2009; x_wconf 89' lang='lat' dir='ltr'>Zosimus,</span> <span class='ocrx_word' id='word_1_578' title='bbox 1405 1963 1589 2009; x_wconf 83' lang='lat' dir='ltr'>Graecus,</span> <span class='ocrx_word' id='word_1_579' title='bbox 1602 1962 1710 2001; x_wconf 89' lang='lat' dir='ltr'>cuius</span> <span class='ocrx_word' id='word_1_580' title='bbox 1726 1966 1836 2012; x_wconf 86' lang='lat' dir='ltr'>gesta</span> <span class='ocrx_word' id='word_1_581' title='bbox 1850 1963 1889 2000; x_wconf 92' lang='lat' dir='ltr'>in</span> <span class='ocrx_word' id='word_1_582' title='bbox 1905 1973 2024 2000; x_wconf 85' lang='lat' dir='ltr'>causa</span> <span class='ocrx_word' id='word_1_583' title='bbox 2035 1961 2112 1999; x_wconf 88' lang='lat' dir='ltr'>Pe-</span> 
     </span>
     <span class='ocr_line' id='line_1_97' title="bbox 1167 2015 2108 2066; baseline -0.002 -12"><span class='ocrx_word' id='word_1_584' title='bbox 1167 2017 1412 2066; x_wconf 85' lang='lat' dir='ltr'>lagianorum</span> <span class='ocrx_word' id='word_1_585' title='bbox 1434 2016 1611 2054; x_wconf 84' lang='lat' dir='ltr'>vidimus.</span> <span class='ocrx_word' id='word_1_586' title='bbox 1637 2016 1746 2057; x_wconf 87' lang='lat' dir='ltr'>Quae</span> <span class='ocrx_word' id='word_1_587' title='bbox 1766 2018 1895 2054; x_wconf 86' lang='lat' dir='ltr'>autem</span> <span class='ocrx_word' id='word_1_588' title='bbox 1915 2015 2040 2065; x_wconf 86' lang='lat' dir='ltr'>egerit</span> <span class='ocrx_word' id='word_1_589' title='bbox 2068 2015 2108 2052; x_wconf 94' lang='lat' dir='ltr'>in</span> 
     </span>
     <span class='ocr_line' id='line_1_98' title="bbox 1169 2068 2110 2119; baseline -0.002 -11"><span class='ocrx_word' id='word_1_590' title='bbox 1169 2082 1288 2108; x_wconf 90' lang='lat' dir='ltr'>causa</span> <span class='ocrx_word' id='word_1_591' title='bbox 1307 2070 1453 2119; x_wconf 84' lang='lat' dir='ltr'>Apiarii</span> <span class='ocrx_word' id='word_1_592' title='bbox 1475 2070 1521 2107; x_wconf 88' lang='lat' dir='ltr'>de</span> <span class='ocrx_word' id='word_1_593' title='bbox 1540 2069 1878 2119; x_wconf 86' lang='lat' dir='ltr'>appellationibus,</span> <span class='ocrx_word' id='word_1_594' title='bbox 1893 2069 1997 2107; x_wconf 88' lang='lat' dir='ltr'>infra</span> <span class='ocrx_word' id='word_1_595' title='bbox 2012 2068 2110 2106; x_wconf 89' lang='lat' dir='ltr'>dice-</span> 
     </span>
     <span class='ocr_line' id='line_1_99' title="bbox 1167 2121 2112 2172; baseline -0.002 -10"><span class='ocrx_word' id='word_1_596' title='bbox 1167 2136 1266 2162; x_wconf 89' lang='lat' dir='ltr'>mus.</span> <span class='ocrx_word' id='word_1_597' title='bbox 1288 2124 1362 2161; x_wconf 89' lang='lat' dir='ltr'>An.</span> <span class='ocrx_word' id='word_1_598' title='bbox 1383 2123 1460 2160; x_wconf 81' lang='lat'>418</span> <span class='ocrx_word' id='word_1_599' title='bbox 1480 2123 1563 2160; x_wconf 88' lang='lat' dir='ltr'>vita</span> <span class='ocrx_word' id='word_1_600' title='bbox 1579 2123 1748 2161; x_wconf 79' lang='lat' dir='ltr'>excessit</span> <span class='ocrx_word' id='word_1_601' title='bbox 1763 2121 1788 2161; x_wconf 85' lang='lat'>³.</span> <span class='ocrx_word' id='word_1_602' title='bbox 1807 2124 1861 2161; x_wconf 91' lang='lat' dir='ltr'>De</span> <span class='ocrx_word' id='word_1_603' title='bbox 1876 2123 1958 2172; x_wconf 90' lang='lat' dir='ltr'>ipso</span> <span class='ocrx_word' id='word_1_604' title='bbox 1975 2124 2112 2160; x_wconf 84' lang='lat' dir='ltr'>narrat</span> 
     </span>
     <span class='ocr_line' id='line_1_100' title="bbox 1167 2176 2110 2226; baseline -0.002 -11"><span class='ocrx_word' id='word_1_605' title='bbox 1167 2177 1286 2215; x_wconf 78' lang='lat' dir='ltr'>Liber</span> <span class='ocrx_word' id='word_1_606' title='bbox 1306 2177 1564 2226; x_wconf 75' lang='lat' dir='ltr'>Pontz&#39;ficalz&#39;s</span> <span class='ocrx_word' id='word_1_607' title='bbox 1593 2178 1695 2226; x_wconf 89' lang='lat' dir='ltr'>quod</span> <span class='ocrx_word' id='word_1_608' title='bbox 1724 2176 1919 2215; x_wconf 87' lang='lat' dir='ltr'>Paroeciis</span> <span class='ocrx_word' id='word_1_609' title='bbox 1948 2187 2110 2214; x_wconf 91' lang='lat' dir='ltr'>conces—</span> 
     </span>
     <span class='ocr_line' id='line_1_101' title="bbox 1165 2229 2107 2269; baseline -0.001 -1"><span class='ocrx_word' id='word_1_610' title='bbox 1165 2231 1214 2269; x_wconf 88' lang='lat' dir='ltr'>sit</span> <span class='ocrx_word' id='word_1_611' title='bbox 1242 2231 1438 2268; x_wconf 88' lang='lat' dir='ltr'>licentiam</span> <span class='ocrx_word' id='word_1_612' title='bbox 1466 2230 1718 2268; x_wconf 87' lang='lat' dir='ltr'>benedicendi</span> <span class='ocrx_word' id='word_1_613' title='bbox 1747 2242 1902 2268; x_wconf 91' lang='lat' dir='ltr'>cereum</span> <span class='ocrx_word' id='word_1_614' title='bbox 1931 2229 2107 2268; x_wconf 82' lang='lat' dir='ltr'>Pascha-</span> 
     </span>
     <span class='ocr_line' id='line_1_102' title="bbox 1166 2283 1286 2323; baseline 0.008 -1"><span class='ocrx_word' id='word_1_615' title='bbox 1166 2285 1243 2322; x_wconf 89' lang='lat' dir='ltr'>lem</span> <span class='ocrx_word' id='word_1_616' title='bbox 1260 2283 1286 2323; x_wconf 74' lang='lat'>⁴.</span> 
     </span>
    </p>
   </div>
   <div class='ocr_carea' id='block_1_9' title="bbox 1174 2425 2119 3255">
    <p class='ocr_par' dir='ltr' id='par_1_16' title="bbox 1211 2425 1977 2466">
     <span class='ocr_line' id='line_1_103' title="bbox 1211 2425 1977 2466; baseline 0 -8"><span class='ocrx_word' id='word_1_617' title='bbox 1211 2425 1221 2447; x_wconf 90' lang='lat'>¹</span> <span class='ocrx_word' id='word_1_618' title='bbox 1239 2427 1313 2458; x_wconf 80' lang='lat' dir='ltr'>Mar.</span> <span class='ocrx_word' id='word_1_619' title='bbox 1329 2428 1462 2463; x_wconf 68' lang='lat' dir='ltr'>Mer-cat,</span> <span class='ocrx_word' id='word_1_620' title='bbox 1481 2425 1568 2457; x_wconf 81' lang='lat' dir='ltr'>eard.</span> <span class='ocrx_word' id='word_1_621' title='bbox 1585 2425 1685 2465; x_wconf 77' lang='lat' dir='ltr'>Noris,</span> <span class='ocrx_word' id='word_1_622' title='bbox 1701 2426 1838 2466; x_wconf 82' lang='lat' dir='ltr'>Garnier,</span> <span class='ocrx_word' id='word_1_623' title='bbox 1854 2425 1912 2458; x_wconf 87' lang='lat' dir='ltr'>loc.</span> <span class='ocrx_word' id='word_1_624' title='bbox 1930 2426 1977 2459; x_wconf 84' lang='lat' dir='ltr'>cit.</span> 
     </span>
    </p>

    <p class='ocr_par' dir='ltr' id='par_1_17' title="bbox 1211 2467 1679 2507">
     <span class='ocr_line' id='line_1_104' title="bbox 1211 2467 1679 2507; baseline 0 -8"><span class='ocrx_word' id='word_1_625' title='bbox 1211 2467 1226 2489; x_wconf 66' lang='lat'><strong>2</strong></span> <span class='ocrx_word' id='word_1_626' title='bbox 1242 2471 1325 2500; x_wconf 77' lang='lat' dir='ltr'>Acta</span> <span class='ocrx_word' id='word_1_627' title='bbox 1342 2467 1395 2500; x_wconf 81' lang='lat' dir='ltr'>SS.</span> <span class='ocrx_word' id='word_1_628' title='bbox 1412 2472 1431 2499; x_wconf 84' lang='lat' dir='ltr'>t.</span> <span class='ocrx_word' id='word_1_629' title='bbox 1449 2469 1483 2499; x_wconf 86' lang='lat' dir='ltr'>Vl</span> <span class='ocrx_word' id='word_1_630' title='bbox 1499 2468 1548 2498; x_wconf 86' lang='lat' dir='ltr'>iul.</span> <span class='ocrx_word' id='word_1_631' title='bbox 1566 2478 1594 2507; x_wconf 85' lang='lat' dir='ltr'>p.</span> <span class='ocrx_word' id='word_1_632' title='bbox 1611 2467 1679 2500; x_wconf 66' lang='lat'>518.</span> 
     </span>
    </p>

    <p class='ocr_par' dir='ltr' id='par_1_18' title="bbox 1212 2509 1706 2549">
     <span class='ocr_line' id='line_1_105' title="bbox 1212 2509 1706 2549; baseline 0 -8"><span class='ocrx_word' id='word_1_633' title='bbox 1212 2510 1226 2532; x_wconf 75' lang='grc'><strong>3</strong></span> <span class='ocrx_word' id='word_1_634' title='bbox 1243 2512 1352 2541; x_wconf 70' lang='lat' dir='ltr'>Bar-on.</span> <span class='ocrx_word' id='word_1_635' title='bbox 1369 2514 1398 2541; x_wconf 84' lang='lat' dir='ltr'>et</span> <span class='ocrx_word' id='word_1_636' title='bbox 1415 2510 1499 2549; x_wconf 77' lang='lat' dir='ltr'>Pagi,</span> <span class='ocrx_word' id='word_1_637' title='bbox 1516 2509 1554 2540; x_wconf 83' lang='lat' dir='ltr'>ad</span> <span class='ocrx_word' id='word_1_638' title='bbox 1572 2519 1619 2541; x_wconf 80' lang='lat' dir='ltr'>an.</span> <span class='ocrx_word' id='word_1_639' title='bbox 1637 2509 1706 2541; x_wconf 67' lang='lat'>418.</span> 
     </span>
    </p>

    <p class='ocr_par' dir='ltr' id='par_1_19' title="bbox 1174 2551 2119 3255">
     <span class='ocr_line' id='line_1_106' title="bbox 1212 2551 2115 2594; baseline 0.002 -12"><span class='ocrx_word' id='word_1_640' title='bbox 1212 2552 1225 2574; x_wconf 76' lang='lat'>4</span> <span class='ocrx_word' id='word_1_641' title='bbox 1243 2553 1324 2583; x_wconf 87' lang='lat' dir='ltr'>Bene</span> <span class='ocrx_word' id='word_1_642' title='bbox 1341 2551 1554 2582; x_wconf 76' lang='lat' dir='ltr'>animadvertit</span> <span class='ocrx_word' id='word_1_643' title='bbox 1570 2552 1720 2582; x_wconf 76' lang='lat' dir='ltr'>Raronius</span> <span class='ocrx_word' id='word_1_644' title='bbox 1737 2551 1775 2582; x_wconf 79' lang='lat' dir='ltr'>ad</span> <span class='ocrx_word' id='word_1_645' title='bbox 1793 2560 1842 2584; x_wconf 87' lang='lat' dir='ltr'>an.</span> <span class='ocrx_word' id='word_1_646' title='bbox 1857 2551 1928 2591; x_wconf 69' lang='lat'>418,</span> <span class='ocrx_word' id='word_1_647' title='bbox 1945 2552 1961 2594; x_wconf 61' lang='grc' dir='ltr'>ἕ</span> <span class='ocrx_word' id='word_1_648' title='bbox 1977 2551 2025 2592; x_wconf 81' lang='grc'>76,</span> <span class='ocrx_word' id='word_1_649' title='bbox 2041 2560 2115 2593; x_wconf 80' lang='lat' dir='ltr'>per-</span> 
     </span>
     <span class='ocr_line' id='line_1_107' title="bbox 1174 2594 2119 2633; baseline 0 -8"><span class='ocrx_word' id='word_1_650' title='bbox 1174 2603 1281 2633; x_wconf 82' lang='lat' dir='ltr'>peram</span> <span class='ocrx_word' id='word_1_651' title='bbox 1303 2594 1465 2624; x_wconf 89' lang='lat' dir='ltr'>nonnullos</span> <span class='ocrx_word' id='word_1_652' title='bbox 1482 2594 1598 2632; x_wconf 79' lang='lat' dir='ltr'>opinari</span> <span class='ocrx_word' id='word_1_653' title='bbox 1616 2594 1700 2623; x_wconf 82' lang='lat' dir='ltr'>Cerei</span> <span class='ocrx_word' id='word_1_654' title='bbox 1718 2594 1875 2625; x_wconf 75' lang='lat' dir='ltr'>Paschalis</span> <span class='ocrx_word' id='word_1_655' title='bbox 1892 2603 1980 2625; x_wconf 87' lang='lat' dir='ltr'>usum</span> <span class='ocrx_word' id='word_1_656' title='bbox 1998 2603 2017 2625; x_wconf 87' lang='lat' dir='ltr'>a</span> <span class='ocrx_word' id='word_1_657' title='bbox 2031 2594 2119 2625; x_wconf 84' lang='lat' dir='ltr'>zosi-</span> 
     </span>
     <span class='ocr_line' id='line_1_108' title="bbox 1174 2634 2116 2675; baseline 0 -9"><span class='ocrx_word' id='word_1_658' title='bbox 1174 2645 1221 2666; x_wconf 87' lang='lat' dir='ltr'>mo</span> <span class='ocrx_word' id='word_1_659' title='bbox 1238 2635 1367 2675; x_wconf 84' lang='lat' dir='ltr'>primum</span> <span class='ocrx_word' id='word_1_660' title='bbox 1385 2635 1538 2665; x_wconf 75' lang='lat' dir='ltr'>inventum</span> <span class='ocrx_word' id='word_1_661' title='bbox 1556 2634 1658 2665; x_wconf 78' lang='lat' dir='ltr'>fuisse.</span> <span class='ocrx_word' id='word_1_662' title='bbox 1673 2635 1737 2674; x_wconf 84' lang='lat' dir='ltr'>lpse</span> <span class='ocrx_word' id='word_1_663' title='bbox 1754 2635 1833 2665; x_wconf 89' lang='lat' dir='ltr'>enim</span> <span class='ocrx_word' id='word_1_664' title='bbox 1851 2635 2057 2667; x_wconf 77' lang='lat' dir='ltr'>tantummodo</span> <span class='ocrx_word' id='word_1_665' title='bbox 2072 2636 2116 2666; x_wconf 90' lang='lat' dir='ltr'>in-</span> 
     </span>
     <span class='ocr_line' id='line_1_109' title="bbox 1175 2675 2115 2716; baseline 0 -9"><span class='ocrx_word' id='word_1_666' title='bbox 1175 2678 1281 2714; x_wconf 78' lang='lat' dir='ltr'>suunt,</span> <span class='ocrx_word' id='word_1_667' title='bbox 1297 2680 1327 2706; x_wconf 86' lang='lat' dir='ltr'>ut</span> <span class='ocrx_word' id='word_1_668' title='bbox 1345 2675 1423 2707; x_wconf 87' lang='lat' dir='ltr'>idem</span> <span class='ocrx_word' id='word_1_669' title='bbox 1441 2677 1561 2712; x_wconf 72' lang='lat' dir='ltr'>Cereus,</span> <span class='ocrx_word' id='word_1_670' title='bbox 1576 2676 1625 2716; x_wconf 85' lang='lat' dir='ltr'>qui</span> <span class='ocrx_word' id='word_1_671' title='bbox 1642 2677 1670 2706; x_wconf 88' lang='lat' dir='ltr'>in</span> <span class='ocrx_word' id='word_1_672' title='bbox 1689 2677 1855 2707; x_wconf 78' lang='lat' dir='ltr'>maioribus</span> <span class='ocrx_word' id='word_1_673' title='bbox 1869 2677 2006 2708; x_wconf 77' lang='lat' dir='ltr'>Basilicis</span> <span class='ocrx_word' id='word_1_674' title='bbox 2019 2676 2115 2707; x_wconf 78' lang='lat' dir='ltr'>solum</span> 
     </span>
     <span class='ocr_line' id='line_1_110' title="bbox 1176 2718 2115 2758; baseline 0 -10"><span class='ocrx_word' id='word_1_675' title='bbox 1176 2719 1296 2749; x_wconf 84' lang='lat' dir='ltr'>incendi</span> <span class='ocrx_word' id='word_1_676' title='bbox 1319 2718 1439 2754; x_wconf 73' lang='lat' dir='ltr'>soleret,</span> <span class='ocrx_word' id='word_1_677' title='bbox 1457 2718 1587 2755; x_wconf 72' lang='lat' dir='ltr'>singulis</span> <span class='ocrx_word' id='word_1_678' title='bbox 1603 2719 1757 2748; x_wconf 76' lang='lat' dir='ltr'>paroeciis</span> <span class='ocrx_word' id='word_1_679' title='bbox 1774 2727 1870 2758; x_wconf 79' lang='lat' dir='ltr'>aeque</span> <span class='ocrx_word' id='word_1_680' title='bbox 1888 2718 2115 2749; x_wconf 84' lang='lat' dir='ltr'>concederetur.</span> 
     </span>
     <span class='ocr_line' id='line_1_111' title="bbox 1176 2759 2118 2799; baseline -0.001 -9"><span class='ocrx_word' id='word_1_681' title='bbox 1176 2761 1216 2790; x_wconf 89' lang='lat' dir='ltr'>De</span> <span class='ocrx_word' id='word_1_682' title='bbox 1240 2760 1420 2799; x_wconf 75' lang='lat' dir='ltr'>antiquitate</span> <span class='ocrx_word' id='word_1_683' title='bbox 1444 2759 1528 2789; x_wconf 82' lang='lat' dir='ltr'>Cerei</span> <span class='ocrx_word' id='word_1_684' title='bbox 1553 2759 1709 2789; x_wconf 69' lang='lat' dir='ltr'>paschalis</span> <span class='ocrx_word' id='word_1_685' title='bbox 1734 2759 1875 2790; x_wconf 80' lang='lat' dir='ltr'>edisserit</span> <span class='ocrx_word' id='word_1_686' title='bbox 1897 2761 2051 2796; x_wconf 76' lang='lat' dir='ltr'>Martene,</span> <span class='ocrx_word' id='word_1_687' title='bbox 2069 2759 2118 2790; x_wconf 80' lang='lat' dir='ltr'>De</span> 
     </span>
     <span class='ocr_line' id='line_1_112' title="bbox 1177 2799 2118 2840; baseline -0.001 -9"><span class='ocrx_word' id='word_1_688' title='bbox 1177 2801 1326 2840; x_wconf 75' lang='lat' dir='ltr'>antiqua</span> <span class='ocrx_word' id='word_1_689' title='bbox 1351 2800 1522 2831; x_wconf 79' lang='lat' dir='ltr'>Ecclesiae</span> <span class='ocrx_word' id='word_1_690' title='bbox 1538 2800 1728 2840; x_wconf 76' lang='lat' dir='ltr'>disciplina</span> <span class='ocrx_word' id='word_1_691' title='bbox 1745 2800 1783 2831; x_wconf 78' lang='lat' dir='ltr'>in</span> <span class='ocrx_word' id='word_1_692' title='bbox 1800 2799 1930 2831; x_wconf 79' lang='lat' dir='ltr'>divinis</span> <span class='ocrx_word' id='word_1_693' title='bbox 1944 2800 2118 2832; x_wconf 79' lang='lat' dir='ltr'>celebran-</span> 
     </span>
     <span class='ocr_line' id='line_1_113' title="bbox 1178 2841 2117 2882; baseline 0.001 -10"><span class='ocrx_word' id='word_1_694' title='bbox 1178 2842 1233 2872; x_wconf 71' lang='lat' dir='ltr'>dis</span> <span class='ocrx_word' id='word_1_695' title='bbox 1256 2842 1389 2882; x_wconf 70' lang='lat' dir='ltr'>officiis,</span> <span class='ocrx_word' id='word_1_696' title='bbox 1416 2852 1441 2873; x_wconf 81' lang='lat' dir='ltr'>c,</span> <span class='ocrx_word' id='word_1_697' title='bbox 1457 2841 1505 2877; x_wconf 58' lang='lat'>⁹21,</span> <span class='ocrx_word' id='word_1_698' title='bbox 1525 2846 1553 2872; x_wconf 76' lang='lat' dir='ltr'>et</span> <span class='ocrx_word' id='word_1_699' title='bbox 1570 2841 1771 2879; x_wconf 74' lang='lat' dir='ltr'>mabillonius,</span> <span class='ocrx_word' id='word_1_700' title='bbox 1790 2841 1838 2872; x_wconf 87' lang='lat' dir='ltr'>De</span> <span class='ocrx_word' id='word_1_701' title='bbox 1854 2841 2023 2881; x_wconf 75' lang='lat' dir='ltr'>Lituryia</span> <span class='ocrx_word' id='word_1_702' title='bbox 2040 2842 2117 2874; x_wconf 82' lang='lat' dir='ltr'>Gal-</span> 
     </span>
     <span class='ocr_line' id='line_1_114' title="bbox 1179 2883 2118 2922; baseline 0.002 -10"><span class='ocrx_word' id='word_1_703' title='bbox 1179 2883 1306 2922; x_wconf 69' lang='lat' dir='ltr'>licana,</span> <span class='ocrx_word' id='word_1_704' title='bbox 1321 2885 1336 2913; x_wconf 92' lang='lat' dir='ltr'>l.</span> <span class='ocrx_word' id='word_1_705' title='bbox 1354 2884 1391 2914; x_wconf 84' lang='grc' dir='ltr'>ΙΙ,</span> <span class='ocrx_word' id='word_1_706' title='bbox 1409 2884 1439 2914; x_wconf 89' lang='lat' dir='ltr'>ln</span> <span class='ocrx_word' id='word_1_707' title='bbox 1457 2883 1572 2913; x_wconf 70' lang='lat' dir='ltr'>missali</span> <span class='ocrx_word' id='word_1_708' title='bbox 1589 2883 1893 2914; x_wconf 74' lang='lat' dir='ltr'>Gothico-Gallicano</span> <span class='ocrx_word' id='word_1_709' title='bbox 1910 2884 2043 2914; x_wconf 79' lang='lat' dir='ltr'>occurrit</span> <span class='ocrx_word' id='word_1_710' title='bbox 2060 2883 2118 2914; x_wconf 85' lang='lat' dir='ltr'>be-</span> 
     </span>
     <span class='ocr_line' id='line_1_115' title="bbox 1179 2924 2118 2963; baseline 0.002 -9"><span class='ocrx_word' id='word_1_711' title='bbox 1179 2926 1309 2955; x_wconf 68' lang='lat' dir='ltr'>nedictio</span> <span class='ocrx_word' id='word_1_712' title='bbox 1334 2934 1422 2955; x_wconf 78' lang='lat' dir='ltr'>cerae</span> <span class='ocrx_word' id='word_1_713' title='bbox 1447 2924 1527 2955; x_wconf 74' lang='lat' dir='ltr'>beati</span> <span class='ocrx_word' id='word_1_714' title='bbox 1551 2926 1708 2962; x_wconf 68' lang='lat' dir='ltr'>Augustini</span> <span class='ocrx_word' id='word_1_715' title='bbox 1732 2925 1884 2963; x_wconf 80' lang='lat' dir='ltr'>episcopi,</span> <span class='ocrx_word' id='word_1_716' title='bbox 1909 2933 1998 2963; x_wconf 69' lang='lat' dir='ltr'>(piam</span> <span class='ocrx_word' id='word_1_717' title='bbox 2016 2925 2118 2956; x_wconf 83' lang='lat' dir='ltr'>adbuc</span> 
     </span>
     <span class='ocr_line' id='line_1_116' title="bbox 1181 2965 2118 2998; baseline 0.001 -3"><span class='ocrx_word' id='word_1_718' title='bbox 1181 2967 1330 2995; x_wconf 68' lang='lat' dir='ltr'>Diaconos</span> <span class='ocrx_word' id='word_1_719' title='bbox 1354 2966 1447 2995; x_wconf 72' lang='lat' dir='ltr'>edidit</span> <span class='ocrx_word' id='word_1_720' title='bbox 1469 2968 1497 2996; x_wconf 76' lang='lat' dir='ltr'>ct</span> <span class='ocrx_word' id='word_1_721' title='bbox 1520 2967 1629 2997; x_wconf 64' lang='lat' dir='ltr'>(recinit</span> <span class='ocrx_word' id='word_1_722' title='bbox 1653 2967 1709 2996; x_wconf 86' lang='lat' dir='ltr'>boc</span> <span class='ocrx_word' id='word_1_723' title='bbox 1726 2965 1866 2996; x_wconf 82' lang='lat' dir='ltr'>exordio:</span> <span class='ocrx_word' id='word_1_724' title='bbox 1885 2965 2030 2997; x_wconf 76' lang='lat' dir='ltr'>Exuleet</span> <span class='ocrx_word' id='word_1_725' title='bbox 2045 2966 2118 2998; x_wconf 85' lang='lat' dir='ltr'>iam</span> 
     </span>
     <span class='ocr_line' id='line_1_117' title="bbox 1181 3007 2118 3044; baseline 0.002 -8"><span class='ocrx_word' id='word_1_726' title='bbox 1181 3007 1342 3044; x_wconf 59' lang='grc' dir='ltr'>Λυμρίίοιι</span> <span class='ocrx_word' id='word_1_727' title='bbox 1368 3007 1469 3038; x_wconf 68' lang='lat' dir='ltr'>curba</span> <span class='ocrx_word' id='word_1_728' title='bbox 1494 3007 1669 3038; x_wconf 70' lang='lat' dir='ltr'>coelorum</span> <span class='ocrx_word' id='word_1_729' title='bbox 1691 3011 1746 3038; x_wconf 49' lang='lat' dir='ltr'>ele.</span> <span class='ocrx_word' id='word_1_730' title='bbox 1771 3010 1801 3037; x_wconf 80' lang='lat' dir='ltr'>ut</span> <span class='ocrx_word' id='word_1_731' title='bbox 1824 3007 1912 3037; x_wconf 85' lang='lat' dir='ltr'>modo</span> <span class='ocrx_word' id='word_1_732' title='bbox 1937 3007 2067 3039; x_wconf 72' lang='lat' dir='ltr'>babetur</span> <span class='ocrx_word' id='word_1_733' title='bbox 2087 3009 2118 3038; x_wconf 89' lang='lat' dir='ltr'>in</span> 
     </span>
     <span class='ocr_line' id='line_1_118' title="bbox 1182 3048 2116 3088; baseline 0.003 -11"><span class='ocrx_word' id='word_1_734' title='bbox 1182 3057 1245 3077; x_wconf 67' lang='lat' dir='ltr'>usu.</span> <span class='ocrx_word' id='word_1_735' title='bbox 1267 3051 1355 3078; x_wconf 80' lang='lat' dir='ltr'>inuno</span> <span class='ocrx_word' id='word_1_736' title='bbox 1373 3059 1396 3078; x_wconf 77' lang='lat' dir='ltr'>s.</span> <span class='ocrx_word' id='word_1_737' title='bbox 1415 3050 1602 3086; x_wconf 66' lang='lat' dir='ltr'>Augustinus</span> <span class='ocrx_word' id='word_1_738' title='bbox 1620 3050 1683 3088; x_wconf 79' lang='lat' dir='ltr'>ipsc</span> <span class='ocrx_word' id='word_1_739' title='bbox 1700 3048 1755 3085; x_wconf 67' lang='lat' dir='ltr'>(lie</span> <span class='ocrx_word' id='word_1_740' title='bbox 1771 3049 1919 3079; x_wconf 66' lang='lat' dir='ltr'>(licitare</span> <span class='ocrx_word' id='word_1_741' title='bbox 1936 3048 2003 3084; x_wconf 74' lang='lat' dir='ltr'>nei,</span> <span class='ocrx_word' id='word_1_742' title='bbox 2021 3050 2039 3080; x_wconf 93' lang='lat' dir='ltr'>l.</span> <span class='ocrx_word' id='word_1_743' title='bbox 2057 3050 2116 3087; x_wconf 75' lang='lat' dir='ltr'>XV,</span> 
     </span>
     <span class='ocr_line' id='line_1_119' title="bbox 1182 3089 2118 3130; baseline 0.004 -13"><span class='ocrx_word' id='word_1_744' title='bbox 1182 3100 1207 3119; x_wconf 88' lang='lat'>‹·.</span> <span class='ocrx_word' id='word_1_745' title='bbox 1224 3090 1279 3127; x_wconf 65' lang='lat'>2³2)</span> <span class='ocrx_word' id='word_1_746' title='bbox 1297 3090 1443 3129; x_wconf 73' lang='lat' dir='ltr'>quosdam</span> <span class='ocrx_word' id='word_1_747' title='bbox 1464 3099 1568 3120; x_wconf 71' lang='lat' dir='ltr'>versus</span> <span class='ocrx_word' id='word_1_748' title='bbox 1586 3091 1689 3126; x_wconf 76' lang='lat' dir='ltr'>referi,</span> <span class='ocrx_word' id='word_1_749' title='bbox 1706 3099 1783 3129; x_wconf 67' lang='grc' dir='ltr'><strong>(μιυε</strong></span> <span class='ocrx_word' id='word_1_750' title='bbox 1800 3091 1828 3119; x_wconf 83' lang='lat' dir='ltr'>iu</span> <span class='ocrx_word' id='word_1_751' title='bbox 1846 3089 1949 3121; x_wconf 67' lang='lat' dir='ltr'>lancie</span> <span class='ocrx_word' id='word_1_752' title='bbox 1964 3091 2118 3130; x_wconf 78' lang='lat' dir='ltr'>quadam</span> 
     </span>
     <span class='ocr_line' id='line_1_120' title="bbox 1184 3130 2117 3169; baseline 0.006 -13"><span class='ocrx_word' id='word_1_753' title='bbox 1184 3131 1279 3160; x_wconf 54' lang='lat' dir='ltr'>(Verri</span> <span class='ocrx_word' id='word_1_754' title='bbox 1301 3130 1452 3169; x_wconf 63' lang='lat' dir='ltr'>scripsit.</span> <span class='ocrx_word' id='word_1_755' title='bbox 1477 3131 1611 3168; x_wconf 62' lang='lat' dir='ltr'>Fideles,</span> <span class='ocrx_word' id='word_1_756' title='bbox 1634 3132 1783 3161; x_wconf 68' lang='lat' dir='ltr'>reli-rente</span> <span class='ocrx_word' id='word_1_757' title='bbox 1808 3132 1959 3167; x_wconf 68' lang='lat' dir='ltr'>Ennodio,</span> <span class='ocrx_word' id='word_1_758' title='bbox 1976 3142 2011 3162; x_wconf 83' lang='lat' dir='ltr'>ex</span> <span class='ocrx_word' id='word_1_759' title='bbox 2028 3141 2117 3162; x_wconf 76' lang='lat' dir='ltr'>cereo</span> 
     </span>
     <span class='ocr_line' id='line_1_121' title="bbox 1185 3172 2118 3212; baseline 0.003 -11"><span class='ocrx_word' id='word_1_760' title='bbox 1185 3172 1343 3201; x_wconf 65' lang='lat' dir='ltr'>bmwdivlo</span> <span class='ocrx_word' id='word_1_761' title='bbox 1368 3173 1447 3202; x_wconf 74' lang='lat' dir='ltr'>soliti</span> <span class='ocrx_word' id='word_1_762' title='bbox 1475 3172 1594 3203; x_wconf 77' lang='lat' dir='ltr'>suerunt</span> <span class='ocrx_word' id='word_1_763' title='bbox 1616 3172 1783 3211; x_wconf 69' lang='lat' dir='ltr'>particulae</span> <span class='ocrx_word' id='word_1_764' title='bbox 1807 3173 1974 3212; x_wconf 69' lang='lat' dir='ltr'>decerpere</span> <span class='ocrx_word' id='word_1_765' title='bbox 1996 3178 2118 3204; x_wconf 75' lang='lat' dir='ltr'>contra</span> 
     </span>
     <span class='ocr_line' id='line_1_122' title="bbox 1180 3214 2118 3255; baseline 0.006 -15"><span class='ocrx_word' id='word_1_766' title='bbox 1180 3214 1360 3251; x_wconf 65' lang='lat' dir='ltr'>procellas.</span> <span class='ocrx_word' id='word_1_767' title='bbox 1377 3215 1450 3243; x_wconf 84' lang='lat' dir='ltr'>ilinc</span> <span class='ocrx_word' id='word_1_768' title='bbox 1467 3215 1621 3253; x_wconf 48' lang='lat' dir='ltr'>signorum</span> <span class='ocrx_word' id='word_1_769' title='bbox 1639 3214 1689 3244; x_wconf 76' lang='lat' dir='ltr'>nei</span> <span class='ocrx_word' id='word_1_770' title='bbox 1702 3223 1859 3244; x_wconf 81' lang='lat' dir='ltr'>cereorum</span> <span class='ocrx_word' id='word_1_771' title='bbox 1872 3215 1968 3254; x_wconf 83' lang='lat' dir='ltr'>origo.</span> <span class='ocrx_word' id='word_1_772' title='bbox 1981 3214 2118 3255; x_wconf 76' lang='lat' dir='ltr'>Suntqui</span> 
     </span>
    </p>
   </div>
  </div>
 </body>
</html>
