2241 3473
579 173 705 206 vsovss
734 173 786 201 AD
814 170 1009 200 Excmlvm
1042 170 1201 201 IMPERII
1229 172 1512 202 OCCIDENTALIS

87 241 201 279 tistae
233 239 318 278 159.
347 239 441 277 Post
465 239 687 277 triduanam
716 237 1029 286 disceptationem

87 292 351 337 Marcellinus,
371 293 519 330 cunctis
547 293 648 330 ultro
677 292 849 339 citroque
879 289 1020 327 auditis

86 348 125 383 et
144 345 318 394 cognitis,
338 357 405 394 pro
426 346 630 383 Catholicis
658 343 887 383 sententiam
908 342 1020 388 dixit,

85 398 307 436 Donatistas
343 399 390 435 ad
432 400 621 436 unitatem
660 396 856 440 evocavit,
889 407 1021 432 eorum

52 450 58 456 ⁴
85 456 297 489 conventus
331 452 525 500 prohibuit
551 456 590 488 et
615 450 796 488 ecclesias
817 448 1022 486 Catholicis

85 504 243 542 addixit.
261 504 372 540 Multi
402 505 554 552 quidem
576 503 779 540 factionem
799 501 1020 538 schismati-

84 568 170 594 cam
190 557 453 603 deserue1·unt;
472 558 537 595 sed
555 557 676 593 maior
695 567 782 604 pars
801 554 840 591 in
861 566 906 590 ea
926 565 1019 602 per—

83 612 280 647 severavit
316 615 354 647 et
391 610 440 647 ad
477 610 749 658 imperatorem
782 607 1019 656 provocavit.

84 662 278 700 Honorius
299 674 392 699 vero
414 664 622 711 imperator
636 660 852 698 Marcellini
873 664 1021 697 senten-

83 717 180 753 tiam
199 715 456 753 contii-mavit.
478 715 605 756 Quum
629 715 688 751 his
707 714 887 750 omnibus
907 712 1020 750 schis-

84 769 215 806 matici
242 769 381 805 tierent
401 768 618 804 acerbiores
638 767 673 803 in
696 765 927 810 Catholicos,
948 766 1024 803 Ho-

84 821 216 859 norius
230 821 373 858 severis
393 821 554 869 legibus,
575 821 764 857 bonorum
786 819 1022 856 confiscatio-

84 886 131 912 ne
150 875 181 911 si
200 874 301 919 laici,
321 873 437 910 exilio
457 874 486 910 si
506 873 634 910 clerici
657 876 786 910 essent
799 902 808 918 ,
829 875 1024 910 contuma-

84 939 148 965 ces
166 926 401 974 compescuit
422 925 446 964 ¹.
465 927 657 964 Posthaec
677 927 806 974 plures
827 926 874 962 ad
895 925 1023 973 Eccle-

83 980 162 1018 siae
184 981 372 1017 unitatem
393 979 538 1016 reversi
558 982 660 1023 sunt,
680 978 745 1016 alii
761 978 893 1027 patriis
907 979 1024 1015 terris

83 1033 272 1077 exierunt,
302 1033 367 1070 alii
399 1032 503 1081 leges
538 1036 829 1069 contemnentes
852 1031 892 1068 in
918 1031 1024 1069 schi-

82 1089 204 1124 smate
220 1090 259 1123 et
275 1086 469 1123 haereresi
483 1089 792 1134 perseverarunt.
802 1085 1024 1133 &Gregorii

82 1139 134 1177 M.
154 1139 392 1187 temporibus
419 1140 562 1176 multos
583 1138 805 1175 Donatistas
835 1138 873 1175 in
893 1138 1024 1175 Africa

80 1187 334 1240 superfuisse,
349 1194 500 1229 constat
515 1203 564 1229 ex
584 1191 665 1228 eius
690 1191 857 1239 epistolis
872 1189 897 1228 ².
920 1191 956 1228 N
961 1203 1003 1228 ec
1015 1220 1024 1237 ,

83 1245 157 1283 nisi
176 1256 264 1283 cum
283 1245 402 1294 ipsius
427 1245 626 1294 religionis
651 1244 884 1281 christianae
903 1245 943 1281 in
967 1246 1024 1281 A-

82 1297 178 1336 frica
202 1298 464 1347 depressione,
485 1310 582 1335 saec.
614 1298 688 1335 VII
715 1309 782 1346 per
811 1297 1024 1335 Saracenos

82 1350 230 1397 effecta,
254 1351 438 1400 pervicax
458 1350 576 1389 factio
605 1351 801 1399 extirpata
819 1350 937 1388 fuisse
959 1351 1022 1388 vi-

82 1405 206 1442 detur.

134 1456 304 1495 Violenti
339 1457 493 1506 quidem
518 1458 620 1495 modi
649 1458 696 1495 ab
724 1457 1024 1506 imperatoribus

81 1512 216 1548 contra
249 1511 470 1549 Donatistas
503 1511 665 1548 adhibiti
697 1515 800 1549 sunt.
831 1512 883 1547 At
912 1523 1024 1548 nemo

81 1575 155 1601 non
176 1564 299 1610 novit,
319 1576 383 1602 eos
403 1576 478 1601 non
497 1564 622 1601 solum
650 1564 768 1601 fuisse
789 1564 1021 1611 haereticos,

81 1617 364 1662 schismaticos,
383 1618 548 1655 rebelles
572 1617 611 1654 in
640 1617 855 1655 Ecclesiam
868 1647 877 1662 ,
897 1617 964 1654 sed
985 1621 1023 1654 et

81 1670 335 1716 turbulentos,
354 1670 555 1716 factiosos,
577 1682 714 1708 saevos
734 1671 773 1707 in
793 1670 1023 1716 Catholicos,

81 1723 185 1772 pacis
203 1728 243 1761 et
255 1724 346 1761 boni
364 1724 508 1772 publici
522 1735 592 1761 seu
612 1724 808 1762 societatis
823 1724 1025 1773 perturba-

81 1779 186 1814 tores
205 1774 230 1814 ³.

133 1829 194 1867 73.
218 1831 423 1878 Pelagius,
438 1831 603 1879 eiusque
621 1830 1023 1868 haeresis—Emersit

81 1882 217 1920 iisdem
247 1883 486 1932 temporibus
512 1884 814 1932 Pelagianorum
836 1883 1021 1930 haeresis,

80 1935 192 1973 cuius
218 1939 356 1974 auctor
382 1935 455 1974 fuit
484 1936 665 1985 Pelagius
682 1966 691 1983 ,
711 1949 731 1973 e
750 1936 956 1973 Britannia
976 1949 1021 1973 o-

80 1989 243 2026 riundus
259 1993 298 2026 et
312 1989 550 2038 professione
574 1990 795 2027 monachus.
816 1989 852 2026 Is
873 1990 1021 2027 Romae

82 2041 309 2089 aliquandiu
326 2049 512 2089 moratus,
527 2055 614 2080 cum
631 2042 820 2081 Caelestio
833 2043 1020 2091 discipulo

80 2094 308 2132 catholicam
336 2096 553 2133 doctrinam
581 2097 627 2133 de
655 2098 813 2144 peccato
839 2096 1019 2144 originali

81 2149 121 2185 et
135 2148 264 2197 gratia
279 2149 423 2186 Christi
435 2149 664 2198 impugnare
680 2149 816 2197 coepit.
830 2149 1020 2186 Errorum

84 2200 167 2239 eius
186 2213 338 2239 summa
352 2202 449 2239 haec
464 2201 551 2239 fuit:
568 2203 694 2240 Adam
709 2205 748 2240 et
763 2203 887 2240 Evam
905 2215 927 2239 a
941 2203 1021 2240 Deo

79 2254 262 2292 mortales
277 2254 395 2292 fuisse
415 2259 585 2301 creatos,
605 2267 751 2304 suoque
772 2260 928 2305 peccato
949 2256 1021 2293 sibi

79 2306 166 2344 solis
195 2309 234 2345 et
261 2319 335 2344 non
364 2308 527 2356 posteris
561 2309 757 2356 nocuisse3
786 2312 953 2346 mortem
980 2312 1020 2346 et

79 2360 430 2409 concupiscentiam
459 2373 542 2398 esse
571 2362 807 2400 conditiones
826 2363 1018 2400 humanae

81 2415 245 2450 naturae
271 2414 483 2463 ingenitas;
511 2417 691 2452 naturam
712 2415 919 2452 humanam
943 2428 1018 2452 non

80 2477 161 2502 esse
181 2466 373 2514 vitiatam,
393 2467 631 2517 propriisque
652 2468 799 2505 viribus
819 2469 902 2506 sine
923 2479 1017 2517 gra-

80 2517 158 2555 tiae
174 2519 318 2556 auxilio
333 2520 506 2558 sufficere
521 2523 606 2558 tum
623 2521 670 2558 ad
686 2521 776 2558 boni
792 2524 831 2558 et
846 2522 1017 2570 praemio

80 2571 187 2620 digni
207 2572 331 2620 operis
350 2573 589 2622 principium,
609 2579 694 2612 tum
714 2575 763 2611 ad
779 2574 1020 2623 progredien-

80 2623 171 2661 dum
182 2626 222 2661 et
236 2627 562 2673 perseverandum
578 2627 617 2664 in
633 2640 687 2665 eo.
704 2628 848 2665 Postea
862 2627 1017 2675 quidem

80 2676 263 2726 Pelagius
281 2678 430 2726 gratiae
449 2681 715 2718 necessitatem
735 2680 943 2718 admittere
964 2681 1017 2718 vi-

79 2740 144 2767 sus
163 2732 233 2776 est,
253 2731 320 2768 sed
347 2731 498 2779 gratiae
528 2734 681 2770 nomine
710 2737 873 2771 naturae
901 2734 1015 2780 vires,

79 2781 150 2819 Dei
173 2782 322 2831 legem,
348 2784 491 2822 Christi
516 2787 731 2823 doctrinam
760 2786 1012 2836 intelligebat.

79 2834 188 2876 Quod
207 2836 237 2873 si
257 2838 409 2885 quando
429 2839 594 2886 gratiam
614 2839 839 2877 interiorem
856 2841 902 2877 ad
925 2839 1013 2877 faci-

79 2886 154 2926 lius
169 2890 408 2938 operandum
419 2890 561 2928 bonum
577 2892 788 2938 admiserit,
799 2893 1012 2931 absolutam

79 2942 210 2979 tamen
241 2943 321 2981 eius
347 2945 615 2981 necessitatem
645 2946 835 2994 negabat,
855 2941 1014 2995 eamq'ue

119 3103 132 3126 ¹
150 3102 223 3137 Coei.
244 3104 401 3136 Theodos.
416 3104 435 3135 l.
452 3105 497 3136 LII
514 3104 554 3136 de
569 3103 708 3146 Haeret.

120 3143 136 3166 ²
150 3147 179 3177 L.
194 3146 238 3177 111
254 3146 365 3187 Epist.
380 3146 433 3184 3:74
449 3147 467 3177 l.
485 3148 506 3176 V
522 3147 634 3186 Epist.
649 3146 701 3184 3o;
719 3147 735 3177 Ι.
754 3148 788 3178 Vl
804 3147 914 3189 Epist.
929 3147 978 3181 63.

120 3185 135 3207 ³
149 3187 312 3226 muratori,
337 3188 380 3219 De
405 3188 630 3228 ingeniorum
652 3189 906 3230 moderatione,
930 3191 948 3222 l.
969 3191 1011 3229 113

82 3226 260 3266 Muzzarelli,
277 3228 446 3269 Opuscoli,
458 3240 487 3260 n.
506 3229 552 3269 10,
569 3229 606 3260 de
620 3228 864 3269 Inquisitione.

1879 161 1953 201 123

1065 249 1136 274 non
1160 239 1354 288 gratuito,
1375 240 1440 277 sed
1462 251 1528 289 pro
1554 238 1718 277 hominis
1743 238 1896 277 meritis
1916 239 2004 278 dari

1066 290 1226 328 docebat
1246 291 1271 329 ¹.

1071 363 1076 368 ·
1117 344 1298 392 Pelagius
1317 347 1356 382 ct
1375 346 1582 384 Caelestius
1609 347 1700 383 ante
1719 344 1923 383 Gothicam
1946 357 2006 383 ur-

1064 395 1120 432 bis
1142 397 1286 434 Romae
1306 398 1561 446 direptionem
1582 399 1822 436 transierunt
1840 397 1879 435 in
1901 398 2005 435 Sici-

1065 448 1176 492 liam,
1197 449 1283 486 iude
1305 450 1338 486 in
1371 452 1555 490 Africam.
1588 452 1769 501 Pelagius
1796 463 1843 489 ex
1871 450 2008 489 Africa

1064 501 1219 538 transiit
1234 503 1271 538 in
1290 503 1559 542 Palaestinam.
1577 506 1788 543 Caelestius
1806 516 1898 542 vero
1915 505 2002 542 Car-

1064 554 1220 601 thagine
1241 555 1461 600 consistens,
1479 558 1815 607 pseudo-magistri
1835 559 1894 596 sui
1914 557 2004 606 dog-

1065 612 1169 643 mata
1196 608 1416 655 praedicare
1437 611 1570 658 coepit.
1592 613 1665 649 An.
1687 613 1764 650 412
1792 613 1830 650 in
1859 613 2006 662 synodo

1065 660 1356 708 Carthaginensi
1381 666 1749 711 excommunicatus,
1773 667 1820 703 ad
1838 667 2006 714 Aposto-

1066 712 1179 750 licam
1195 713 1335 750 Sedein
1363 717 1608 764 provocavit3
1635 720 1698 755 sed
1720 731 1838 767 quum
1864 730 2007 756 causae

1066 778 1159 803 suae
1189 766 1406 813 diffideret,
1437 769 1614 817 neglecta
1642 773 1921 821 appellatione,
1950 772 2005 809 E-

1067 819 1228 867 phesum
1257 819 1430 869 confugit
1451 820 1477 859 ².

1117 872 1160 908 In
1182 872 1404 910 Palaestina
1434 874 1620 924 Pelagius
1650 878 1864 916 doctrinam
1893 890 2003 917 suam

1066 925 1238 974 pluribus
1259 925 1472 973 afflaverat,
1492 940 1612 977 quum
1630 931 1786 968 Orosius
1801 933 2006 981 presbyter

1068 977 1272 1027 Hispanus,
1287 991 1311 1017 a
1326 991 1354 1016 s.
1370 981 1590 1029 Augustino
1605 985 1652 1020 ad
1665 985 1708 1021 D.
1724 985 2005 1034 Hieronymum

1066 1031 1242 1079 legatus,
1272 1033 1381 1070 illum
1413 1035 1514 1082 apud
1543 1035 1749 1083 Ioannem,
1784 1039 2005 1087 episcopum

1067 1084 1485 1134 Hierosolymitanum,
1507 1099 1651 1135 pravae
1672 1091 1868 1129 doctrinae
1889 1103 2006 1129 accu-

1066 1138 1179 1175 savit.
1200 1139 1363 1176 Ioannes
1384 1152 1443 1177 an.
1467 1141 1544 1179 415
1563 1144 1781 1192 utrumque,
1801 1144 2005 1194 Pelagium

1067 1193 1105 1227 et
1126 1192 1318 1238 Orosium,
1338 1193 1385 1229 ad
1405 1195 1595 1242 synodum
1617 1198 1793 1244 vocavit3
1822 1198 1887 1235 sed
1921 1211 2006 1235 cum

1065 1243 1120 1281 illi
1140 1256 1180 1282 se
1195 1245 1358 1282 invicem
1376 1246 1576 1285 haereseos
1592 1249 1828 1297 incusarent,
1845 1251 2008 1289 Ioannes

1067 1308 1208 1335 causae
1228 1299 1487 1348 coguitionem
1507 1302 1555 1339 ad
1571 1302 1839 1341 Innocentium
1858 1305 1928 1354 Pp.
1946 1305 2008 1342 de-

1068 1350 1159 1388 tulit
1180 1349 1205 1389 ³.

1118 1405 1236 1442 Brevi
1257 1407 1342 1454 post
1361 1405 1547 1446 adversus
1558 1409 1761 1458 Pelagium
1776 1409 1931 1448 libellus
1947 1411 2010 1448 de-

1066 1457 1170 1495 latus
1190 1460 1249 1495 est
1268 1459 1315 1495 ad
1351 1460 1581 1509 Eulogium,
1615 1459 1839 1513 episcopum
1868 1464 2009 1502 Caesa-

1066 1522 1255 1558 reensem,
1277 1512 1522 1552 Palaestinae
1542 1515 1767 1564 primatem,
1789 1516 1854 1566 qui
1875 1518 2009 1555 eodem

1067 1575 1167 1601 anno
1187 1566 1380 1613 synodum
1404 1567 1449 1604 14
1470 1568 1736 1618 episcoporum
1756 1570 1899 1607 indixit
1920 1571 2011 1608 Dio-

1068 1617 1177 1666 spoli.
1197 1618 1241 1654 In
1261 1630 1307 1655 ea
1327 1619 1510 1669 Pelagius
1532 1623 1606 1660 alia
1621 1652 1630 1667 ,
1652 1635 1815 1672 quorum
1846 1635 2008 1662 accusa-

1070 1671 1201 1716 batur,
1223 1672 1399 1720 negavit,
1426 1674 1502 1712 alia
1530 1677 1749 1724 aequivocis
1775 1680 1814 1714 et
1839 1677 2010 1715 subdolis

1067 1725 1196 1761 verbis
1216 1724 1494 1774 interpretatus
1514 1731 1595 1775 est3
1615 1741 1662 1766 ac
1683 1730 1844 1778 proinde
1867 1731 1914 1767 ab
1935 1730 2011 1779 epi-

1066 1777 1209 1867 ῗοορίεέ
1229 1778 1343 1852 latini
1363 1782 1548 1819 sermonis
1568 1793 1705 1830 parum
1725 1783 1871 1832 gnaris,
1892 1784 2008 1821 abso-

1084 1832 1170 1867 utus
1211 1831 1267 1868 uit
1305 1861 1312 1869 .

1119 1883 1225 1921 Haec
1245 1896 1366 1933 quum
1387 1887 1435 1923 ab
1451 1887 1584 1925 Orosio
1600 1889 1828 1938 presbytero
1843 1889 2012 1939 accepis·
2072 1922 2075 1925 ,

1065 1940 1123 1973 set
1141 1938 1344 1985 Aurelius,
1365 1939 1681 1990 Carthaginensis
1701 1943 1740 1980 in
1759 1943 1893 1980 Africa
1922 1943 2008 1991 epi-

1065 2001 1221 2038 scopus,
1243 2003 1303 2029 an.
1334 1992 1410 2030 416
1440 1995 1632 2042 synodum
1661 1996 1711 2033 68
1744 1996 2009 2046 episcoporum

1064 2043 1210 2091 coegit,
1230 2045 1269 2081 in
1289 2057 1364 2094 qua
1396 2046 1550 2096 Pelagii
1578 2051 1617 2086 et
1645 2049 1823 2087 Caelestii
1855 2061 2008 2087 errores

1065 2097 1309 2135 condemnati
1329 2103 1432 2146 sunt,
1452 2103 1491 2138 et
1510 2102 1635 2148 ambo,
1649 2106 1690 2139 ut
1705 2103 1923 2140 haereticae
1939 2104 2008 2140 do-

1063 2150 1212 2188 ctrinae
1234 2154 1423 2197 auctores,
1444 2155 1492 2191 ad
1514 2154 1782 2193 Innocentium
1802 2157 1820 2193 I
1840 2156 1960 2194 delati
1979 2154 2009 2194 ⁵.

1063 2203 1209 2240 Eodem
1228 2216 1328 2242 anno
1348 2205 1580 2244 Milevitana
1594 2208 1642 2245 61
1664 2208 1930 2258 episcoporum
1947 2221 2008 2258 sy-

1062 2257 1183 2294 nodus
1203 2259 1273 2295 sub
1293 2258 1469 2306 Silvano,
1489 2260 1700 2299 Numidiae
1720 2263 1886 2311 primate
1899 2292 1909 2309 ‚
1930 2263 2006 2300 Pe-

1061 2309 1154 2358 lagii
1175 2314 1214 2348 et
1233 2311 1409 2349 Caelestii
1429 2324 1580 2352 errores
1600 2315 1825 2362 damnavit,
1859 2316 2005 2364 episto-

1060 2362 1216 2412 lamque
1237 2365 1283 2402 de
1295 2366 1366 2403 hac
1385 2378 1503 2404 causa
1515 2368 1562 2404 ad
1574 2368 1841 2406 Innocentium
1859 2368 2003 2417 Iscrip-

1061 2417 1122 2454 sit.
1143 2418 1386 2466 Augustinus
1407 2431 1559 2468 quoque
1579 2421 1625 2459 de
1643 2424 1726 2460 tota
1742 2434 1785 2459 re
1801 2422 1967 2468 litteras,
1983 2433 2007 2459 a

1059 2469 1234 2559 glplribgis
1252 2471 1436 2521 episcopis
1453 2474 1700 2524 subscriptas,
1712 2476 1759 2512 ad
1772 2474 2003 2512 Pontificem

1086 2534 1106 2559 e
1134 2523 1164 2560 it
1203 2553 1211 2561 .

1113 2577 1361 2616 Innocentius
1381 2579 1398 2615 I
1418 2579 1567 2628 Pelagii
1587 2582 1625 2617 et
1645 2580 1823 2618 Caelestii
1854 2592 2002 2619 errores

1060 2629 1272 2678 damnavit,
1291 2634 1330 2669 et
1350 2635 1570 2681 utrumque,
1586 2633 1706 2671 donec
1721 2633 2010 2683 resipiscerent,

1101 2778 1109 2799 ¹
1127 2777 1155 2808 S.
1172 2777 1341 2816 Augustin.,
1355 2774 1392 2807 L.
1406 2775 1446 2811 de
1461 2780 1597 2807 natura
1611 2780 1644 2806 et
1655 2774 1786 2814 qratia,
1800 2779 1829 2806 et
1841 2772 1930 2814 alibi3
1947 2775 2006 2807 Na-

1059 2820 1109 2851 tal.
1126 2817 1226 2856 Alex„
1243 2816 1335 2848 Ηὶεε,
1350 2817 1423 2848 eccl.
1441 2826 1521 2848 saec.
1540 2819 1571 2854 V,
1589 2826 1613 2847 c.
1631 2816 1659 2854 3,
1677 2826 1702 2846 a.
1720 2816 1753 2855 33
1772 2816 1911 2857 Pluquet,
1929 2817 2002 2848 Dic-

1061 2862 1143 2892 tion.
1162 2860 1220 2890 des
1237 2859 1355 2890 He're's.
1776 2898 1783 2905 .

1099 2902 1114 2923 2
1129 2903 1157 2933 S.
1176 2903 1350 2942 Augustin„
1370 2902 1398 2931 L.
1415 2901 1427 2931 I
1445 2899 1484 2930 de
1497 2903 1622 2938 peccat.
1641 2903 1675 2929 et
1690 2904 1803 2929 merzt.
1821 2908 1847 2931 c.
1865 2899 1899 2938 1;
1920 2900 1950 2932 L.
1967 2900 2008 2932 de

1058 2949 1136 2985 qest.
1153 2943 1304 2983 Pela9.c.
1322 2942 1355 2973 11
1375 2945 1404 2971 et
1417 2940 1468 2977 35;
1481 2940 1568 2971 Oros.
1581 2941 1671 2979 Apol.
1685 2941 1759 2972 adv.
1773 2940 1900 2981 Pela9.;
1915 2942 2004 2973 Card.

1059 2987 1156 3022 Novis,
1182 2985 1265 3016 Hist.
1288 2982 1471 3022 Pecayian.
1488 2982 1508 3012 l.
1522 2982 1550 3021 Ι,
1566 2991 1592 3013 c.
1608 2981 1640 3020 3;
1657 2982 1769 3021 Labbc,
1789 2982 1912 3015 Concil.
1929 2986 1948 3013 t.
1965 2983 2003 3021 H,

1083 3053 1088 3057 .
1107 3025 1193 3057 1510.

1060 3037 1077 3067 p
1097 3068 1110 3089 ³
1127 3069 1213 3098 Oros.
1228 3066 1316 3104 ibid.;
1334 3064 1446 3102 Labhe,
1461 3064 1532 3094 ibid.
1549 3073 1577 3103 p.
1596 3063 1684 3095 1525.

1096 3109 1109 3131 4
1127 3110 1155 3139 S.
1171 3108 1330 3148 Augustin.
1346 3108 1375 3137 L.
1391 3106 1404 3136 1
1421 3111 1542 3137 contra
1557 3104 1687 3137 Iulian.
1702 3115 1729 3138 c.
1745 3105 1780 3145 5;
1797 3106 1910 3146 Labbe,
1925 3105 2000 3137 ibid.

1079 3174 1085 3181 .
1105 3148 1191 3179 1529.
1824 3152 1826 3155 '

1057 3160 1075 3190 p
1097 3191 1111 3213 5
1126 3190 1237 3228 tanne,
1252 3188 1326 3219 ibid.
1343 3198 1371 3228 p.
1390 3187 1477 3219 1533.

1094 3233 1108 3255 6
1124 3232 1235 3269 Labbe,
1251 3229 1322 3261 ibid.
1339 3240 1367 3269 p.
1386 3229 1472 3260 1537.
