2241 3473
502 129 641 159 VSQVE
661 131 716 158 AD
737 130 954 158 PVBLlCAM
974 130 1125 158 RERVM
1147 129 1190 157 ΙΝ
1209 129 1381 157 GALLHS
1401 128 1727 158 SVBVERSIONEM

125 198 213 235 odio
256 198 595 246 persequebantur
613 227 622 242 ,
670 199 752 234 eius
791 202 1080 246 propagatores

125 252 362 300 Apostolos,
399 252 601 299 ipsumque
637 251 835 289 Christum
870 251 1077 288 Dominum

125 306 363 353 impostores
389 305 655 353 appellabant,
676 305 778 341 illius
798 305 1079 346 institutiones,

125 358 327 395 ministros
353 364 393 396 et
412 364 632 395 sectatores
650 358 872 400 calumniis,
892 357 1079 393 conviciis

124 416 165 449 et
191 412 505 449 cavillationibus
533 412 883 459 prosequebantur.

170 466 440 503 Accesserunt
486 466 550 502 alii
589 465 829 501 christianae
876 465 1079 511 religionis

124 519 356 560 adversarii,
373 520 436 567 qui
458 518 719 556 Rousseauvii
734 518 952 554 sententias
974 519 1080 554 circa

125 572 374 620 Religionem
401 578 442 609 et
466 573 701 609 societatem
721 571 893 617 amplexi
917 575 1020 613 sunt,
1041 576 1079 607 et

125 626 287 674 proinde
323 625 640 662 Rousseauviani
674 624 866 672 appellari
905 632 1076 671 possunt.

124 680 291 716 Ioannes
318 679 480 716 lacobus
506 679 711 715 Rousseau
745 682 858 713 natus
893 677 1078 713 Genevae

123 743 189 769 an.
218 733 310 770 1712
330 762 339 776 ‚
373 738 462 780 post
491 733 533 769 16
566 743 690 768 3111103
725 731 864 767 relicta
895 730 1078 774 haeresi,

126 787 361 834 religionem
389 786 625 822 catholicam
645 786 843 832 professus
863 790 936 827 est,
952 795 975 820 a
1002 796 1078 831 qua

124 846 262 887 postea
295 851 431 876 rursus
457 839 506 875 ad
542 839 775 886 religionem
810 838 981 885 patriam
1016 838 1079 874 de—

122 893 251 930 scivit.
271 888 386 928 Anno
417 893 504 929 1741
533 891 640 929 venit
658 891 846 935 Parisios,
865 892 928 928 ubi
954 893 1079 927 incre-

123 945 304 982 dulorum
339 946 540 982 consortia
578 945 859 992 frequentavit.
894 946 967 981 Vir
1008 945 1079 981 fuit

123 1000 244 1036 animi
259 999 479 1047 depravati,
496 999 698 1046 superbus,
719 998 898 1045 ingratus
914 1003 954 1035 et
971 998 1075 1034 inhu-

122 1064 276 1097 manus,
304 1053 512 1101 phantasia
537 1052 714 1089 exaltata
741 1057 780 1088 et
806 1052 988 1089 dictionis
1015 1063 1078 1088 ve-

120 1112 277 1144 nustate
306 1108 470 1155 pollens,
498 1106 567 1143 sed
593 1106 809 1152 disciplinis
835 1107 996 1142 minime
1015 1117 1078 1142 ex—

121 1161 275 1197 cultus:
303 1161 406 1197 unde
433 1160 637 1208 paradoxa
663 1160 814 1202 multa,
842 1160 1015 1195 fanatica
1043 1166 1081 1195 et

120 1215 192 1251 sibi
220 1214 529 1251 contradictoria
555 1214 594 1249 in
621 1213 780 1260 scriptis
806 1213 886 1249 suis
906 1213 1080 1249 tradidit.

121 1267 294 1316 Propter
321 1269 472 1316 scripta
496 1279 580 1311 3113,
608 1267 807 1313 Religioni
835 1271 874 1302 et
899 1266 1080 1303 societati

120 1322 302 1365 adversa,
332 1332 394 1357 an.
426 1322 518 1358 1762
535 1333 556 1358 0
575 1321 705 1358 Gallia
723 1320 833 1357 exire
853 1320 995 1363 iussus,
1016 1332 1080 1367 po-

122 1380 209 1413 stea
241 1375 476 1412 facultatem
511 1374 701 1411 redeundi
728 1375 766 1409 in
802 1385 891 1410 eam
927 1374 1082 1421 accepit

122 1441 172 1467 ea
198 1430 303 1476 lege,
329 1434 372 1465 ut
398 1440 422 1465 a
448 1429 657 1465 scribendo
686 1428 918 1464 abstineret.
946 1428 1081 1464 Extin-

122 1489 209 1521 ctus
234 1487 296 1520 est
322 1494 425 1519 anno
455 1483 558 1520 1778.
580 1484 616 1519 Is
641 1482 859 1518 universim
886 1481 1079 1518 deismum

125 1537 277 1581 docuit,
304 1537 541 1584 religionem
569 1537 824 1572 christianam
842 1565 850 1580 ‚
876 1547 952 1571 non
981 1536 1080 1571 sicut

124 1591 384 1635 de-Voltaire‚
407 1591 628 1634 calumniis,
649 1590 836 1625 conviciis
855 1594 896 1626 et
923 1589 1080 1625 cavilla-

125 1645 294 1683 tionibus
313 1674 322 1688 ,
348 1644 416 1681 sed
443 1644 572 1691 potius
598 1656 684 1679 cum
713 1644 836 1690 Bayle
863 1643 1077 1691 sophisma-

122 1699 224 1736 tibus
242 1703 282 1735 et
298 1698 582 1734 obiectionibus
601 1698 861 1744 impugnavit;
877 1697 1079 1744 paradoxa

122 1752 291 1800 plurima
318 1756 458 1788 contra
483 1752 705 1787 naturalem
724 1751 893 1787 hominis
911 1751 1079 1787 destina-

122 1806 267 1842 tionem
294 1812 334 1842 et
350 1810 504 1842 rectam
522 1806 725 1841 societatis
744 1805 1078 1852 gubernationem

121 1860 375 1907 conscripsit;
395 1861 578 1895 continuo
598 1870 733 1895 secum
759 1870 953 1906 pugnans,
974 1870 1078 1895 nunc

125 1913 324 1952 Christum
355 1918 396 1949 et
422 1913 683 1959 Evangelium
710 1913 877 1949 summis
902 1912 1078 1949 laudibus

121 1967 295 2010 extollit,
322 1979 426 2003 nunc
452 1967 706 2014 prophetias,
741 1966 954 2009 miracula,
983 1967 1079 2002 alia-

122 2033 196 2069 que
221 2021 412 2069 explodit:
432 2020 594 2057 subinde
614 2020 752 2056 atheos
771 2025 811 2056 et
830 2020 1079 2067 philosophos

122 2076 315 2123 exagitat,
335 2086 427 2110 mox
454 2074 524 2110 Dei
545 2074 795 2110 existentiam
817 2073 974 2109 dubiam
994 2073 1081 2109 red-

122 2130 191 2173 dit,
215 2134 255 2166 et
275 2128 560 2176 philosophiam
580 2127 851 2170 commendat;
871 2126 985 2162 modo
1003 2126 1079 2162 vir-

124 2187 247 2220 tutem
275 2187 314 2218 et
340 2193 493 2217 morum
520 2181 771 2217 honestatem
789 2180 942 2223 laudat,
963 2180 1076 2215 modo

124 2237 229 2272 vitiis
255 2235 437 2272 adulatur
464 2240 505 2272 et
531 2235 699 2271 crimina
727 2238 902 2271 excusat.

172 2289 394 2325 Praeterea
418 2288 678 2335 scriptoribus
703 2288 939 2336 irreligiosis
957 2288 1079 2323 adnu-

127 2342 304 2379 merandi
337 2348 428 2379 sunt
458 2342 494 2378 hi
525 2342 588 2389 qui
623 2347 868 2390 sequuntur:
910 2342 1081 2378 Iulianus

127 2396 265 2444 Offray
297 2395 607 2438 de-la-Mettrie,
643 2396 924 2432 Macloviensis
943 2425 951 2440 ‚
986 2396 1081 2432 scri-

128 2454 218 2497 ptor
244 2449 578 2492 mordacissimus,
597 2450 860 2486 materialista
885 2454 926 2486 et
952 2451 1082 2496 epicu-

126 2514 237 2545 reus;
265 2514 286 2538 e
313 2502 442 2538 Gallia
468 2507 507 2537 et
532 2503 700 2538 Batavia
717 2504 921 2550 profugus,
949 2514 972 2538 a
999 2503 1085 2538 Fri—

126 2557 259 2593 derico
278 2557 324 2598 ΙΙ,
346 2567 440 2602 rege
461 2556 684 2597 Borussiae,
701 2562 907 2603 susceptus
925 2561 966 2592 et
982 2558 1085 2592 Aca-

126 2610 281 2647 demiae
320 2609 590 2646 Berolinensis
624 2610 753 2646 socius
795 2615 953 2646 creatus
998 2610 1082 2646 fuit.

129 2664 281 2699 Dicitur
307 2668 400 2699 ante
433 2668 600 2698 mortem
618 2691 626 2705 ,
658 2674 757 2709 quae
785 2663 949 2709 contigit
981 2674 1082 2699 anno

129 2718 217 2754 1751
238 2746 246 2760 ,
275 2716 542 2763 poenitentiae
569 2715 682 2762 signa
713 2716 880 2752 dedisse.
919 2717 1084 2753 Ioannes

127 2772 244 2818 Bapt.
262 2769 658 2817 de-Boyer‚marchio
677 2769 724 2805 de
745 2771 1085 2817 Argens,Aquen

128 2825 196 2867 sis,
216 2824 279 2872 qui
310 2823 477 2870 primum
507 2823 685 2858 militiam
705 2823 924 2869 professus,
944 2823 1081 2860 deinde

134 2878 274 2914 relicta
291 2876 421 2912 Gallia
440 2875 598 2911 transiit
615 2875 652 2910 in
672 2876 897 2919 Bataviam‚
916 2876 1081 2924 hincque

129 2931 381 2973 Berohnum,
408 2929 472 2964 ubi
499 2928 564 2964 diu
591 2928 795 2965 Friderico
823 2930 852 2965 11
881 2940 905 2965 3
931 2930 1084 2966 cubicu-

133 2985 179 3020 lis
205 2990 245 3021 et
276 2983 546 3019 Berolinensis
577 2981 806 3018 academiae
840 2983 878 3017 in
913 2995 956 3019 re
983 2984 1086 3021 litte—

132 3039 239 3074 raria
267 3038 440 3073 director
467 3036 549 3071 fuit.
584 3035 730 3071 Postea
763 3037 799 3070 in
829 3037 996 3083 patriam
1023 3048 1085 3074 re-

132 3091 225 3135 dux,
253 3091 349 3127 obiit
378 3101 478 3126 anno
508 3090 612 3125 1771
637 3089 672 3125 Is
697 3089 919 3125 mationem
946 3091 1082 3127 Iuliani

1952 115 2034 156 289

1132 196 1240 233 dedit
1265 196 1452 243 epistolas
1478 196 1654 233 iudaicas
1679 195 1845 239 sinicas,
1871 197 1912 231 et
1944 195 2090 231 cabali-

1131 250 1271 294 sticas,
1299 250 1339 285 in
1365 250 1504 297 quibus
1529 250 1796 296 scepticorum
1824 259 1934 284 more
1962 252 2002 284 et
2027 259 2087 284 sa-

1134 304 1258 350 tyrica
1284 304 1440 340 ratione
1466 303 1817 341 Christianismum
1839 301 1999 348 eiusque
2019 301 2089 337 mi-

1133 358 1278 393 nistros
1306 356 1507 404 proscidit.
1535 357 1828 393 Verumtamen
1858 356 2086 403 priusquam

1134 414 1376 452 moreretur,
1398 410 1663 457 poenitentiae
1689 410 1803 457 signa
1829 407 1936 445 dedit
1954 411 1996 444 et
2014 408 2087 444 Ec-

1133 465 1278 500 clesiae
1305 468 1562 500 sacramenta
1581 463 1807 510 postulavit.
1828 462 1972 498 Franc.
1992 461 2086 497 Vin-

1131 518 1284 553 centius
1315 517 1540 560 Toussaint,
1576 516 1829 560 Parisiensis‚
1865 515 1904 550 in
1936 514 2087 551 Beroli-

1131 572 1244 608 nensi
1271 571 1459 607 nobilium
1487 570 1705 607 Academia
1723 570 1971 618 eloquentiae
1998 579 2086 617 pro-

1131 625 1270 668 fessor,
1298 625 1362 672 qui
1389 625 1428 660 in
1457 624 1556 660 libro
1582 624 1629 661 de
1658 624 1849 667 moribus,
1878 622 2088 660 revelatio-

1132 690 1238 721 nem,
1265 678 1456 725 dogmata
1483 682 1523 714 et
1551 678 1744 714 miracula
1771 678 1968 720 reiiciens,
1988 676 2086 713 ethi-

1131 743 1204 768 cen
1232 732 1456 768 naturalem
1485 736 1526 768 et
1542 731 1852 767 indifferentiam
1871 730 1908 766 in
1928 730 2088 777 religio-

1131 785 1190 821 nis
1218 785 1379 832 negotio
1407 785 1617 821 adstruxit.
1638 786 1690 820 Et
1716 785 1818 820 hunc
1845 784 1966 820 etiam
1991 786 2083 819 ante

1131 843 1301 876 mortem
1324 839 1502 886 probrosi
1523 839 1610 874 libri
1627 838 1810 885 puduisse
1829 838 1976 881 fertum
1991 836 2087 873 obiit

1132 904 1236 928 anno
1264 893 1369 928 1772.
1397 892 1582 930 Claudius
1615 891 1815 928 Adrianus
1848 890 2054 927 Helvetins
2072 918 2081 934 ,

1132 947 1385 991 Parisiensis,
1407 952 1584 982 mortuus
1611 956 1714 981 anno
1735 946 1841 989 1771,
1859 945 1897 980 111
1922 945 2020 980 libro
2038 943 2086 980 de

1131 1000 1274 1047 spiritu
1295 1029 1303 1044 ‚
1338 1006 1378 1037 01
1404 1000 1441 1035 in
1478 1000 1556 1035 alio
1583 999 1788 1045 posthumo
1821 999 1868 1034 de
1901 997 2058 1034 homine
2077 1025 2087 1041 ‚

1132 1054 1463 1093 materialismum
1502 1057 1542 1089 et
1583 1052 1887 1100 epicureismum
1927 1050 2084 1093 docuit,

1133 1107 1391 1150 contendens,
1410 1107 1608 1142 hominem
1636 1106 1721 1142 sola
1740 1105 1918 1152 corporis
1936 1116 2006 1140 seu
2025 1115 2087 1139 or-

1134 1171 1330 1207 ganorum
1359 1161 1655 1196 constructione
1682 1171 1706 1196 a
1732 1159 1857 1195 brutis
1882 1157 2084 1204 distingui,

1133 1226 1222 1250 eum
1250 1215 1335 1251 sola
1362 1214 1575 1262 cupiditate
1603 1214 1705 1256 duci,
1725 1223 1938 1259 omnesque
1966 1211 2085 1247 actio-

1133 1279 1204 1304 nes
1231 1280 1280 1305 ex
1307 1280 1349 1305 se
1378 1280 1465 1304 esse
1494 1268 1776 1304 indifferentes.
1799 1266 1947 1302 Paulus
1964 1265 2086 1312 Thiry

1135 1322 1228 1358 baro
1263 1322 1534 1365 de-Holbach,
1571 1326 1686 1358 natus
1719 1319 2016 1357 Heidelsheimii
2047 1318 2086 1353 in

1133 1375 1360 1413 Palatinatu
1396 1376 1575 1412 inferiori
1613 1386 1716 1412 anno
1753 1374 1868 1418 1723,
1904 1376 2085 1409 mortuus

1133 1429 1297 1466 Parisiis
1319 1460 1328 1475 ,
1362 1431 1427 1466 ubi
1463 1430 1512 1466 ab
1544 1429 1813 1466 adolescentia
1845 1426 2084 1463 domicilium
2122 1464 2124 1467 f

1130 1484 1324 1530 elegerat,
1351 1495 1452 1520 anno
1482 1484 1585 1521 1789.
1615 1484 1650 1520 13
1678 1481 2020 1531 pseudo-sophiae,
2047 1490 2088 1515 a-

1131 1537 1286 1574 theismi
1303 1543 1343 1574 et
1361 1538 1637 1574 materialismi
1653 1541 1924 1584 propugnator
1939 1533 2086 1570 acerri-

1130 1603 1242 1635 mus,
1284 1593 1400 1639 plura
1444 1593 1594 1639 scripta
1632 1591 1837 1638 vulgavit,
1877 1587 2086 1626 sententiis

1131 1645 1302 1682 maxime
1327 1646 1460 1693 impiis
1477 1675 1486 1690 ‚
1521 1645 1726 1682 calumniis
1753 1647 1793 1681 et
1819 1641 2009 1680 conviciis
2043 1641 2083 1676 111

1131 1699 1364 1745 religionem
1413 1699 1668 1736 christianam
1705 1697 1958 1746 plenissima3
2006 1706 2085 1731 non

1130 1756 1281 1789 tantum
1314 1753 1603 1790 revelationem
1638 1757 1677 1789 et
1710 1750 2083 1792 Christianismum;

1128 1806 1196 1842 sed
1223 1819 1378 1844 omnem
1408 1808 1479 1844 Dei
1499 1808 1660 1851 cultum,
1679 1807 1805 1854 ipsam
1823 1805 1897 1841 Dei
1914 1804 2085 1841 existen-

1131 1861 1243 1905 tiam,
1271 1862 1427 1898 animae
1455 1861 1801 1909 spiritualitatem,
1835 1859 1958 1894 vitam
1984 1857 2086 1892 futu-

1129 1925 1227 1958 ram,
1249 1915 1410 1961 regulas
1437 1915 1610 1951 morales
1637 1918 1819 1950 evertere
1846 1911 1919 1948 sibi
1945 1921 2084 1957 propo—

1129 1968 1217 2004 suit.
1245 1969 1356 2005 Alios
1383 1970 1535 2016 plures,
1563 1969 1623 2005 his
1649 1967 1865 2015 impietatis
1891 1975 2087 2013 propaga-

1130 2023 1280 2059 toribus
1296 2034 1502 2071 suppares,
1519 2032 1835 2058 commemorare
1851 2019 2082 2061 omittimus,

1130 2087 1178 2112 ne
1207 2076 1415 2113 brevitatis
1441 2077 1665 2112 institutum
1694 2074 1948 2112 excedamus.

1177 2129 1324 2165 Eorum
1344 2129 1490 2177 agmini
1510 2142 1552 2166 30
1570 2129 1739 2165 sociavit
1756 2129 1925 2164 Ioannes
1943 2125 2082 2162 Marti-

1130 2195 1202 2220 nus
1230 2183 1462 2228 de-Prades,
1487 2184 1692 2231 presbyter
1711 2181 1902 2219 dioecesis
1920 2179 2083 2215 Montis-

1131 2237 1269 2273 Albani
1296 2242 1336 2274 et
1361 2238 1646 2274 baccalaureus
1673 2237 1891 2278 Sorbonae;
1911 2233 1974 2281 qui
1992 2232 2082 2268 Dio-

1129 2291 1239 2337 nysio
1268 2291 1432 2327 Diderot
1457 2291 1621 2338 aliisque
1647 2290 1759 2326 huius
1779 2287 1938 2336 generis
1958 2286 2080 2333 philo—

1129 2344 1259 2391 sophis
1283 2344 1536 2380 familiariter
1557 2356 1663 2387 usus,
1684 2352 1897 2389 eorumque
1916 2338 2078 2375 consilio

1130 2398 1336 2440 excitatus,
1369 2409 1434 2434 an.
1460 2399 1549 2434 1751
1583 2398 1620 2432 in
1639 2397 1724 2444 ipsa
1743 2396 1923 2431 Sorbona
1939 2392 2080 2429 thesim

1131 2451 1416 2488 defendendam
1442 2452 1630 2498 suscepit,
1657 2451 1873 2486 deistarum
1900 2451 1940 2484 et
1957 2450 2081 2483 mate-

1131 2505 1373 2541 rialistarum
1405 2506 1625 2541 sententias
1656 2503 1913 2540 redolentem·
1941 2499 2081 2536 Thesis

1132 2559 1229 2602 eius,
1257 2570 1371 2606 quam
1402 2559 1586 2607 syndicus
1613 2561 1652 2594 et
1678 2567 1838 2603 praeses
1865 2554 1950 2590 sine
1969 2564 2082 2601 prae·

1132 2614 1197 2648 via
1223 2613 1467 2660 inspectione
1494 2617 1533 2648 et
1558 2611 1798 2647 discussione
1823 2608 2080 2649 admiserant,

1133 2666 1266 2702 multis
1294 2666 1539 2713 stomachum
1567 2664 1714 2708 movit;
1742 2661 1907 2710 periculi
1933 2672 2002 2697 seu
2028 2660 2082 2694 di-

1131 2719 1367 2779 sputationis
1394 2723 1504 2754 actus
1531 2728 1744 2764 suspensus
1769 2716 1858 2759 suit;
1878 2713 1988 2750 curia
2007 2713 2081 2748 Pa-

1133 2773 1305 2814 risiens„
1322 2772 1507 2808 Facultas
1527 2770 1747 2817 theologica
1766 2774 1805 2806 et
1821 2767 2080 2815 archiepisco-

1135 2838 1207 2874 pus
1236 2826 1473 2862 Ρ31131011313
1506 2825 1567 2860 de·
1571 2825 1796 2860 Beaumont
1826 2822 1966 2859 thesim
1994 2831 2083 2867 pro-

1133 2881 1405 2927 scripserunt,
1436 2883 1477 2914 et
1508 2878 1744 2914 Benedictus
1776 2877 1846 2925 Pp.
1875 2876 1995 2918 XIV,
2021 2874 2081 2910 xi⁰

1135 2933 1319 2969 calendas
1347 2931 1483 2978 aprilis
1512 2932 1627 2975 1752,
1656 2931 1835 2967 eamdem
1861 2927 2081 2966 declaravit

1133 2987 1309 3032 impiam,
1336 2985 1551 3021 deistarum
1580 2989 1620 3020 et
1644 2983 1998 3020 materialistarum
2016 2979 2078 3015 do-

1134 3040 1270 3075 ctrinis
1304 3039 1512 3074 faventem.
1549 3038 1777 3074 De-Prades
1802 3049 1823 3073 e
1851 3034 2082 3073 Sorbonico-

1135 3105 1219 3128 111111
1248 3093 1335 3128 albo
1364 3097 1605 3138 expunctus,
1636 3092 1811 3151 confugit
1836 3089 1884 3126 ad
1911 3087 2080 3124 Frideri-

132 3150 336 3204 apostatae
380 3149 521 3180 contra
561 3142 792 3189 religionem
827 3142 1081 3181 christianam
1107 3151 1111 3176 1
1135 3158 1220 3183 eum
1250 3147 1280 3182 ΙΙ
1308 3157 1446 3191 regem
1473 3145 1700 3188 Bmussiae,
1719 3145 1889 3192 quicum
1907 3141 2080 3189 suscepit

132 3198 171 3234 in
198 3200 373 3246 linguam
409 3199 594 3245 gallicam
622 3198 766 3241 vertit,
801 3201 841 3234 et
874 3198 979 3234 inter
1005 3199 1084 3235 alia
1134 3205 1173 3236 et
1199 3211 1302 3236 anno
1330 3190 1421 3236 1754
1446 3199 1680 3235 canonicum
1698 3195 2080 3245 CapituliUratisla-

347 3260 693 3308 WOVTERS,11.

1812 3259 1864 3298 22
