2241 3473
667 155 807 186 VSQVE
828 155 882 183 AD
902 150 1194 182 PRAESENTEM
1215 150 1423 179 AETATEM

84 229 212 272 Quum
239 230 444 267 saeviente
471 230 771 278 persecutione,
800 228 1027 267 sacerdotes

84 285 258 322 latebras
272 289 525 333 quaererent,
539 285 640 321 clani
657 295 774 321 sacra
789 285 1029 333 peragerent

83 342 123 375 et
148 338 289 386 populo
314 338 419 375 fideli
446 342 699 375 sacramenta
731 338 1028 379 ministrarent,

83 395 359 439 persecutores
387 393 577 440 paulatim
597 393 646 428 ab
665 392 820 428 illorum
848 390 1030 427 coedibus

83 444 282 482 abstinere
310 451 547 493 coeperunt,
576 445 845 493 promissaque
873 443 1031 480 licentia

83 497 330 544 emigrandi,
358 499 524 536 clericos
550 510 571 535 e
597 498 761 534 latebris
786 497 1030 539 elicuerunt;

82 561 125 587 se
151 550 243 588 dum
264 551 298 587 hi
322 552 474 589 litteras
489 552 537 589 ad
555 553 632 588 iter
652 550 871 587 faciendum
898 560 1031 585 neces—

83 605 212 641 sarias
238 606 446 652 petebant,
464 607 527 643 vel
545 603 818 652 comprehensi
837 607 876 639 et
894 603 931 638 in
950 613 1034 638 car-

83 668 198 695 ceres
224 659 392 696 coniecti
418 664 534 702 sunt,
563 659 623 695 vcl
649 658 807 694 litterae
827 653 884 693 eis
901 655 1031 701 datae,

85 715 195 748 certo
222 713 333 760 signo
361 713 591 756 instructae,
611 711 710 760 quod
736 710 889 747 sicariis
907 709 955 745 ad
975 721 1034 747 re-

85 765 150 812 gni
185 766 331 804 limites
362 767 580 804 constitutis
613 765 817 808 innuebat,
852 775 920 801 eos
947 775 1033 800 csse

85 818 306 866 spoliandos
331 826 398 857 aut
424 820 642 864 necandos;
669 819 733 867 qui
759 829 854 855 vero
882 817 1036 865 publica

86 882 181 909 cura
207 872 245 908 in
274 877 403 910 terras
430 874 582 910 alienas
607 872 931 920 deportabantur,
951 882 1035 917 pes—

88 925 190 963 sime
209 926 331 964 habiti
349 928 547 975 variisque
565 926 689 964 modis
715 926 881 962 cruciati
900 928 990 961 sunt
1007 927 1032 959 1.

133 979 168 1015 5.
203 979 423 1028 Religionis
449 981 597 1017 eversio
629 980 670 1016 in
698 980 840 1016 Gallia
860 999 900 1006 —
921 979 1034 1014 Anno

90 1037 222 1070 autem
258 1035 348 1072 1793
380 1039 595 1072 conventus
634 1033 843 1070 nationalis
875 1043 1032 1069 omnem

87 1086 337 1135 ReIIgionem
365 1090 402 1125 in
432 1093 510 1126 toto
538 1087 738 1125 territorio
764 1086 915 1124 Gallico
950 1096 1036 1133 pro-

88 1141 261 1189 scripsit.
289 1143 386 1190 Ipsis
412 1142 608 1191 episcopis
635 1145 674 1178 et
709 1141 865 1178 clericis
893 1139 1036 1176 consti-

91 1195 358 1241 tutionalibus,
385 1209 454 1234 seu
481 1197 544 1245 qui
571 1197 839 1232 iuramentum
867 1193 1035 1230 civicum

89 1250 395 1296 praestiterant,
422 1252 660 1299 imperatum
686 1254 766 1294 est,
792 1252 837 1285 ut
863 1247 1034 1294 Religio-

91 1314 181 1340 nem
206 1305 460 1349 abiurarent,
498 1305 761 1353 populumque
793 1303 985 1339 hactenus
1012 1311 1035 1336 a

90 1368 132 1394 se
159 1357 370 1407 deceptum
404 1359 524 1396 fuisse
560 1359 858 1395 confiterentur.
887 1355 1034 1403 Reipsa

89 1413 311 1459 complures
337 1424 474 1449 eorum
501 1413 620 1449 animi
650 1413 704 1449 ita
735 1411 878 1448 abiecti
906 1413 1036 1452 erant,

90 1468 134 1501 ut
159 1465 197 1501 in
223 1471 418 1504 conventu
445 1466 637 1503 nationali
672 1466 803 1513 palam
838 1467 1034 1500 contesta-

93 1523 256 1565 rentur,
291 1532 333 1557 se
373 1521 514 1557 falsam
559 1520 792 1566 religionem
833 1518 1038 1559 docuisse,

93 1574 345 1621 munerisque
371 1573 631 1610 ecclesiastici
655 1574 892 1609 vestimenta
919 1574 958 1607 et
985 1571 1038 1605 in-

94 1630 314 1663 strumenta
342 1638 366 1664 a
391 1639 432 1664 se
452 1628 705 1675 proiicerent.
727 1626 802 1662 Alii
822 1625 961 1662 eadem
987 1624 1039 1659 in-

94 1683 317 1717 strumenta
342 1692 512 1728 suaeque
537 1680 801 1716 ordinationis
819 1679 973 1715 litteras
992 1677 1041 1713 ad

94 1740 333 1771 conventum
361 1736 555 1772 miserunt
581 1737 619 1771 in
652 1736 810 1781 signum
837 1733 1040 1769 abiuratae

95 1788 296 1836 religionis
323 1789 574 1826 christianae.
609 1789 739 1836 Aliqui
773 1787 925 1836 publice
952 1797 1045 1823 con-

95 1841 202 1888 iugia
234 1848 530 1879 contraxerunt.
567 1843 678 1879 Tunc
715 1842 862 1889 templa
895 1840 1042 1888 passim

96 1894 250 1942 direpta
267 1925 275 1941 ,
312 1897 521 1944 profanata
539 1925 547 1941 ‚
574 1907 671 1933 vasa
704 1906 818 1932 sacra
845 1894 980 1930 ablata
1005 1897 1045 1931 et

97 1950 267 1997 turpiter
301 1951 506 1999 inquinata
546 1955 647 1988 sunt.
689 1949 853 1986 Parisiis
886 1948 1045 1993 asinus,

98 2004 215 2040 mitra
233 2005 447 2053 episcopali
467 2006 629 2053 aliisque
648 2003 894 2041 vestimentis
922 2002 1046 2039 sacris

98 2056 279 2102 indutus,
307 2070 330 2095 a
356 2060 468 2107 plebe
487 2088 495 2103 ‚
524 2070 621 2095 vasa
647 2069 763 2094 sacra
795 2069 844 2094 ex
869 2056 1046 2094 ecclesiis

100 2111 230 2148 ablata
256 2117 464 2160 gestante,
493 2113 621 2160 primo
650 2113 686 2147 in
715 2115 951 2148 conventum
979 2121 1048 2146 na-

100 2164 302 2211 tionalem,
317 2167 377 2203 his
391 2167 553 2214 flagitiis
567 2166 887 2214 applaudentem,
907 2164 1046 2201 deinde

102 2229 173 2265 per
199 2220 307 2256 urbis
335 2221 487 2268 plateas
514 2221 652 2257 ductus
679 2224 753 2256 est.
773 2219 928 2256 Similia
947 2220 1048 2265 Lug-

101 2271 193 2330 duni
213 2277 372 2320 patrata
389 2279 478 2311 sunt
497 2276 727 2322 turpiusque
746 2271 1048 2319 Weissenburgi

104 2336 142 2360 in
169 2327 340 2372 Alsatia,
369 2328 435 2364 ubi
461 2333 549 2376 post
575 2329 775 2365 asinorum
801 2327 1049 2364 vestimentis

103 2380 233 2416 sacris
261 2385 531 2418 contectorum
559 2386 598 2418 et
626 2382 898 2418 Iacobinorum
924 2380 1023 2417 albis
1041 2409 1049 2425 ,

104 2433 303 2479 rochetis,
339 2435 425 2471 aliis
457 2436 580 2472 sacris
618 2436 790 2473 vestibus
823 2435 1050 2471 indutorum

104 2489 396 2535 processionem
413 2489 546 2526 omnia
561 2493 751 2537 quotquot
767 2488 935 2526 inveniri
947 2491 1053 2534 pote-

106 2546 212 2586 rant,
242 2544 388 2588 Biblia,
417 2543 603 2588 missalia,
630 2544 717 2580 libri
744 2555 920 2592 precum,
947 2553 1054 2579 rosa-

106 2596 179 2641 ria,
208 2597 400 2645 imagines
426 2598 588 2642 Christi,
616 2599 653 2634 in
673 2610 810 2646 rogum
831 2598 870 2634 in
889 2597 973 2633 foro
990 2608 1053 2633 ex-

105 2655 300 2687 structum
320 2652 500 2688 coniecta
525 2656 629 2688 sunt.
656 2652 758 2693 Quin
785 2652 875 2695 imo,
903 2655 946 2687 ut
970 2651 1054 2697 ipsa

107 2707 308 2755 religionis
318 2707 554 2744 christianae
566 2707 805 2751 memoria‚si
817 2706 900 2743 fieri
910 2710 1051 2752 posset,

107 2760 320 2807 deleretur,
347 2762 454 2797 iussu
482 2764 697 2797 conventus
722 2760 929 2796 nationalis
959 2771 1055 2797 aera

108 2819 321 2855 christiana
331 2815 604 2864 abrogatafuit
618 2815 728 2861 cique
739 2813 949 2850 substituta
960 2825 1055 2851 aera

109 2873 387 2921 Reipublicae;
415 2881 558 2906 novum
586 2868 854 2905 calendarium
885 2868 1055 2905 introdu-

111 2932 233 2972 ctum,
252 2927 291 2962 in
317 2937 390 2975 quo
418 2936 495 2961 non
521 2927 674 2960 tanturn
693 2923 840 2958 nullum
869 2922 1055 2960 Christia-

158 3077 168 3098 1
197 3073 341 3115 Proyart‚
370 3072 468 3105 Louis
494 3071 576 3103 XVI
591 3064 731 3102 ‹letrone'
749 3069 850 3099 avant
870 3065 974 3100 d'dtre
990 3068 1055 3106 roi;

113 3119 186 3152 item
200 3116 621 3160 Me'moiresparticulieres
631 3115 783 3157 formant
795 3112 957 3145 l'histoire
967 3123 1057 3146 com-

111 3164 197 3206 place
222 3164 261 3196 de
287 3166 319 3198 la
346 3165 481 3208 famille
506 3163 619 3204 royale
637 3186 645 3199 ,
675 3158 755 3190 1817
785 3158 884 3198 iix-8⁰;
915 3157 1055 3198 Cari-on,

115 3209 172 3241 Les
196 3211 408 3255 confess-curs
434 3210 474 3242 de
500 3210 533 3242 la
550 3208 601 3253 fot
617 3207 702 3239 dans
718 3205 739 3237 ι’
756 3202 858 3246 e'ylise
874 3204 1054 3247 qallicane;

113 3254 261 3296 Guillon,
286 3256 345 3290 Les
369 3258 517 3298 martyrs
541 3255 581 3287 (le
605 3254 638 3286 la
661 3251 721 3292 foi.

1890 133 1969 173 317

1079 237 1220 262 norum
1239 225 1432 262 festorum
1446 219 1672 268 vestigium,
1687 217 1756 255 sed
1773 217 1895 254 etiam
1912 217 1953 253 in
1971 217 2027 253 lo-

1081 291 1168 316 cum
1187 277 1520 316 hebdomadarum
1538 273 1707 311 decades
1725 271 1875 320 positae
1888 274 2027 315 erant;

1081 333 1155 370 diei
1166 332 1342 370 decimae
1358 329 1571 368 celebratio
1584 331 1662 364 tam
1677 337 1819 363 severe
1830 327 2029 373 praescri-

1083 391 1170 436 pta,
1189 397 1305 434 quam
1332 384 1552 421 dominicae
1579 379 1794 418 celebratio
1815 378 2022 426 prohibita.

1130 441 1193 478 Sic
1220 439 1454 488 proscriptis
1487 436 1665 473 omnibns
1700 433 1900 481 religionis
1926 432 2027 468 chri-

1082 495 1236 531 stianae
1263 491 1455 539 vestigiis,
1474 490 1706 526 substitutus
1732 486 1804 524 suit
1830 487 1957 523 cultus
1973 485 2030 522 sic

1084 548 1212 584 dictus
1239 547 1448 587 Rmoms,
1470 554 1541 590 per
1567 545 1713 578 statum
1741 540 1803 576 vel
1822 539 2029 576 mulierem

1086 601 1337 649 prostitutam
1357 599 1696 646 repraesentatae.
1724 593 1886 630 Parisiis
1903 593 2032 630 actrix

1085 654 1280 702 quaedam
1319 652 1502 694 scenica,
1542 649 1698 686 infamis
1735 648 1952 692 meretrix,
1991 647 2031 682 in

1085 707 1290 756 splendido
1329 717 1478 749 curru,
1518 703 1706 740 crucifixo
1748 701 1908 748 pedibus
1945 700 2031 737 eius

1084 762 1283 798 substrato
1303 790 1311 805 ‚
1339 772 1409 807 per
1435 758 1542 796 urbis
1569 758 1721 804 plateas
1748 755 2032 798 circumvecta,

1088 815 1245 852 tandem
1273 815 1311 851 in
1346 813 1555 850 ecclesiam
1589 809 1856 847 cathedralem
1887 808 2031 852 ducta,

1087 873 1272 917 tanquam
1291 867 1485 910 Rationis,
1505 864 1611 902 unici
1629 863 1830 900 Gallorum
1849 861 2032 908 numinis,

1086 923 1322 972 symbolum,
1351 923 1389 958 in
1416 920 1534 958 altari
1561 918 1689 967 posita
1714 916 1859 960 fuit,et
1885 916 1924 951 in
1950 917 2035 953 eius

1088 978 1280 1014 honorem
1310 976 1400 1013 thus
1427 975 1724 1011 concrematum
1743 969 1952 1017 hymnique
1970 969 2034 1006 de-

1088 1032 1250 1067 cantati.
1278 1030 1432 1066 Abhinc
1458 1026 1609 1073 templa
1634 1024 1757 1060 multa
1783 1035 1853 1071 per
1878 1024 2035 1061 univer-

1087 1096 1172 1121 sam
1199 1084 1367 1122 Galliam
1395 1084 1434 1119 in
1467 1082 1612 1118 cultum
1645 1078 1826 1114 Rationis
1858 1082 2033 1124 mutata,

1089 1139 1167 1175 alia
1195 1138 1355 1175 vendita
1386 1141 1454 1174 aut
1479 1135 1611 1172 diruta
1643 1135 1746 1169 sunt.
1776 1131 2035 1178 Magnificum

1090 1197 1222 1230 autem
1242 1194 1445 1240 templum,
1464 1188 1628 1226 Parisiis
1647 1188 1688 1224 S.
1713 1187 1952 1222 Genovevae
1971 1186 2037 1222 ho·

1091 1248 1252 1284 neribus
1279 1247 1516 1288 dedicatum,
1536 1243 1615 1279 iam
1643 1251 1746 1277 anno
1774 1240 1864 1277 1791
1884 1240 1923 1275 in
1944 1251 2039 1287 pan-

1092 1303 1208 1339 theon
1237 1311 1472 1338 conversum
1499 1298 1644 1340 fuerat,
1671 1295 1711 1331 in
1738 1306 1812 1342 quo
1837 1294 2036 1339 Voltairii,

1093 1355 1338 1399 Mirabaudi,
1366 1350 1625 1390 Rousseauvii
1653 1349 1897 1395 aliorumque
1924 1347 2037 1385 huius

1092 1410 1251 1457 generis
1277 1409 1456 1444 virorum
1482 1404 1682 1442 cadavera
1712 1405 1752 1440 et
1781 1405 2039 1439 monumenta

1093 1463 1297 1500 recondita
1322 1464 1425 1498 sunt.

1137 1517 1366 1554 Universim
1394 1515 1473 1551 iam
1500 1512 1649 1550 crimen
1683 1513 1796 1555 erat,
1824 1510 1926 1558 quod
1953 1521 2039 1547 car-

1092 1572 1195 1608 ceris
1221 1571 1453 1617 saepiusque
1473 1567 1611 1603 mortis
1631 1576 1756 1613 poena
1780 1564 2038 1610 multabatur,

1092 1626 1124 1661 si
1151 1625 1236 1673 quis
1261 1635 1408 1660 novum
1426 1622 1597 1658 nationis
1615 1620 1763 1656 cultum
1782 1619 1919 1655 eiusve
1937 1619 2039 1656 festa

1094 1678 1269 1715 fastidire
1295 1677 1513 1720 videretur,
1533 1678 1600 1711 aut
1618 1673 1861 1710 levissimum
1884 1671 2041 1719 signum

1095 1733 1299 1781 religionis
1338 1730 1577 1768 christianae
1613 1728 1751 1765 ederet
1783 1727 2040 1774 haberetque.

1095 1788 1197 1823 Hinc
1234 1788 1413 1823 homines
1446 1782 1622 1831 religiosi
1656 1793 1733 1818 non
1764 1781 1840 1817 nisi
1872 1780 1911 1816 in
1945 1781 2068 1818 locisv

1096 1841 1235 1878 abditis
1268 1842 1394 1878 Deum
1429 1839 1561 1876 colere
1594 1839 1662 1873 aut
1696 1835 1822 1872 sacris
1848 1834 2043 1872 interesse

1097 1895 1319 1939 audebant,
1357 1904 1493 1931 sacras
1519 1890 1742 1937 imagines,
1776 1888 1926 1925 libellos
1957 1901 2045 1937 pre-

1097 1962 1185 1987 cum
1218 1950 1393 1996 aliasque
1426 1944 1648 1983 huiusmodi
1684 1955 1750 1980 res
1783 1942 1949 1980 sollicite
1980 1943 2045 1981 ab·

1097 2004 1288 2042 scondere
1315 2001 1572 2050 cogebantur.

1150 2058 1327 2097 Tandem
1346 2086 1354 2101 ,
1383 2067 1500 2104 quum
1535 2053 1836 2091 terroristarum
1869 2051 2047 2099 regimen

1099 2113 1148 2150 ad
1180 2123 1376 2150 summum
1411 2110 1563 2157 apicem
1598 2107 1870 2156 pervenisset,
1905 2117 2047 2143 saevus

1101 2167 1384 2215 Robespierre,
1404 2175 1542 2201 eorum
1562 2161 1823 2210 coryphaeus,
1844 2172 1867 2197 a
1886 2161 2046 2207 collegis

1102 2223 1184 2259 suis
1198 2221 1393 2263 desertus,
1411 2218 1459 2255 ab
1474 2217 1653 2253 omnibus
1670 2215 1891 2263 despectus,
1908 2214 1966 2250 V1⁰
1985 2225 2050 2251 ca-

1106 2275 1206 2313 lend.
1239 2273 1395 2321 augusti
1430 2271 1521 2309 1794
1554 2270 1603 2306 ad
1635 2269 1760 2306 ferale
1794 2279 1964 2316 pegma,
1999 2269 2049 2306 ad

1104 2329 1204 2378 quod
1231 2331 1287 2365 tot
1313 2328 1412 2363 alios
1445 2325 1533 2361 duci
1559 2324 1756 2367 iusserat,
1788 2321 1927 2358 ductus
1960 2322 2046 2359 fuit.

1105 2387 1203 2424 Cum
1230 2393 1277 2419 eo
1305 2382 1438 2429 plures
1465 2379 1544 2421 alii,
1565 2377 1809 2414 crudelitatis
1835 2376 1919 2411 eius
1945 2387 2047 2413 com-

1106 2439 1242 2487 plices,
1260 2434 1461 2483 suppliciis
1480 2433 1610 2469 affecti
1629 2434 1729 2467 sunt.
1752 2430 1861 2466 Tunc
1881 2441 2051 2467 conven-

1106 2497 1167 2530 tus
1200 2488 1410 2527 nationalis
1438 2498 1461 2524 a
1495 2488 1660 2523 cruenta
1693 2482 1900 2532 tyrannide
1934 2484 2051 2522 absti-

1106 2558 1202 2585 nere
1228 2545 1334 2582 visus
1361 2546 1443 2588 est;
1465 2540 1576 2578 multi
1602 2550 1624 2576 e
1652 2538 1879 2574 carceribus
1897 2537 2050 2576 dimissi

1109 2605 1221 2646 sunt3
1239 2599 1315 2635 viri
1335 2594 1593 2635 ecclesiastici
1613 2604 1635 2630 a
1652 2595 1760 2628 metu
1778 2591 2050 2640 respirarunt;

1108 2656 1234 2700 multi,
1261 2654 1325 2702 qui
1351 2650 1518 2688 terroris
1546 2652 1722 2694 tempore
1751 2647 1850 2693 lapsi
1875 2646 2050 2693 fuerant,

1107 2710 1156 2747 ad
1183 2708 1313 2746 cordis
1340 2704 1642 2743 conversionem
1668 2699 1895 2745 redierunt;
1923 2701 2052 2739 cultus

1107 2765 1261 2800 divinus
1287 2760 1510 2797 declaratus
1535 2756 1607 2792 fuit
1634 2755 1754 2799 liber;
1781 2754 2050 2793 sacerdotibus

1109 2818 1244 2854 divina
1270 2814 1473 2852 celebrare
1501 2810 1706 2854 indultum,
1724 2809 1838 2845 modo
1867 2809 2049 2857 reipubli-

1108 2884 1178 2908 cae
1205 2870 1357 2917 legibus
1385 2865 1649 2902 obedientiam
1678 2863 1970 2912 profiterentur.
1997 2864 2051 2901 At

1108 2927 1167 2962 1v⁰
1193 2922 1346 2961 calend.
1366 2919 1538 2956 octobris
1567 2918 1657 2954 1795
1683 2929 1827 2953 novum
1854 2917 2052 2954 iuramen⁴

1108 2983 1191 3015 turn
1232 2977 1279 3013 de
1313 2984 1465 3011 summo
1505 2971 1673 3008 nationis
1699 2971 1785 3008 iure
1816 2971 1887 3007 sub
1923 2982 2050 3018 poena

1109 3030 1284 3069 carceris
1309 3031 1349 3065 et
1373 3026 1478 3063 exilii
1506 3024 1786 3062 ecclesiasticis
1809 3024 1904 3061 viris
1929 3025 2049 3072 impe·

1109 3089 1238 3122 ratum
1265 3086 1328 3119 est
1352 3085 1393 3118 et
1422 3079 1646 3128 persecutio
1671 3079 1906 3123 instaurata,
1925 3077 2050 3116 donec

1109 3138 1233 3187 pridie
1262 3146 1385 3184 nonas
1412 3133 1637 3170 novembris
1664 3133 1840 3170 eiusdem
1866 3131 1958 3169 anni
1983 3143 2050 3168 no-

1107 3202 1199 3228 vum
1225 3190 1407 3237 regimen
1424 3215 1433 3232 ,
1461 3186 1561 3235 quod
1587 3186 1856 3225 Direccoriam
1882 3185 2048 3233 dicitur,

1110 3246 1328 3282 institutum
1356 3242 1440 3279 fuit.
