2241 3473
739 131 865 162 VSQVE
893 131 946 159 AD
976 131 1146 160 SCHISMA
1176 133 1407 162 OCCIDENTIS

90 206 325 246 propagare,
353 194 455 233 solos
483 195 652 234 Graecos
680 195 719 234 in
738 206 807 234 suo
826 195 1034 234 schismate

90 260 248 289 manere
267 248 487 297 pertinaces
501 247 525 287 ¹.

139 301 352 351 Gregorius
372 303 540 352 acceptis
560 302 619 340 his
638 302 782 340 litteris
797 331 806 347 ‚
825 302 1029 351 epistolam

87 356 242 405 scripsit
261 355 308 392 ad
328 355 593 404 patriarcham
615 355 874 394 Iacobitarum
895 356 1029 392 orien-

89 408 245 455 talium,
265 420 342 457 qua
362 409 396 446 ci
417 421 529 447 suum
551 410 599 447 ad
622 408 819 447 Ecclesiae
840 408 1029 446 unitatem

87 462 256 501 reditum
284 462 508 511 gratulatus
537 466 617 509 est3
659 464 919 500 Armenorum
949 461 1031 509 regi

87 518 128 554 et
141 515 302 565 reginae
315 516 426 554 varia
441 515 648 564 privilegia
663 519 702 553 et
716 526 851 552 eorum
865 514 1031 551 catholi-

86 580 131 606 co
150 581 219 607 seu
240 570 489 617 patriarchae
510 569 672 618 pallium
693 568 811 605 misit.
834 567 1027 604 Innocen-

86 621 165 660 tius
193 622 264 672 Pp.
285 622 338 661 lv
368 634 391 660 a
420 622 641 671 patriarcha
669 622 928 658 Armenorum
957 620 1027 657 lit-

85 679 192 714 teras
210 677 373 726 accepit,
393 676 587 714 maximae
607 675 645 712 in
666 674 806 712 Sedem
826 673 1027 723 Apostoli-

86 741 173 767 eam
192 730 464 768 observantiae
479 729 624 779 plenas.
641 728 747 765 Idem
767 726 948 764 Pontifex
968 737 1028 764 ac-

86 783 191 832 cepit
207 783 297 822 fidei
317 782 593 832 professionem
614 781 662 819 ab
682 781 838 830 Ignatio
858 779 1026 829 patriar-

86 837 159 874 cha
178 837 438 876 Iacobitarum
459 834 736 880 orientalium,
756 834 821 882 qui
843 832 1026 871 Pontifici

86 894 271 938 tanquam
300 901 449 927 summo
477 891 632 937 patrum
653 917 662 934 ‚
691 890 731 925 et
759 888 807 924 R.
830 886 1027 924 Ecclesiae

85 955 155 981 eeu
175 943 349 981 omnium
369 942 485 980 matri
505 941 787 985 obedientiam,
808 940 1025 978 doctrinam

85 997 131 1034 de
147 997 234 1035 Iesu
250 997 416 1042 Christo,
427 995 507 1033 Deo
523 997 563 1032 et
581 994 737 1032 homine
757 994 840 1031 sine
862 997 1026 1031 natura-

85 1061 171 1088 rum
191 1050 427 1095 confusione,
443 1049 625 1086 damnato
646 1047 882 1096 EutycIoete,
898 1046 1027 1084 fidem·

84 1114 158 1151 que
177 1115 200 1141 a
221 1104 264 1142 B.
287 1103 404 1140 Petro
423 1102 596 1151 principe
618 1100 894 1149 Apostolorum
920 1111 1028 1149 prae-

83 1157 251 1194 dicatam
267 1159 308 1194 et
323 1155 528 1194 aNieaeno
546 1155 709 1192 concilio
727 1153 926 1191 definitam
943 1164 1026 1202 pro-

83 1210 279 1256 fitebatur3
311 1209 504 1255 addebat,
533 1209 632 1246 hanc
650 1208 785 1257 ,ipsam
805 1219 887 1245 esse
907 1207 1024 1244 fidem

82 1275 239 1301 suorum
254 1263 509 1301 subditorum.
526 1262 633 1299 Alias
648 1261 802 1299 litteras
823 1272 913 1298 cum
933 1260 1023 1298 fidei

82 1316 320 1365 professione
340 1317 493 1365 accepit
511 1315 761 1353 Innocentius
777 1314 832 1351 IV
848 1327 871 1351 a
885 1314 923 1352 N
927 1321 1024 1351 esto-

81 1369 219 1415 rianis,
239 1369 307 1419 qui
325 1372 366 1407 et
387 1369 460 1418 ipsi
477 1380 591 1407 suam
615 1380 710 1416 erga
725 1368 773 1405 R.
793 1367 1023 1405 Pontificem

80 1423 340 1461 obedientiam
361 1422 559 1471 fidemque
581 1422 626 1459 de
647 1422 734 1459 Iesu
755 1421 920 1466 Christo,
942 1422 1022 1458 Deo

80 1478 121 1515 et
141 1476 296 1514 homine
313 1477 351 1514 in
369 1488 447 1514 una
462 1487 626 1525 persona
645 1475 893 1513 testabantur
908 1473 934 1512 ².

132 1530 379 1567 Innocentius
392 1530 463 1578 Pp.
474 1530 543 1574 IV,
559 1529 607 1566 ad
628 1528 864 1566 reducendos
880 1528 1022 1566 Iacobi-

81 1584 164 1627 tas,
198 1583 454 1621 Nestorianos
489 1586 528 1620 et
556 1582 820 1620 schismaticos
853 1582 1024 1621 Graecos

80 1636 130 1673 ad
150 1636 346 1674 Ecclesiae
374 1636 572 1682 unionem,
593 1647 654 1673 an.
678 1636 777 1673 1247
800 1634 905 1672 vices
933 1647 1022 1673 suas

78 1689 118 1726 in
132 1689 455 1737 Armenia,Syria
471 1692 509 1726 et
521 1689 700 1737 AEgypto
716 1688 910 1725 commisit
922 1689 1022 1726 Lau·

79 1742 204 1780 rentio
232 1754 283 1780 ex
302 1742 445 1780 Ordine
465 1742 542 1780 FF.
575 1742 783 1780 Minorum.
805 1742 889 1779 Iam
917 1753 1019 1779 anno

82 1796 183 1833 1245
210 1797 314 1834 viros
345 1796 544 1845 religiosos
574 1808 595 1833 e
628 1807 657 1833 s.
692 1795 891 1833 Francisci
918 1798 958 1832 et
990 1808 1018 1833 s.

79 1848 271 1886 Dominici
303 1849 513 1887 Ordinibus
544 1849 746 1898 legaverat
779 1848 816 1885 in
846 1850 1018 1886 remotas

76 1902 193 1940 Asiae
208 1905 338 1952 partes
358 1903 406 1940 ad
422 1902 667 1951 Mogolorum
683 1913 750 1939 seu
759 1901 1017 1939 Tartarorum

76 1955 280 2004 principes.
299 1955 546 2005 Religionem
566 1955 817 1993 christianam
836 1955 875 1992 in
897 1956 1018 2004 regio-

77 2008 190 2046 nibus
207 2009 256 2047 ad
277 2009 464 2046 orientem
497 2012 537 2046 et
556 2008 858 2058 septentrionem
880 2008 1017 2046 Persi-

77 2062 135 2100 dis
153 2062 350 2110 quondam
371 2074 394 2100 a
413 2062 658 2100 Nestorianis
677 2064 929 2110 propagatam
951 2063 1016 2100 vi-

76 2114 204 2154 dimus
223 2115 249 2154 ³.
269 2115 351 2154 Sub
370 2116 485 2154 initia
514 2116 632 2153 huius
661 2115 808 2153 saeculi
836 2116 1016 2163 regiones

75 2168 169 2206 istas
188 2168 304 2217 longe
322 2169 479 2218 lateque
499 2172 742 2218 occuparunt
754 2169 900 2218 Mogoli
917 2169 1015 2206 duce

76 2221 357 2270 Chingiscbano
376 2235 443 2261 seu
464 2222 829 2272 Tehinguiz-khan,
850 2222 914 2271 qui
936 2222 1015 2260 im-

76 2275 229 2322 perium
250 2287 363 2313 suum
383 2277 421 2313 in
442 2288 595 2313 omnem
616 2276 859 2322 Tartariam,
880 2275 1014 2313 Persi-

78 2327 166 2364 dem
193 2330 233 2365 et
259 2328 297 2366 in
326 2329 439 2367 Sinas
469 2341 588 2378 usque
618 2329 816 2374 extendit,
845 2329 1015 2378 obiitque

76 2392 138 2418 an.
161 2380 273 2419 1227.
294 2382 387 2420 Eius
415 2382 486 2420 filii
513 2384 562 2420 ab
591 2383 841 2420 extremitate
868 2383 1014 2420 Coreae

77 2445 197 2483 usque
224 2434 273 2471 ad
302 2435 485 2474 Russiam
515 2439 554 2474 et
574 2435 778 2473 Poloniam
807 2436 1014 2485 imperium

73 2487 333 2536 protulerunt.
351 2489 511 2526 Interim
528 2489 702 2538 plerique
721 2489 915 2538 principes
934 2489 1014 2527 Mo-

73 2540 172 2589 goli,
200 2541 429 2589 praesertim
457 2543 598 2579 summi
628 2554 764 2579 eorum
793 2542 914 2580 khani
944 2555 1010 2581 seu

71 2593 340 2642 imperatores,
361 2595 400 2631 in
419 2596 534 2633 terris
553 2596 633 2634 suis
653 2595 890 2633 Christianos
911 2596 1011 2634 tole-

72 2650 226 2693 rarunt3
243 2647 319 2685 FF.
339 2648 633 2687 Praedicatores
654 2654 694 2686 et
713 2648 896 2695 Minores,
917 2662 1011 2698 quos

72 2699 319 2738 Innocentius
346 2701 400 2737 IV
430 2705 470 2738 et
496 2701 562 2738 alii
590 2703 770 2750 deinceps
799 2702 1011 2741 Pontifices

71 2753 119 2790 ad
136 2765 200 2803 eos
217 2754 481 2800 destinarunt,
497 2755 639 2802 passim
654 2756 750 2792 bene
768 2755 1010 2803 habuerunt3

73 2806 246 2844 nonnulli
263 2807 382 2844 etiam
398 2807 633 2856 baptismum
651 2811 918 2857 susceperunt.
929 2809 1011 2847 Piis

70 2859 398 2898 missionariorum
418 2861 696 2898 catholicorum
713 2861 913 2900 conatibus
932 2863 1011 2911 plu-

71 2912 213 2950 rimum
235 2914 441 2951 obstabant
461 2914 608 2951 invidia
627 2914 951 2952 Nestorianorum
971 2920 1011 2953 et

70 2965 335 3005 inhumanitas
356 2970 472 3016 atquo
500 2967 764 3005 indifferentia
792 2968 1008 3017 principum

110 3077 119 3099 ¹
135 3079 223 3118 Apud
250 3081 286 3111 Μ.
317 3080 414 3110 Paris.
428 3078 507 3110 Ilist.
536 3078 631 3119 Anyl.
659 3078 699 3109 ad
726 3087 775 3109 an.
795 3077 891 3118 12373
919 3082 1003 3123 Ray-

69 3119 150 3151 nald.
162 3121 201 3152 ad
217 3130 263 3152 an.
283 3120 370 3152 1237.

108 3160 124 3182 ²
137 3162 284 3201 Raynald.
302 3163 341 3193 ad
358 3172 407 3193 an.
425 3161 516 3199 1238,
534 3160 621 3200 1239,
640 3160 728 3192 1247.

109 3202 125 3225 3
138 3203 263 3244 Legesis
279 3208 301 3236 t.
316 3204 340 3243 1,
356 3214 385 3245 p.
401 3203 470 3243 256,
486 3213 541 3236 nec
556 3213 615 3236 non
632 3213 660 3244 p.
677 3203 717 3235 35
732 3203 788 3235 vol.
806 3204 904 3236 huius.

1922 126 1973 165 67

1077 197 1332 236 barbarorum
1344 201 1533 248 quantum
1545 199 1593 238 ad
1611 199 1808 250 religionis
1824 202 2023 252 negotium
2072 195 2082 209 ’

1075 251 1291 299 spectabat.
1321 251 1584 291 Nihilominus
1611 257 1698 303 post
1729 255 1874 293 saeculi
1906 256 2022 295 huius

1076 303 1276 342 dimidium
1307 305 1617 344 Christianorum
1657 310 1791 346 coetus
1820 308 1859 346 in
1889 308 1993 348 Sinis
2010 340 2020 358 ,

1076 357 1236 395 Perside
1251 357 1414 407 aliisque
1433 361 1658 408 regionibus
1675 361 1778 399 aucti
1795 362 2020 401 suut.10an·

1077 422 1143 448 nes
1172 411 1218 448 de
1247 411 1560 459 Montecorvino,
1576 414 1732 452 Ordinis
1749 427 1778 453 s.
1800 415 1997 454 Francisci
2011 446 2020 463 ,

1074 475 1161 500 cum
1191 464 1277 502 aliis
1296 465 1466 502 eiusdem
1488 466 1642 505 Ordinis
1661 467 1870 507 Fratribus
1899 481 1922 507 a
1941 470 2018 509 Ni-

1074 516 1182 554 colao
1204 517 1273 566 Pp.
1295 517 1349 555 IV
1370 529 1432 556 an.
1459 519 1558 557 1288
1578 520 1617 557 in
1640 522 1862 569 praedictas
1891 523 2018 562 terras

1073 569 1312 617 destinatus,
1332 570 1370 607 in
1393 571 1556 610 civitate
1576 573 1756 611 Sinarum
1792 576 2019 626 metropoli,

1072 622 1248 660 Cambali
1288 635 1390 661 nunc
1427 625 1600 663 Pechino
1613 656 1622 671 ,
1660 627 1777 673 6,ΟΟΟ
1816 629 2017 668 hominum

1072 676 1303 723 baptizavit,
1324 680 1363 714 et
1392 689 1490 716 anno
1514 679 1613 717 1307
1634 691 1656 717 a
1676 680 1874 720 Clemente
1894 683 2016 732 Pp.V

1072 726 1352 768 Cambaliensis
1377 742 1444 768 seu
1466 732 1719 771 Pechinensis
1749 735 2013 783 archiepisco-

1071 793 1142 831 pus
1161 785 1316 821 creatus
1336 783 1430 830 fuit,
1451 786 1511 822 eui
1538 785 1639 823 idern
1662 787 1847 826 Pontifex
1875 789 1900 826 7
1928 790 2014 838 epi-

1070 847 1204 884 scopos
1225 836 1491 886 suffraganeos
1520 850 1569 876 ex
1599 840 1733 877 eodem
1763 853 1792 879 s.
1813 841 2014 882 Francisci

1070 888 1214 926 Ordine
1243 889 1475 940 designavit.
1505 891 1653 930 Verum
1681 894 1730 931 ab
1759 906 1858 932 anno
1890 896 2016 943 1369,

1069 944 1153 980 tum
1174 945 1331 992 propter
1351 943 1683 983 missionariorum
1711 947 1906 986 defectum
1933 952 2016 988 tum

1068 998 1227 1045 propter
1237 1008 1378 1034 novam
1389 997 1663 1046 imperantium
1677 1000 1914 1049 dynastiam,
1929 1004 2018 1042 reli-

1068 1049 1130 1098 gio
1151 1050 1367 1088 christiana
1386 1050 1531 1089 ibidem
1552 1052 1720 1102 deperiit
1741 1051 1766 1096 ξ.

1119 1103 1181 1140 25.
1198 1103 1321 1141 Fides
1333 1110 1601 1154 propayatur
1621 1107 1668 1144 in
1685 1107 1951 1147 Marochium
1965 1132 2015 1138 —

1067 1156 1276 1204 Vigesimis
1296 1158 1409 1195 huius
1429 1158 1575 1197 saeculi
1596 1159 1707 1198 annis
1727 1161 1848 1198 etiam
1868 1162 1908 1199 in
1930 1163 2010 1202 Ma-

1066 1209 1268 1247 rochitano
1287 1210 1442 1250 Africae
1470 1224 1592 1261 regno
1630 1211 1768 1261 religio
1798 1215 2012 1255 christiana

1065 1265 1280 1312 propagata
1300 1264 1386 1302 fuit.
1407 1266 1519 1302 Anno
1545 1266 1687 1315 quippe
1709 1267 1811 1305 1220
1839 1269 2012 1318 quinque

1065 1316 1139 1353 viri
1156 1316 1329 1366 religiosi
1344 1330 1390 1355 ex
1408 1318 1552 1357 Ordine
1567 1320 1644 1358 FF.
1661 1320 1856 1359 Minorum
1873 1322 1912 1360 in
1930 1323 2012 1362 Ma-

1065 1370 1241 1408 rochium
1269 1371 1435 1420 profecti
1455 1375 1548 1410 sunt
1574 1373 1622 1410 ad
1643 1375 1873 1413 tentandam
1892 1376 2010 1415 Mau-

1064 1435 1200 1461 rorum
1219 1425 1536 1474 conversionem3
1556 1427 1734 1475 quamvis
1762 1428 1914 1467 iniuriis
1942 1430 2008 1468 af-

1064 1476 1156 1515 fecti
1176 1481 1216 1516 et
1230 1479 1344 1526 regni
1358 1479 1486 1526 eiecti,
1502 1480 1640 1517 ardore
1656 1481 1864 1529 apostolico
1880 1483 2009 1522 Evan-

1063 1530 1208 1579 gelium
1227 1531 1445 1571 infidelibus
1464 1533 1757 1582 annuntiarunt,
1772 1535 1839 1573 sed
1868 1537 2006 1576 eodem

1065 1596 1164 1621 anno
1194 1596 1328 1623 rursus
1356 1586 1583 1636 intercepti,
1613 1599 1746 1625 omnes
1774 1591 2009 1639 martyrium

1062 1638 1231 1686 perpessi
1247 1642 1337 1677 sunt
1352 1638 1378 1677 ².
1396 1640 1542 1677 Eorum
1560 1641 1738 1689 exemplo
1757 1642 1917 1681 excitati
1937 1645 2006 1682 alii

1062 1692 1085 1728 7
1103 1692 1274 1729 eiusdem
1288 1692 1442 1731 Ordinis
1458 1693 1545 1740 viri,
1561 1706 1622 1731 an.
1636 1694 1734 1732 1221
1751 1706 1901 1734 sacram
1921 1699 2010 1736 mis-

1061 1745 1207 1782 sionem
1228 1746 1276 1782 ad
1297 1746 1456 1785 Mauros
1477 1750 1739 1796 susceperunt,
1761 1749 1828 1786 sed
1850 1750 1890 1786 in
1912 1752 2006 1789 urbe

1060 1798 1178 1847 Septa
1197 1799 1389 1847 prehensi,
1406 1800 1543 1849 capitis
1564 1801 1737 1838 damnati
1753 1804 1844 1840 sunt
1856 1801 1882 1841 ³.
1903 1804 2006 1842 For-

1059 1852 1220 1889 tissimis
1239 1852 1299 1890 his
1318 1853 1428 1890 Fidei
1458 1855 1710 1902 praeconibus
1730 1860 2002 1896 successerunt

1060 1905 1312 1954 alii‚quorum
1328 1906 1523 1944 laboribus
1542 1909 1660 1956 atque
1677 1908 1883 1948 sudoribus
1898 1911 2006 1948 Chri-

1058 1959 1279 1996 stianorum
1301 1971 1484 1998 numerus
1503 1961 1558 1998 ita
1577 1963 1713 1999 auctus
1732 1965 1792 1999 est
1806 1992 1815 2009 ,
1837 1966 1879 2001 ut
1897 1964 2000 2002 Gre-

1058 2012 1191 2061 gorius
1211 2012 1281 2060 Pp.
1298 2013 1356 2050 IX
1376 2025 1477 2051 anno
1498 2014 1599 2052 1237
1619 2016 1839 2064 episcopum
1860 2029 1909 2054 ex
1931 2030 2000 2055 eo-

1059 2066 1146 2103 dem
1167 2066 1518 2104 Franciscanorum
1538 2067 1682 2106 Ordine
1710 2080 1780 2118 pro
1800 2069 2000 2109 Marochio

1059 2119 1299 2158 ordinaverit
1318 2119 1343 2158 4.

1107 2173 1170 2210 26.
1190 2173 1292 2210 Alia
1308 2173 1491 2212 Innocen
1498 2175 1551 2211 tiz·
1567 2175 1641 2224 Pp.
1656 2175 1683 2211 I
1691 2175 1727 2212 V
1734 2182 1850 2224 qesta
1864 2198 1912 2205 —
1926 2178 1999 2216 Hic

1057 2226 1240 2264 Pontifex
1272 2227 1620 2276 Congregationem
1654 2228 1976 2268 Silvestrinorum
1992 2263 2001 2279 ,

1056 2292 1116 2317 an.
1138 2279 1235 2318 1231
1260 2291 1282 2316 a
1302 2281 1345 2318 B.
1360 2280 1549 2318 Silvestre
1566 2281 1753 2319 Guzolino
1774 2284 1844 2320 sub
1863 2285 1999 2334 regula

1055 2346 1084 2371 s.
1102 2332 1303 2371 Benedicti
1319 2335 1368 2372 ad
1383 2333 1693 2372 Montemfanum
1713 2335 1751 2372 in
1769 2336 1912 2374 Piceno
1932 2338 1994 2375 in-

1054 2387 1253 2435 stitutam,
1272 2389 1310 2425 et
1331 2387 1514 2426 Ordinem
1533 2388 1747 2425 Servorum
1767 2391 1810 2427 B.
1830 2391 1877 2428 V.
1899 2391 1950 2428 M.
1972 2403 1996 2428 a

1053 2442 1201 2489 septem
1221 2442 1316 2480 viris
1336 2441 1592 2488 Florentinis,
1612 2454 1752 2490 genere
1781 2455 1826 2480 ac
1845 2443 1992 2492 pietate

1052 2493 1170 2533 claris
1184 2524 1193 2541 ,
1213 2508 1273 2533 an.
1299 2495 1398 2533 1233
1424 2495 1495 2532 sub
1515 2495 1654 2543 regula
1673 2507 1702 2532 s,
1724 2496 1931 2544 Augustini
1952 2498 1992 2534 in

1051 2551 1182 2586 monte
1202 2548 1360 2587 Senario
1377 2550 1569 2596 coeptum,
1584 2549 1826 2596 approbavit.
1844 2550 1991 2588 Ratum

1051 2612 1134 2638 esse
1154 2603 1278 2640 voluit
1298 2603 1357 2639 ius
1371 2613 1594 2639 concessum
1612 2602 1660 2637 ab
1674 2601 1873 2639 Hadriano
1890 2603 1926 2640 ΙΙ
1952 2607 1992 2642 et

1051 2655 1194 2692 Ioanne
1215 2656 1318 2694 'VIII
1346 2654 1568 2692 celabrandi
1598 2654 1757 2692 Missam
1786 2655 1986 2693 Officium-

1051 2720 1123 2756 que
1143 2708 1475 2757 divinum-lingua
1493 2707 1721 2744 Sclavenica
1738 2706 1763 2744 ⁵.
1787 2709 1989 2757 Providit,

1050 2765 1093 2799 ut
1112 2762 1261 2800 Romae
1290 2762 1441 2810 vigeret
1469 2760 1638 2797 studium
1667 2759 1763 2797 iuris
1783 2761 1925 2808 Divini,
1945 2766 1985 2801 et

1050 2815 1223 2861 humani,
1243 2814 1426 2853 Can01rici
1446 2813 1638 2859 videlicet,
1659 2815 1698 2850 et
1717 2813 1842 2852 civilis
1854 2813 1880 2853 ⁶.
1902 2815 1983 2854 Iam

1088 2918 1099 2939 ¹
1117 2919 1277 2949 Assemani
1298 2917 1449 2949 Bibliolh.
1473 2917 1583 2948 orient.
1608 2921 1627 2948 t.
1650 2918 1709 2957 111;
1733 2919 1894 2960 Waddfflg,
1913 2919 1977 2952 An-

1048 2959 1136 2991 nales
1152 2959 1210 2991 FF.
1227 2959 1356 2996 illinon,
1376 2959 1546 2996 Renaudot,
1563 2958 1734 2991 Relations
1751 2961 1930 2993 anciennes.

1088 3001 1101 3023 ‘2
1117 3001 1255 3032 Bolland.
1272 3002 1352 3031 Acta
1367 3010 1405 3030 ss.
1424 3001 1462 3032 16
1481 3001 1540 3031 ian.

1088 3043 1102 3065 3
1117 3043 1192 3073 lbid.
1207 3042 1244 3072 '13
1260 3046 1318 3072 oct.

1087 3085 1100 3106 4
1117 3082 1266 3122 Raynald.
1284 3083 1322 3113 ad
1339 3091 1388 3112 an.
1407 3082 1494 3113 1237.

1087 3126 1101 3147 5
1119 3125 1319 3195 Vid711igant.
1338 3123 1372 3154 in
1388 3122 1542 3164 Requlam
1556 3123 1596 3156 20
1614 3123 1836 3158 Cancellariae
1857 3130 1878 3159 t.
1894 3128 1930 3167 ΙΙ,
1948 3138 1979 3170 p.

1044 3167 1116 3203 205,
1132 3175 1160 3197 n.
1198 3166 1215 3195 (j
1233 3175 1261 3196 ss
1273 3174 1300 3196 s.

1084 3208 1098 3230 G
1113 3208 1186 3247 Cap.
1204 3174 1338 3238 clarifice
1351 3205 1464 3238 divers.
1479 3206 1498 3238 2
1514 3206 1552 3239 de
1569 3207 1730 3249 Privicey.
1744 3209 1775 3240 in
1792 3209 1820 3240 6.

1806 3267 1823 3279 ..-
