2241 3473
192 82 270 120 188

141 157 182 193 et
203 155 242 192 in
257 157 422 193 tonsura
442 155 612 194 clericali
632 166 782 192 morem
803 154 1002 201 ritumque
1022 165 1104 190 sec-

137 208 328 246 tabantur
362 220 385 245 a
415 209 621 246 Romanae
641 207 886 254 aliarumque
916 206 1102 243 ecclesia-

137 272 227 297 rum
247 261 328 297 ritu
350 261 562 305 diversum,
583 271 712 308 quem,
738 258 833 295 licet
852 259 1008 307 saepius
1029 270 1104 295 mo-

137 313 222 359 niti,
256 313 452 350 dimittere
494 313 766 350 detrectarunt
798 312 933 357 donec,
955 312 1103 359 praedi-

136 365 314 402 cantibus
331 365 577 412 potissimum
593 365 826 401 Adamnono
846 368 886 401 et
903 363 1101 401 Geolfrido

136 417 356 463 abbatibus,
376 429 556 455 romanos
578 417 677 454 ritus
697 419 954 466 susceperunt
976 416 1002 453 ¹.

191 471 254 507 44.
276 469 454 506 Ioannes
479 470 539 507 VI
554 471 755 519 Pontifex
775 469 861 520 (an.
878 467 974 518 701)
991 491 1042 496 —
1061 468 1100 506 S.

138 523 278 570 Sergio
299 522 370 570 Pp.
393 522 430 567 I,
450 526 538 571 post
565 522 819 571 pontificatus
845 533 966 559 annos
988 522 1038 559 13
1062 524 1101 558 et

135 586 288 612 menses
304 574 386 612 fere
403 574 442 619 9,
457 575 537 612 V11⁰
559 576 646 613 idus
667 576 840 624 sept.70l
859 575 944 612 vita
955 574 1100 620 functo,

135 626 179 663 v⁰
192 627 272 664 kal.
286 639 375 665 nov.
388 627 569 666 eiusdem
589 628 681 666 anni
701 629 888 666 suffectus
904 627 978 664 fuit
990 628 1100 664 Ioan-

136 692 203 717 nes
219 679 289 725 VI,
306 680 501 728 Graecus,
518 681 583 730 qui
599 681 700 719 sedit
720 683 745 720 3
765 681 878 719 annis
899 682 940 718 et
965 681 990 718 3
1016 678 1100 717 fere

135 732 341 770 mensibus.

190 785 265 822 Ubi
301 788 434 824 autem
463 786 644 825 Tiberius
664 787 907 832 Absimarus,
928 785 1101 834 impera-

135 840 198 876 tor
226 850 405 887 graecus,
435 840 592 877 Ioannis
626 839 856 877 electionem
890 838 1100 888 cognovit,

138 891 483 940 Theophylactum
517 893 732 930 exarchum
763 894 932 930 Romam
966 891 1099 938 misit,

136 947 180 982 ut
200 944 382 982 Pontifici
403 945 602 993 negotium
622 945 847 992 facesseret3
866 956 984 993 quam
1005 955 1100 981 vero

135 998 183 1034 ob
217 1008 386 1044 causam,
414 998 626 1047 scriptores
646 1010 723 1036 non
744 998 1005 1036 tradiderunt.
1026 998 1101 1034 Ve-

136 1062 225 1087 rum
255 1051 453 1088 exercitus
487 1051 651 1096 Italiae,
685 1052 750 1100 qui
787 1052 826 1088 in
860 1051 976 1088 simili
1006 1061 1099 1087 casu

134 1103 207 1140 sub
246 1103 461 1140 Iustiniano
491 1103 719 1142 defenderat
739 1105 921 1153 Sergium
942 1104 978 1149 I,
998 1103 1098 1152 pari-

134 1158 197 1193 ter
216 1155 389 1194 defendit
409 1157 593 1194 Ioannem
613 1157 681 1203 VI,
698 1157 755 1195 ita
776 1160 819 1195 ut
839 1169 995 1194 necesse
1011 1156 1098 1193 fue-

134 1208 199 1254 rit,
220 1209 424 1247 Pontificis
450 1210 557 1247 iussu
578 1210 723 1247 milites
745 1210 913 1256 excludi,
935 1222 982 1247 ne
996 1210 1096 1258 quod

134 1261 286 1299 facinus
315 1262 355 1299 in
375 1263 591 1300 exarchum
612 1263 916 1300 committerent.
941 1263 1002 1300 Ita
1013 1275 1097 1311 pra-

134 1314 195 1351 vis
227 1314 398 1363 ipsorum
427 1316 709 1364 imperatorum
734 1316 873 1354 studiis
893 1319 933 1353 et
953 1316 1098 1353 machi-

135 1367 358 1405 nationibus
379 1369 556 1418 contigit,
574 1372 618 1406 ut
633 1381 766 1406 eorum
783 1372 822 1406 et
833 1369 1095 1406 exarchorum

135 1420 352 1458 auctoritas
386 1421 568 1469 viresque
602 1422 641 1458 in
662 1422 777 1459 Italia
805 1422 931 1471 magis
957 1422 1098 1470 magis-

135 1485 209 1521 que
231 1474 467 1522 deperirent3
489 1475 577 1512 RR.
599 1487 692 1512 vero
712 1475 952 1513 Pontificum
968 1477 1097 1512 aucto-

134 1526 234 1564 ritas
262 1530 490 1575 augeretur,
520 1528 577 1565 ita
605 1531 649 1565 ut
675 1528 823 1565 milites
844 1528 1011 1565 mallent
1026 1539 1096 1576 pro

133 1579 258 1616 salute
270 1580 507 1617 Pontificum
527 1580 567 1617 in
579 1580 785 1618 discrimen
803 1581 957 1625 adduci,
979 1592 1095 1629 quam

133 1644 198 1669 eos
214 1632 434 1670 indefensos
451 1633 693 1670 Graecorum
709 1634 890 1671 manibus
906 1633 1096 1681 relinque-

134 1697 190 1723 re.
212 1685 264 1722 At
283 1685 343 1722 his
364 1686 566 1724 favoribus
587 1686 800 1724 Pontifices
820 1699 861 1724 se
891 1699 966 1724 non
986 1689 1095 1724 extu·

134 1738 279 1784 lerunt,
294 1739 360 1776 sed
375 1740 528 1788 saepius
548 1740 692 1777 milites
712 1742 1027 1788 perterruerunt,
1048 1752 1095 1777 ne

134 1792 227 1840 quid
238 1791 277 1828 in
289 1791 546 1840 imperatores
556 1795 625 1830 aut
633 1793 823 1831 exarchos
834 1792 1093 1830 molirentur?

189 1845 296 1881 Idem
316 1845 503 1883 Pontifex
525 1847 780 1894 apostolicam
802 1846 1010 1884 caritatem
1032 1858 1096 1883 ex-

134 1897 273 1946 plicuit
297 1897 336 1934 in
358 1898 597 1937 redimendis
624 1900 792 1949 captivis
806 1929 815 1946 ,
837 1912 935 1949 quos
956 1899 1091 1937 Gisul-

134 1950 234 1998 phus
254 1951 335 1988 dux
356 1951 674 1999 Beneventanus,
694 1953 734 1990 in
758 1953 1015 2002 Campaniam
1037 1953 1094 1990 in-

132 2014 306 2049 cursans,
323 2005 554 2043 abduxerat.
578 2006 687 2043 Idem
705 2018 734 2044 s.
757 2006 1009 2052 wilfridum,
1027 2006 1094 2043 ite-

132 2067 219 2093 rum
242 2056 477 2095 Eboracensi
499 2058 591 2096 sede
612 2059 803 2105 eiectum,
824 2059 1012 2097 restituit.

187 2108 250 2146 45.
279 2109 319 2147 S.
355 2111 577 2158 IVz'Zsrz'dus
603 2123 754 2150 rursus
785 2118 964 2150 vexatur
982 2134 1034 2138 —-
1055 2112 1093 2149 S.

134 2161 349 2200 Wilfridus
375 2175 436 2200 an.
467 2164 544 2201 686
570 2164 608 2201 in
641 2165 931 2203 Eboracensem
962 2166 1094 2202 sedem

134 2215 360 2261 restitutus,
381 2219 467 2264 post
488 2229 608 2254 annos
628 2218 653 2255 5
673 2230 830 2256 rursum
851 2230 898 2256 ca
918 2219 1095 2267 privatus

134 2270 204 2305 est.
227 2267 439 2315 Alcfridus,
458 2269 767 2308 Nor-thumbriae
788 2283 869 2318 rex,
892 2272 940 2308 ab
961 2271 1096 2308 adver-

134 2320 250 2359 sariis
279 2322 401 2359 sancti
423 2323 612 2370 praesulis
633 2323 830 2361 excitatus
845 2354 854 2370 ,
881 2325 1094 2361 constitue-

134 2376 198 2411 rat
211 2403 220 2419 ,
260 2376 304 2412 ut
344 2375 624 2413 monasterium
664 2376 836 2425 Ripense
880 2377 1095 2426 possessio-

135 2427 249 2464 nibus
270 2429 310 2464 et
330 2428 542 2466 territoriis
563 2429 642 2466 suis
663 2429 911 2477 privaretur,
931 2433 970 2467 et
989 2430 1029 2466 iu
1050 2442 1094 2467 e-

136 2480 374 2529 piscopalem
390 2481 522 2518 sedem
536 2484 886 2528 transmutaretur,
900 2487 1020 2531 utque
1037 2495 1094 2528 ca,

135 2545 235 2581 quac
256 2545 388 2582 supra,
406 2536 582 2582 tempore
603 2535 752 2572 dissidii
769 2536 874 2573 inter
894 2536 1094 2573 chridum

135 2589 175 2623 et
191 2586 438 2633 wilfridum,
455 2599 478 2625 a
498 2588 702 2625 Theodoro
719 2588 996 2626 Cantuaricnsi
1018 2589 1095 2626 fuc-

133 2640 627 2686 rantdccreta,cxecutioni
642 2639 1091 2683 mandarentur³.Quum

134 2691 194 2729 his
233 2693 423 2730 assentire
452 2693 572 2731 nollet
605 2694 841 2739 wilfridus,
875 2706 976 2731 anno
1015 2694 1089 2731 691

136 2744 278 2782 iterum
301 2758 321 2783 e
342 2747 432 2783 scdc
452 2759 525 2784 sua
546 2747 698 2795 pulsus,
718 2748 877 2785 secessit
897 2748 943 2784 ad
967 2748 1095 2784 Ethel-

135 2798 270 2835 rcdum
301 2810 435 2846 regem
459 2800 694 2837 Morciorum
709 2829 718 2847 ,
738 2813 762 2838 a
789 2813 863 2849 quo
884 2800 1092 2838 honorifico

134 2853 324 2899 exceptus
345 2852 431 2890 suit.
452 2854 524 2890 An.
544 2854 621 2891 702
641 2853 841 2891 Alcfridus
870 2865 941 2892 rex
960 2854 1094 2891 Bcrtli-

134 2904 307 2941 waldum
337 2906 674 2956 archiepiscopum
702 2907 1021 2946 Cantuaricnscm
1047 2919 1092 2945 a-

176 3022 185 3042 ¹
205 3022 301 3058 Beda,
319 3022 404 3053 Hist.
422 3023 440 3053 Ι.
459 3023 496 3059 V;
513 3023 622 3054 nacon.
642 3024 680 3055 ad
698 3033 747 3055 nn.
764 3024 834 3055 ssot).

136 3062 190 3133 „02¹¹
204 3065 348 3096 Anastas.
375 3063 428 3096 rit.
454 3063 518 3096 lm.
544 3065 615 3102 Ρ[’.,
632 3065 662 3096 in
680 3065 770 3097 loun.
797 3065 846 3104 Vl;
864 3065 1026 3098 Baream]
1043 3074 1091 3097 an.

140 3115 188 3167 ’δ
200 3129 241 3176 'cs
255 3155 281 3185 p.
302 3145 367 3177 180.

666 94 826 120 EPOCHA
853 94 892 120 V.
922 92 950 119 A
977 89 1351 119 PSEVDOPROPHETA
1379 88 1583 117 MAHOMET

1144 151 1293 201 liosque
1312 151 1512 200 episcopos
1536 151 1771 190 convocavit
1785 151 2097 190 Nesterfieldam.

1145 205 1325 253 Rogatus
1346 204 1464 241 etiam
1491 205 1540 242 ad
1559 205 1752 253 synodum
1776 204 1852 242 fuit
1872 204 2099 250 Wilfridus,

1145 257 1260 305 eique
1289 257 1534 306 promissum,
1567 268 1727 295 causam
1764 257 1848 303 eius
1883 259 2098 295 secundum

1146 321 1312 348 canones
1332 310 1591 347 dirimendam
1610 309 1704 348 fore.
1727 309 1781 347 At
1807 322 1918 347 secus
1948 310 2099 348 factum

1144 364 1216 400 est.
1246 362 1448 400 Praesulis
1475 362 1692 400 adversarii
1724 362 1757 398 ei
1787 363 1913 400 multa
1942 363 2099 401 obiece-

1145 417 1260 461 runt,
1280 427 1382 464 quae
1416 416 1448 453 is
1474 415 1631 453 fortiter
1660 414 1909 462 confutavit3
1930 427 2099 464 cumque

1145 469 1342 505 sententia
1371 471 1508 506 contra
1535 480 1625 505 eum
1654 467 1945 516 postularetur,
1964 469 1998 506 is
2023 469 2098 506 Se-

1145 520 1231 557 dem
1261 521 1528 570 Apostolicam
1558 520 1794 569 appellavit,
1816 523 1856 558 et
1885 523 2100 559 conventus

1145 573 1297 611 solutus
1317 576 1386 612 est.
1403 574 1480 611 Ubi
1500 586 1529 611 s.
1548 573 1761 612 Wilfridus
1780 573 1939 622 eiusque
1955 575 2100 611 adver-

1145 626 1338 663 sariorum
1360 627 1482 676 legati
1512 628 1678 664 Romam
1698 627 1917 672 venerunt,
1936 626 2102 664 Ioannes

1143 678 1215 727 Pp.
1231 679 1288 716 VI
1303 681 1499 728 synodum
1519 680 1660 729 coegit,
1675 679 1715 716 in
1732 690 1811 727 qua
1826 681 1996 727 utraque
2015 690 2100 727 par-

1143 733 1183 768 te
1205 732 1354 779 audita,
1374 733 1611 770 sententiam
1631 732 1846 770 secundum
1865 731 2100 769 Wilfridum

1146 784 1268 830 dixit,
1289 797 1380 822 eum
1401 786 1449 823 ab
1478 786 1657 824 omnibus
1671 815 1680 832 ,
1700 795 1867 833 quorum
1893 784 2102 822 incusaba-

1144 839 1230 884 tur,
1251 838 1440 885 absolvit,
1462 838 1701 876 Eboracensi
1722 837 1804 875 sedi
1831 837 2016 883 restituit,
2035 837 2100 874 lit-

1143 891 1319 939 terisque
1340 892 1670 929 commendatitiis
1691 891 1740 928 ad
1759 889 1979 928 Alcfridum
1997 890 2102 928 Nor-

1143 944 1419 981 thumbrorum
1446 947 1487 982 et
1506 944 1765 982 Ethelredum
1784 943 2026 981 Merciorum
2045 954 2102 980 re·

1144 1008 1211 1045 ges
1230 997 1413 1034 munivit.
1435 998 1680 1045 Apostolicae
1696 996 1809 1034 Sedis
1825 996 2021 1034 sententia
2035 1007 2099 1033 an.

1143 1049 1220 1087 705
1235 1049 1273 1086 in
1291 1051 1440 1099 synodo
1461 1050 1643 1088 Niddana
1662 1050 1738 1087 fuit
1752 1049 1973 1086 executioni
1993 1060 2102 1086 man-

1143 1102 1236 1140 data
1265 1106 1305 1140 et
1330 1104 1540 1141 concordia
1565 1103 1733 1140 firmata.
1757 1102 1862 1140 Obiit
1888 1114 1918 1140 s.
1941 1101 2100 1140 Wilfri-

1143 1156 1215 1193 dus
1236 1167 1296 1193 an.
1319 1156 1396 1193 709
1419 1154 1442 1194 ¹.

1196 1208 1258 1247 46.
1282 1210 1463 1247 Ioannes
1488 1210 1582 1253 VII,
1605 1206 1837 1254 Sz‘sz'nhz‘us,
1864 1208 2101 1246 Constanti-

1143 1274 1238 1309 nus,
1259 1263 1484 1311 Pontifices
1506 1263 1711 1299 —Ioanne
1732 1262 1810 1308 VI,
1840 1260 1884 1298 v⁰
1906 1261 1996 1298 idus
2022 1260 2100 1298 ian.

1143 1314 1222 1352 705
1243 1315 1442 1361 defuncto,
1458 1316 1507 1353 ad
1523 1315 1724 1353 Ecclesiae
1748 1314 2023 1363 pontificatum
2051 1326 2101 1351 e-

1143 1370 1281 1405 vectus
1302 1373 1361 1405 est
1390 1369 1555 1406 Ioannes
1575 1368 1668 1413 VII,
1695 1368 1892 1413 Graecus,
1921 1367 1988 1415 qui
2017 1366 2099 1406 kal.

1141 1424 1257 1459 mart.
1274 1421 1392 1458 huius
1412 1423 1502 1459 anni
1524 1421 1712 1459 Pontifex
1731 1420 1872 1466 factus,
1902 1420 2012 1457 Petri
2042 1431 2102 1457 ca·

1141 1474 1335 1520 thedram,
1355 1475 1566 1523 occupavit
1584 1476 1609 1512 2
1627 1474 1739 1512 annis
1759 1475 1800 1510 et
1819 1474 1843 1509 7
1864 1473 2073 1510 mensibus.

1195 1527 1257 1564 Ad
1277 1528 1380 1564 hunc
1401 1527 1634 1565 Pontificem
1664 1526 1904 1564 Iustinianus
1931 1525 2101 1576 impera-

1140 1581 1216 1626 tor,
1237 1591 1298 1617 an.
1321 1580 1399 1617 705
1419 1592 1491 1628 ope
1513 1580 1673 1617 Tribelli
1695 1579 1964 1628 Bulgarorum
1983 1580 2101 1628 regis,

1141 1632 1179 1669 in
1201 1632 1340 1670 solium
1363 1633 1581 1680 restitutus,
1598 1634 1696 1670 duos
1713 1631 2035 1680 metropolitanos
2050 1632 2101 1669 le-

1143 1685 1254 1733 gavit
1269 1686 1524 1734 postulatum,
1543 1690 1587 1724 ut
1607 1688 1742 1724 coacta
1762 1684 1912 1734 synodo
1932 1696 2102 1722 canones

1139 1738 1348 1776 Trullanos
1369 1741 1681 1789 recognosceret,
1701 1741 1741 1776 et
1760 1738 1808 1776 iis
1822 1767 1831 1784 ,
1852 1749 1947 1786 quos
1968 1738 2098 1776 Eccle-

1139 1792 1220 1830 siae
1242 1792 1444 1830 doctrinae
1465 1797 1534 1830 aut
1559 1792 1790 1840 disciplinae
1817 1791 2004 1829 adversos
2032 1802 2099 1828 re-

1139 1845 1323 1893 perisset,
1358 1845 1512 1883 reiectis
1529 1875 1537 1891 ,
1568 1848 1748 1883 caeteros
1769 1843 2008 1882 auctoritate
2027 1856 2098 1882 sua

1138 1899 1400 1937 confirmaret.
1422 1899 1476 1936 At
1504 1900 1669 1937 Ioannes
1690 1898 1766 1935 VII
1799 1908 1882 1934 rem
1911 1896 2100 1935 infectam

1139 1951 1311 2000 reliquit,
1331 1963 1580 2001 canonesque
1600 1953 1695 1990 istos
1716 1962 1841 1999 neque
1863 1951 2098 1998 approbatos

1138 2016 1262 2053 neque
1292 2005 1550 2053 improbatos,
1580 2017 1651 2054 per
1678 2004 1835 2042 eosdem
1863 2002 2017 2051 legatos
2047 2004 2096 2041 ad

1136 2057 1416 2107 imperatorem
1436 2058 1598 2096 remisit.
1630 2058 1718 2100 Qua
1756 2058 1797 2094 in
1830 2068 1874 2095 re
1894 2055 2096 2094 Pontifiex

1137 2111 1185 2148 ab
1206 2111 1412 2148 Anastasio
1429 2112 1724 2149 bibliothecario
1744 2107 1890 2148 infirmi
1908 2120 1977 2147 seu
1994 2109 2095 2147 timi-

1137 2164 1173 2201 di
1195 2164 1314 2201 animi
1336 2165 1541 2213 arguitur,
1562 2165 1663 2214 quod
1694 2176 1862 2203 canones
1892 2161 1988 2200 istos
2019 2174 2094 2200 non

1136 2217 1369 2266 improbarit
1385 2220 1453 2256 aut
1467 2218 1608 2255 saltem
1623 2218 1851 2267 illegitimos
1866 2229 1890 2255 a
1906 2214 2095 2265 legitimis

1138 2282 1212 2307 non
1235 2270 1491 2319 dispunxerit
1511 2269 1537 2308 ².

1191 2323 1271 2360 Sub
1292 2323 1427 2360 codem
1451 2322 1644 2360 Pontifice
1666 2324 1888 2373 Aripcrtus,
1907 2336 1979 2362 rex
2001 2322 2101 2360 Lon·

1137 2376 1424 2424 gobardorum,
1452 2376 1732 2424 patrimonium
1763 2377 1923 2426 Alpium
1944 2375 2098 2415 Cottia-

1143 2440 1246 2475 rum,
1269 2429 1409 2477 quibus
1430 2430 1569 2466 Genua
1590 2432 1629 2466 et
1650 2432 1733 2467 tota
1755 2430 1840 2468 eius
1860 2443 1929 2468 ora
1947 2427 2099 2467 mariti-

1142 2493 1206 2518 ma
1229 2493 1351 2530 usque
1372 2483 1419 2519 ad
1440 2482 1537 2520 fines
1559 2482 1711 2520 Galliac
1732 2484 2046 2528 continebantur,
2061 2482 2102 2518 et

1142 2546 1240 2582 quae
1258 2536 1453 2583 quondam
1475 2535 1523 2572 ad
1545 2535 1603 2572 ius
1619 2537 1866 2584 Apostolicae
1887 2536 1999 2574 Sedis
2020 2544 2102 2582 per-

1138 2588 1367 2634 tinuerant,
1388 2589 1454 2625 scd
1476 2600 1498 2625 a
1519 2588 1788 2637 Longobardis
1808 2589 1966 2627 fuerant
1985 2587 2100 2626 abla-

1138 2644 1223 2686 tac,
1245 2641 1280 2677 ei
1302 2641 1497 2687 restituit,
1520 2641 1697 2690 hancque
1717 2643 2007 2681 restitutionem
2034 2651 2101 2677 au-

1138 2693 1212 2730 reis
1234 2693 1420 2742 scriptam
1443 2694 1585 2731 littoris
1605 2725 1613 2741 ,
1634 2696 1803 2733 Romam
1824 2695 1968 2733 direxit
1988 2692 2012 2732 ³.

1190 2747 1423 2784 Huiusmodi
1463 2749 1703 2796 patrimonia
1736 2761 1804 2786 seu
1834 2746 2097 2797 possessiones

1137 2800 1317 2836 Romana
1337 2800 1519 2840 ccclesia.
1545 2813 1619 2837 non
1642 2803 1798 2839 tantum
1818 2802 1858 2838 in
1879 2801 2009 2846 Italia,
2030 2799 2098 2836 sed

1138 2852 1177 2888 in
1201 2854 1380 2889 omnibus
1400 2853 1480 2892 fcrc
1497 2854 1700 2892 christiani
1716 2855 1820 2892 orbis
1843 2853 2021 2904 partibus
2036 2852 2102 2890 ha·

1181 2981 1189 3001 ¹
1216 2981 1283 3013 Vita
1301 2981 1488 3021 &wilfi-isli,
1506 2983 1588 3022 apud
1607 2981 1763 3019 mabillon,
1776 2980 1863 3013 Sacc.
1880 2979 1928 3013 11³
1938 2979 2099 3012 Benedici.

1137 3027 1214 3063 part.
1236 3025 1253 3056 1:
1274 3025 1357 3063 vagi,
1377 3024 1495 3055 Crimen
1509 3025 1546 3054 :ul
1565 3034 1613 3054 an,
1632 3024 1702 3059 1392,
1721 3023 1779 3053 702>
1796 3027 1824 3053 ct
1842 3022 1910 3053 705.

1178 3066 1191 3084 ·-’
1209 3067 1236 3094 (2.
1258 3065 1651 3106 Lupus.D1.s·s.‹lesyno‹lo
1671 3063 1780 3100 Trull;
1796 3065 1906 3094 Baron.
1922 3063 1961 3093 ad
1975 3061 2098 3093 an.705.

1176 3106 1189 3124 ³*
1205 3107 1295 3142 Ιιυιιιι,
1316 3106 1653 3145 (21:1·011.:u1.an.708;
1671 3106 1754 3137 Paul.
1774 3105 1899 3136 Diacon.
1921 3103 2000 3136 nist.
2020 3103 2100 3136 Lon-

1134 3146 1265 3187 (Joburtl.
1285 3148 1302 3178 Ι.
1321 3149 1367 3185 Π,
1385 3158 1410 3178 c.
1428 3148 1478 3179 22⁸.
