<?xml version="1.0" encoding="UTF-8"?>
<!DOCTYPE html PUBLIC "-//W3C//DTD XHTML 1.0 Transitional//EN"
    "http://www.w3.org/TR/xhtml1/DTD/xhtml1-transitional.dtd">
<html xmlns="http://www.w3.org/1999/xhtml" xml:lang="en" lang="en">
 <head>
  <title>
</title>
<meta http-equiv="Content-Type" content="text/html;charset=utf-8" />
  <meta name='ocr-system' content='tesseract 3.04.00' />
  <meta name='ocr-capabilities' content='ocr_page ocr_carea ocr_par ocr_line ocrx_word'/>
</head>
<body>
  <div class='ocr_page' id='page_1' title='image "./historiaeecclesi01wout_0259.png"; bbox 0 0 2241 3473; ppageno 0'>
   <div class='ocr_carea' id='block_1_1' title="bbox 573 122 1482 156">
    <p class='ocr_par' dir='ltr' id='par_1_1' title="bbox 573 122 1482 156">
     <span class='ocr_line' id='line_1_1' title="bbox 573 122 1482 156; baseline -0.001 -5"><span class='ocrx_word' id='word_1_1' title='bbox 573 125 700 156; x_wconf 74' lang='lat' dir='ltr'>stVE</span> <span class='ocrx_word' id='word_1_2' title='bbox 728 125 781 152; x_wconf 71' lang='lat' dir='ltr'>AD</span> <span class='ocrx_word' id='word_1_3' title='bbox 810 122 1109 151; x_wconf 76' lang='lat' dir='ltr'>PONTIFICATVM</span> <span class='ocrx_word' id='word_1_4' title='bbox 1137 123 1168 150; x_wconf 89' lang='lat' dir='ltr'>S.</span> <span class='ocrx_word' id='word_1_5' title='bbox 1190 123 1383 150; x_wconf 81' lang='lat' dir='ltr'>GREGORII</span> <span class='ocrx_word' id='word_1_6' title='bbox 1413 124 1482 150; x_wconf 80' lang='lat' dir='ltr'>vn.</span> 
     </span>
    </p>
   </div>
   <div class='ocr_carea' id='block_1_2' title="bbox 79 186 1037 1647">
    <p class='ocr_par' dir='ltr' id='par_1_2' title="bbox 79 186 1025 343">
     <span class='ocr_line' id='line_1_2' title="bbox 79 186 1022 234; baseline -0.006 -6"><span class='ocrx_word' id='word_1_7' title='bbox 79 189 228 234; x_wconf 89' lang='lat' dir='ltr'>nensis;</span> <span class='ocrx_word' id='word_1_8' title='bbox 250 199 297 225; x_wconf 91' lang='lat' dir='ltr'>ex</span> <span class='ocrx_word' id='word_1_9' title='bbox 328 187 453 224; x_wconf 81' lang='lat' dir='ltr'>altera</span> <span class='ocrx_word' id='word_1_10' title='bbox 479 199 508 224; x_wconf 94' lang='lat' dir='ltr'>s.</span> <span class='ocrx_word' id='word_1_11' title='bbox 531 187 770 225; x_wconf 73' lang='lat' dir='ltr'>Prudentius</span> <span class='ocrx_word' id='word_1_12' title='bbox 797 186 1022 230; x_wconf 84' lang='lat' dir='ltr'>Trecensis,</span> 
     </span>
     <span class='ocr_line' id='line_1_3' title="bbox 79 239 1025 290; baseline -0.006 -10"><span class='ocrx_word' id='word_1_13' title='bbox 79 243 210 290; x_wconf 88' lang='lat' dir='ltr'><strong>Lupus</strong></span> <span class='ocrx_word' id='word_1_14' title='bbox 236 241 447 285; x_wconf 89' lang='lat' dir='ltr'>Servatus,</span> <span class='ocrx_word' id='word_1_15' title='bbox 478 240 745 286; x_wconf 71' lang='lat' dir='ltr'>Ratmmnus,</span> <span class='ocrx_word' id='word_1_16' title='bbox 775 252 804 278; x_wconf 93' lang='lat' dir='ltr'>s.</span> <span class='ocrx_word' id='word_1_17' title='bbox 825 239 1025 287; x_wconf 84' lang='lat' dir='ltr'>Remigius</span> 
     </span>
     <span class='ocr_line' id='line_1_4' title="bbox 79 292 357 343; baseline -0.018 -10"><span class='ocrx_word' id='word_1_18' title='bbox 79 292 357 343; x_wconf 82' lang='lat' dir='ltr'>Lugdunensis.</span> 
     </span>
    </p>

    <p class='ocr_par' dir='ltr' id='par_1_3' title="bbox 79 343 1037 1647">
     <span class='ocr_line' id='line_1_5' title="bbox 132 343 1025 393; baseline -0.004 -10"><span class='ocrx_word' id='word_1_19' title='bbox 132 346 191 383; x_wconf 82' lang='lat' dir='ltr'>Ex</span> <span class='ocrx_word' id='word_1_20' title='bbox 206 345 266 382; x_wconf 88' lang='lat' dir='ltr'>his</span> <span class='ocrx_word' id='word_1_21' title='bbox 282 344 534 390; x_wconf 71' lang='lat' dir='ltr'>Prudentius,</span> <span class='ocrx_word' id='word_1_22' title='bbox 548 345 748 393; x_wconf 88' lang='lat' dir='ltr'>episcopus</span> <span class='ocrx_word' id='word_1_23' title='bbox 761 344 975 388; x_wconf 90' lang='lat' dir='ltr'>Trecensis,</span> <span class='ocrx_word' id='word_1_24' title='bbox 988 343 1025 379; x_wconf 93' lang='lat' dir='ltr'>in</span> 
     </span>
     <span class='ocr_line' id='line_1_6' title="bbox 79 397 1024 436; baseline -0.005 0"><span class='ocrx_word' id='word_1_25' title='bbox 79 398 217 436; x_wconf 87' lang='lat' dir='ltr'>litteris</span> <span class='ocrx_word' id='word_1_26' title='bbox 232 397 280 434; x_wconf 89' lang='lat' dir='ltr'>ad</span> <span class='ocrx_word' id='word_1_27' title='bbox 297 398 549 436; x_wconf 83' lang='lat' dir='ltr'>Hincmarum</span> <span class='ocrx_word' id='word_1_28' title='bbox 573 399 830 435; x_wconf 81' lang='lat' dir='ltr'>Rhemensem</span> <span class='ocrx_word' id='word_1_29' title='bbox 854 400 893 432; x_wconf 86' lang='lat' dir='ltr'>et</span> <span class='ocrx_word' id='word_1_30' title='bbox 923 397 1024 433; x_wconf 83' lang='lat' dir='ltr'>Par-</span> 
     </span>
     <span class='ocr_line' id='line_1_7' title="bbox 80 447 1024 498; baseline -0.005 -10"><span class='ocrx_word' id='word_1_31' title='bbox 80 451 214 488; x_wconf 90' lang='lat' dir='ltr'>dulum</span> <span class='ocrx_word' id='word_1_32' title='bbox 243 450 541 488; x_wconf 85' lang='lat' dir='ltr'>Lauduncnsem</span> <span class='ocrx_word' id='word_1_33' title='bbox 559 449 821 498; x_wconf 81' lang='lat' dir='ltr'>propugnavit</span> <span class='ocrx_word' id='word_1_34' title='bbox 835 447 1024 495; x_wconf 84' lang='lat' dir='ltr'>duplicem</span> 
     </span>
     <span class='ocr_line' id='line_1_8' title="bbox 80 499 1026 552; baseline -0.006 -12"><span class='ocrx_word' id='word_1_35' title='bbox 80 502 471 552; x_wconf 81' lang='lat' dir='ltr'>praedestinationem</span> <span class='ocrx_word' id='word_1_36' title='bbox 491 532 500 547; x_wconf 95' lang='lat'>,</span> <span class='ocrx_word' id='word_1_37' title='bbox 523 513 657 550; x_wconf 83' lang='lat' dir='ltr'>nempe</span> <span class='ocrx_word' id='word_1_38' title='bbox 678 502 864 537; x_wconf 88' lang='lat' dir='ltr'>bonorum</span> <span class='ocrx_word' id='word_1_39' title='bbox 896 500 942 536; x_wconf 86' lang='lat' dir='ltr'>ad</span> <span class='ocrx_word' id='word_1_40' title='bbox 964 499 1026 534; x_wconf 90' lang='lat' dir='ltr'>vi-</span> 
     </span>
     <span class='ocr_line' id='line_1_9' title="bbox 79 551 1026 602; baseline -0.006 -10"><span class='ocrx_word' id='word_1_41' title='bbox 79 562 161 592; x_wconf 85' lang='lat' dir='ltr'>tam</span> <span class='ocrx_word' id='word_1_42' title='bbox 190 559 230 592; x_wconf 89' lang='lat' dir='ltr'>et</span> <span class='ocrx_word' id='word_1_43' title='bbox 261 555 448 592; x_wconf 83' lang='lat' dir='ltr'>malorum</span> <span class='ocrx_word' id='word_1_44' title='bbox 471 556 518 592; x_wconf 84' lang='lat' dir='ltr'>ad</span> <span class='ocrx_word' id='word_1_45' title='bbox 539 565 703 602; x_wconf 85' lang='lat' dir='ltr'>poenam</span> <span class='ocrx_word' id='word_1_46' title='bbox 724 555 943 597; x_wconf 82' lang='lat' dir='ltr'>aeternam3</span> <span class='ocrx_word' id='word_1_47' title='bbox 965 551 1026 587; x_wconf 87' lang='lat' dir='ltr'>di-</span> 
     </span>
     <span class='ocr_line' id='line_1_10' title="bbox 81 603 1026 655; baseline -0.007 -10"><span class='ocrx_word' id='word_1_48' title='bbox 81 607 237 655; x_wconf 82' lang='lat' dir='ltr'>xitque,</span> <span class='ocrx_word' id='word_1_49' title='bbox 259 607 384 644; x_wconf 84' lang='lat' dir='ltr'>Deum</span> <span class='ocrx_word' id='word_1_50' title='bbox 417 619 488 644; x_wconf 86' lang='lat' dir='ltr'>non</span> <span class='ocrx_word' id='word_1_51' title='bbox 511 606 611 642; x_wconf 80' lang='lat' dir='ltr'>velle</span> <span class='ocrx_word' id='word_1_52' title='bbox 632 606 805 642; x_wconf 86' lang='lat' dir='ltr'>omnium</span> <span class='ocrx_word' id='word_1_53' title='bbox 826 603 1026 640; x_wconf 90' lang='lat' dir='ltr'>hominum</span> 
     </span>
     <span class='ocr_line' id='line_1_11' title="bbox 81 656 1028 707; baseline -0.007 -10"><span class='ocrx_word' id='word_1_54' title='bbox 81 659 269 704; x_wconf 83' lang='lat' dir='ltr'>salutem,</span> <span class='ocrx_word' id='word_1_55' title='bbox 299 671 422 707; x_wconf 89' lang='lat' dir='ltr'>neque</span> <span class='ocrx_word' id='word_1_56' title='bbox 443 659 640 696; x_wconf 87' lang='lat' dir='ltr'>Christum</span> <span class='ocrx_word' id='word_1_57' title='bbox 663 669 729 705; x_wconf 88' lang='lat' dir='ltr'>pro</span> <span class='ocrx_word' id='word_1_58' title='bbox 749 656 927 693; x_wconf 87' lang='lat' dir='ltr'>omnibus</span> <span class='ocrx_word' id='word_1_59' title='bbox 947 665 1028 692; x_wconf 92' lang='lat' dir='ltr'>esse</span> 
     </span>
     <span class='ocr_line' id='line_1_12' title="bbox 82 707 1027 759; baseline -0.008 -9"><span class='ocrx_word' id='word_1_60' title='bbox 82 709 319 750; x_wconf 89' lang='lat' dir='ltr'>mortuum¹.</span> <span class='ocrx_word' id='word_1_61' title='bbox 350 713 482 759; x_wconf 84' lang='lat' dir='ltr'>Lupus</span> <span class='ocrx_word' id='word_1_62' title='bbox 511 711 712 753; x_wconf 84' lang='lat' dir='ltr'>Servatus,</span> <span class='ocrx_word' id='word_1_63' title='bbox 742 709 861 746; x_wconf 87' lang='lat' dir='ltr'>abbas</span> <span class='ocrx_word' id='word_1_64' title='bbox 882 707 1027 743; x_wconf 84' lang='lat' dir='ltr'>Ferra-</span> 
     </span>
     <span class='ocr_line' id='line_1_13' title="bbox 82 759 1030 809; baseline -0.006 -8"><span class='ocrx_word' id='word_1_65' title='bbox 82 765 212 809; x_wconf 89' lang='lat' dir='ltr'>riens.,</span> <span class='ocrx_word' id='word_1_66' title='bbox 233 764 269 800; x_wconf 91' lang='lat' dir='ltr'>in</span> <span class='ocrx_word' id='word_1_67' title='bbox 291 763 389 800; x_wconf 89' lang='lat' dir='ltr'>libro</span> <span class='ocrx_word' id='word_1_68' title='bbox 409 764 467 800; x_wconf 72' lang='lat' dir='ltr'>De</span> <span class='ocrx_word' id='word_1_69' title='bbox 489 763 620 798; x_wconf 72' lang='lat' dir='ltr'>tribus</span> <span class='ocrx_word' id='word_1_70' title='bbox 639 760 949 809; x_wconf 76' lang='lat' dir='ltr'>quaestionibus</span> <span class='ocrx_word' id='word_1_71' title='bbox 969 759 1030 795; x_wconf 89' lang='lat' dir='ltr'>de-</span> 
     </span>
     <span class='ocr_line' id='line_1_14' title="bbox 84 812 1028 860; baseline -0.006 -7"><span class='ocrx_word' id='word_1_72' title='bbox 84 816 230 860; x_wconf 84' lang='lat' dir='ltr'>fendit,</span> <span class='ocrx_word' id='word_1_73' title='bbox 251 816 426 852; x_wconf 86' lang='lat' dir='ltr'>homines</span> <span class='ocrx_word' id='word_1_74' title='bbox 446 815 482 851; x_wconf 89' lang='lat' dir='ltr'>in</span> <span class='ocrx_word' id='word_1_75' title='bbox 504 817 608 851; x_wconf 86' lang='lat' dir='ltr'>statu</span> <span class='ocrx_word' id='word_1_76' title='bbox 627 816 789 850; x_wconf 87' lang='lat' dir='ltr'>naturae</span> <span class='ocrx_word' id='word_1_77' title='bbox 806 812 936 860; x_wconf 82' lang='lat' dir='ltr'>lapsae</span> <span class='ocrx_word' id='word_1_78' title='bbox 954 823 1028 848; x_wconf 87' lang='lat' dir='ltr'>non</span> 
     </span>
     <span class='ocr_line' id='line_1_15' title="bbox 83 863 1026 912; baseline -0.007 -6"><span class='ocrx_word' id='word_1_79' title='bbox 83 880 167 906; x_wconf 88' lang='lat' dir='ltr'>esse</span> <span class='ocrx_word' id='word_1_80' title='bbox 197 869 338 904; x_wconf 83' lang='lat' dir='ltr'>liberos</span> <span class='ocrx_word' id='word_1_81' title='bbox 359 867 407 903; x_wconf 88' lang='lat' dir='ltr'>ad</span> <span class='ocrx_word' id='word_1_82' title='bbox 428 867 568 903; x_wconf 84' lang='lat' dir='ltr'>bonum</span> <span class='ocrx_word' id='word_1_83' title='bbox 583 895 592 911; x_wconf 91' lang='lat'>,</span> <span class='ocrx_word' id='word_1_84' title='bbox 615 866 683 902; x_wconf 90' lang='lat' dir='ltr'>nisi</span> <span class='ocrx_word' id='word_1_85' title='bbox 706 865 850 903; x_wconf 83' lang='lat' dir='ltr'>fuerint</span> <span class='ocrx_word' id='word_1_86' title='bbox 873 875 940 912; x_wconf 93' lang='lat' dir='ltr'>per</span> <span class='ocrx_word' id='word_1_87' title='bbox 960 863 1026 899; x_wconf 90' lang='lat' dir='ltr'>Dei</span> 
     </span>
     <span class='ocr_line' id='line_1_16' title="bbox 84 915 1032 968; baseline -0.006 -11"><span class='ocrx_word' id='word_1_88' title='bbox 84 921 252 968; x_wconf 82' lang='lat' dir='ltr'>gratiam</span> <span class='ocrx_word' id='word_1_89' title='bbox 272 919 426 956; x_wconf 87' lang='lat' dir='ltr'>liberati</span> <span class='ocrx_word' id='word_1_90' title='bbox 441 932 450 964; x_wconf 89' lang='lat'>;</span> <span class='ocrx_word' id='word_1_91' title='bbox 466 919 589 955; x_wconf 90' lang='lat' dir='ltr'>Deum</span> <span class='ocrx_word' id='word_1_92' title='bbox 610 917 796 965; x_wconf 86' lang='lat' dir='ltr'>reprobos</span> <span class='ocrx_word' id='word_1_93' title='bbox 812 915 1032 965; x_wconf 86' lang='lat' dir='ltr'>praedesti-</span> 
     </span>
     <span class='ocr_line' id='line_1_17' title="bbox 85 968 1031 1020; baseline -0.006 -11"><span class='ocrx_word' id='word_1_94' title='bbox 85 983 178 1009; x_wconf 81' lang='lat' dir='ltr'>nare</span> <span class='ocrx_word' id='word_1_95' title='bbox 199 973 246 1009; x_wconf 90' lang='lat' dir='ltr'>ad</span> <span class='ocrx_word' id='word_1_96' title='bbox 276 982 437 1020; x_wconf 85' lang='lat' dir='ltr'>poenam</span> <span class='ocrx_word' id='word_1_97' title='bbox 469 973 626 1018; x_wconf 88' lang='lat' dir='ltr'>propter</span> <span class='ocrx_word' id='word_1_98' title='bbox 655 971 816 1018; x_wconf 84' lang='lat' dir='ltr'>peccata</span> <span class='ocrx_word' id='word_1_99' title='bbox 831 998 839 1013; x_wconf 94' lang='lat'>‚</span> <span class='ocrx_word' id='word_1_100' title='bbox 860 979 961 1016; x_wconf 85' lang='lat' dir='ltr'>quae</span> <span class='ocrx_word' id='word_1_101' title='bbox 983 968 1031 1004; x_wconf 89' lang='lat' dir='ltr'>ab</span> 
     </span>
     <span class='ocr_line' id='line_1_18' title="bbox 83 1020 1029 1072; baseline -0.006 -10"><span class='ocrx_word' id='word_1_102' title='bbox 83 1025 139 1062; x_wconf 91' lang='lat' dir='ltr'>eis</span> <span class='ocrx_word' id='word_1_103' title='bbox 169 1024 290 1061; x_wconf 91' lang='lat' dir='ltr'>libere</span> <span class='ocrx_word' id='word_1_104' title='bbox 317 1023 576 1072; x_wconf 84' lang='lat' dir='ltr'>perpetranda</span> <span class='ocrx_word' id='word_1_105' title='bbox 597 1021 811 1070; x_wconf 82' lang='lat' dir='ltr'>praevidit3</span> <span class='ocrx_word' id='word_1_106' title='bbox 834 1020 1029 1058; x_wconf 82' lang='lat' dir='ltr'>Christum</span> 
     </span>
     <span class='ocr_line' id='line_1_19' title="bbox 85 1073 1033 1123; baseline -0.005 -9"><span class='ocrx_word' id='word_1_107' title='bbox 85 1088 168 1114; x_wconf 90' lang='lat' dir='ltr'>esse</span> <span class='ocrx_word' id='word_1_108' title='bbox 189 1079 386 1113; x_wconf 87' lang='lat' dir='ltr'>mortuum</span> <span class='ocrx_word' id='word_1_109' title='bbox 408 1086 477 1123; x_wconf 91' lang='lat' dir='ltr'>pro</span> <span class='ocrx_word' id='word_1_110' title='bbox 497 1075 696 1119; x_wconf 88' lang='lat' dir='ltr'>omnibus,</span> <span class='ocrx_word' id='word_1_111' title='bbox 719 1074 783 1122; x_wconf 90' lang='lat' dir='ltr'>qui</span> <span class='ocrx_word' id='word_1_112' title='bbox 805 1073 1033 1117; x_wconf 85' lang='lat' dir='ltr'>salvantur,</span> 
     </span>
     <span class='ocr_line' id='line_1_20' title="bbox 85 1127 1033 1177; baseline -0.006 -11"><span class='ocrx_word' id='word_1_113' title='bbox 85 1133 126 1166; x_wconf 89' lang='lat' dir='ltr'>et</span> <span class='ocrx_word' id='word_1_114' title='bbox 144 1128 393 1177; x_wconf 84' lang='lat' dir='ltr'>probabiliter</span> <span class='ocrx_word' id='word_1_115' title='bbox 414 1127 489 1163; x_wconf 89' lang='lat' dir='ltr'>dici</span> <span class='ocrx_word' id='word_1_116' title='bbox 511 1138 620 1174; x_wconf 88' lang='lat' dir='ltr'>posse</span> <span class='ocrx_word' id='word_1_117' title='bbox 640 1131 837 1163; x_wconf 88' lang='lat' dir='ltr'>mortuum</span> <span class='ocrx_word' id='word_1_118' title='bbox 857 1137 926 1174; x_wconf 87' lang='lat' dir='ltr'>pro</span> <span class='ocrx_word' id='word_1_119' title='bbox 947 1136 1033 1161; x_wconf 91' lang='lat' dir='ltr'>om-</span> 
     </span>
     <span class='ocr_line' id='line_1_21' title="bbox 86 1177 1035 1224; baseline -0.006 -5"><span class='ocrx_word' id='word_1_120' title='bbox 86 1181 202 1218; x_wconf 88' lang='lat' dir='ltr'>nibus</span> <span class='ocrx_word' id='word_1_121' title='bbox 221 1179 412 1218; x_wconf 88' lang='lat' dir='ltr'>fidelibus.</span> <span class='ocrx_word' id='word_1_122' title='bbox 433 1180 685 1224; x_wconf 87' lang='lat' dir='ltr'>Ratramnus,</span> <span class='ocrx_word' id='word_1_123' title='bbox 711 1179 922 1216; x_wconf 90' lang='lat' dir='ltr'>monachus</span> <span class='ocrx_word' id='word_1_124' title='bbox 941 1177 1035 1214; x_wconf 88' lang='lat' dir='ltr'>Cor-</span> 
     </span>
     <span class='ocr_line' id='line_1_22' title="bbox 86 1231 1035 1280; baseline -0.005 -10"><span class='ocrx_word' id='word_1_125' title='bbox 86 1233 276 1278; x_wconf 87' lang='lat' dir='ltr'>beiensis,</span> <span class='ocrx_word' id='word_1_126' title='bbox 304 1232 344 1268; x_wconf 91' lang='lat' dir='ltr'>in</span> <span class='ocrx_word' id='word_1_127' title='bbox 379 1232 403 1268; x_wconf 82' lang='lat'>2</span> <span class='ocrx_word' id='word_1_128' title='bbox 431 1231 541 1268; x_wconf 89' lang='lat' dir='ltr'>libris</span> <span class='ocrx_word' id='word_1_129' title='bbox 570 1231 629 1269; x_wconf 83' lang='lat' dir='ltr'>De</span> <span class='ocrx_word' id='word_1_130' title='bbox 651 1231 1035 1280; x_wconf 70' lang='lat' dir='ltr'>praedestinatione</span> 
     </span>
     <span class='ocr_line' id='line_1_23' title="bbox 89 1283 1034 1333; baseline -0.004 -10"><span class='ocrx_word' id='word_1_131' title='bbox 89 1285 244 1324; x_wconf 87' lang='lat' dir='ltr'>admisit</span> <span class='ocrx_word' id='word_1_132' title='bbox 263 1285 380 1321; x_wconf 89' lang='lat' dir='ltr'>etiam</span> <span class='ocrx_word' id='word_1_133' title='bbox 404 1284 599 1332; x_wconf 87' lang='lat' dir='ltr'>geminam</span> <span class='ocrx_word' id='word_1_134' title='bbox 619 1283 1034 1333; x_wconf 79' lang='lat' dir='ltr'>praedestinationem,</span> 
     </span>
     <span class='ocr_line' id='line_1_24' title="bbox 90 1336 1034 1386; baseline -0.005 -11"><span class='ocrx_word' id='word_1_135' title='bbox 90 1348 207 1375; x_wconf 86' lang='lat' dir='ltr'>unam</span> <span class='ocrx_word' id='word_1_136' title='bbox 226 1336 441 1386; x_wconf 82' lang='lat' dir='ltr'>gratuitam</span> <span class='ocrx_word' id='word_1_137' title='bbox 463 1336 510 1373; x_wconf 86' lang='lat' dir='ltr'>ad</span> <span class='ocrx_word' id='word_1_138' title='bbox 531 1337 673 1382; x_wconf 83' lang='lat' dir='ltr'>vitam,</span> <span class='ocrx_word' id='word_1_139' title='bbox 690 1337 855 1373; x_wconf 87' lang='lat' dir='ltr'>alteram</span> <span class='ocrx_word' id='word_1_140' title='bbox 872 1336 918 1372; x_wconf 89' lang='lat' dir='ltr'>ad</span> <span class='ocrx_word' id='word_1_141' title='bbox 936 1345 1034 1371; x_wconf 89' lang='lat' dir='ltr'>mor-</span> 
     </span>
     <span class='ocr_line' id='line_1_25' title="bbox 88 1389 1037 1444; baseline -0.004 -17"><span class='ocrx_word' id='word_1_142' title='bbox 88 1392 167 1427; x_wconf 91' lang='lat' dir='ltr'>tem</span> <span class='ocrx_word' id='word_1_143' title='bbox 204 1391 362 1438; x_wconf 90' lang='lat' dir='ltr'>propter</span> <span class='ocrx_word' id='word_1_144' title='bbox 397 1389 577 1444; x_wconf 62' lang='lat' dir='ltr'>praevisa</span> <span class='ocrx_word' id='word_1_145' title='bbox 614 1392 786 1437; x_wconf 85' lang='lat' dir='ltr'>peccata.</span> <span class='ocrx_word' id='word_1_146' title='bbox 817 1389 963 1425; x_wconf 82' lang='lat' dir='ltr'>Contra</span> <span class='ocrx_word' id='word_1_147' title='bbox 990 1398 1037 1424; x_wconf 87' lang='lat' dir='ltr'>ea</span> 
     </span>
     <span class='ocr_line' id='line_1_26' title="bbox 88 1441 1035 1490; baseline -0.005 -10"><span class='ocrx_word' id='word_1_148' title='bbox 88 1442 323 1480; x_wconf 88' lang='lat' dir='ltr'>Hincmarus</span> <span class='ocrx_word' id='word_1_149' title='bbox 338 1441 569 1479; x_wconf 87' lang='lat' dir='ltr'>Rhemensis</span> <span class='ocrx_word' id='word_1_150' title='bbox 579 1441 726 1479; x_wconf 84' lang='lat' dir='ltr'>an.853</span> <span class='ocrx_word' id='word_1_151' title='bbox 739 1441 934 1490; x_wconf 81' lang='lat' dir='ltr'>synodum</span> <span class='ocrx_word' id='word_1_152' title='bbox 950 1443 1035 1477; x_wconf 77' lang='lat' dir='ltr'>coe-</span> 
     </span>
     <span class='ocr_line' id='line_1_27' title="bbox 89 1493 1037 1543; baseline -0.004 -11"><span class='ocrx_word' id='word_1_153' title='bbox 89 1495 148 1543; x_wconf 87' lang='lat' dir='ltr'>git</span> <span class='ocrx_word' id='word_1_154' title='bbox 167 1494 270 1543; x_wconf 83' lang='lat' dir='ltr'>apud</span> <span class='ocrx_word' id='word_1_155' title='bbox 290 1493 551 1539; x_wconf 73' lang='lat' dir='ltr'>Curisiacum,</span> <span class='ocrx_word' id='word_1_156' title='bbox 572 1494 610 1530; x_wconf 90' lang='lat' dir='ltr'>in</span> <span class='ocrx_word' id='word_1_157' title='bbox 632 1506 709 1542; x_wconf 87' lang='lat' dir='ltr'>qua</span> <span class='ocrx_word' id='word_1_158' title='bbox 729 1495 752 1530; x_wconf 88' lang='lat'>4</span> <span class='ocrx_word' id='word_1_159' title='bbox 768 1493 941 1542; x_wconf 88' lang='lat' dir='ltr'>capitula</span> <span class='ocrx_word' id='word_1_160' title='bbox 956 1495 1037 1529; x_wconf 91' lang='lat' dir='ltr'>sta-</span> 
     </span>
     <span class='ocr_line' id='line_1_28' title="bbox 89 1545 1036 1594; baseline -0.005 -9"><span class='ocrx_word' id='word_1_161' title='bbox 89 1549 175 1585; x_wconf 85' lang='lat' dir='ltr'>tuta</span> <span class='ocrx_word' id='word_1_162' title='bbox 202 1548 308 1583; x_wconf 87' lang='lat' dir='ltr'>sunt:</span> <span class='ocrx_word' id='word_1_163' title='bbox 333 1545 396 1592; x_wconf 77' lang='lat'>1²⁷¹,</span> <span class='ocrx_word' id='word_1_164' title='bbox 418 1547 523 1584; x_wconf 87' lang='lat' dir='ltr'>Deus</span> <span class='ocrx_word' id='word_1_165' title='bbox 549 1547 744 1583; x_wconf 87' lang='lat' dir='ltr'>neminem</span> <span class='ocrx_word' id='word_1_166' title='bbox 764 1545 1036 1594; x_wconf 84' lang='lat' dir='ltr'>praedestina-</span> 
     </span>
     <span class='ocr_line' id='line_1_29' title="bbox 90 1597 1036 1647; baseline -0.004 -10"><span class='ocrx_word' id='word_1_167' title='bbox 90 1600 150 1637; x_wconf 85' lang='lat' dir='ltr'>vit</span> <span class='ocrx_word' id='word_1_168' title='bbox 170 1599 218 1636; x_wconf 90' lang='lat' dir='ltr'>ad</span> <span class='ocrx_word' id='word_1_169' title='bbox 240 1609 421 1647; x_wconf 83' lang='lat' dir='ltr'>poenam3</span> <span class='ocrx_word' id='word_1_170' title='bbox 440 1597 507 1643; x_wconf 54' lang='lat'>2¹²2,</span> <span class='ocrx_word' id='word_1_171' title='bbox 527 1599 631 1635; x_wconf 91' lang='lat' dir='ltr'>Deus</span> <span class='ocrx_word' id='word_1_172' title='bbox 652 1599 736 1635; x_wconf 83' lang='lat' dir='ltr'>vult</span> <span class='ocrx_word' id='word_1_173' title='bbox 755 1609 888 1635; x_wconf 88' lang='lat' dir='ltr'>omnes</span> <span class='ocrx_word' id='word_1_174' title='bbox 908 1597 1036 1634; x_wconf 87' lang='lat' dir='ltr'>homi-</span> 
     </span>
    </p>
   </div>
   <div class='ocr_carea' id='block_1_3' title="bbox 92 1650 1053 1699">
    <p class='ocr_par' dir='ltr' id='par_1_4' title="bbox 92 1650 1053 1699">
     <span class='ocr_line' id='line_1_30' title="bbox 92 1650 1053 1699; baseline -0.003 -11"><span class='ocrx_word' id='word_1_175' title='bbox 92 1663 157 1689; x_wconf 87' lang='lat' dir='ltr'>nes</span> <span class='ocrx_word' id='word_1_176' title='bbox 184 1651 314 1688; x_wconf 87' lang='lat' dir='ltr'>salvos</span> <span class='ocrx_word' id='word_1_177' title='bbox 342 1650 447 1697; x_wconf 88' lang='lat' dir='ltr'>fieri;</span> <span class='ocrx_word' id='word_1_178' title='bbox 467 1650 533 1698; x_wconf 81' lang='lat'>3⁷⁷²,</span> <span class='ocrx_word' id='word_1_179' title='bbox 560 1652 734 1688; x_wconf 90' lang='lat' dir='ltr'>Christus</span> <span class='ocrx_word' id='word_1_180' title='bbox 762 1663 832 1699; x_wconf 90' lang='lat' dir='ltr'>pro</span> <span class='ocrx_word' id='word_1_181' title='bbox 862 1650 1053 1687; x_wconf 66' lang='lat' dir='ltr'>omnibus⁴</span> 
     </span>
    </p>
   </div>
   <div class='ocr_carea' id='block_1_4' title="bbox 91 1701 1054 2902">
    <p class='ocr_par' dir='ltr' id='par_1_5' title="bbox 91 1701 1054 2902">
     <span class='ocr_line' id='line_1_31' title="bbox 91 1701 1039 1749; baseline -0.002 -8"><span class='ocrx_word' id='word_1_182' title='bbox 91 1703 311 1741; x_wconf 90' lang='lat' dir='ltr'>hominibus</span> <span class='ocrx_word' id='word_1_183' title='bbox 339 1705 515 1740; x_wconf 83' lang='lat' dir='ltr'>mortuus</span> <span class='ocrx_word' id='word_1_184' title='bbox 542 1707 622 1749; x_wconf 85' lang='lat' dir='ltr'>est-3</span> <span class='ocrx_word' id='word_1_185' title='bbox 651 1702 718 1746; x_wconf 63' lang='lat'>4⁶²,</span> <span class='ocrx_word' id='word_1_186' title='bbox 740 1704 905 1740; x_wconf 89' lang='lat' dir='ltr'>liberum</span> <span class='ocrx_word' id='word_1_187' title='bbox 933 1701 1039 1739; x_wconf 88' lang='lat' dir='ltr'>arbi-</span> 
     </span>
     <span class='ocr_line' id='line_1_32' title="bbox 93 1754 1039 1804; baseline -0.002 -11"><span class='ocrx_word' id='word_1_188' title='bbox 93 1756 212 1794; x_wconf 80' lang='lat' dir='ltr'>trium</span> <span class='ocrx_word' id='word_1_189' title='bbox 242 1767 311 1804; x_wconf 86' lang='lat' dir='ltr'>per</span> <span class='ocrx_word' id='word_1_190' title='bbox 329 1756 522 1792; x_wconf 90' lang='lat' dir='ltr'>Adamum</span> <span class='ocrx_word' id='word_1_191' title='bbox 550 1756 792 1804; x_wconf 87' lang='lat' dir='ltr'>deperditum</span> <span class='ocrx_word' id='word_1_192' title='bbox 806 1785 814 1793; x_wconf 88' lang='lat'><strong>.</strong></span> <span class='ocrx_word' id='word_1_193' title='bbox 837 1766 904 1804; x_wconf 87' lang='lat' dir='ltr'>per</span> <span class='ocrx_word' id='word_1_194' title='bbox 923 1754 1039 1791; x_wconf 86' lang='lat' dir='ltr'>Chri-</span> 
     </span>
     <span class='ocr_line' id='line_1_33' title="bbox 93 1807 1040 1846; baseline -0.001 -1"><span class='ocrx_word' id='word_1_195' title='bbox 93 1811 199 1846; x_wconf 87' lang='lat' dir='ltr'>stum</span> <span class='ocrx_word' id='word_1_196' title='bbox 218 1808 448 1845; x_wconf 77' lang='lat' dir='ltr'>restitutum</span> <span class='ocrx_word' id='word_1_197' title='bbox 465 1810 524 1845; x_wconf 91' lang='lat' dir='ltr'>est</span> <span class='ocrx_word' id='word_1_198' title='bbox 540 1807 566 1845; x_wconf 57' lang='grc' dir='ltr'>Ξ.</span> <span class='ocrx_word' id='word_1_199' title='bbox 585 1809 823 1845; x_wconf 79' lang='lat' dir='ltr'>Prudentius</span> <span class='ocrx_word' id='word_1_200' title='bbox 839 1819 932 1844; x_wconf 87' lang='lat' dir='ltr'>vero</span> <span class='ocrx_word' id='word_1_201' title='bbox 948 1807 1040 1843; x_wconf 87' lang='lat' dir='ltr'>Tre-</span> 
     </span>
     <span class='ocr_line' id='line_1_34' title="bbox 95 1859 1039 1909; baseline -0.003 -11"><span class='ocrx_word' id='word_1_202' title='bbox 95 1863 221 1898; x_wconf 88' lang='lat' dir='ltr'>censis</span> <span class='ocrx_word' id='word_1_203' title='bbox 250 1859 423 1897; x_wconf 83' lang='lat' dir='ltr'>defendit</span> <span class='ocrx_word' id='word_1_204' title='bbox 442 1862 465 1897; x_wconf 89' lang='grc'>4</span> <span class='ocrx_word' id='word_1_205' title='bbox 487 1861 695 1906; x_wconf 81' lang='lat' dir='ltr'>articulos,</span> <span class='ocrx_word' id='word_1_206' title='bbox 717 1861 782 1909; x_wconf 89' lang='lat' dir='ltr'>qui</span> <span class='ocrx_word' id='word_1_207' title='bbox 803 1861 1039 1908; x_wconf 89' lang='lat' dir='ltr'>sequuntur:</span> 
     </span>
     <span class='ocr_line' id='line_1_35' title="bbox 101 1911 1042 1961; baseline -0.002 -11"><span class='ocrx_word' id='word_1_208' title='bbox 101 1911 150 1959; x_wconf 72' lang='lat'>1³,</span> <span class='ocrx_word' id='word_1_209' title='bbox 171 1912 234 1950; x_wconf 87' lang='lat' dir='ltr'>alii</span> <span class='ocrx_word' id='word_1_210' title='bbox 259 1913 434 1961; x_wconf 88' lang='lat' dir='ltr'>gratuita</span> <span class='ocrx_word' id='word_1_211' title='bbox 454 1913 523 1950; x_wconf 90' lang='lat' dir='ltr'>Dei</span> <span class='ocrx_word' id='word_1_212' title='bbox 546 1913 810 1951; x_wconf 85' lang='lat' dir='ltr'>misericordia</span> <span class='ocrx_word' id='word_1_213' title='bbox 830 1913 878 1950; x_wconf 89' lang='lat' dir='ltr'>ad</span> <span class='ocrx_word' id='word_1_214' title='bbox 898 1912 1042 1957; x_wconf 87' lang='lat' dir='ltr'>vitam,</span> 
     </span>
     <span class='ocr_line' id='line_1_36' title="bbox 97 1965 1043 2013; baseline -0.002 -11"><span class='ocrx_word' id='word_1_215' title='bbox 97 1965 162 2002; x_wconf 88' lang='lat' dir='ltr'>alii</span> <span class='ocrx_word' id='word_1_216' title='bbox 176 1965 419 2002; x_wconf 80' lang='lat' dir='ltr'>inscrutabili</span> <span class='ocrx_word' id='word_1_217' title='bbox 430 1965 513 2002; x_wconf 88' lang='lat' dir='ltr'>eius</span> <span class='ocrx_word' id='word_1_218' title='bbox 524 1966 674 2003; x_wconf 88' lang='lat' dir='ltr'>iustitia</span> <span class='ocrx_word' id='word_1_219' title='bbox 690 1966 738 2002; x_wconf 87' lang='lat' dir='ltr'>ad</span> <span class='ocrx_word' id='word_1_220' title='bbox 756 1968 921 2002; x_wconf 85' lang='lat' dir='ltr'>mortem</span> <span class='ocrx_word' id='word_1_221' title='bbox 937 1975 1043 2013; x_wconf 84' lang='lat' dir='ltr'>prae-</span> 
     </span>
     <span class='ocr_line' id='line_1_37' title="bbox 96 2016 1043 2066; baseline -0.002 -12"><span class='ocrx_word' id='word_1_222' title='bbox 96 2017 280 2054; x_wconf 85' lang='lat' dir='ltr'>destinati</span> <span class='ocrx_word' id='word_1_223' title='bbox 307 2020 419 2064; x_wconf 86' lang='lat' dir='ltr'>sunt;</span> <span class='ocrx_word' id='word_1_224' title='bbox 439 2016 493 2063; x_wconf 69' lang='lat'>2³,</span> <span class='ocrx_word' id='word_1_225' title='bbox 512 2018 617 2056; x_wconf 90' lang='lat' dir='ltr'>Deus</span> <span class='ocrx_word' id='word_1_226' title='bbox 643 2030 796 2065; x_wconf 89' lang='lat' dir='ltr'>omnes,</span> <span class='ocrx_word' id='word_1_227' title='bbox 817 2029 911 2066; x_wconf 89' lang='lat' dir='ltr'>quos</span> <span class='ocrx_word' id='word_1_228' title='bbox 931 2017 1018 2053; x_wconf 88' lang='lat' dir='ltr'>vult</span> <span class='ocrx_word' id='word_1_229' title='bbox 1035 2046 1043 2062; x_wconf 93' lang='lat'>,</span> 
     </span>
     <span class='ocr_line' id='line_1_38' title="bbox 97 2068 1043 2118; baseline -0.003 -10"><span class='ocrx_word' id='word_1_230' title='bbox 97 2069 247 2115; x_wconf 81' lang='lat' dir='ltr'>salvat,</span> <span class='ocrx_word' id='word_1_231' title='bbox 276 2081 361 2115; x_wconf 92' lang='lat' dir='ltr'>eos,</span> <span class='ocrx_word' id='word_1_232' title='bbox 390 2070 455 2118; x_wconf 89' lang='lat' dir='ltr'>qui</span> <span class='ocrx_word' id='word_1_233' title='bbox 490 2082 564 2107; x_wconf 92' lang='lat' dir='ltr'>non</span> <span class='ocrx_word' id='word_1_234' title='bbox 593 2071 822 2116; x_wconf 84' lang='lat' dir='ltr'>salvantur,</span> <span class='ocrx_word' id='word_1_235' title='bbox 852 2082 928 2106; x_wconf 91' lang='lat' dir='ltr'>non</span> <span class='ocrx_word' id='word_1_236' title='bbox 957 2068 1043 2106; x_wconf 88' lang='lat' dir='ltr'>vult</span> 
     </span>
     <span class='ocr_line' id='line_1_39' title="bbox 97 2120 1043 2170; baseline -0.002 -11"><span class='ocrx_word' id='word_1_237' title='bbox 97 2121 270 2169; x_wconf 80' lang='lat' dir='ltr'>salvare3</span> <span class='ocrx_word' id='word_1_238' title='bbox 299 2120 351 2167; x_wconf 75' lang='lat'>3³,</span> <span class='ocrx_word' id='word_1_239' title='bbox 386 2123 562 2160; x_wconf 87' lang='lat' dir='ltr'>Christus</span> <span class='ocrx_word' id='word_1_240' title='bbox 600 2126 777 2160; x_wconf 87' lang='lat' dir='ltr'>mortuus</span> <span class='ocrx_word' id='word_1_241' title='bbox 812 2125 872 2160; x_wconf 88' lang='lat' dir='ltr'>est</span> <span class='ocrx_word' id='word_1_242' title='bbox 900 2133 968 2170; x_wconf 89' lang='lat' dir='ltr'>pro</span> <span class='ocrx_word' id='word_1_243' title='bbox 996 2121 1043 2158; x_wconf 88' lang='lat' dir='ltr'>iis</span> 
     </span>
     <span class='ocr_line' id='line_1_40' title="bbox 97 2174 1045 2222; baseline -0.003 -10"><span class='ocrx_word' id='word_1_244' title='bbox 97 2176 264 2220; x_wconf 87' lang='lat' dir='ltr'>tantum,</span> <span class='ocrx_word' id='word_1_245' title='bbox 285 2175 349 2222; x_wconf 90' lang='lat' dir='ltr'>qui</span> <span class='ocrx_word' id='word_1_246' title='bbox 370 2175 409 2212; x_wconf 92' lang='lat' dir='ltr'>in</span> <span class='ocrx_word' id='word_1_247' title='bbox 430 2187 517 2211; x_wconf 89' lang='lat' dir='ltr'>eum</span> <span class='ocrx_word' id='word_1_248' title='bbox 535 2176 719 2222; x_wconf 80' lang='lat' dir='ltr'>credunt3</span> <span class='ocrx_word' id='word_1_249' title='bbox 735 2174 788 2222; x_wconf 79' lang='lat'>4⁸,</span> <span class='ocrx_word' id='word_1_250' title='bbox 802 2175 969 2212; x_wconf 87' lang='lat' dir='ltr'>liberum</span> <span class='ocrx_word' id='word_1_251' title='bbox 986 2185 1045 2210; x_wconf 89' lang='lat' dir='ltr'>ar-</span> 
     </span>
     <span class='ocr_line' id='line_1_41' title="bbox 98 2225 1043 2276; baseline -0.001 -13"><span class='ocrx_word' id='word_1_252' title='bbox 98 2226 258 2264; x_wconf 90' lang='lat' dir='ltr'>bitrium</span> <span class='ocrx_word' id='word_1_253' title='bbox 279 2226 334 2263; x_wconf 84' lang='lat' dir='ltr'>ita</span> <span class='ocrx_word' id='word_1_254' title='bbox 353 2238 424 2276; x_wconf 90' lang='lat' dir='ltr'>per</span> <span class='ocrx_word' id='word_1_255' title='bbox 443 2228 641 2265; x_wconf 86' lang='lat' dir='ltr'>Christum</span> <span class='ocrx_word' id='word_1_256' title='bbox 660 2229 900 2276; x_wconf 84' lang='lat' dir='ltr'>recepimus,</span> <span class='ocrx_word' id='word_1_257' title='bbox 918 2229 960 2263; x_wconf 90' lang='lat' dir='ltr'>ut</span> <span class='ocrx_word' id='word_1_258' title='bbox 981 2225 1043 2263; x_wconf 94' lang='lat' dir='ltr'>ni-</span> 
     </span>
     <span class='ocr_line' id='line_1_42' title="bbox 100 2278 1046 2329; baseline 0.001 -15"><span class='ocrx_word' id='word_1_259' title='bbox 100 2278 308 2315; x_wconf 89' lang='lat' dir='ltr'>hilominus</span> <span class='ocrx_word' id='word_1_260' title='bbox 324 2280 372 2316; x_wconf 90' lang='lat' dir='ltr'>ad</span> <span class='ocrx_word' id='word_1_261' title='bbox 388 2281 533 2317; x_wconf 90' lang='lat' dir='ltr'>bonum</span> <span class='ocrx_word' id='word_1_262' title='bbox 544 2279 809 2329; x_wconf 84' lang='lat' dir='ltr'>cogitandum,</span> <span class='ocrx_word' id='word_1_263' title='bbox 821 2280 1046 2324; x_wconf 83' lang='lat' dir='ltr'>volendum,</span> 
     </span>
     <span class='ocr_line' id='line_1_43' title="bbox 102 2329 1044 2381; baseline 0 -15"><span class='ocrx_word' id='word_1_264' title='bbox 102 2329 363 2367; x_wconf 89' lang='lat' dir='ltr'>inchoandum</span> <span class='ocrx_word' id='word_1_265' title='bbox 384 2334 424 2369; x_wconf 90' lang='lat' dir='ltr'>et</span> <span class='ocrx_word' id='word_1_266' title='bbox 446 2332 723 2381; x_wconf 83' lang='lat' dir='ltr'>perficiendum</span> <span class='ocrx_word' id='word_1_267' title='bbox 743 2344 896 2380; x_wconf 85' lang='lat' dir='ltr'>semper</span> <span class='ocrx_word' id='word_1_268' title='bbox 916 2331 1044 2368; x_wconf 89' lang='lat' dir='ltr'>divino</span> 
     </span>
     <span class='ocr_line' id='line_1_44' title="bbox 103 2382 1046 2432; baseline 0.002 -15"><span class='ocrx_word' id='word_1_269' title='bbox 103 2382 252 2418; x_wconf 82' lang='lat' dir='ltr'>auxilio</span> <span class='ocrx_word' id='word_1_270' title='bbox 281 2383 534 2432; x_wconf 86' lang='lat' dir='ltr'>indigeamus.</span> <span class='ocrx_word' id='word_1_271' title='bbox 565 2385 646 2422; x_wconf 89' lang='lat' dir='ltr'>Imo</span> <span class='ocrx_word' id='word_1_272' title='bbox 676 2398 739 2424; x_wconf 90' lang='lat' dir='ltr'>an.</span> <span class='ocrx_word' id='word_1_273' title='bbox 769 2385 846 2422; x_wconf 79' lang='lat'>855</span> <span class='ocrx_word' id='word_1_274' title='bbox 876 2383 1046 2432; x_wconf 84' lang='lat' dir='ltr'>synodus</span> 
     </span>
     <span class='ocr_line' id='line_1_45' title="bbox 103 2433 1046 2486; baseline 0.002 -16"><span class='ocrx_word' id='word_1_275' title='bbox 103 2433 309 2471; x_wconf 87' lang='lat' dir='ltr'>Valentiae</span> <span class='ocrx_word' id='word_1_276' title='bbox 335 2436 502 2484; x_wconf 87' lang='lat' dir='ltr'>capitula</span> <span class='ocrx_word' id='word_1_277' title='bbox 521 2437 714 2475; x_wconf 82' lang='lat' dir='ltr'>Carisiaca</span> <span class='ocrx_word' id='word_1_278' title='bbox 729 2467 738 2484; x_wconf 90' lang='lat'>,</span> <span class='ocrx_word' id='word_1_279' title='bbox 760 2447 960 2486; x_wconf 86' lang='lat' dir='ltr'>perperam</span> <span class='ocrx_word' id='word_1_280' title='bbox 981 2435 1046 2472; x_wconf 92' lang='lat' dir='ltr'>in-</span> 
     </span>
     <span class='ocr_line' id='line_1_46' title="bbox 104 2485 1046 2535; baseline 0.002 -13"><span class='ocrx_word' id='word_1_281' title='bbox 104 2485 284 2532; x_wconf 86' lang='lat' dir='ltr'>tellecta,</span> <span class='ocrx_word' id='word_1_282' title='bbox 303 2489 488 2535; x_wconf 83' lang='lat' dir='ltr'>tanquam</span> <span class='ocrx_word' id='word_1_283' title='bbox 509 2489 607 2527; x_wconf 85' lang='lat' dir='ltr'>falsa</span> <span class='ocrx_word' id='word_1_284' title='bbox 628 2493 668 2527; x_wconf 90' lang='lat' dir='ltr'>et</span> <span class='ocrx_word' id='word_1_285' title='bbox 687 2490 803 2527; x_wconf 78' lang='lat' dir='ltr'>noxia</span> <span class='ocrx_word' id='word_1_286' title='bbox 823 2488 970 2534; x_wconf 83' lang='lat' dir='ltr'>reiecit3</span> <span class='ocrx_word' id='word_1_287' title='bbox 987 2488 1046 2524; x_wconf 89' lang='lat' dir='ltr'>de-</span> 
     </span>
     <span class='ocr_line' id='line_1_47' title="bbox 104 2536 1048 2588; baseline 0.003 -15"><span class='ocrx_word' id='word_1_288' title='bbox 104 2536 312 2586; x_wconf 83' lang='lat' dir='ltr'>finivitque</span> <span class='ocrx_word' id='word_1_289' title='bbox 325 2567 335 2583; x_wconf 91' lang='lat'>,</span> <span class='ocrx_word' id='word_1_290' title='bbox 355 2540 475 2576; x_wconf 89' lang='lat' dir='ltr'>Deum</span> <span class='ocrx_word' id='word_1_291' title='bbox 498 2542 546 2578; x_wconf 89' lang='lat' dir='ltr'>ab</span> <span class='ocrx_word' id='word_1_292' title='bbox 567 2544 726 2579; x_wconf 89' lang='lat' dir='ltr'>aeterno</span> <span class='ocrx_word' id='word_1_293' title='bbox 741 2543 860 2579; x_wconf 87' lang='lat' dir='ltr'>bonos</span> <span class='ocrx_word' id='word_1_294' title='bbox 876 2540 1048 2588; x_wconf 86' lang='lat' dir='ltr'>gratuito</span> 
     </span>
     <span class='ocr_line' id='line_1_48' title="bbox 105 2590 1048 2641; baseline 0.003 -16"><span class='ocrx_word' id='word_1_295' title='bbox 105 2590 412 2638; x_wconf 86' lang='lat' dir='ltr'>praedestinasse</span> <span class='ocrx_word' id='word_1_296' title='bbox 441 2593 488 2629; x_wconf 89' lang='lat' dir='ltr'>ad</span> <span class='ocrx_word' id='word_1_297' title='bbox 518 2594 661 2641; x_wconf 87' lang='lat' dir='ltr'>vitam,</span> <span class='ocrx_word' id='word_1_298' title='bbox 680 2595 802 2633; x_wconf 88' lang='lat' dir='ltr'>malos</span> <span class='ocrx_word' id='word_1_299' title='bbox 830 2605 926 2630; x_wconf 88' lang='lat' dir='ltr'>vero</span> <span class='ocrx_word' id='word_1_300' title='bbox 954 2604 1048 2640; x_wconf 87' lang='lat' dir='ltr'>pro-</span> 
     </span>
     <span class='ocr_line' id='line_1_49' title="bbox 106 2643 1049 2692; baseline 0.003 -14"><span class='ocrx_word' id='word_1_301' title='bbox 106 2644 191 2690; x_wconf 88' lang='lat' dir='ltr'>pter</span> <span class='ocrx_word' id='word_1_302' title='bbox 211 2643 392 2690; x_wconf 87' lang='lat' dir='ltr'>praevisa</span> <span class='ocrx_word' id='word_1_303' title='bbox 411 2648 568 2691; x_wconf 88' lang='lat' dir='ltr'>peccata</span> <span class='ocrx_word' id='word_1_304' title='bbox 587 2648 635 2683; x_wconf 90' lang='lat' dir='ltr'>ad</span> <span class='ocrx_word' id='word_1_305' title='bbox 654 2651 814 2684; x_wconf 89' lang='lat' dir='ltr'>mortem</span> <span class='ocrx_word' id='word_1_306' title='bbox 829 2659 838 2692; x_wconf 81' lang='lat'><em>3</em></span> <span class='ocrx_word' id='word_1_307' title='bbox 854 2646 1049 2682; x_wconf 85' lang='lat' dir='ltr'>neminem</span> 
     </span>
     <span class='ocr_line' id='line_1_50' title="bbox 107 2694 1052 2745; baseline 0.003 -15"><span class='ocrx_word' id='word_1_308' title='bbox 107 2704 131 2731; x_wconf 89' lang='lat' dir='ltr'>a</span> <span class='ocrx_word' id='word_1_309' title='bbox 151 2694 228 2731; x_wconf 90' lang='lat' dir='ltr'>Deo</span> <span class='ocrx_word' id='word_1_310' title='bbox 249 2694 304 2731; x_wconf 87' lang='lat' dir='ltr'>ita</span> <span class='ocrx_word' id='word_1_311' title='bbox 323 2695 371 2731; x_wconf 89' lang='lat' dir='ltr'>ad</span> <span class='ocrx_word' id='word_1_312' title='bbox 386 2695 530 2733; x_wconf 89' lang='lat' dir='ltr'>malum</span> <span class='ocrx_word' id='word_1_313' title='bbox 546 2699 882 2745; x_wconf 87' lang='lat' dir='ltr'>praedestinatum</span> <span class='ocrx_word' id='word_1_314' title='bbox 898 2709 996 2743; x_wconf 89' lang='lat' dir='ltr'>esse,</span> <span class='ocrx_word' id='word_1_315' title='bbox 1010 2702 1052 2733; x_wconf 93' lang='lat' dir='ltr'>ut</span> 
     </span>
     <span class='ocr_line' id='line_1_51' title="bbox 107 2745 1054 2798; baseline 0.004 -16"><span class='ocrx_word' id='word_1_316' title='bbox 107 2745 212 2783; x_wconf 87' lang='lat' dir='ltr'>aliud</span> <span class='ocrx_word' id='word_1_317' title='bbox 234 2758 316 2783; x_wconf 88' lang='lat' dir='ltr'>esse</span> <span class='ocrx_word' id='word_1_318' title='bbox 333 2751 520 2794; x_wconf 83' lang='lat' dir='ltr'>nequeat3</span> <span class='ocrx_word' id='word_1_319' title='bbox 536 2749 735 2788; x_wconf 89' lang='lat' dir='ltr'>Christum</span> <span class='ocrx_word' id='word_1_320' title='bbox 751 2751 980 2798; x_wconf 85' lang='lat' dir='ltr'>sanguinem</span> <span class='ocrx_word' id='word_1_321' title='bbox 997 2749 1054 2786; x_wconf 88' lang='lat' dir='ltr'>fu-</span> 
     </span>
     <span class='ocr_line' id='line_1_52' title="bbox 109 2797 1054 2849; baseline 0.004 -15"><span class='ocrx_word' id='word_1_322' title='bbox 109 2797 232 2845; x_wconf 88' lang='lat' dir='ltr'>disse,</span> <span class='ocrx_word' id='word_1_323' title='bbox 254 2801 297 2836; x_wconf 90' lang='lat' dir='ltr'>ut</span> <span class='ocrx_word' id='word_1_324' title='bbox 317 2800 463 2845; x_wconf 90' lang='lat' dir='ltr'>omnis,</span> <span class='ocrx_word' id='word_1_325' title='bbox 483 2801 549 2848; x_wconf 87' lang='lat' dir='ltr'>qui</span> <span class='ocrx_word' id='word_1_326' title='bbox 569 2803 691 2839; x_wconf 91' lang='lat' dir='ltr'>credit</span> <span class='ocrx_word' id='word_1_327' title='bbox 710 2804 746 2839; x_wconf 90' lang='lat' dir='ltr'>in</span> <span class='ocrx_word' id='word_1_328' title='bbox 769 2815 857 2847; x_wconf 87' lang='lat' dir='ltr'>eum</span> <span class='ocrx_word' id='word_1_329' title='bbox 871 2833 880 2849; x_wconf 95' lang='lat'>,</span> <span class='ocrx_word' id='word_1_330' title='bbox 901 2816 974 2840; x_wconf 89' lang='lat' dir='ltr'>non</span> <span class='ocrx_word' id='word_1_331' title='bbox 994 2813 1054 2849; x_wconf 88' lang='lat' dir='ltr'>pe-</span> 
     </span>
     <span class='ocr_line' id='line_1_53' title="bbox 110 2851 1053 2902; baseline 0.004 -15"><span class='ocrx_word' id='word_1_332' title='bbox 110 2852 214 2896; x_wconf 84' lang='lat' dir='ltr'>reat,</span> <span class='ocrx_word' id='word_1_333' title='bbox 233 2851 299 2888; x_wconf 87' lang='lat' dir='ltr'>sed</span> <span class='ocrx_word' id='word_1_334' title='bbox 320 2851 466 2889; x_wconf 86' lang='lat' dir='ltr'>habeat</span> <span class='ocrx_word' id='word_1_335' title='bbox 486 2853 607 2890; x_wconf 87' lang='lat' dir='ltr'>vitam</span> <span class='ocrx_word' id='word_1_336' title='bbox 629 2858 829 2893; x_wconf 82' lang='lat' dir='ltr'>aeternam</span> <span class='ocrx_word' id='word_1_337' title='bbox 850 2854 878 2894; x_wconf 83' lang='lat'>³.</span> <span class='ocrx_word' id='word_1_338' title='bbox 899 2856 979 2893; x_wconf 87' lang='lat' dir='ltr'>Has</span> <span class='ocrx_word' id='word_1_339' title='bbox 996 2854 1053 2902; x_wconf 92' lang='lat' dir='ltr'>ip-</span> 
     </span>
    </p>
   </div>
   <div class='ocr_carea' id='block_1_5' title="bbox 114 2965 1056 3169">
    <p class='ocr_par' dir='ltr' id='par_1_6' title="bbox 114 2965 1056 3087">
     <span class='ocr_line' id='line_1_54' title="bbox 152 2965 1055 3009; baseline 0.004 -13"><span class='ocrx_word' id='word_1_340' title='bbox 152 2966 163 2987; x_wconf 90' lang='lat'>¹</span> <span class='ocrx_word' id='word_1_341' title='bbox 177 2966 273 2997; x_wconf 82' lang='lat' dir='ltr'>Natai.</span> <span class='ocrx_word' id='word_1_342' title='bbox 286 2966 431 2997; x_wconf 75' lang='lat' dir='ltr'>Alexand.</span> <span class='ocrx_word' id='word_1_343' title='bbox 448 2965 623 3003; x_wconf 66' lang='lat' dir='ltr'>(llis-teccl.</span> <span class='ocrx_word' id='word_1_344' title='bbox 641 2976 719 2998; x_wconf 69' lang='lat' dir='ltr'>saecv</span> <span class='ocrx_word' id='word_1_345' title='bbox 732 2969 780 3006; x_wconf 84' lang='lat' dir='ltr'>ix,</span> <span class='ocrx_word' id='word_1_346' title='bbox 793 2978 816 2999; x_wconf 86' lang='lat' dir='ltr'>c.</span> <span class='ocrx_word' id='word_1_347' title='bbox 826 2968 854 3006; x_wconf 88' lang='lat'>3,</span> <span class='ocrx_word' id='word_1_348' title='bbox 870 2968 885 3009; x_wconf 67' lang='grc' dir='ltr'>ἓ</span> <span class='ocrx_word' id='word_1_349' title='bbox 913 2968 963 3008; x_wconf 83' lang='grc'>16·)</span> <span class='ocrx_word' id='word_1_350' title='bbox 983 2971 1055 3000; x_wconf 78' lang='lat' dir='ltr'>Pru-</span> 
     </span>
     <span class='ocr_line' id='line_1_55' title="bbox 114 3006 1056 3046; baseline 0.006 -10"><span class='ocrx_word' id='word_1_351' title='bbox 114 3006 207 3037; x_wconf 81' lang='lat' dir='ltr'>dentii</span> <span class='ocrx_word' id='word_1_352' title='bbox 230 3009 396 3038; x_wconf 80' lang='lat' dir='ltr'>sententias</span> <span class='ocrx_word' id='word_1_353' title='bbox 420 3008 638 3046; x_wconf 71' lang='lat' dir='ltr'>interpretatur</span> <span class='ocrx_word' id='word_1_354' title='bbox 661 3009 698 3037; x_wconf 87' lang='lat' dir='ltr'>de</span> <span class='ocrx_word' id='word_1_355' title='bbox 715 3010 870 3039; x_wconf 76' lang='lat' dir='ltr'>voluntate</span> <span class='ocrx_word' id='word_1_356' title='bbox 889 3011 939 3040; x_wconf 85' lang='lat' dir='ltr'>Dei</span> <span class='ocrx_word' id='word_1_357' title='bbox 957 3011 1056 3042; x_wconf 88' lang='lat' dir='ltr'>abso—</span> 
     </span>
     <span class='ocr_line' id='line_1_56' title="bbox 114 3047 915 3087; baseline 0.004 -10"><span class='ocrx_word' id='word_1_358' title='bbox 114 3047 178 3077; x_wconf 82' lang='lat' dir='ltr'>luta</span> <span class='ocrx_word' id='word_1_359' title='bbox 193 3051 222 3078; x_wconf 85' lang='lat' dir='ltr'>et</span> <span class='ocrx_word' id='word_1_360' title='bbox 237 3048 274 3078; x_wconf 85' lang='lat' dir='ltr'>de</span> <span class='ocrx_word' id='word_1_361' title='bbox 290 3048 510 3086; x_wconf 82' lang='lat' dir='ltr'>redemptionis</span> <span class='ocrx_word' id='word_1_362' title='bbox 530 3057 584 3087; x_wconf 86' lang='lat' dir='ltr'>per</span> <span class='ocrx_word' id='word_1_363' title='bbox 597 3049 749 3080; x_wconf 77' lang='lat' dir='ltr'>Christum</span> <span class='ocrx_word' id='word_1_364' title='bbox 767 3049 915 3081; x_wconf 77' lang='lat' dir='ltr'>efficacia.</span> 
     </span>
    </p>

    <p class='ocr_par' dir='ltr' id='par_1_7' title="bbox 154 3086 644 3127">
     <span class='ocr_line' id='line_1_57' title="bbox 154 3086 644 3127; baseline 0.004 -10"><span class='ocrx_word' id='word_1_365' title='bbox 154 3086 169 3108; x_wconf 78' lang='lat'><em>2</em></span> <span class='ocrx_word' id='word_1_366' title='bbox 186 3088 296 3125; x_wconf 83' lang='lat' dir='ltr'>Labbe,</span> <span class='ocrx_word' id='word_1_367' title='bbox 314 3089 369 3119; x_wconf 83' lang='lat' dir='ltr'>loc.</span> <span class='ocrx_word' id='word_1_368' title='bbox 388 3089 436 3119; x_wconf 78' lang='lat' dir='ltr'>cii.</span> <span class='ocrx_word' id='word_1_369' title='bbox 453 3097 481 3127; x_wconf 89' lang='lat' dir='ltr'>p.</span> <span class='ocrx_word' id='word_1_370' title='bbox 500 3090 538 3119; x_wconf 83' lang='lat'>55</span> <span class='ocrx_word' id='word_1_371' title='bbox 553 3092 581 3118; x_wconf 78' lang='lat' dir='ltr'>et</span> <span class='ocrx_word' id='word_1_372' title='bbox 598 3089 644 3119; x_wconf 76' lang='lat'>98.</span> 
     </span>
    </p>

    <p class='ocr_par' dir='ltr' id='par_1_8' title="bbox 155 3128 568 3169">
     <span class='ocr_line' id='line_1_58' title="bbox 155 3128 568 3169; baseline -0.005 -9"><span class='ocrx_word' id='word_1_373' title='bbox 155 3128 171 3150; x_wconf 79' lang='lat'>³</span> <span class='ocrx_word' id='word_1_374' title='bbox 185 3129 299 3168; x_wconf 82' lang='lat' dir='ltr'>Labbc,</span> <span class='ocrx_word' id='word_1_375' title='bbox 314 3129 371 3160; x_wconf 84' lang='lat' dir='ltr'>loc.</span> <span class='ocrx_word' id='word_1_376' title='bbox 388 3130 439 3159; x_wconf 76' lang='lat' dir='ltr'>cil.</span> <span class='ocrx_word' id='word_1_377' title='bbox 456 3139 485 3169; x_wconf 88' lang='lat' dir='ltr'>p.</span> <span class='ocrx_word' id='word_1_378' title='bbox 502 3128 568 3161; x_wconf 79' lang='lat'>133.</span> 
     </span>
    </p>
   </div>
   <div class='ocr_carea' id='block_1_6' title="bbox 1032 936 1094 2986">
    <p class='ocr_par' dir='ltr' id='par_1_9' title="bbox 1032 936 1094 2986">
     <span class='ocr_line' id='line_1_59' title="bbox 1032 936 1094 2986; baseline 0 0"><span class='ocrx_word' id='word_1_379' title='bbox 1032 936 1094 2986; x_wconf 95' lang='lat' dir='ltr'> </span> 
     </span>
    </p>
   </div>
   <div class='ocr_carea' id='block_1_7' title="bbox 1877 111 1957 150">
    <p class='ocr_par' dir='ltr' id='par_1_10' title="bbox 1877 111 1957 150">
     <span class='ocr_line' id='line_1_60' title="bbox 1877 111 1957 150; baseline 0.013 -1"><span class='ocrx_word' id='word_1_380' title='bbox 1877 111 1957 150; x_wconf 83' lang='lat'>229</span> 
     </span>
    </p>
   </div>
   <div class='ocr_carea' id='block_1_8' title="bbox 1067 183 2075 1750">
    <p class='ocr_par' dir='ltr' id='par_1_11' title="bbox 1067 183 2018 547">
     <span class='ocr_line' id='line_1_61' title="bbox 1067 183 2012 233; baseline -0.003 -10"><span class='ocrx_word' id='word_1_381' title='bbox 1067 198 1128 223; x_wconf 88' lang='lat' dir='ltr'>sas</span> <span class='ocrx_word' id='word_1_382' title='bbox 1149 186 1378 232; x_wconf 88' lang='lat' dir='ltr'>sententias,</span> <span class='ocrx_word' id='word_1_383' title='bbox 1394 186 1557 233; x_wconf 77' lang='lat' dir='ltr'>excepta</span> <span class='ocrx_word' id='word_1_384' title='bbox 1572 195 1686 222; x_wconf 87' lang='lat' dir='ltr'>censu</span> <span class='ocrx_word' id='word_1_385' title='bbox 1694 195 1736 222; x_wconf 85' lang='lat' dir='ltr'>ra</span> <span class='ocrx_word' id='word_1_386' title='bbox 1751 183 2012 232; x_wconf 82' lang='lat' dir='ltr'>capitulorum</span> 
     </span>
     <span class='ocr_line' id='line_1_62' title="bbox 1068 235 2012 286; baseline -0.003 -10"><span class='ocrx_word' id='word_1_387' title='bbox 1068 238 1366 284; x_wconf 83' lang='lat' dir='ltr'>Carisiacorum,</span> <span class='ocrx_word' id='word_1_388' title='bbox 1387 250 1448 276; x_wconf 90' lang='lat' dir='ltr'>an.</span> <span class='ocrx_word' id='word_1_389' title='bbox 1465 237 1542 276; x_wconf 87' lang='lat'>859</span> <span class='ocrx_word' id='word_1_390' title='bbox 1562 237 1733 286; x_wconf 88' lang='lat' dir='ltr'>suscepit</span> <span class='ocrx_word' id='word_1_391' title='bbox 1752 235 1870 274; x_wconf 89' lang='lat' dir='ltr'>etiam</span> <span class='ocrx_word' id='word_1_392' title='bbox 1891 247 2012 285; x_wconf 85' lang='lat' dir='ltr'>syno-</span> 
     </span>
     <span class='ocr_line' id='line_1_63' title="bbox 1068 289 2013 339; baseline -0.004 -11"><span class='ocrx_word' id='word_1_393' title='bbox 1068 291 1139 328; x_wconf 87' lang='lat' dir='ltr'>dus</span> <span class='ocrx_word' id='word_1_394' title='bbox 1154 291 1410 339; x_wconf 85' lang='lat' dir='ltr'>Lingonensis</span> <span class='ocrx_word' id='word_1_395' title='bbox 1429 289 1699 328; x_wconf 89' lang='lat' dir='ltr'>¹.Hincmarus</span> <span class='ocrx_word' id='word_1_396' title='bbox 1716 299 1808 326; x_wconf 88' lang='lat' dir='ltr'>vero</span> <span class='ocrx_word' id='word_1_397' title='bbox 1828 299 2013 337; x_wconf 86' lang='lat' dir='ltr'>magnum</span> 
     </span>
     <span class='ocr_line' id='line_1_64' title="bbox 1069 340 2015 391; baseline -0.001 -11"><span class='ocrx_word' id='word_1_398' title='bbox 1069 344 1252 380; x_wconf 86' lang='lat' dir='ltr'>volumen</span> <span class='ocrx_word' id='word_1_399' title='bbox 1274 343 1320 380; x_wconf 87' lang='lat' dir='ltr'>de</span> <span class='ocrx_word' id='word_1_400' title='bbox 1335 343 1383 380; x_wconf 91' lang='lat' dir='ltr'>iis</span> <span class='ocrx_word' id='word_1_401' title='bbox 1398 342 1690 391; x_wconf 85' lang='lat' dir='ltr'>quaestionibus</span> <span class='ocrx_word' id='word_1_402' title='bbox 1705 340 1872 389; x_wconf 86' lang='lat' dir='ltr'>scripsit,</span> <span class='ocrx_word' id='word_1_403' title='bbox 1884 341 1922 378; x_wconf 94' lang='lat' dir='ltr'>in</span> <span class='ocrx_word' id='word_1_404' title='bbox 1939 352 2015 389; x_wconf 91' lang='lat' dir='ltr'>quo</span> 
     </span>
     <span class='ocr_line' id='line_1_65' title="bbox 1069 393 2017 443; baseline -0.002 -11"><span class='ocrx_word' id='word_1_405' title='bbox 1069 395 1315 433; x_wconf 83' lang='lat' dir='ltr'>Gothescalci</span> <span class='ocrx_word' id='word_1_406' title='bbox 1331 395 1565 432; x_wconf 87' lang='lat' dir='ltr'>assertiones</span> <span class='ocrx_word' id='word_1_407' title='bbox 1581 393 1782 432; x_wconf 80' lang='lat' dir='ltr'>confutare</span> <span class='ocrx_word' id='word_1_408' title='bbox 1798 395 1838 430; x_wconf 89' lang='lat' dir='ltr'>et</span> <span class='ocrx_word' id='word_1_409' title='bbox 1858 394 2017 443; x_wconf 84' lang='lat' dir='ltr'>capitu-</span> 
     </span>
     <span class='ocr_line' id='line_1_66' title="bbox 1070 446 2018 485; baseline 0 -1"><span class='ocrx_word' id='word_1_410' title='bbox 1070 448 1106 485; x_wconf 87' lang='lat' dir='ltr'>la</span> <span class='ocrx_word' id='word_1_411' title='bbox 1122 447 1318 484; x_wconf 74' lang='lat' dir='ltr'>Cat-isiaca</span> <span class='ocrx_word' id='word_1_412' title='bbox 1333 450 1470 484; x_wconf 84' lang='lat' dir='ltr'>contra</span> <span class='ocrx_word' id='word_1_413' title='bbox 1487 447 1698 484; x_wconf 86' lang='lat' dir='ltr'>sententias</span> <span class='ocrx_word' id='word_1_414' title='bbox 1718 446 2018 484; x_wconf 88' lang='lat' dir='ltr'>Valentinenses</span> 
     </span>
     <span class='ocr_line' id='line_1_67' title="bbox 1071 499 1919 547; baseline -0.001 -10"><span class='ocrx_word' id='word_1_415' title='bbox 1071 499 1277 537; x_wconf 86' lang='lat' dir='ltr'>defendere</span> <span class='ocrx_word' id='word_1_416' title='bbox 1297 499 1368 536; x_wconf 88' lang='lat' dir='ltr'>sibi</span> <span class='ocrx_word' id='word_1_417' title='bbox 1391 499 1602 547; x_wconf 76' lang='lat' dir='ltr'>proposuit,</span> <span class='ocrx_word' id='word_1_418' title='bbox 1908 516 1919 529; x_wconf 84' lang='lat'><strong>·</strong></span> 
     </span>
    </p>

    <p class='ocr_par' dir='ltr' id='par_1_12' title="bbox 1070 550 2075 1592">
     <span class='ocr_line' id='line_1_68' title="bbox 1123 550 2075 599; baseline 0 -12"><span class='ocrx_word' id='word_1_419' title='bbox 1123 551 1311 593; x_wconf 85' lang='lat' dir='ltr'>Quamvis</span> <span class='ocrx_word' id='word_1_420' title='bbox 1341 562 1476 587; x_wconf 87' lang='lat' dir='ltr'>eorum</span> <span class='ocrx_word' id='word_1_421' title='bbox 1498 551 1543 587; x_wconf 89' lang='lat' dir='ltr'>de</span> <span class='ocrx_word' id='word_1_422' title='bbox 1563 550 1751 598; x_wconf 86' lang='lat' dir='ltr'>praefatis</span> <span class='ocrx_word' id='word_1_423' title='bbox 1771 550 2014 599; x_wconf 82' lang='lat' dir='ltr'>quaestioni·</span> <span class='ocrx_word' id='word_1_424' title='bbox 2070 576 2075 580; x_wconf 72' lang='lat'>.</span> 
     </span>
     <span class='ocr_line' id='line_1_69' title="bbox 1070 603 2019 652; baseline -0.001 -11"><span class='ocrx_word' id='word_1_425' title='bbox 1070 605 1141 641; x_wconf 89' lang='lat' dir='ltr'>bus</span> <span class='ocrx_word' id='word_1_426' title='bbox 1162 603 1326 651; x_wconf 87' lang='lat' dir='ltr'>scripta,</span> <span class='ocrx_word' id='word_1_427' title='bbox 1350 605 1390 640; x_wconf 90' lang='lat' dir='ltr'>et</span> <span class='ocrx_word' id='word_1_428' title='bbox 1409 603 1646 650; x_wconf 75' lang='lat' dir='ltr'>synodorum</span> <span class='ocrx_word' id='word_1_429' title='bbox 1667 603 1904 649; x_wconf 89' lang='lat' dir='ltr'>sententiae,</span> <span class='ocrx_word' id='word_1_430' title='bbox 1923 605 2019 652; x_wconf 86' lang='lat' dir='ltr'>puta</span> 
     </span>
     <span class='ocr_line' id='line_1_70' title="bbox 1071 655 2018 704; baseline 0 -12"><span class='ocrx_word' id='word_1_431' title='bbox 1071 655 1244 703; x_wconf 89' lang='lat' dir='ltr'>capitula</span> <span class='ocrx_word' id='word_1_432' title='bbox 1281 657 1450 702; x_wconf 83' lang='lat' dir='ltr'>quatuor</span> <span class='ocrx_word' id='word_1_433' title='bbox 1478 655 1691 701; x_wconf 86' lang='lat' dir='ltr'>Carisiaca,</span> <span class='ocrx_word' id='word_1_434' title='bbox 1720 655 1893 703; x_wconf 88' lang='lat' dir='ltr'>capitula</span> <span class='ocrx_word' id='word_1_435' title='bbox 1921 667 2018 704; x_wconf 89' lang='lat' dir='ltr'>qua-</span> 
     </span>
     <span class='ocr_line' id='line_1_71' title="bbox 1072 706 2016 756; baseline -0.001 -11"><span class='ocrx_word' id='word_1_436' title='bbox 1072 710 1159 745; x_wconf 88' lang='lat' dir='ltr'>tuor</span> <span class='ocrx_word' id='word_1_437' title='bbox 1190 719 1218 744; x_wconf 89' lang='lat' dir='ltr'>s.</span> <span class='ocrx_word' id='word_1_438' title='bbox 1242 706 1447 744; x_wconf 89' lang='lat' dir='ltr'>Prudentii</span> <span class='ocrx_word' id='word_1_439' title='bbox 1462 736 1470 752; x_wconf 91' lang='lat'>,</span> <span class='ocrx_word' id='word_1_440' title='bbox 1492 707 1685 744; x_wconf 89' lang='lat' dir='ltr'>sententia</span> <span class='ocrx_word' id='word_1_441' title='bbox 1704 707 1889 745; x_wconf 87' lang='lat' dir='ltr'>ecclesiae</span> <span class='ocrx_word' id='word_1_442' title='bbox 1911 708 2016 756; x_wconf 85' lang='lat' dir='ltr'>Lug-</span> 
     </span>
     <span class='ocr_line' id='line_1_72' title="bbox 1072 759 2016 805; baseline 0 -9"><span class='ocrx_word' id='word_1_443' title='bbox 1072 760 1267 804; x_wconf 87' lang='lat' dir='ltr'>dunensis,</span> <span class='ocrx_word' id='word_1_444' title='bbox 1280 770 1445 796; x_wconf 88' lang='lat' dir='ltr'>canones</span> <span class='ocrx_word' id='word_1_445' title='bbox 1464 770 1534 796; x_wconf 83' lang='lat' dir='ltr'>sex</span> <span class='ocrx_word' id='word_1_446' title='bbox 1545 759 1857 805; x_wconf 57' lang='lat' dir='ltr'>Vafflntinenses,</span> <span class='ocrx_word' id='word_1_447' title='bbox 1872 760 1945 797; x_wconf 90' lang='lat' dir='ltr'>sibi</span> <span class='ocrx_word' id='word_1_448' title='bbox 1961 760 2016 796; x_wconf 92' lang='lat' dir='ltr'>in-</span> 
     </span>
     <span class='ocr_line' id='line_1_73' title="bbox 1073 811 2019 859; baseline 0 -11"><span class='ocrx_word' id='word_1_449' title='bbox 1073 812 1198 848; x_wconf 82' lang='lat' dir='ltr'>vicem</span> <span class='ocrx_word' id='word_1_450' title='bbox 1220 822 1441 859; x_wconf 82' lang='lat' dir='ltr'>repugnare</span> <span class='ocrx_word' id='word_1_451' title='bbox 1455 811 1676 856; x_wconf 87' lang='lat' dir='ltr'>videantur,</span> <span class='ocrx_word' id='word_1_452' title='bbox 1689 812 1872 849; x_wconf 86' lang='lat' dir='ltr'>dissensio</span> <span class='ocrx_word' id='word_1_453' title='bbox 1887 814 2019 849; x_wconf 87' lang='lat' dir='ltr'>tamen</span> 
     </span>
     <span class='ocr_line' id='line_1_74' title="bbox 1074 863 2020 912; baseline -0.002 -11"><span class='ocrx_word' id='word_1_454' title='bbox 1074 876 1150 901; x_wconf 91' lang='lat' dir='ltr'>non</span> <span class='ocrx_word' id='word_1_455' title='bbox 1172 867 1251 901; x_wconf 86' lang='lat' dir='ltr'>tam</span> <span class='ocrx_word' id='word_1_456' title='bbox 1273 863 1311 899; x_wconf 92' lang='lat' dir='ltr'>in</span> <span class='ocrx_word' id='word_1_457' title='bbox 1333 865 1415 911; x_wconf 89' lang='lat' dir='ltr'>ipsa</span> <span class='ocrx_word' id='word_1_458' title='bbox 1434 874 1496 909; x_wconf 90' lang='lat' dir='ltr'>re,</span> <span class='ocrx_word' id='word_1_459' title='bbox 1516 874 1632 910; x_wconf 89' lang='lat' dir='ltr'>quam</span> <span class='ocrx_word' id='word_1_460' title='bbox 1652 863 1690 899; x_wconf 92' lang='lat' dir='ltr'>in</span> <span class='ocrx_word' id='word_1_461' title='bbox 1715 863 1825 900; x_wconf 89' lang='lat' dir='ltr'>modo</span> <span class='ocrx_word' id='word_1_462' title='bbox 1840 864 2020 912; x_wconf 88' lang='lat' dir='ltr'>loquendi</span> 
     </span>
     <span class='ocr_line' id='line_1_75' title="bbox 1075 915 2023 953; baseline 0 0"><span class='ocrx_word' id='word_1_463' title='bbox 1075 917 1320 953; x_wconf 87' lang='lat' dir='ltr'>versabatur.</span> <span class='ocrx_word' id='word_1_464' title='bbox 1335 915 1598 952; x_wconf 85' lang='lat' dir='ltr'>Proveniebat</span> <span class='ocrx_word' id='word_1_465' title='bbox 1614 915 1683 952; x_wconf 87' lang='lat' dir='ltr'>illa</span> <span class='ocrx_word' id='word_1_466' title='bbox 1698 915 1886 953; x_wconf 91' lang='lat' dir='ltr'>dissensio</span> <span class='ocrx_word' id='word_1_467' title='bbox 1901 928 1922 953; x_wconf 91' lang='lat' dir='ltr'>e</span> <span class='ocrx_word' id='word_1_468' title='bbox 1937 928 2023 953; x_wconf 90' lang='lat' dir='ltr'>con-</span> 
     </span>
     <span class='ocr_line' id='line_1_76' title="bbox 1075 963 2024 1017; baseline -0.001 -11"><span class='ocrx_word' id='word_1_469' title='bbox 1075 968 1226 1006; x_wconf 88' lang='lat' dir='ltr'>fusione</span> <span class='ocrx_word' id='word_1_470' title='bbox 1245 963 1526 1013; x_wconf 82' lang='lat' dir='ltr'>terminorum,</span> <span class='ocrx_word' id='word_1_471' title='bbox 1548 967 1612 1016; x_wconf 91' lang='lat' dir='ltr'>qui</span> <span class='ocrx_word' id='word_1_472' title='bbox 1633 969 1767 1015; x_wconf 89' lang='lat' dir='ltr'>postea</span> <span class='ocrx_word' id='word_1_473' title='bbox 1787 969 1910 1017; x_wconf 89' lang='lat' dir='ltr'>magis</span> <span class='ocrx_word' id='word_1_474' title='bbox 1925 968 2024 1005; x_wconf 89' lang='lat' dir='ltr'>defi-</span> 
     </span>
     <span class='ocr_line' id='line_1_77' title="bbox 1077 1019 2023 1068; baseline -0.001 -10"><span class='ocrx_word' id='word_1_475' title='bbox 1077 1022 1145 1058; x_wconf 86' lang='lat' dir='ltr'>niti</span> <span class='ocrx_word' id='word_1_476' title='bbox 1166 1022 1277 1066; x_wconf 86' lang='lat' dir='ltr'>sunt,</span> <span class='ocrx_word' id='word_1_477' title='bbox 1298 1021 1390 1057; x_wconf 89' lang='lat' dir='ltr'>dum</span> <span class='ocrx_word' id='word_1_478' title='bbox 1406 1020 1558 1057; x_wconf 89' lang='lat' dir='ltr'>scholae</span> <span class='ocrx_word' id='word_1_479' title='bbox 1579 1019 1842 1057; x_wconf 82' lang='lat' dir='ltr'>distinxerunt</span> <span class='ocrx_word' id='word_1_480' title='bbox 1856 1021 2023 1068; x_wconf 86' lang='lat' dir='ltr'>praede-</span> 
     </span>
     <span class='ocr_line' id='line_1_78' title="bbox 1076 1072 2024 1120; baseline -0.001 -9"><span class='ocrx_word' id='word_1_481' title='bbox 1076 1073 1321 1111; x_wconf 86' lang='lat' dir='ltr'>stinationem</span> <span class='ocrx_word' id='word_1_482' title='bbox 1351 1074 1391 1109; x_wconf 87' lang='lat' dir='ltr'>et</span> <span class='ocrx_word' id='word_1_483' title='bbox 1416 1072 1750 1120; x_wconf 83' lang='lat' dir='ltr'>reprobationem,</span> <span class='ocrx_word' id='word_1_484' title='bbox 1781 1073 2024 1110; x_wconf 88' lang='lat' dir='ltr'>voluntatem</span> 
     </span>
     <span class='ocr_line' id='line_1_79' title="bbox 1076 1125 2024 1172; baseline 0 -10"><span class='ocrx_word' id='word_1_485' title='bbox 1076 1126 1148 1163; x_wconf 93' lang='lat' dir='ltr'>Dei</span> <span class='ocrx_word' id='word_1_486' title='bbox 1178 1126 1469 1162; x_wconf 88' lang='lat' dir='ltr'>antecedentem</span> <span class='ocrx_word' id='word_1_487' title='bbox 1499 1126 1539 1161; x_wconf 90' lang='lat' dir='ltr'>et</span> <span class='ocrx_word' id='word_1_488' title='bbox 1567 1127 1888 1172; x_wconf 86' lang='lat' dir='ltr'>consequentem,</span> <span class='ocrx_word' id='word_1_489' title='bbox 1908 1125 2024 1163; x_wconf 84' lang='lat' dir='ltr'>satis-</span> 
     </span>
     <span class='ocr_line' id='line_1_80' title="bbox 1078 1176 2025 1223; baseline -0.002 -7"><span class='ocrx_word' id='word_1_490' title='bbox 1078 1178 1285 1216; x_wconf 83' lang='lat' dir='ltr'>factionem</span> <span class='ocrx_word' id='word_1_491' title='bbox 1314 1177 1460 1214; x_wconf 87' lang='lat' dir='ltr'>Christi</span> <span class='ocrx_word' id='word_1_492' title='bbox 1481 1176 1736 1214; x_wconf 88' lang='lat' dir='ltr'>sufficientem</span> <span class='ocrx_word' id='word_1_493' title='bbox 1757 1180 1797 1214; x_wconf 89' lang='lat' dir='ltr'>et</span> <span class='ocrx_word' id='word_1_494' title='bbox 1816 1177 2025 1223; x_wconf 88' lang='lat' dir='ltr'>efficacem,</span> 
     </span>
     <span class='ocr_line' id='line_1_81' title="bbox 1078 1229 2026 1279; baseline -0.002 -11"><span class='ocrx_word' id='word_1_495' title='bbox 1078 1242 1198 1279; x_wconf 89' lang='lat' dir='ltr'>opera</span> <span class='ocrx_word' id='word_1_496' title='bbox 1209 1231 1308 1267; x_wconf 91' lang='lat' dir='ltr'>bona</span> <span class='ocrx_word' id='word_1_497' title='bbox 1324 1229 1522 1267; x_wconf 86' lang='lat' dir='ltr'>naturalia</span> <span class='ocrx_word' id='word_1_498' title='bbox 1537 1231 1574 1266; x_wconf 91' lang='lat' dir='ltr'>et</span> <span class='ocrx_word' id='word_1_499' title='bbox 1588 1229 1914 1278; x_wconf 86' lang='lat' dir='ltr'>supernaturalia.</span> <span class='ocrx_word' id='word_1_500' title='bbox 1928 1230 2026 1271; x_wconf 88' lang='lat' dir='ltr'>Qua-</span> 
     </span>
     <span class='ocr_line' id='line_1_82' title="bbox 1078 1281 2025 1332; baseline -0.001 -12"><span class='ocrx_word' id='word_1_501' title='bbox 1078 1285 1239 1332; x_wconf 88' lang='lat' dir='ltr'>propter</span> <span class='ocrx_word' id='word_1_502' title='bbox 1261 1282 1326 1319; x_wconf 87' lang='lat' dir='ltr'>ubi</span> <span class='ocrx_word' id='word_1_503' title='bbox 1346 1282 1529 1331; x_wconf 86' lang='lat' dir='ltr'>primum,</span> <span class='ocrx_word' id='word_1_504' title='bbox 1550 1282 1695 1319; x_wconf 89' lang='lat' dir='ltr'>sedatis</span> <span class='ocrx_word' id='word_1_505' title='bbox 1714 1281 1836 1327; x_wconf 90' lang='lat' dir='ltr'>bellis,</span> <span class='ocrx_word' id='word_1_506' title='bbox 1856 1282 2025 1330; x_wconf 89' lang='lat' dir='ltr'>episcopi</span> 
     </span>
     <span class='ocr_line' id='line_1_83' title="bbox 1079 1334 2028 1382; baseline -0.002 -9"><span class='ocrx_word' id='word_1_507' title='bbox 1079 1349 1099 1373; x_wconf 91' lang='lat' dir='ltr'>e</span> <span class='ocrx_word' id='word_1_508' title='bbox 1120 1336 1240 1373; x_wconf 86' lang='lat' dir='ltr'>variis</span> <span class='ocrx_word' id='word_1_509' title='bbox 1256 1335 1489 1372; x_wconf 80' lang='lat' dir='ltr'>Germaniae</span> <span class='ocrx_word' id='word_1_510' title='bbox 1506 1337 1545 1371; x_wconf 88' lang='lat' dir='ltr'>et</span> <span class='ocrx_word' id='word_1_511' title='bbox 1562 1334 1713 1372; x_wconf 84' lang='lat' dir='ltr'>Galliae</span> <span class='ocrx_word' id='word_1_512' title='bbox 1730 1335 1941 1382; x_wconf 87' lang='lat' dir='ltr'>provinciis</span> <span class='ocrx_word' id='word_1_513' title='bbox 1957 1346 2028 1372; x_wconf 89' lang='lat' dir='ltr'>an-</span> 
     </span>
     <span class='ocr_line' id='line_1_84' title="bbox 1079 1386 2027 1433; baseline -0.002 -7"><span class='ocrx_word' id='word_1_514' title='bbox 1079 1400 1126 1426; x_wconf 93' lang='lat' dir='ltr'>no</span> <span class='ocrx_word' id='word_1_515' title='bbox 1146 1388 1224 1425; x_wconf 83' lang='lat'>860</span> <span class='ocrx_word' id='word_1_516' title='bbox 1243 1387 1400 1425; x_wconf 88' lang='lat' dir='ltr'>Tullum</span> <span class='ocrx_word' id='word_1_517' title='bbox 1424 1389 1715 1433; x_wconf 85' lang='lat' dir='ltr'>convenerunt,</span> <span class='ocrx_word' id='word_1_518' title='bbox 1735 1386 1852 1424; x_wconf 89' lang='lat' dir='ltr'>finem</span> <span class='ocrx_word' id='word_1_519' title='bbox 1867 1388 2027 1424; x_wconf 88' lang='lat' dir='ltr'>contro-</span> 
     </span>
     <span class='ocr_line' id='line_1_85' title="bbox 1079 1439 2026 1488; baseline -0.003 -10"><span class='ocrx_word' id='word_1_520' title='bbox 1079 1441 1229 1478; x_wconf 87' lang='lat' dir='ltr'>versiae</span> <span class='ocrx_word' id='word_1_521' title='bbox 1258 1440 1556 1477; x_wconf 87' lang='lat' dir='ltr'>constituerunt.</span> <span class='ocrx_word' id='word_1_522' title='bbox 1579 1440 1859 1477; x_wconf 85' lang='lat' dir='ltr'>Gothescalcus</span> <span class='ocrx_word' id='word_1_523' title='bbox 1873 1470 1881 1485; x_wconf 92' lang='lat'>‚</span> <span class='ocrx_word' id='word_1_524' title='bbox 1902 1439 1970 1488; x_wconf 89' lang='lat' dir='ltr'>qui</span> <span class='ocrx_word' id='word_1_525' title='bbox 1992 1439 2026 1475; x_wconf 89' lang='lat' dir='ltr'>ei</span> 
     </span>
     <span class='ocr_line' id='line_1_86' title="bbox 1080 1489 2029 1536; baseline -0.003 -5"><span class='ocrx_word' id='word_1_526' title='bbox 1080 1505 1235 1531; x_wconf 90' lang='lat' dir='ltr'>causam</span> <span class='ocrx_word' id='word_1_527' title='bbox 1264 1493 1387 1536; x_wconf 87' lang='lat' dir='ltr'>dedit,</span> <span class='ocrx_word' id='word_1_528' title='bbox 1407 1493 1447 1529; x_wconf 91' lang='lat' dir='ltr'>in</span> <span class='ocrx_word' id='word_1_529' title='bbox 1474 1492 1710 1530; x_wconf 81' lang='lat' dir='ltr'>monasterio</span> <span class='ocrx_word' id='word_1_530' title='bbox 1730 1489 2029 1530; x_wconf 84' lang='lat' dir='ltr'>Altovillarien&#39;-</span> 
     </span>
     <span class='ocr_line' id='line_1_87' title="bbox 1079 1545 1437 1592; baseline -0.008 -8"><span class='ocrx_word' id='word_1_531' title='bbox 1079 1547 1131 1592; x_wconf 90' lang='lat' dir='ltr'>si,</span> <span class='ocrx_word' id='word_1_532' title='bbox 1152 1558 1213 1582; x_wconf 90' lang='lat' dir='ltr'>an.</span> <span class='ocrx_word' id='word_1_533' title='bbox 1235 1546 1312 1582; x_wconf 85' lang='grc'>868</span> <span class='ocrx_word' id='word_1_534' title='bbox 1332 1545 1437 1582; x_wconf 86' lang='lat' dir='ltr'>obiit.</span> 
     </span>
    </p>

    <p class='ocr_par' dir='ltr' id='par_1_13' title="bbox 1082 1596 2031 1750">
     <span class='ocr_line' id='line_1_88' title="bbox 1134 1596 2031 1645; baseline -0.002 -10"><span class='ocrx_word' id='word_1_535' title='bbox 1134 1597 1319 1635; x_wconf 82' lang='lat' dir='ltr'>Praefata</span> <span class='ocrx_word' id='word_1_536' title='bbox 1331 1597 1600 1634; x_wconf 89' lang='lat' dir='ltr'>controversia</span> <span class='ocrx_word' id='word_1_537' title='bbox 1611 1597 1706 1634; x_wconf 91' lang='lat' dir='ltr'>nihil</span> <span class='ocrx_word' id='word_1_538' title='bbox 1723 1596 1934 1645; x_wconf 88' lang='lat' dir='ltr'>quidquam</span> <span class='ocrx_word' id='word_1_539' title='bbox 1946 1608 2031 1645; x_wconf 89' lang='lat' dir='ltr'>pro-</span> 
     </span>
     <span class='ocr_line' id='line_1_89' title="bbox 1082 1649 2031 1689; baseline -0.003 0"><span class='ocrx_word' id='word_1_540' title='bbox 1082 1652 1167 1689; x_wconf 86' lang='lat' dir='ltr'>dest</span> <span class='ocrx_word' id='word_1_541' title='bbox 1185 1650 1438 1688; x_wconf 86' lang='lat' dir='ltr'>Calvinianae</span> <span class='ocrx_word' id='word_1_542' title='bbox 1465 1649 1529 1687; x_wconf 85' lang='lat' dir='ltr'>vel</span> <span class='ocrx_word' id='word_1_543' title='bbox 1549 1649 1803 1686; x_wconf 87' lang='lat' dir='ltr'>Iansenianae</span> <span class='ocrx_word' id='word_1_544' title='bbox 1822 1650 2031 1687; x_wconf 86' lang='lat' dir='ltr'>haereseos</span> 
     </span>
     <span class='ocr_line' id='line_1_90' title="bbox 1082 1701 2030 1750; baseline -0.003 -9"><span class='ocrx_word' id='word_1_545' title='bbox 1082 1703 1322 1748; x_wconf 86' lang='lat' dir='ltr'>fautoribus;</span> <span class='ocrx_word' id='word_1_546' title='bbox 1342 1714 1433 1739; x_wconf 86' lang='lat' dir='ltr'>nam</span> <span class='ocrx_word' id='word_1_547' title='bbox 1453 1702 1516 1750; x_wconf 90' lang='lat' dir='ltr'>qui</span> <span class='ocrx_word' id='word_1_548' title='bbox 1537 1702 1689 1738; x_wconf 87' lang='lat' dir='ltr'>saeculo</span> <span class='ocrx_word' id='word_1_549' title='bbox 1707 1702 1763 1739; x_wconf 88' lang='lat' dir='ltr'>IX</span> <span class='ocrx_word' id='word_1_550' title='bbox 1779 1702 1819 1739; x_wconf 88' lang='lat' dir='ltr'>in</span> <span class='ocrx_word' id='word_1_551' title='bbox 1836 1702 1966 1739; x_wconf 87' lang='lat' dir='ltr'>Gallia</span> <span class='ocrx_word' id='word_1_552' title='bbox 1983 1701 2030 1738; x_wconf 89' lang='lat' dir='ltr'>de</span> 
     </span>
    </p>
   </div>
   <div class='ocr_carea' id='block_1_9' title="bbox 1082 1754 2091 1805">
    <p class='ocr_par' dir='ltr' id='par_1_14' title="bbox 1082 1754 2091 1805">
     <span class='ocr_line' id='line_1_91' title="bbox 1082 1754 2091 1805; baseline -0.003 -12"><span class='ocrx_word' id='word_1_553' title='bbox 1082 1756 1260 1805; x_wconf 87' lang='lat' dir='ltr'>superius</span> <span class='ocrx_word' id='word_1_554' title='bbox 1289 1755 1403 1792; x_wconf 90' lang='lat' dir='ltr'>dictis</span> <span class='ocrx_word' id='word_1_555' title='bbox 1423 1754 1715 1802; x_wconf 88' lang='lat' dir='ltr'>quaestionibus</span> <span class='ocrx_word' id='word_1_556' title='bbox 1741 1755 2033 1804; x_wconf 85' lang='lat' dir='ltr'>disceptarunt,</span> <span class='ocrx_word' id='word_1_557' title='bbox 2084 1764 2091 1768; x_wconf 80' lang='grc'><strong><em>’</em></strong></span> 
     </span>
    </p>
   </div>
   <div class='ocr_carea' id='block_1_10' title="bbox 1083 1806 2044 2944">
    <p class='ocr_par' dir='ltr' id='par_1_15' title="bbox 1083 1806 2031 1910">
     <span class='ocr_line' id='line_1_92' title="bbox 1083 1806 2031 1856; baseline -0.002 -10"><span class='ocrx_word' id='word_1_558' title='bbox 1083 1807 1201 1846; x_wconf 82' lang='lat' dir='ltr'>etiam</span> <span class='ocrx_word' id='word_1_559' title='bbox 1224 1808 1249 1844; x_wconf 90' lang='lat' dir='ltr'>ii</span> <span class='ocrx_word' id='word_1_560' title='bbox 1269 1807 1334 1856; x_wconf 89' lang='lat' dir='ltr'>qui</span> <span class='ocrx_word' id='word_1_561' title='bbox 1364 1807 1620 1844; x_wconf 86' lang='lat' dir='ltr'>Gothescalco</span> <span class='ocrx_word' id='word_1_562' title='bbox 1649 1806 1857 1854; x_wconf 85' lang='lat' dir='ltr'>favebant,</span> <span class='ocrx_word' id='word_1_563' title='bbox 1877 1817 2031 1844; x_wconf 84' lang='lat' dir='ltr'>errores</span> 
     </span>
     <span class='ocr_line' id='line_1_93' title="bbox 1083 1859 1798 1910; baseline -0.001 -12"><span class='ocrx_word' id='word_1_564' title='bbox 1083 1859 1463 1910; x_wconf 88' lang='lat' dir='ltr'>praedestinatianos</span> <span class='ocrx_word' id='word_1_565' title='bbox 1483 1859 1798 1897; x_wconf 88' lang='lat' dir='ltr'>detestabantur.</span> 
     </span>
    </p>

    <p class='ocr_par' dir='ltr' id='par_1_16' title="bbox 1083 1911 2044 2944">
     <span class='ocr_line' id='line_1_94' title="bbox 1137 1911 2029 1961; baseline -0.002 -11"><span class='ocrx_word' id='word_1_566' title='bbox 1137 1911 1472 1961; x_wconf 13' lang='lat' dir='ltr'>DessGothescalco</span> <span class='ocrx_word' id='word_1_567' title='bbox 1491 1912 1651 1959; x_wconf 89' lang='lat' dir='ltr'>eiusque</span> <span class='ocrx_word' id='word_1_568' title='bbox 1671 1912 1847 1949; x_wconf 89' lang='lat' dir='ltr'>doctrina</span> <span class='ocrx_word' id='word_1_569' title='bbox 1862 1912 2029 1959; x_wconf 90' lang='lat' dir='ltr'>scripto-</span> 
     </span>
     <span class='ocr_line' id='line_1_95' title="bbox 1083 1963 2030 2009; baseline -0.002 -7"><span class='ocrx_word' id='word_1_570' title='bbox 1083 1977 1145 2003; x_wconf 91' lang='lat' dir='ltr'>res</span> <span class='ocrx_word' id='word_1_571' title='bbox 1165 1965 1324 2002; x_wconf 89' lang='lat' dir='ltr'>minime</span> <span class='ocrx_word' id='word_1_572' title='bbox 1345 1964 1762 2002; x_wconf 87' lang='lat' dir='ltr'>consentiunt:Natalis</span> <span class='ocrx_word' id='word_1_573' title='bbox 1778 1963 2030 2009; x_wconf 74' lang='lat' dir='ltr'>Alexander2,</span> 
     </span>
     <span class='ocr_line' id='line_1_96' title="bbox 1084 2017 2034 2062; baseline -0.002 -7"><span class='ocrx_word' id='word_1_574' title='bbox 1084 2021 1122 2055; x_wconf 90' lang='lat' dir='ltr'>et</span> <span class='ocrx_word' id='word_1_575' title='bbox 1133 2018 1196 2055; x_wconf 89' lang='lat' dir='ltr'>alii</span> <span class='ocrx_word' id='word_1_576' title='bbox 1211 2017 1323 2055; x_wconf 88' lang='lat' dir='ltr'>multi</span> <span class='ocrx_word' id='word_1_577' title='bbox 1335 2017 1537 2062; x_wconf 82' lang='lat' dir='ltr'>censent,G</span> <span class='ocrx_word' id='word_1_578' title='bbox 1544 2017 1807 2053; x_wconf 87' lang='lat' dir='ltr'>othescalcum</span> <span class='ocrx_word' id='word_1_579' title='bbox 1821 2028 1961 2054; x_wconf 87' lang='lat' dir='ltr'>revera</span> <span class='ocrx_word' id='word_1_580' title='bbox 1972 2017 2034 2053; x_wconf 92' lang='lat' dir='ltr'>do-</span> 
     </span>
     <span class='ocr_line' id='line_1_97' title="bbox 1086 2069 2035 2117; baseline -0.003 -9"><span class='ocrx_word' id='word_1_581' title='bbox 1086 2071 1210 2108; x_wconf 90' lang='lat' dir='ltr'>cuisse</span> <span class='ocrx_word' id='word_1_582' title='bbox 1230 2082 1275 2107; x_wconf 88' lang='lat' dir='ltr'>ac</span> <span class='ocrx_word' id='word_1_583' title='bbox 1294 2069 1500 2106; x_wconf 82' lang='lat' dir='ltr'>tradidisse</span> <span class='ocrx_word' id='word_1_584' title='bbox 1521 2080 1673 2106; x_wconf 88' lang='lat' dir='ltr'>errores</span> <span class='ocrx_word' id='word_1_585' title='bbox 1693 2080 1787 2117; x_wconf 89' lang='lat' dir='ltr'>quos</span> <span class='ocrx_word' id='word_1_586' title='bbox 1800 2069 2035 2106; x_wconf 57' lang='lat' dir='ltr'>Praedestzz</span> 
     </span>
     <span class='ocr_line' id='line_1_98' title="bbox 1086 2121 2035 2170; baseline -0.003 -10"><span class='ocrx_word' id='word_1_587' title='bbox 1086 2124 1269 2160; x_wconf 77' lang='lat' dir='ltr'>nationis</span> <span class='ocrx_word' id='word_1_588' title='bbox 1289 2121 1497 2170; x_wconf 84' lang='lat' dir='ltr'>appellant.</span> <span class='ocrx_word' id='word_1_589' title='bbox 1513 2121 1573 2158; x_wconf 88' lang='lat' dir='ltr'>Illi</span> <span class='ocrx_word' id='word_1_590' title='bbox 1598 2121 1807 2169; x_wconf 86' lang='lat' dir='ltr'>scriptores</span> <span class='ocrx_word' id='word_1_591' title='bbox 1828 2121 2035 2169; x_wconf 85' lang='lat' dir='ltr'>praecipue</span> 
     </span>
     <span class='ocr_line' id='line_1_99' title="bbox 1087 2173 2034 2222; baseline -0.004 -10"><span class='ocrx_word' id='word_1_592' title='bbox 1087 2177 1265 2212; x_wconf 88' lang='lat' dir='ltr'>nituntur</span> <span class='ocrx_word' id='word_1_593' title='bbox 1279 2173 1511 2211; x_wconf 85' lang='lat' dir='ltr'>testimoniis</span> <span class='ocrx_word' id='word_1_594' title='bbox 1521 2173 1751 2222; x_wconf 86' lang='lat' dir='ltr'>scriptisque</span> <span class='ocrx_word' id='word_1_595' title='bbox 1762 2174 1915 2211; x_wconf 87' lang='lat' dir='ltr'>Rabani</span> <span class='ocrx_word' id='word_1_596' title='bbox 1926 2173 2034 2211; x_wconf 90' lang='lat' dir='ltr'>Mau-</span> 
     </span>
     <span class='ocr_line' id='line_1_100' title="bbox 1086 2225 2034 2275; baseline -0.004 -11"><span class='ocrx_word' id='word_1_597' title='bbox 1086 2228 1119 2265; x_wconf 86' lang='lat' dir='ltr'>ri</span> <span class='ocrx_word' id='word_1_598' title='bbox 1136 2226 1369 2275; x_wconf 84' lang='lat' dir='ltr'>Moguntini,</span> <span class='ocrx_word' id='word_1_599' title='bbox 1390 2225 1592 2263; x_wconf 88' lang='lat' dir='ltr'>Hincmari</span> <span class='ocrx_word' id='word_1_600' title='bbox 1614 2226 1856 2271; x_wconf 85' lang='lat' dir='ltr'>Rhemensis,</span> <span class='ocrx_word' id='word_1_601' title='bbox 1873 2225 2034 2263; x_wconf 85' lang='lat' dir='ltr'>Amolo-</span> 
     </span>
     <span class='ocr_line' id='line_1_101' title="bbox 1088 2278 2036 2328; baseline -0.003 -11"><span class='ocrx_word' id='word_1_602' title='bbox 1088 2280 1146 2317; x_wconf 90' lang='lat' dir='ltr'>nis</span> <span class='ocrx_word' id='word_1_603' title='bbox 1165 2278 1437 2328; x_wconf 86' lang='lat' dir='ltr'>Lugdunensis</span> <span class='ocrx_word' id='word_1_604' title='bbox 1450 2307 1459 2323; x_wconf 95' lang='lat'>,</span> <span class='ocrx_word' id='word_1_605' title='bbox 1479 2278 1640 2316; x_wconf 90' lang='lat' dir='ltr'>Parduli</span> <span class='ocrx_word' id='word_1_606' title='bbox 1662 2278 1951 2321; x_wconf 84' lang='lat' dir='ltr'>Laudunensis,</span> <span class='ocrx_word' id='word_1_607' title='bbox 1971 2279 2036 2314; x_wconf 88' lang='lat' dir='ltr'>at-</span> 
     </span>
     <span class='ocr_line' id='line_1_102' title="bbox 1088 2329 2037 2381; baseline -0.004 -12"><span class='ocrx_word' id='word_1_608' title='bbox 1088 2345 1161 2381; x_wconf 90' lang='lat' dir='ltr'>que</span> <span class='ocrx_word' id='word_1_609' title='bbox 1191 2331 1287 2369; x_wconf 89' lang='lat' dir='ltr'>actis</span> <span class='ocrx_word' id='word_1_610' title='bbox 1307 2331 1542 2379; x_wconf 82' lang='lat' dir='ltr'>synodorum</span> <span class='ocrx_word' id='word_1_611' title='bbox 1571 2331 1826 2378; x_wconf 82' lang='lat' dir='ltr'>Moguntinae</span> <span class='ocrx_word' id='word_1_612' title='bbox 1855 2333 1894 2367; x_wconf 89' lang='lat' dir='ltr'>et</span> <span class='ocrx_word' id='word_1_613' title='bbox 1922 2329 2037 2366; x_wconf 87' lang='lat' dir='ltr'>Cari-</span> 
     </span>
     <span class='ocr_line' id='line_1_103' title="bbox 1089 2381 2038 2431; baseline -0.004 -10"><span class='ocrx_word' id='word_1_614' title='bbox 1089 2386 1297 2422; x_wconf 88' lang='lat' dir='ltr'>siacarum.</span> <span class='ocrx_word' id='word_1_615' title='bbox 1311 2384 1455 2420; x_wconf 87' lang='lat' dir='ltr'>Contra</span> <span class='ocrx_word' id='word_1_616' title='bbox 1473 2382 1675 2419; x_wconf 85' lang='lat' dir='ltr'>Gilbertus</span> <span class='ocrx_word' id='word_1_617' title='bbox 1696 2381 1931 2431; x_wconf 87' lang='lat' dir='ltr'>Mauginus(</span> <span class='ocrx_word' id='word_1_618' title='bbox 1946 2382 2038 2418; x_wconf 72' lang='lat' dir='ltr'>Vin-</span> 
     </span>
     <span class='ocr_line' id='line_1_104' title="bbox 1088 2433 2035 2483; baseline -0.005 -9"><span class='ocrx_word' id='word_1_619' title='bbox 1088 2437 1219 2474; x_wconf 80' lang='lat' dir='ltr'>diciae</span> <span class='ocrx_word' id='word_1_620' title='bbox 1241 2436 1630 2483; x_wconf 68' lang='lat' dir='ltr'>praedestinationis</span> <span class='ocrx_word' id='word_1_621' title='bbox 1649 2434 1880 2483; x_wconf 66' lang='lat' dir='ltr'>etyratz&#39;ae)</span> <span class='ocrx_word' id='word_1_622' title='bbox 1894 2433 2035 2481; x_wconf 88' lang='lat' dir='ltr'>aliique</span> 
     </span>
     <span class='ocr_line' id='line_1_105' title="bbox 1089 2487 2037 2532; baseline -0.004 -6"><span class='ocrx_word' id='word_1_623' title='bbox 1089 2489 1335 2532; x_wconf 85' lang='lat' dir='ltr'>existimant,</span> <span class='ocrx_word' id='word_1_624' title='bbox 1360 2487 1659 2524; x_wconf 84' lang='lat' dir='ltr'>Gothescalcum</span> <span class='ocrx_word' id='word_1_625' title='bbox 1685 2487 1805 2524; x_wconf 85' lang='lat' dir='ltr'>fuisse</span> <span class='ocrx_word' id='word_1_626' title='bbox 1826 2487 2037 2523; x_wconf 90' lang='lat' dir='ltr'>immunem</span> 
     </span>
     <span class='ocr_line' id='line_1_106' title="bbox 1092 2537 2038 2585; baseline -0.005 -7"><span class='ocrx_word' id='word_1_627' title='bbox 1092 2542 1139 2579; x_wconf 90' lang='lat' dir='ltr'>ab</span> <span class='ocrx_word' id='word_1_628' title='bbox 1155 2540 1351 2578; x_wconf 86' lang='lat' dir='ltr'>erroribus</span> <span class='ocrx_word' id='word_1_629' title='bbox 1367 2539 1742 2577; x_wconf 88' lang='lat' dir='ltr'>Praedestinatianis</span> <span class='ocrx_word' id='word_1_630' title='bbox 1756 2567 1765 2584; x_wconf 91' lang='lat'>,</span> <span class='ocrx_word' id='word_1_631' title='bbox 1795 2548 1957 2585; x_wconf 89' lang='lat' dir='ltr'>quorum</span> <span class='ocrx_word' id='word_1_632' title='bbox 1989 2537 2038 2574; x_wconf 87' lang='lat' dir='ltr'>ab</span> 
     </span>
     <span class='ocr_line' id='line_1_107' title="bbox 1093 2590 2040 2638; baseline -0.005 -8"><span class='ocrx_word' id='word_1_633' title='bbox 1093 2592 1326 2630; x_wconf 86' lang='lat' dir='ltr'>adversariis</span> <span class='ocrx_word' id='word_1_634' title='bbox 1347 2593 1550 2628; x_wconf 82' lang='lat' dir='ltr'>accusatus</span> <span class='ocrx_word' id='word_1_635' title='bbox 1565 2594 1635 2637; x_wconf 81' lang='lat' dir='ltr'>est3</span> <span class='ocrx_word' id='word_1_636' title='bbox 1648 2594 1687 2628; x_wconf 90' lang='lat' dir='ltr'>et</span> <span class='ocrx_word' id='word_1_637' title='bbox 1706 2591 1770 2638; x_wconf 90' lang='lat' dir='ltr'>qui</span> <span class='ocrx_word' id='word_1_638' title='bbox 1787 2591 1842 2626; x_wconf 85' lang='lat' dir='ltr'>ita</span> <span class='ocrx_word' id='word_1_639' title='bbox 1856 2590 2040 2634; x_wconf 84' lang='lat' dir='ltr'>sentiunt,</span> 
     </span>
     <span class='ocr_line' id='line_1_108' title="bbox 1094 2641 2039 2690; baseline -0.005 -8"><span class='ocrx_word' id='word_1_640' title='bbox 1094 2641 1277 2682; x_wconf 83' lang='lat' dir='ltr'>nituntur</span> <span class='ocrx_word' id='word_1_641' title='bbox 1309 2643 1543 2681; x_wconf 87' lang='lat' dir='ltr'>testimoniis</span> <span class='ocrx_word' id='word_1_642' title='bbox 1563 2655 1630 2680; x_wconf 90' lang='lat' dir='ltr'>seu</span> <span class='ocrx_word' id='word_1_643' title='bbox 1648 2643 1801 2690; x_wconf 87' lang='lat' dir='ltr'>scriptis</span> <span class='ocrx_word' id='word_1_644' title='bbox 1833 2641 2039 2678; x_wconf 88' lang='lat' dir='ltr'>Prudentii</span> 
     </span>
     <span class='ocr_line' id='line_1_109' title="bbox 1095 2693 2041 2744; baseline -0.006 -9"><span class='ocrx_word' id='word_1_645' title='bbox 1095 2696 1313 2741; x_wconf 88' lang='lat' dir='ltr'>Trecensis,</span> <span class='ocrx_word' id='word_1_646' title='bbox 1333 2695 1505 2744; x_wconf 81' lang='lat' dir='ltr'>Remigii</span> <span class='ocrx_word' id='word_1_647' title='bbox 1524 2694 1816 2743; x_wconf 80' lang='lat' dir='ltr'>Lugdunensis,</span> <span class='ocrx_word' id='word_1_648' title='bbox 1840 2694 1939 2741; x_wconf 91' lang='lat' dir='ltr'>Lupi</span> <span class='ocrx_word' id='word_1_649' title='bbox 1955 2693 2041 2730; x_wconf 88' lang='lat' dir='ltr'>Ser-</span> 
     </span>
     <span class='ocr_line' id='line_1_110' title="bbox 1095 2747 2040 2794; baseline -0.006 -7"><span class='ocrx_word' id='word_1_650' title='bbox 1095 2750 1177 2787; x_wconf 86' lang='lat' dir='ltr'>vati</span> <span class='ocrx_word' id='word_1_651' title='bbox 1206 2748 1359 2787; x_wconf 84' lang='lat' dir='ltr'>abbatis</span> <span class='ocrx_word' id='word_1_652' title='bbox 1373 2747 1633 2785; x_wconf 85' lang='lat' dir='ltr'>Ferrariensis</span> <span class='ocrx_word' id='word_1_653' title='bbox 1647 2776 1656 2792; x_wconf 95' lang='lat'>,</span> <span class='ocrx_word' id='word_1_654' title='bbox 1672 2748 1788 2794; x_wconf 88' lang='lat' dir='ltr'>atque</span> <span class='ocrx_word' id='word_1_655' title='bbox 1804 2747 1901 2782; x_wconf 91' lang='lat' dir='ltr'>actis</span> <span class='ocrx_word' id='word_1_656' title='bbox 1918 2757 2040 2794; x_wconf 78' lang='lat' dir='ltr'>syno-</span> 
     </span>
     <span class='ocr_line' id='line_1_111' title="bbox 1097 2798 2040 2850; baseline -0.006 -11"><span class='ocrx_word' id='word_1_657' title='bbox 1097 2803 1234 2839; x_wconf 89' lang='lat' dir='ltr'>dorum</span> <span class='ocrx_word' id='word_1_658' title='bbox 1268 2800 1477 2837; x_wconf 85' lang='lat' dir='ltr'>Valentiae</span> <span class='ocrx_word' id='word_1_659' title='bbox 1506 2801 1546 2835; x_wconf 90' lang='lat' dir='ltr'>et</span> <span class='ocrx_word' id='word_1_660' title='bbox 1580 2798 1859 2850; x_wconf 70' lang='lat' dir='ltr'>Lingonensis,</span> <span class='ocrx_word' id='word_1_661' title='bbox 1893 2809 2040 2835; x_wconf 88' lang='lat' dir='ltr'>necnon</span> 
     </span>
     <span class='ocr_line' id='line_1_112' title="bbox 1095 2849 2044 2898; baseline -0.005 -7"><span class='ocrx_word' id='word_1_662' title='bbox 1095 2854 1246 2891; x_wconf 86' lang='lat' dir='ltr'>duabus</span> <span class='ocrx_word' id='word_1_663' title='bbox 1273 2852 1363 2890; x_wconf 87' lang='lat' dir='ltr'>fidei</span> <span class='ocrx_word' id='word_1_664' title='bbox 1383 2851 1688 2888; x_wconf 84' lang='lat' dir='ltr'>confessionibus</span> <span class='ocrx_word' id='word_1_665' title='bbox 1703 2861 1798 2898; x_wconf 89' lang='lat' dir='ltr'>quas</span> <span class='ocrx_word' id='word_1_666' title='bbox 1813 2849 2044 2887; x_wconf 85' lang='lat' dir='ltr'>Gothescal-</span> 
     </span>
     <span class='ocr_line' id='line_1_113' title="bbox 1099 2901 1596 2944; baseline -0.01 0"><span class='ocrx_word' id='word_1_667' title='bbox 1099 2919 1164 2944; x_wconf 87' lang='lat' dir='ltr'>cus</span> <span class='ocrx_word' id='word_1_668' title='bbox 1181 2905 1320 2942; x_wconf 81' lang='lat' dir='ltr'>obtulit</span> <span class='ocrx_word' id='word_1_669' title='bbox 1339 2903 1550 2940; x_wconf 85' lang='lat' dir='ltr'>Hincmaro</span> <span class='ocrx_word' id='word_1_670' title='bbox 1570 2901 1596 2939; x_wconf 85' lang='lat'>³.</span> 
     </span>
    </p>
   </div>
   <div class='ocr_carea' id='block_1_11' title="bbox 1102 3004 2052 3170">
    <p class='ocr_par' dir='ltr' id='par_1_17' title="bbox 1143 3004 1555 3044">
     <span class='ocr_line' id='line_1_114' title="bbox 1143 3004 1555 3044; baseline -0.012 -4"><span class='ocrx_word' id='word_1_671' title='bbox 1143 3011 1152 3032; x_wconf 75' lang='lat'>¹</span> <span class='ocrx_word' id='word_1_672' title='bbox 1173 3010 1286 3044; x_wconf 78' lang='lat' dir='ltr'>Lahbe,</span> <span class='ocrx_word' id='word_1_673' title='bbox 1302 3009 1360 3038; x_wconf 84' lang='lat' dir='ltr'>loc.</span> <span class='ocrx_word' id='word_1_674' title='bbox 1377 3007 1426 3036; x_wconf 75' lang='lat' dir='ltr'>cit.</span> <span class='ocrx_word' id='word_1_675' title='bbox 1443 3015 1470 3044; x_wconf 85' lang='lat' dir='ltr'>p.</span> <span class='ocrx_word' id='word_1_676' title='bbox 1488 3004 1555 3035; x_wconf 82' lang='lat'>673.</span> 
     </span>
    </p>

    <p class='ocr_par' dir='ltr' id='par_1_18' title="bbox 1138 3045 1673 3081">
     <span class='ocr_line' id='line_1_115' title="bbox 1138 3045 1673 3081; baseline -0.011 0"><span class='ocrx_word' id='word_1_677' title='bbox 1138 3050 1152 3071; x_wconf 71' lang='lat'>‘2</span> <span class='ocrx_word' id='word_1_678' title='bbox 1169 3049 1244 3081; x_wconf 65' lang='lat' dir='ltr'>Hm.</span> <span class='ocrx_word' id='word_1_679' title='bbox 1261 3048 1335 3079; x_wconf 50' lang='lat' dir='ltr'>ecs-l.</span> <span class='ocrx_word' id='word_1_680' title='bbox 1352 3048 1427 3077; x_wconf 78' lang='lat' dir='ltr'>diss,</span> <span class='ocrx_word' id='word_1_681' title='bbox 1442 3048 1462 3076; x_wconf 96' lang='lat' dir='ltr'>V</span> <span class='ocrx_word' id='word_1_682' title='bbox 1479 3047 1508 3076; x_wconf 90' lang='lat' dir='ltr'>in</span> <span class='ocrx_word' id='word_1_683' title='bbox 1526 3055 1607 3076; x_wconf 82' lang='lat' dir='ltr'>saec.</span> <span class='ocrx_word' id='word_1_684' title='bbox 1626 3045 1673 3075; x_wconf 76' lang='lat' dir='ltr'>lx.</span> 
     </span>
    </p>

    <p class='ocr_par' dir='ltr' id='par_1_19' title="bbox 1102 3084 2052 3170">
     <span class='ocr_line' id='line_1_116' title="bbox 1140 3084 2043 3124; baseline -0.003 -4"><span class='ocrx_word' id='word_1_685' title='bbox 1140 3091 1154 3113; x_wconf 82' lang='grc'>3</span> <span class='ocrx_word' id='word_1_686' title='bbox 1170 3091 1206 3120; x_wconf 76' lang='lat' dir='ltr'>Cf</span> <span class='ocrx_word' id='word_1_687' title='bbox 1235 3090 1330 3120; x_wconf 69' lang='lat' dir='ltr'>Natai.</span> <span class='ocrx_word' id='word_1_688' title='bbox 1356 3087 1500 3117; x_wconf 79' lang='lat' dir='ltr'>Alexand.</span> <span class='ocrx_word' id='word_1_689' title='bbox 1524 3084 1601 3116; x_wconf 28' lang='lat' dir='ltr'>lust,</span> <span class='ocrx_word' id='word_1_690' title='bbox 1627 3084 1701 3116; x_wconf 77' lang='lat' dir='ltr'>eccl.</span> <span class='ocrx_word' id='word_1_691' title='bbox 1725 3095 1804 3116; x_wconf 71' lang='lat' dir='ltr'>saec.</span> <span class='ocrx_word' id='word_1_692' title='bbox 1826 3086 1883 3122; x_wconf 68' lang='lat' dir='ltr'>ix,</span> <span class='ocrx_word' id='word_1_693' title='bbox 1914 3085 1989 3116; x_wconf 77' lang='lat' dir='ltr'>diss.</span> <span class='ocrx_word' id='word_1_694' title='bbox 2007 3087 2043 3124; x_wconf 70' lang='grc' dir='ltr'>ῦς</span> 
     </span>
     <span class='ocr_line' id='line_1_117' title="bbox 1102 3126 2052 3170; baseline -0.005 -8"><span class='ocrx_word' id='word_1_695' title='bbox 1102 3130 1290 3170; x_wconf 79' lang='lat' dir='ltr'>Longuevni,</span> <span class='ocrx_word' id='word_1_696' title='bbox 1309 3127 1445 3159; x_wconf 51' lang='lat' dir='ltr'>Histoire</span> <span class='ocrx_word' id='word_1_697' title='bbox 1467 3127 1505 3157; x_wconf 75' lang='lat' dir='ltr'>cle</span> <span class='ocrx_word' id='word_1_698' title='bbox 1528 3126 1649 3166; x_wconf 68' lang='lat' dir='ltr'>[etqlise</span> <span class='ocrx_word' id='word_1_699' title='bbox 1670 3126 1747 3166; x_wconf 60' lang='lat' dir='ltr'>gall.</span> <span class='ocrx_word' id='word_1_700' title='bbox 1766 3131 1783 3158; x_wconf 75' lang='grc' dir='ltr'>ί,</span> <span class='ocrx_word' id='word_1_701' title='bbox 1804 3127 1838 3157; x_wconf 87' lang='lat' dir='ltr'>Vl</span> <span class='ocrx_word' id='word_1_702' title='bbox 1852 3151 1859 3165; x_wconf 93' lang='lat'>,</span> <span class='ocrx_word' id='word_1_703' title='bbox 1878 3127 1895 3157; x_wconf 92' lang='grc' dir='ltr'>Ι.</span> <span class='ocrx_word' id='word_1_704' title='bbox 1914 3126 2052 3164; x_wconf 76' lang='lat' dir='ltr'>1630e1·</span> 
     </span>
    </p>
   </div>
   <div class='ocr_carea' id='block_1_12' title="bbox 1100 2980 1303 2987">
    <p class='ocr_par' dir='ltr' id='par_1_20' title="bbox 1100 2980 1303 2987">
     <span class='ocr_line' id='line_1_118' title="bbox 1100 2980 1303 2987; baseline 0 486"><span class='ocrx_word' id='word_1_705' title='bbox 1100 2980 1303 2987; x_wconf 95' lang='lat' dir='ltr'> </span> 
     </span>
    </p>
   </div>
  </div>
 </body>
</html>
