2241 3473
685 156 812 187 vsovss
842 154 893 182 AD
923 150 1118 179 AETATEM
1146 152 1290 179 CAROLI
1319 151 1361 179 M.

65 226 188 265 oculis
207 223 344 269 orbati,
360 222 447 260 aliis
468 223 641 260 membra
660 221 840 266 abscissa,
859 218 924 257 alii
942 217 1009 254 fia-

63 279 145 329 gris
175 288 296 326 usque
324 275 372 313 ad
403 287 535 313 necem
569 275 670 313 caesi
684 305 693 321 ,
723 273 787 312 alii
816 271 1006 323 innumeri

66 330 205 382 gladiis
234 329 395 377 aliisque
428 328 631 366 tormentis
651 327 777 366 necati
799 327 889 365 sunt
905 339 914 370 ;
932 335 1009 362 mo-

68 383 235 423 nasteria
255 382 380 419 multa
400 393 588 420 succensa
617 383 733 429 atque
763 380 894 417 diruta
909 408 918 422 ‚
937 380 1009 414 sta-

66 440 128 476 tus
148 435 381 474 monasticus
403 434 652 484 proscriptus.
672 431 912 471 Constantini
932 430 1006 468 Co-

66 489 240 540 pronymi
262 488 378 537 fregit
396 488 579 525 Stefanus
592 486 784 532 Pontifex,
799 485 862 533 qui
880 483 1008 521 huius-

66 542 168 581 modi
201 541 503 578 conciliabulum
548 539 775 585 damnavit,
807 538 1007 587 ipsumque

65 596 341 644 imperatorem
371 594 418 631 ab
451 593 593 631 scelere
626 602 810 629 revocare
848 588 1006 627 studuit.

64 648 214 686 Verum
235 647 306 685 iste
334 647 371 684 in
393 646 542 684 haeresi
571 645 760 694 perstitit,
781 646 819 681 et
839 654 926 680 cum
947 642 1009 678 ad·

65 713 202 739 versus
231 700 450 738 Catholicos
478 699 782 747 persecutionem
811 697 1010 734 continua-

66 754 166 792 verit
186 765 306 803 usque
327 753 375 790 ad
393 756 557 789 mortem
571 762 679 788 suam
701 750 777 800 (an.
800 749 1009 799 775)‚ima-

66 808 176 856 gines
194 806 364 844 maxima
385 808 493 853 parte
513 804 550 841 in
573 804 734 853 imperio
746 803 893 841 deletae
907 803 1008 848 sunt3

65 860 282 898 animorum
309 863 438 896 tamen
468 857 506 894 in
537 858 631 895 haec
660 856 814 906 pietatis
844 855 1009 893 admini—

69 913 156 951 cula
177 911 377 962 propensio
398 910 518 948 deleri
540 923 611 948 non
633 910 758 960 potuit
774 907 798 946 ¹.

122 966 183 1003 77.
213 965 401 1015 Epistola
436 964 628 1014 synodica
663 962 1009 1001 Patriarcharum

67 1018 337 1057 orientalium
349 1040 398 1045 —
410 1017 518 1059 Quae
548 1019 676 1055 autem
702 1017 803 1054 esset
821 1015 1009 1053 ecclesia-

67 1083 152 1110 rum
178 1071 342 1120 Syriae,
370 1070 616 1108 Palaestinae
646 1073 686 1107 et
704 1069 872 1118 AEgypti
895 1067 1009 1106 tradi-

66 1125 121 1163 tio
151 1136 196 1162 ac
216 1124 392 1162 doctrina
420 1124 466 1161 de
496 1135 543 1161 ss.
565 1123 832 1171 Reliquiarum
853 1125 891 1160 et
911 1123 1009 1159 Ima-

67 1178 200 1228 ginum
221 1177 328 1215 cultu
343 1207 351 1223 ,
373 1176 573 1214 manifeste
590 1176 768 1213 novimus
784 1187 834 1213 ex
849 1174 1011 1224 epistola

69 1231 268 1282 synodica,
279 1242 394 1280 quam
410 1230 481 1267 hoc
495 1232 670 1278 tempore
687 1229 910 1266 Theodorus
926 1228 1012 1266 Hie-

69 1284 374 1333 rosolymitanus
391 1313 400 1329 ,
448 1282 604 1320 Cosmas
649 1282 933 1320 Alexandrinus
974 1283 1013 1319 et

70 1338 294 1375 Theodorus
329 1335 591 1374 Antiochenus
621 1336 891 1384 patriarchae,
919 1335 1012 1372 sub-

69 1390 327 1428 scribentibus
338 1389 511 1439 pluribus
520 1389 836 1438 metropolitanis,
846 1390 1013 1426 Romam

71 1444 119 1481 ad
139 1443 306 1481 Paulum
326 1444 342 1480 1
364 1442 581 1492 pontificem
601 1443 799 1480 miserunt.
812 1442 855 1479 In
870 1454 915 1478 ea
930 1444 1014 1490 post

70 1496 159 1534 fidei
187 1496 463 1546 professionem
483 1496 528 1533 de
558 1495 754 1545 mysteriis
773 1507 821 1533 ss.
842 1495 1015 1532 Trinita-

70 1550 122 1588 tis
141 1552 181 1587 et
199 1549 484 1587 Incarnationis
504 1561 549 1586 ac
569 1550 614 1586 de
633 1549 657 1587 6
677 1548 867 1598 prioribus
883 1549 1014 1585 conci-

71 1603 133 1641 liis
160 1602 432 1647 oecumenicis,
453 1603 500 1639 de
520 1614 568 1640 ss.
585 1603 824 1652 Imaginibus
844 1602 898 1639 ita
917 1602 1014 1640 scri-

72 1657 233 1694 bebant:
256 1668 278 1694 «
297 1655 539 1705 Apostolicas
567 1658 698 1693 autem
719 1655 914 1693 Ecclesiae
934 1657 1015 1692 tra-

73 1709 249 1754 ditiones,
263 1720 331 1757 per
346 1720 441 1757 quas
455 1709 644 1746 honorare
660 1712 699 1746 et
714 1708 839 1745 colere
856 1709 1016 1746 Sanctos

74 1765 113 1800 et
132 1762 302 1799 salutare
323 1762 504 1799 docemur
517 1792 526 1807 ,
545 1762 773 1810 suscipimus
791 1764 829 1799 et
846 1762 1015 1810 amplec-

74 1817 212 1862 timur,
233 1820 468 1852 venerantes
487 1827 552 1852 eos
573 1820 614 1852 ut
635 1815 802 1853 famulos
821 1818 859 1852 et
875 1815 1018 1852 amicos

74 1872 192 1917 atque
213 1867 313 1906 filios
334 1868 415 1905 Dei.
437 1870 570 1906 Honor
590 1870 691 1906 enim
705 1899 713 1914 ‚
733 1868 796 1917 qui
817 1881 839 1906 a
860 1880 1016 1906 conser-

75 1922 134 1959 vis
154 1922 256 1958 idem
276 1922 531 1959 sentientibus
548 1922 712 1959 invicem
730 1922 949 1967 exhibetur,
965 1921 1019 1958 in-

74 1975 214 2013 dicium
242 1977 302 2012 est
320 1975 612 2013 benevolentiae
631 1986 724 2023 erga
744 1975 1016 2012 Dominum...

74 2029 257 2066 Salvator
294 2030 426 2066 noster
459 2028 635 2066 Christus
673 2028 798 2065 fontes
832 2029 1020 2066 salutares

75 2081 209 2119 Ssrum
229 2081 415 2130 reliquias
435 2082 541 2119 nobis
561 2081 730 2130 reliquit,
746 2082 877 2119 multis
897 2081 1020 2119 modis

76 2134 263 2172 beneficia
289 2134 328 2171 in
355 2134 497 2172 debiles
525 2134 791 2173 fundentes...
810 2135 876 2181 Ut,
898 2134 1020 2183 inquit

77 2199 241 2237 magnus
269 2187 524 2234 Athanasius,
552 2188 773 2237 Martyrum
804 2200 888 2226 ossa
916 2199 1018 2225 mor-

78 2242 148 2278 bos
168 2241 327 2289 fugant,
350 2241 512 2278 infirmis
531 2241 790 2288 medicantur,
811 2240 935 2279 caecis
954 2242 1018 2277 vi-

79 2306 164 2331 sum
184 2293 428 2343 impertiunt,
449 2294 574 2343 lepras
594 2294 827 2342 emundant,
843 2294 1022 2332 tentatio-

80 2358 148 2384 nes
166 2349 205 2384 et
223 2358 417 2384 moerores
436 2347 612 2385 solvunt:
635 2350 750 2395 atque
770 2348 808 2385 id
823 2361 890 2398 per
910 2347 1020 2385 Chri-

81 2404 206 2446 stum,
225 2400 292 2448 qui
319 2399 357 2436 in
379 2400 470 2449 ipsis
499 2400 659 2438 habitat.
681 2401 777 2438 Cum
805 2402 864 2439 his
892 2412 1020 2438 sacras

79 2452 270 2502 imagines
298 2464 587 2491 reveremur...
618 2454 837 2493 Adoramus
866 2454 1018 2502 quidem

80 2506 220 2544 Christi
248 2505 453 2554 imaginem
466 2536 476 2553 ,
495 2507 818 2556 quemadmodum
838 2508 922 2545 eius
941 2519 1022 2556 per-

79 2570 173 2597 sona
192 2559 276 2595 visa
295 2560 368 2605 est,
387 2571 463 2596 non
479 2562 607 2598 tamen
624 2573 647 2598 a
663 2559 816 2598 Deitate
831 2563 1021 2610 separata,

80 2612 147 2650 sed
168 2611 203 2649 ei
232 2611 341 2649 unita
367 2612 414 2649 ab
445 2612 529 2662 ipsa
555 2614 682 2662 prima
709 2614 1020 2663 conceptione...

81 2665 275 2703 Veneram
283 2676 327 2701 ur
338 2665 454 2702 etiam
471 2670 510 2702 et
524 2667 728 2704 adoramus
740 2667 928 2716 imagines
940 2679 1021 2705 san-

82 2720 169 2756 ctae
189 2717 259 2754 Dei
276 2717 480 2756 Genitricis
496 2722 535 2755 et
550 2730 597 2756 ss.
608 2720 891 2768 Apostolorum,
904 2721 1021 2758 etiam

82 2772 123 2809 et
145 2771 366 2819 Martyrum
379 2800 388 2816 ‚
407 2771 614 2819 Ssrumque
634 2775 673 2810 et
691 2773 901 2811 Beatorum
920 2774 1021 2810 ima-

82 2823 190 2874 gines
218 2823 402 2869 colimus,
423 2836 497 2861 non
527 2825 713 2862 materiae
741 2826 805 2864 vel
829 2826 1021 2864 coloribus

81 2876 230 2914 cultum
261 2877 477 2915 deferentes
491 2906 500 2922 ,
520 2877 586 2914 sed
606 2889 673 2926 per
692 2878 788 2915 haec
808 2879 856 2916 ad
876 2879 1019 2928 princi-

82 2929 208 2979 palem
246 2929 424 2977 adducti,
452 2930 635 2967 honorem
665 2929 720 2967 illi
749 2931 919 2969 debitum
948 2932 1021 2969 im-

83 2982 284 3032 pendimus
297 3012 306 3029 ,
326 2994 412 3020 cum
442 2983 627 3028 sciamus,
646 2982 757 3021 iuxta
777 2984 910 3022 Basilii
930 2997 1020 3022 sen-

83 3035 244 3073 tentiam
257 3065 266 3082 ,
286 3037 387 3085 quod
417 3036 596 3085 imaginis
615 3036 736 3073 honor
756 3037 804 3073 ad
824 3037 1021 3086 principa-

84 3087 160 3125 lem
179 3091 352 3126 transeat
364 3086 379 3108 ²
397 3100 433 3127 ›>.

94 3146 137 3179 *¹
154 3147 327 3198 Thedphan.
347 3159 533 3199 Chronoyr.;
551 3159 714 3196 cedrenus
732 3158 900 3199 Compend.
918 3160 987 3191 hist.

128 3197 143 3219 2
155 3199 242 3239 Apud
259 3200 359 3232 Labbe
374 3201 491 3233 (ἔοικα.
506 3202 588 3239 ml,
603 3199 835 3241 p.175.—Nota:
847 3201 953 3233 Graeci
969 3211 1025 3242 per

1857 135 1935 174 ‘205

1109 217 1174 254 78.
1210 216 1543 255 Christianorum
1572 218 1706 251 status
1737 211 1810 248 sub
1838 209 1990 248 Arabi-

1053 270 1126 307 bus
1145 270 1318 308 -Porro
1339 269 1376 306 in
1398 267 1526 318 Syria,
1549 264 1786 311 Palaestina,
1799 263 1992 312 AEgypto‚

1053 322 1214 372 aliisque
1242 322 1380 367 terris,
1408 319 1668 359 mahumetico
1688 318 1779 367 iugo
1797 315 1992 362 subiectis,

1053 376 1271 414 christianis
1300 386 1412 413 suam
1441 374 1682 422 Religionem
1703 380 1886 408 exercere
1905 368 1990 417 qui-

1053 429 1136 466 dem
1161 428 1327 472 licebat,
1346 428 1410 465 sed
1432 427 1504 464 sub
1525 428 1622 464 dura
1637 425 1839 463 servitute.
1859 422 1991 459 Diver-

1052 493 1116 519 sus
1136 482 1208 519 fuit
1228 492 1361 518 eorum
1382 483 1506 517 status
1525 480 1594 517 sub
1614 476 1777 516 diversis
1792 474 1953 521 chalifis,
1970 486 1990 512 e

1054 534 1191 582 quibus
1229 533 1400 570 nonnulli
1431 532 1661 570 christianos
1689 531 1850 568 cruento
1878 528 1992 566 modo

1054 586 1231 624 insectati
1252 588 1344 623 sunt
1357 585 1612 630 ¹.Praeterea,
1622 587 1735 634 rupta
1753 583 1828 620 iam
1849 593 1872 620 a
1886 592 1993 631 prae-

1053 640 1210 677 cedente
1227 639 1380 676 saeculo
1397 639 1498 675 inter
1513 638 1809 675 Mahumetanos
1819 647 1885 673 seu
1901 635 1993 672 Ara-

1054 692 1116 730 bes
1128 691 1310 741 religiosa
1325 703 1370 729 ac
1386 690 1539 740 politica
1555 691 1717 735 unitate,
1727 689 1907 726 continua
1921 687 1994 726 fuit

1052 745 1153 783 inter
1172 757 1236 782 eos
1265 745 1310 782 de
1340 744 1525 782 chalifatu
1554 742 1806 788 concertatio,
1833 740 1994 779 chalifae

1052 798 1224 847 plerique
1237 799 1304 835 aut
1320 798 1456 835 deiecti
1473 798 1541 834 aut
1553 796 1675 833 necati
1695 798 1796 841 sunt3
1808 794 1994 832 factiones

1053 854 1160 889 ortae
1180 854 1271 889 sunt
1289 852 1359 889 sibi
1380 850 1546 888 invicem
1572 848 1872 893 infcnsissimae,
1893 859 1993 896 quae

1053 905 1124 943 sibi
1153 905 1256 943 bella
1285 904 1463 942 exitialia
1496 902 1723 940 intulerunt.
1751 901 1877 942 Quum
1905 900 1995 938 talis

1053 958 1154 996 esset
1172 970 1242 1008 per
1271 958 1340 995 hoc
1369 968 1510 995 aevum
1544 956 1717 993 Arabum
1738 956 1873 998 status,
1902 964 1994 990 con-

1053 1011 1210 1050 cludere
1244 1012 1336 1049 licet
1367 1010 1582 1059 inquietam
1619 1007 1848 1054 tristemque
1877 1006 1995 1043 fuisse

1054 1065 1349 1104 christianorum
1379 1064 1447 1103 sub
1482 1073 1615 1100 eorum
1644 1059 1844 1098 dominatu
1873 1058 1996 1096 condi-

1052 1118 1208 1157 tionem.
1744 1112 1750 1116 ’

1106 1172 1168 1210 79.
1190 1171 1380 1220 Synodus
1421 1169 1656 1208 Gentz'lz‘aca
1672 1188 1720 1196 -
1737 1164 1996 1203 Iconoclastae

1055 1225 1183 1275 graeci
1203 1224 1459 1262 relationibus
1478 1222 1580 1260 inter
1600 1219 1897 1258 Constantinum
1918 1217 1996 1255 im-

1057 1281 1274 1328 peratorem
1289 1281 1329 1315 et
1345 1276 1527 1325 Pipinum
1544 1286 1673 1324 regem
1683 1274 1921 1312 Francorum
1940 1272 1998 1308 uti

1057 1335 1259 1370 tentarunt
1287 1332 1334 1368 nd
1354 1329 1591 1367 inferendam
1621 1339 1732 1365 suam
1760 1324 1997 1374 impietatem

1059 1386 1098 1424 in
1117 1385 1300 1423 ecclesias
1321 1384 1484 1422 Galliae.
1500 1383 1712 1419 Praeterea
1728 1381 1923 1417 Romanos
1940 1389 2001 1415 ac-

1060 1440 1258 1484 cusabant,
1279 1438 1379 1487 quod
1398 1436 1585 1485 Spiritum
1605 1436 1642 1472 S.
1662 1447 1684 1472 a
1703 1435 1822 1471 Patre
1843 1433 1882 1469 et
1901 1430 1999 1468 Filio

1060 1493 1266 1542 procedere
1286 1491 1468 1528 dicerent.
1491 1488 1650 1538 Pipinus
1669 1489 1857 1532 metuens,
1876 1496 1923 1522 ne
1943 1495 2001 1521 ec-

1061 1545 1274 1583 clesiastica
1294 1556 1368 1594 pax
1389 1544 1427 1581 in
1448 1554 1566 1591 regno
1586 1553 1655 1579 suo
1676 1541 1736 1578 his
1750 1538 1999 1587 disceptatio-

1061 1600 1170 1637 nibus
1190 1600 1428 1642 turbaretur,
1448 1608 1506 1634 an.
1526 1595 1603 1633 767
1624 1594 1820 1643 episcopos
1836 1596 1876 1628 et
1895 1589 1998 1639 opti-

1061 1655 1184 1690 mates
1214 1651 1443 1689 convocavit
1462 1651 1500 1687 in
1530 1648 1625 1686 villa
1645 1646 1861 1684 Gentiliaco
1882 1655 2000 1693 prope

1062 1706 1254 1752 Parisios3
1276 1704 1465 1753 simulque
1488 1701 1653 1741 Paulum
1675 1700 1744 1749 Pp.
1762 1699 1778 1736 Ι
1795 1699 2000 1735 certiorem

1062 1759 1225 1796 reddidit
1246 1759 1290 1795 de
1308 1759 1519 1794 convocata
1536 1755 1682 1804 synodo
1698 1753 1857 1800 eiusque
1872 1761 1999 1787 causa.

1063 1812 1273 1861 Rescripsit
1303 1810 1506 1855 Pontifex,
1535 1821 1573 1846 se
1602 1806 1819 1851 confidere,
1848 1804 1929 1841 fore
1960 1806 2002 1840 ut

1063 1866 1155 1903 nihil
1177 1877 1200 1902 a
1219 1865 1365 1913 synodo
1386 1868 1583 1913 ageretur,
1605 1860 1680 1898 nisi
1699 1859 1802 1908 quod
1820 1857 1866 1894 ad
1887 1869 1915 1894 s.
1934 1856 2003 1893 Ec-

1062 1919 1202 1956 clesiae
1214 1925 1251 1955 et
1263 1918 1499 1955 orthodoxae
1512 1914 1603 1953 fidei
1620 1912 1898 1951 exaltationem
1914 1921 2002 1946 con-

1064 1973 1232 2010 duceret.
1254 1972 1393 2008 Actum
1416 1970 1488 2007 fuit
1507 1969 1546 2006 in
1566 1969 1638 2005 hac
1658 1965 1866 2016 synodo-de
1883 1962 2002 2001 sacris

1063 2025 1296 2075 imaginibus
1317 2027 1357 2061 et
1376 2025 1421 2061 de
1435 2021 1675 2072 processione
1691 2018 1855 2068 Spiritus
1869 2017 1921 2062 S.;
1937 2016 2003 2052 sed

1063 2080 1147 2128 quis
1167 2079 1284 2115 fuerit
1312 2078 1415 2115 illius
1442 2077 1593 2121 exitus,
1614 2085 1687 2110 non
1708 2072 1885 2110 referunt
1904 2068 2003 2106 scri-

1064 2136 1191 2182 ptores
1211 2131 1238 2169 2.
1260 2133 1443 2169 Attamen
1464 2129 1645 2167 observat
1664 2125 1818 2164 Natalis
1838 2123 2004 2161 Alexan-

1064 2187 1148 2230 der,
1169 2198 1189 2222 e
1208 2185 1284 2229 fide
1305 2183 1552 2221 ecclesiarum
1572 2178 1737 2225 Galliae,
1759 2178 1846 2215 aliis
1864 2177 2003 2234 horum

1063 2243 1279 2288 temporum
1308 2236 1568 2275 monument-is
1595 2234 1776 2283 probata,
1797 2232 1837 2268 et
1864 2241 1913 2267 ex
1938 2228 2002 2273 ils,

1064 2305 1160 2341 qnae
1182 2293 1229 2330 ab
1253 2291 1440 2341 episeopis
1459 2289 1606 2327 Galliae
1626 2288 1664 2324 in
1686 2285 1771 2323 aliis
1792 2284 1925 2333 postea
1944 2293 2004 2329 sy-

1066 2345 1172 2384 nodis
1193 2347 1280 2383 acta
1308 2346 1418 2390 sunt,
1439 2342 1569 2380 inferri
1591 2340 1686 2379 satis
1713 2350 1844 2388 posse,
1864 2337 2003 2373 Icono-

1065 2400 1276 2437 clastarum
1314 2396 1505 2435 haeresim
1535 2395 1655 2432 fuisse
1684 2391 1929 2434 damnatam,
1958 2386 2002 2423 fi-

1064 2453 1226 2501 demque
1253 2451 1301 2488 de
1321 2449 1563 2499 processione
1592 2446 1761 2496 Spiritus
1780 2444 1818 2481 S.
1842 2455 1864 2479 a
1884 2442 2003 2479 Patre

1064 2510 1102 2544 et
1122 2505 1220 2543 Filio
1240 2504 1522 2541 confirmatam.

1116 2559 1177 2596 80.
1201 2557 1435 2606 Stephanus
1451 2555 1522 2593 III
1538 2553 1735 2602 Pontifex
1755 2549 1841 2600 (an.
1858 2545 2002 2596 768)—

1065 2614 1136 2651 An.
1166 2611 1243 2649 767
1272 2609 1331 2648 1v⁰
1359 2610 1440 2647 kal.
1470 2608 1551 2646 iulii
1581 2608 1628 2645 ad
1651 2604 1853 2642 meliorem
1883 2600 2004 2659 vitam

1066 2668 1248 2702 evocatus
1267 2666 1325 2701 est
1344 2676 1372 2701 s.
1394 2663 1542 2700 Paulus
1562 2661 1630 2709 Pp.
1653 2659 1681 2695 Ι.
1703 2657 1758 2694 Eo
1778 2654 1903 2692 adhuc
1923 2664 2004 2690 anl-

1065 2730 1175 2761 mam
1195 2720 1346 2767 agente,
1366 2716 1476 2761 Toto,
1505 2715 1584 2752 dux
1599 2709 1827 2760 Nepesinus‚
1855 2707 2006 2766 armata

1066 2784 1180 2809 manu
1203 2772 1335 2808 urbem
1354 2770 1572 2818 ingressuS,
1595 2763 1778 2814 populum
1800 2761 1847 2798 ad
1867 2760 2007 2808 eligen-

1067 2825 1158 2862 dum
1178 2823 1472 2862 Constantinum
1494 2820 1653 2858 fratrem
1669 2827 1780 2854 suum
1799 2814 1926 2851 adhuc
1942 2811 2005 2849 lai-

1067 2890 1166 2924 cum,
1185 2880 1224 2915 et
1243 2875 1454 2925 Georgium
1471 2872 1690 2922 episcopum
1705 2866 2004 2906 Praenestinum

1066 3006 1171 3028 vocem
1186 2995 1359 3026 adoramus
1376 2992 1421 3023 vel
1437 2989 1582 3022 adoratio
1599 2996 1659 3019 non
1678 2994 1801 3026 semper
1817 2983 1931 3028 cultum
1948 2981 2006 3012 ab-

1067 3039 1199 3069 solutum
1224 3045 1278 3067 seu
1305 3033 1428 3070 latriae,
1444 3031 1499 3062 sed
1517 3031 1608 3062 etiam
1624 3029 1782 3060 relativum
1795 3050 1803 3065 ‚
1819 3034 1871 3055 seu
1893 3023 2004 3071 ,hyms-

1067 3079 1174 3110 duliae
1196 3080 1225 3108 et
1253 3075 1368 3111 dutiae,
1397 3073 1577 3112 intelligunt,
1606 3071 1647 3101 uti
1664 3079 1700 3100 ex
1716 3069 1797 3100 Actis
1814 3065 1934 3097 conclln
1952 3065 2006 3095 un-

1068 3121 1154 3151 cacni
1171 3120 1203 3155 ll,
1220 3121 1250 3148 et
1270 3126 1305 3147 ex
1321 3116 1410 3146 huius
1425 3114 1572 3154 epistolae
1588 3115 1728 3143 contextu
1740 3109 1817 3141 satis
1833 3110 1926 3146 patet.

1109 3160 1117 3182 ¹
1143 3160 1327 3198 Theophan„
1346 3154 1564 3195 cronograph.

1100 3202 1114 3224 ‘2
1131 3201 1242 3238 nabbe,
1261 3197 1379 3232 Concil.
1396 3201 1416 3228 t.
1440 3198 1485 3235 Vl,
1501 3205 1529 3236 p.
1548 3194 1634 3228 1703.
