2241 3473
627 174 752 206 VSQVR
778 174 832 202 An
859 171 1185 201 IANSENISTARVM
1211 173 1393 201 EXORDIA

47 239 322 280 confessionem
341 238 445 284 fidei,
460 239 532 276 sibi
562 251 584 276 a
599 239 850 278 novatoribus
865 238 977 276 obla-

39 298 134 340 tam,
143 293 420 343 approbarunt,
432 291 632 341 religionis
644 292 857 330 catholicae
872 302 980 329 exer-

41 349 185 392 citium,
201 346 454 394 abrogarunt,
475 350 610 382 contra
627 357 703 390 eos,
720 347 783 394 qui
802 350 861 382 ter
883 344 980 382 mis-

44 413 110 440 sae
130 401 376 443 interessent,
411 401 627 436 extremum
658 399 914 447 supplicium,
942 400 981 435 et

43 456 178 493 contra
205 451 303 496 illos,
324 452 491 500 quicum
513 452 559 489 R.
582 452 770 489 Pontifice
803 463 980 488 commu-

46 507 230 551 nicarent,
252 505 573 554 proscriptionem
593 509 631 542 et
651 504 811 542 exilium
831 506 981 541 statue—

44 562 146 599 runt.

96 612 226 652 Maria
258 611 432 653 Stuarta,
462 610 588 647 Iacobi
609 610 644 646 V
665 609 745 647 filia
773 612 812 646 et
831 608 982 646 Scotiae

45 667 191 716 regina,
209 669 395 713 nupserat
405 663 614 700 Francisco
631 663 678 707 ΙΙ,
691 663 848 700 Henrici
864 661 899 698 11
915 673 981 698 re-

46 721 106 770 gis
126 718 278 756 Galliae
302 717 380 754 filio
402 719 443 753 et
462 727 523 753 an.
548 715 648 753 1559
667 715 891 752 successori.
908 716 980 752 An.

51 773 147 812 1561
173 774 258 820 post
274 769 470 808 Francisci
492 774 655 805 mortem
673 767 799 805 Maria
819 768 983 805 Stuarta

48 827 85 864 in
107 825 279 863 Scotiam
296 822 410 860 rediit
425 821 633 869 nupsitque
656 821 822 858 Henrico
843 831 983 869 cogna-

48 884 89 917 to
108 890 189 917 suo.
210 875 356 914 Verum
380 873 539 912 fanatici
560 874 744 911 haeretici
766 886 810 911 ne
830 874 981 923 quidem

48 931 317 981 permiserunt,
340 930 382 964 ut
400 928 439 964 in
463 927 673 964 domestico
695 927 851 976 reginae
871 926 985 964 sacel-

49 985 87 1024 lo
106 985 224 1022 missa
242 981 516 1027 celebraretur3
530 980 693 1018 Mariam
707 980 896 1018 continuis
913 991 983 1028 op-

49 1037 213 1088 probriis
233 1036 443 1079 vexarunt,
464 1036 503 1071 et
522 1045 613 1071 cum
639 1034 815 1071 eamdem
844 1034 892 1070 ad
914 1045 984 1070 no-

52 1102 140 1129 vam
153 1088 377 1138 religionem
391 1087 671 1137 suscipiendam
685 1088 897 1135 perducere
913 1098 985 1123 non

51 1146 219 1194 possent,
240 1153 300 1179 an.
323 1139 423 1178 1567
445 1140 547 1177 necis
576 1140 706 1177 mariti
727 1141 784 1177 sui
806 1139 902 1177 falso
923 1151 987 1176 ac-

51 1199 225 1235 cusatam
235 1193 716 1242 deposuerunt,custodiae
727 1193 989 1238 tradiderunt,

51 1250 236 1288 Iacobum
255 1247 324 1292 VI,
344 1245 426 1284 eius
444 1246 581 1292 filium,
610 1258 710 1283 anno
740 1258 813 1283 uno
835 1249 983 1292 natum,

52 1314 185 1351 regem
201 1302 396 1344 crearunt,
413 1299 596 1348 regnique
616 1299 989 1337 administrationem

54 1356 247 1395 dederunt
277 1353 413 1391 Iacobo
441 1352 572 1390 comiti
606 1353 803 1397 Morran,
831 1353 989 1401 reginae

54 1408 166 1448 fratri
185 1407 319 1456 spurio
329 1410 367 1444 et
379 1406 528 1444 haeresi
547 1406 841 1443 studiosissimo.
863 1406 990 1443 Maria

56 1464 218 1501 Stuarta
237 1472 258 1496 e
278 1459 452 1497 custodia
477 1470 647 1507 egressa,
677 1460 794 1496 armis
814 1460 901 1496 iura
920 1471 992 1496 sua

55 1513 243 1553 vindicari
255 1513 502 1559 tentavit,sed
519 1515 713 1561 superata,
723 1524 782 1550 an.
791 1513 807 1550 l
816 1513 892 1550 568
904 1525 993 1550 con-

54 1569 154 1618 fugit
174 1568 210 1604 in
224 1566 417 1614 Angliam,
432 1566 494 1602 ubi
511 1566 581 1602 sub
603 1566 799 1603 haeretica
816 1567 992 1603 Elisabe-

54 1623 122 1660 tha
147 1621 193 1659 18
213 1620 324 1657 annis
339 1620 375 1655 in
398 1619 574 1656 custodia
595 1619 768 1665 detenta,
787 1631 848 1656 an.
882 1620 994 1665 1587,

58 1674 179 1713 variis
198 1671 423 1710 criminibus
438 1672 472 1709 ei
493 1672 712 1721 suppositis,
732 1672 857 1721 capite
879 1671 994 1721 plexa

57 1728 132 1767 fuit
153 1726 177 1765 ¹.

110 1781 308 1830 Abrogata
336 1778 549 1816 catholicae
571 1779 768 1827 religionis
797 1779 835 1816 in
866 1778 995 1816 Scotia

57 1833 307 1885 professione,
336 1844 436 1869 nova
465 1832 601 1880 religio
625 1832 761 1880 ubique
781 1833 992 1869 secundum

58 1892 226 1926 mentem
262 1885 503 1934 formamque
536 1885 685 1923 Calvini
717 1888 755 1922 et
782 1886 996 1923 Puritano-

59 1953 146 1979 rum
157 1952 223 1978 seu
240 1939 630 1988 Presbyterianorum
647 1939 866 1976 introducta
881 1937 990 1976 fuit2.

112 1994 173 2032 46.
213 1993 438 2041 Relzyzbnis
471 1997 605 2030 status
630 1993 676 2029 in
714 1992 941 2030 Germania
961 1998 1001 2030 et

59 2049 200 2097 Belyz'o
216 2046 323 2083 —In
344 2045 555 2082 Germania
583 2045 798 2083 Lutherani
819 2051 904 2094 post
924 2058 997 2095 pa-

61 2113 142 2140 cem
153 2102 424 2148 Angustanam
444 2110 554 2136 sacra
575 2110 644 2136 sua
665 2097 786 2135 libere
806 2111 999 2136 exercue-

63 2156 156 2193 runt
186 2153 214 2191 ³.
244 2152 515 2190 Ferdinandus
536 2152 574 2198 Ι,
593 2152 659 2201 qui
680 2155 765 2200 post
785 2151 918 2191 fratris
939 2154 998 2191 sui

63 2207 189 2246 Caroli
219 2205 255 2243 V
271 2205 555 2243 abdicationem
586 2216 706 2254 usque
727 2205 776 2242 ad
800 2205 900 2243 1564
921 2206 998 2243 im-

63 2261 169 2310 perio
202 2259 348 2308 potitus
381 2262 453 2303 est,
473 2258 629 2306 eiusque
648 2270 850 2296 successor
864 2258 998 2296 Maxi-

64 2313 248 2351 milianus
280 2312 329 2357 ΙΙ,
358 2312 424 2360 qui
444 2311 651 2359 imperavit
671 2323 793 2361 usque
813 2313 860 2349 ad
883 2313 996 2359 1576,

64 2366 170 2416 pacis
209 2365 336 2402 studio
369 2377 491 2402 novae
519 2365 718 2414 religionis
753 2366 997 2413 exercitium,

67 2421 169 2469 quod
190 2417 373 2466 impedire
394 2418 630 2463 metuebant,
645 2417 875 2457 tolerarunt.
897 2420 1000 2457 Pro-

66 2473 255 2511 testantes
276 2471 411 2507 horum
430 2471 649 2521 principum
677 2472 921 2521 indulgentia
941 2473 1002 2510 usi

66 2528 157 2564 sunt
185 2525 233 2562 ad
262 2523 462 2572 religionis
491 2536 585 2562 suae
614 2527 929 2574 propagationem
960 2538 1002 2563 e-

66 2579 161 2617 tiam
182 2577 221 2615 in
240 2578 287 2614 iis
308 2576 543 2623 civitatibus,
559 2589 659 2626 quae
679 2579 867 2616 hactenus
886 2579 1002 2616 fidem

67 2631 296 2669 catholicam
328 2633 621 2668 conservarant.
643 2631 816 2669 Viennae
838 2638 877 2669 et
896 2632 934 2668 in
956 2644 1003 2669 a-

67 2685 129 2723 liis
157 2683 340 2722 Austriae
371 2682 529 2719 urbibus
548 2689 758 2722 conventus
779 2696 867 2722 suos
887 2685 1006 2722 libere

71 2738 328 2782 celebrarunt,
349 2735 563 2785 multosque
577 2736 614 2773 in
632 2740 777 2775 sectam
793 2749 900 2776 suam
914 2749 1007 2786 per-

110 2850 122 2872 ¹
145 2848 179 2878 G.
194 2847 304 2879 Stuart.
324 2844 479 2885 Apoloqie
493 2844 531 2875 cle
545 2845 647 2877 Maria
662 2845 789 2885 Sinara
808 2850 842 2879 M.
861 2849 898 2879 de
914 2850 1008 2882 Seve-

71 2888 187 2929 tinges,
205 2887 351 2920 Histoire
366 2885 528 2925 cle,illar2'e
538 2886 664 2926 Sinara
676 2889 744 2919 ilem
758 2890 914 2928 opuscula,
927 2891 1008 2923 Mar-

72 2934 141 2971 tyre
161 2930 199 2961 de
215 2929 245 2960 la
267 2929 356 2959 reine
371 2927 525 2964 d'lScusse,
548 2927 736 2960 douairie're
764 2930 801 2961 de
816 2930 949 2970 France,
968 2935 1004 2963 E-

71 2971 235 3011 dimbourg
258 2970 354 3007 in-80,
371 2974 399 3000 ct
415 2969 612 3001 Recherches
636 2970 710 3001 hist.
737 2974 766 3002 el
787 2972 861 3003 crit.
878 2982 936 3004 sur
959 2974 1006 3005 les

69 3021 202 3053 preuves
217 3011 255 3043 de
271 3011 475 3043 l'accusation
494 3011 630 3042 inlente'e
642 3015 752 3042 contre
764 3012 870 3044 Marie
882 3013 939 3046 Sta
946 3018 1004 3054 art,

74 3053 159 3085 Paris
176 3053 265 3091 1772,
281 3054 310 3083 in
327 3051 393 3083 1:20.
884 3083 894 3094 ¹

112 3095 126 3117 ²
142 3095 175 3126 G.
192 3095 304 3132 Stuart‚
322 3092 465 3138 Histoire
480 3094 517 3124 de
533 3093 562 3124 la
579 3093 797 3133 re'sormalion
817 3105 857 3126 en
871 3096 1002 3136 Ecosse;

72 3142 152 3177 item,
167 3139 310 3171 Histoire
325 3139 362 3171 de
379 3140 398 3170 l·
410 3141 522 3174 Ecosse
537 3139 651 3179 depuis
667 3140 697 3170 la
714 3139 928 3179 reformalion
938 3144 1004 3183 jus-

73 3179 145 3222 qu'a'
161 3180 190 3210 Ia
204 3183 291 3213 mort
305 3180 343 3212 de
358 3181 390 3212 la
404 3181 493 3214 reine
510 3179 618 3218 Maria,
638 3181 774 3213 Londres
793 3182 880 3213 1780.

113 3222 128 3244 ³
143 3221 260 3254 Videsis
275 3232 303 3263 p.
319 3222 388 3255 163.

1825 160 1900 199 175

1019 240 1240 276 traxerunt.
1270 239 1322 276 At
1356 237 1583 285 Rudolphus
1616 236 1665 282 II,
1685 234 1748 284 qui
1769 237 1855 285 post
1869 235 1956 273 Ma-

1021 289 1212 330 ximiliani
1228 291 1375 329 obitum
1398 291 1452 329 ab
1473 302 1532 328 an.
1558 289 1657 327 1576
1669 289 1844 337 usquead
1859 288 1960 326 1612

1022 344 1242 393 imperavit,
1289 356 1411 381 novae
1447 343 1643 392 religionis
1677 342 1961 391 progressiones

1021 398 1057 435 in
1073 397 1233 435 Austria
1261 398 1449 441 cohibuit,
1474 396 1766 445 praedicatores
1787 394 1960 432 haereti-

1023 463 1087 488 cos
1120 462 1140 487 e
1169 449 1325 487 Vienna
1345 450 1511 497 aliisque
1531 450 1690 486 urbibus
1710 447 1817 486 exire
1836 448 1960 494 iussit,

1023 505 1241 541 conventus
1274 513 1408 540 sacros
1440 502 1725 539 haereticorum
1753 501 1961 549 prohibuit,

1026 557 1217 593 neminem
1235 556 1338 592 inter
1366 555 1473 592 cives
1500 555 1638 603 suscipi
1658 554 1868 603 praecepit,
1888 553 1960 591 nisi

1025 608 1354 658 perseverantiam
1384 608 1423 644 in
1453 607 1641 644 catholica
1661 607 1848 655 religione
1868 618 1962 655 pro-

1027 662 1216 706 mitteret,
1237 661 1274 697 in
1297 661 1560 698 Universitate
1584 660 1794 697 Viennensi
1811 659 1962 697 nullum

1025 715 1071 752 ad
1100 714 1244 762 gradus
1259 713 1504 750 academicos
1525 713 1743 762 promoveri
1757 712 1962 757 volumni-

1026 768 1057 804 si
1086 767 1202 804 fidem
1237 766 1470 803 catholicam
1502 766 1728 815 professum.
1763 766 1832 803 His
1851 765 1963 803 aliis-

1026 832 1100 868 que
1130 819 1250 857 modis
1280 819 1508 868 Rudolphus
1543 819 1842 867 protestantium
1871 830 1963 867 pro-

1026 884 1181 922 gressus
1202 873 1240 909 in
1261 872 1419 909 Austria
1445 872 1618 909 cohibuit
1638 870 1663 909 ¹.

1079 926 1123 963 In
1161 925 1297 974 Belgio
1331 925 1448 963 etiam
1485 925 1555 962 sub
1576 924 1712 962 Carolo
1733 924 1781 970 V,
1797 937 1871 962 non
1891 926 1964 962 ob·-

1027 980 1222 1017 stantibus
1244 979 1358 1016 huius
1375 978 1557 1027 principis
1576 977 1723 1022 edictis,
1752 980 1966 1027 protestan-

1026 1035 1086 1070 tes
1121 1034 1332 1069 multorum
1363 1032 1478 1069 fidem
1514 1035 1779 1079 corruperant.
1811 1031 1966 1080 Philip-

1028 1097 1100 1135 pus
1121 1086 1171 1129 ΙΙ,
1192 1086 1258 1134 qui
1287 1097 1347 1122 an.
1384 1085 1483 1122 1555
1504 1084 1605 1132 patri
1625 1096 1693 1121 suo
1713 1083 1850 1122 Carolo
1870 1084 1906 1121 V
1925 1084 1965 1121 in

1030 1138 1228 1188 Hispania,
1264 1138 1395 1175 Sicilia
1424 1142 1464 1175 et
1497 1137 1635 1186 Belgio
1657 1138 1852 1184 successit,
1873 1138 1966 1174 nul-

1030 1193 1106 1230 lam
1130 1191 1321 1229 haeresim
1350 1192 1388 1228 in
1417 1191 1536 1228 terris
1565 1191 1644 1228 suis
1663 1190 1846 1234 tolerans,
1875 1202 1965 1227 mox

1032 1245 1151 1294 patris
1181 1245 1242 1282 sui
1257 1245 1363 1294 leges
1382 1247 1517 1281 contra
1537 1244 1753 1281 haereticos
1774 1244 1811 1281 in
1830 1243 1966 1292 Belgio

1032 1298 1276 1336 instauravit.
1309 1297 1569 1334 Nihilominus
1611 1308 1744 1334 eorum
1782 1307 1966 1333 numerus

1033 1353 1214 1389 continuo
1236 1351 1466 1400 augebatur.
1487 1351 1546 1388 Ex
1569 1361 1702 1387 eorum
1727 1361 1813 1386 cum
1832 1349 1968 1387 vicinis

1034 1405 1184 1442 Galliae
1217 1404 1433 1453 Hugonotis
1452 1415 1516 1441 seu
1539 1403 1760 1441 Calvinistis
1780 1403 1968 1440 relatione

1033 1458 1182 1496 factum
1203 1461 1274 1503 est,
1296 1460 1337 1494 ut
1359 1456 1530 1505 plerique
1559 1468 1583 1494 a
1602 1456 1903 1493 Lutheranismo
1922 1456 1971 1493 ad

1036 1511 1186 1549 Calvini
1202 1510 1346 1560 placita
1361 1510 1603 1547 deflexerint.
1617 1509 1832 1559 Philippus,
1850 1510 1897 1546 ad
1915 1512 1975 1546 tu-

1038 1565 1197 1602 tandam
1229 1562 1475 1612 Religionem
1511 1566 1647 1600 contra
1685 1562 1972 1599 haereticorum

1040 1616 1345 1666 progressiones,
1365 1628 1427 1654 an.
1446 1616 1545 1654 1559
1562 1628 1610 1653 ex
1626 1616 1862 1653 auctoritate
1876 1616 1977 1653 Pau-

1039 1671 1065 1708 li
1086 1671 1157 1719 Pp.
1179 1670 1233 1707 IV
1262 1670 1309 1706 14
1329 1682 1450 1708 novos
1471 1670 1716 1718 episcopatus
1737 1669 1775 1705 in
1797 1668 1933 1718 Belgio
1944 1680 1979 1705 e-

1039 1725 1154 1762 rexit.
1176 1723 1322 1761 Eodem
1353 1735 1453 1760 anno
1482 1723 1772 1772 provinciarum
1793 1722 1976 1771 Belgica-

1039 1789 1125 1814 rum
1153 1776 1467 1826 procurationem
1498 1776 1694 1813 commisit
1731 1775 1854 1812 sorori
1881 1786 1976 1813 suae

1039 1831 1279 1879 Margaritae
1296 1858 1305 1874 ,
1340 1841 1437 1877 quae
1472 1829 1635 1866 Octavio
1657 1829 1744 1866 duci
1772 1828 1976 1865 Parmensi

1041 1886 1238 1932 nupserat.
1260 1882 1343 1919 Hoc
1363 1883 1582 1932 aegerrime
1612 1882 1787 1919 tulerunt
1807 1881 1976 1918 Guiliel-
2016 1911 2018 1913 .

1040 1949 1125 1974 mus
1148 1937 1321 1984 princeps
1350 1936 1612 1974 Arausicanus
1628 1966 1636 1980 ,
1673 1934 1874 1984 copiarum
1894 1935 1976 1972 dux

1040 1995 1079 2028 et
1097 1990 1326 2028 Hollandiae
1361 2001 1405 2025 ac
1438 1989 1665 2027 Zeelandiae
1686 1987 1917 2037 praefectus,
1938 1990 1978 2025 et

1043 2055 1173 2081 comes
1188 2044 1235 2080 de
1247 2044 1426 2092 Egmont,
1437 2042 1647 2079 Flandriae
1665 2041 1896 2089 praefectus,
1911 2041 1979 2089 qui

1044 2096 1355 2146 procurationem
1367 2095 1490 2144 Belgii
1508 2095 1739 2132 ambiebant.
1753 2094 1828 2140 Illi,
1848 2093 1980 2143 pleris-

1045 2162 1117 2198 que
1137 2162 1186 2187 ex
1207 2150 1342 2186 ordine
1362 2149 1547 2186 nobilium
1578 2148 1617 2184 in
1641 2151 1769 2197 partes
1788 2159 1878 2184 suas
1899 2158 1982 2195 per·

1044 2203 1193 2248 tractis,
1214 2215 1274 2240 an.
1298 2202 1398 2240 1565
1416 2214 1504 2239 cum
1524 2201 1732 2239 haereticis
1750 2200 1886 2238 foedus
1907 2200 1982 2237 ad-

1048 2267 1182 2294 versus
1203 2255 1427 2304 Philippum
1448 2255 1486 2292 II
1505 2255 1742 2299 sancierunt,
1765 2253 1982 2303 Belgasque

1048 2311 1095 2347 ad
1116 2309 1367 2346 rebellionem
1400 2308 1633 2345 excitarunt.
1667 2307 1874 2351 Haeretici,
1894 2318 1982 2343 ma-

1048 2363 1150 2400 xime
1170 2362 1407 2399 Calvinistae
1421 2391 1431 2407 ,
1449 2362 1488 2398 in
1510 2360 1686 2410 Belgium
1720 2363 1982 2404 accurrentes,

1048 2418 1084 2453 in
1106 2415 1306 2460 Flandria,
1338 2414 1516 2461 Artesia,
1549 2414 1760 2451 Brabantia
1777 2443 1786 2459 ,
1821 2413 1982 2460 aliisque

1049 2468 1256 2517 provinciis
1276 2468 1460 2517 populum
1493 2474 1628 2505 contra
1656 2467 1885 2515 religionem
1913 2477 1983 2502 ca-

1049 2522 1233 2560 tholicam
1271 2521 1382 2569 quasi
1422 2520 1701 2558 idololatricam
1736 2519 1982 2565 excitarunt,

1051 2575 1251 2613 barbarica
1282 2573 1428 2612 ferocia
1460 2574 1642 2611 ecclesias
1676 2574 1716 2609 et
1748 2571 1985 2609 monasteria

1052 2628 1313 2676 diripuerunt,
1335 2627 1474 2664 altaria
1494 2630 1534 2663 et
1554 2625 1742 2674 imagines
1762 2636 1892 2662 sacras
1914 2624 1984 2661 de-

1052 2683 1304 2727 struxerunt,
1343 2683 1382 2718 et
1413 2691 1542 2718 sacros
1575 2691 1662 2716 suos
1695 2680 1909 2716 conventus
1944 2676 1985 2714 in

1052 2734 1183 2783 plures
1203 2734 1320 2771 urbes
1338 2734 1651 2770 introduxerunt.

1106 2787 1308 2835 Philippus
1329 2783 1366 2823 ΙΙ
1386 2787 1432 2823 de
1452 2787 1555 2823 statu
1580 2783 1869 2833 provinciarum
1890 2783 1986 2821 Bel-

1052 2840 1226 2889 gicarum
1260 2839 1400 2877 litteris
1431 2837 1672 2885 Margaritae
1713 2837 1987 2885 procuratricis

1053 2893 1196 2930 certior
1210 2893 1346 2938 factus,
1362 2891 1528 2929 an.l567
1540 2891 1673 2928 ducem
1689 2891 1884 2928 Albanum
1900 2902 1987 2928 cum

1052 2958 1194 2995 magno
1214 2945 1385 2983 exercitu
1406 2945 1453 2981 ad
1474 2955 1539 2981 eas
1559 2943 1780 2980 destinavit.
1811 2943 1986 2981 Catholi-

1051 3000 1085 3037 ci
1101 2999 1296 3037 violentiis
1311 2998 1594 3035 haereticorum
1609 2996 1757 3042 offensi,
1773 2996 1851 3033 iam
1867 3009 1890 3034 a
1909 2996 1991 3033 foe-

1051 3053 1142 3090 dere
1163 3054 1415 3090 recesserant.
1438 3050 1622 3098 Princeps
1651 3050 1916 3088 Arausicanus
1945 3049 1987 3087 et

1051 3106 1118 3143 alii
1140 3105 1251 3143 multi
1272 3104 1321 3141 ad
1341 3103 1549 3140 adventum
1571 3103 1680 3140 ducis
1701 3102 1858 3150 Albani,
1878 3102 1986 3140 cuius

1092 3223 1102 3245 1
1120 3223 1277 3263 Raupach‚
1294 3220 1540 3263 Evunqelisches
1559 3220 1767 3255 Oesterreich.
