2241 3473
236 125 315 166 380

520 134 686 164 ΕΡΟΟΗΑ
706 137 794 163 XIII.
822 137 847 163 A
871 135 1052 162 PVBLICA
1072 134 1222 162 RERVM
1243 136 1286 161 IN
1308 134 1479 162 GALLIIS
1501 135 1794 162 SVBVERSIONE

182 219 315 244 sorum
356 207 585 243 Generales.
624 205 829 253 Episcopis
868 204 1126 240 missionariis
1176 208 1294 251 utque
1322 204 1488 241 solemni
1516 205 1742 241 definitione
1760 208 2016 249 statueretur,
2038 216 2125 242 eam

182 262 345 309 aliisque
374 273 447 296 non
479 260 671 307 opulentis
707 258 889 295 Pontifex
922 258 1124 294 habitatio-

179 327 268 351 nem
301 320 340 351 et
372 312 698 349 sustentationem
731 312 924 358 praebuit.
961 311 1124 349 Concilii

179 368 425 404 Sessionibus
467 366 707 402 solemnibus
751 365 1001 411 praesidebat
1043 365 1124 411 ipse

180 420 375 462 Pontifex,
395 419 777 465 Congregationibus
805 422 938 454 autem
960 428 1125 465 genera—

181 474 276 508 libus
303 472 460 508 nomine
487 472 689 508 pontificis
716 472 818 507 varii
844 472 1090 509 Cardinales.

225 525 367 561 Prima
400 525 530 561 Sessio
557 525 722 562 Concilii
749 525 882 561 habita
918 530 980 561 est
1013 525 1073 561 die
1106 525 1128 561 8

179 578 397 615 decembris
431 578 586 615 1869.1n
615 589 662 614 ea
684 578 864 626 synodus
899 578 1128 614 solemniter

179 632 362 668 inchoata
381 638 454 668 est.
470 632 690 679 Episcopus
710 632 890 668 Peucher
909 632 1127 668 Passavalli

181 685 370 721 initialem
399 685 628 721 concionem
648 685 798 729 habuit,
816 696 863 721 ac
884 685 978 722 Pius
996 686 1051 721 IX
1070 697 1130 722 se-

181 739 407 785 ptingentos
439 739 578 786 viginti
615 745 695 775 tres
730 739 873 776 Patres
906 740 1098 775 allocutus
1119 767 1127 782 ,

181 796 425 828 contestatus
452 797 538 836 est,
570 793 750 829 exultare
778 804 848 829 cor
873 793 956 829 eius
987 793 1026 828 in
1057 793 1130 828 Do-

181 846 286 881 mino
314 850 353 882 et
379 846 595 882 incredibili
624 847 892 883 consolatione
922 846 1128 894 perfundi,

180 899 278 946 quod
305 899 620 946 auspicatissimo
649 901 714 936 illo
745 900 808 936 die
841 900 1127 936 Immaculatae

181 952 451 989 DeiGenitrici
469 964 584 989 sacro
597 953 866 997 Praesules,in
883 958 1039 1001 partem
1058 954 1129 989 sol-

180 1006 390 1042 licitudinis
409 1018 496 1043 cum
515 1007 599 1055 ipso
617 1013 793 1050 vocatos,
814 1011 927 1044 tanta
945 1008 1133 1055 frequen-

182 1060 236 1096 tia
262 1066 494 1108 praesentes
521 1062 734 1105 intueatur,
755 1066 796 1097 ut
821 1072 900 1097 una
919 1073 1007 1097 cum
1029 1061 1128 1097 Pon-

182 1114 285 1151 tifice
322 1115 590 1151 testimonium
625 1115 860 1162 perhibeant
880 1116 1013 1151 Verbo
1045 1115 1130 1158 Dei,

182 1169 363 1216 viamque
382 1169 453 1205 Dei
474 1171 513 1204 in
532 1169 700 1206 veritate
717 1181 855 1206 omnes
873 1169 1049 1206 homines
1067 1169 1130 1205 do-

182 1229 325 1267 ceant,
354 1228 393 1260 et
426 1224 473 1260 de
503 1224 811 1272 oppositionibus
844 1224 931 1260 falsi
964 1225 1133 1260 nominis

182 1279 371 1315 scientiae
403 1279 550 1326 Spiritu
579 1280 727 1316 Sancto
757 1279 855 1316 duce
888 1279 1073 1315 iudicent.
1093 1300 1129 1305 —

184 1333 254 1368 Die
270 1332 316 1370 20
334 1333 556 1369 decembris
574 1334 725 1370 Rornae
744 1333 1014 1381 publicabatur
1031 1334 1135 1379 Apo-

183 1386 321 1422 stolica
339 1387 578 1424 Constitutio
595 1386 655 1422 Pii
672 1387 741 1435 Pp.
760 1388 814 1424 IX
833 1387 925 1423 data
945 1386 989 1422 12
1003 1387 1132 1422 octob.

185 1439 289 1483 1869,
309 1439 563 1488 Apostoliccte
582 1440 713 1485 Sedis,
732 1452 808 1488 qua
826 1441 1134 1477 Ecclesiasticae

184 1494 385 1530 Censurae
414 1495 515 1532 latae
544 1495 775 1531 Sententiae
799 1496 1034 1531 limitantur.

233 1549 273 1583 In
300 1548 479 1584 Sessionc
504 1549 704 1593 Secunda,
729 1549 863 1585 habita
881 1550 943 1586 die
961 1552 982 1587 6
1004 1551 1135 1586 ianua-

185 1601 233 1636 rii
253 1602 358 1646 1870,
379 1608 458 1638 tum
495 1602 678 1639 Pontifex
705 1607 785 1639 tum
805 1603 950 1640 Patres
969 1604 1131 1641 Concilii

183 1655 398 1692 solemnem
409 1656 498 1692 fidei
515 1656 800 1703 professionem
817 1657 1134 1694 emiserunt.Va-

185 1709 253 1745 riis
266 1709 691 1757 inCongr-egationibus
707 1711 959 1757 generalibus
974 1716 1013 1747 et
1025 1711 1135 1747 Com-

185 1762 410 1799 missionum
426 1763 657 1810 specialium
676 1764 913 1801 sessionibus
939 1764 1030 1801 dein
1056 1776 1136 1800 ma-

188 1827 266 1862 gna
281 1827 368 1852 cum
382 1817 643 1854 sollicitudine
660 1817 706 1854 de
723 1819 841 1854 rebus
858 1818 947 1854 fidei
965 1824 1006 1855 et
1024 1818 1136 1854 disci-

190 1870 319 1918 plinae
348 1874 563 1906 tractatum
583 1875 655 1907 est.

237 1923 368 1960 Sessio
397 1924 538 1960 Tertia
556 1926 718 1963 Concilii
747 1926 879 1962 habita
911 1932 970 1962 est
998 1926 1059 1963 die
1093 1926 1137 1962 24

189 1978 554 2026 aprilis(Dominica
569 1980 606 2014 in
618 1980 875 2028 Albis),atque
893 1981 927 2015 in
945 1991 993 2017 ea
1004 1981 1136 2017 Ponti-

190 2034 275 2074 fex,
306 2034 580 2079 praesentibus
611 2035 811 2070 sexcentis
840 2035 1047 2081 sexaginta
1080 2047 1137 2071 se-

193 2091 298 2133 ptem
329 2086 511 2123 Patribus
533 2116 540 2131 ,
569 2089 783 2134 publicavit
809 2089 1137 2125 Constitutionem

192 2140 456 2188 dogmaticam
483 2141 529 2177 (le
567 2141 668 2177 Fide
697 2142 927 2179 Ccitlzolica.
956 2143 1140 2182 Continet

193 2195 331 2231 eadem
349 2200 515 2242 quatuor
533 2195 686 2242 Capita:
706 2196 832 2243 primo
851 2197 1060 2244 exponitur
1075 2197 1138 2233 do-

193 2248 322 2284 ctrina
333 2248 527 2284 catholica
540 2248 587 2284 cle
598 2248 678 2284 Deo
695 2261 826 2285 rerum
839 2250 1008 2286 omnium
1019 2251 1140 2287 Crea-

193 2305 293 2346 tore,
309 2302 525 2339 secundum
541 2303 623 2349 agit
637 2302 683 2338 cle
699 2303 963 2342 Herclationc,
978 2306 1138 2341 tertium

195 2356 241 2391 cle
256 2355 374 2400 Fide,
388 2361 571 2403 quartum
588 2356 634 2392 (le
649 2356 752 2393 Fide
769 2360 803 2392 ct
819 2357 988 2393 rectione.
999 2361 1141 2406 Capiti-

195 2410 263 2445 bus
289 2409 395 2446 hisce
423 2410 566 2446 adiecti
594 2416 683 2446 sunt
707 2411 889 2447 Canones
907 2413 976 2446 sub
1004 2412 1139 2449 iisdem

196 2463 331 2507 titulis,
360 2464 498 2511 quibus
523 2475 682 2501 errores
700 2464 901 2501 doctrinae
922 2466 1140 2503 catholicae

196 2518 362 2565 oppositi
392 2518 700 2565 subscribuntur.
732 2519 824 2554 Post
851 2518 962 2555 liuius
988 2521 1145 2557 Consti-

198 2572 358 2608 tutionis
398 2573 643 2608 sanctionem
685 2573 1144 2621 promulgationemque,

200 2628 292 2662 Pius
319 2627 373 2662 IX
401 2627 583 2664 Patribus
603 2627 724 2664 verba
743 2627 907 2671 faciens,
926 2639 1062 2664 eorum
1083 2632 1146 2665 ad-

199 2682 366 2717 miratus
404 2686 465 2717 est
503 2681 780 2723 concordiam,
815 2681 975 2728 ideoque
1009 2687 1147 2718 sancta

200 2735 352 2771 laetitia
379 2741 582 2782 correptus
609 2735 866 2772 exclamavit:
895 2736 1058 2776 «Quam
1087 2737 1149 2772 bo-

200 2801 290 2825 num
318 2794 359 2826 et
379 2789 587 2826 iucundum
608 2791 786 2826 habitare
806 2789 951 2826 fratres
972 2791 1008 2825 in
1029 2803 1147 2827 unum

202 2845 327 2891 hodic,
355 2856 472 2892 quum
501 2846 538 2881 in
566 2846 691 2882 Domo
721 2845 874 2881 Domini
905 2845 1149 2881 ambulamus

199 2916 285 2939 vum
314 2910 529 2941 consensu!
548 2918 568 2939 »

250 2958 343 2994 l'ost
378 2960 476 2995 hacc
509 2963 638 2994 actum
667 2962 729 2994 est
757 2957 804 2993 do
837 2955 1016 2991 doctrina
1050 2966 1148 3002 quac

203 3014 248 3048 ad
267 3015 485 3050 Ecclesiam
503 3014 801 3059 Romanumque
819 3010 1049 3045 Pontificem
1066 3021 1150 3057 spc-

203 3073 294 3103 ctat.
325 3070 452 3116 Atque
480 3068 568 3104 inde
597 3068 643 3104 ab
671 3067 790 3102 initiis
820 3064 982 3102 Concilii
1019 3075 1148 3111 quam-

205 3122 357 3168 plurimi
388 3123 544 3166 l'atrcs,
564 3131 728 3169 quorum
757 3130 941 3155 numerus
967 3117 1149 3166 quadrin—

1177 258 1400 294 doctrinam
1435 258 1482 294 ad
1527 258 1748 306 depositum
1788 258 1878 295 fidei
1913 259 2128 307 pertinere.

1182 311 1327 347 Merito
1355 312 1460 348 enim
1487 316 1728 348 censuerunt
1746 312 1800 347 illi
1819 312 1972 357 Patres,
1991 325 2130 350 neces-

1180 365 1327 400 sariam
1356 376 1458 408 esse,
1478 370 1520 401 ut
1537 377 1653 413 quum
1675 369 1759 412 post
1778 370 1937 403 exortas
1958 367 2130 403 lanseni-

1180 419 1268 459 smi,
1283 419 1551 454 Gallicanismi
1570 423 1609 455 et
1623 419 1938 456 Febr-onianistni
1954 432 2128 464 errores,

1179 471 1317 518 quibus
1348 472 1516 508 Romani
1550 472 1751 508 Pontificis
1781 484 1830 508 ex
1859 473 2049 510 cathedra
2074 474 2126 509 lo-

1180 525 1333 571 quentis
1362 526 1634 562 inenarrantia
1661 526 1939 573 impetebatur,
1959 527 2128 573 primum

1180 578 1254 615 hoc
1292 581 1591 616 oecumenicum
1631 579 1848 616 Concilium
1890 580 2127 616 Vaticanum

1182 633 1454 670 celebraretur
1476 646 1484 678 ;
1512 633 1742 669 solemniter
1768 633 1822 668 illi
1849 644 2010 670 errores
2041 645 2127 680 pro-

1180 686 1450 724 scriberentur
1474 716 1482 731 ,
1516 699 1562 723 ac
1594 697 1692 723 vera
1727 686 1909 723 doctrina
1947 691 2135 724 accurate

1181 739 1424 777 definiretur.
1451 741 1491 777 Id
1518 741 1669 788 pariter
1695 740 1964 776 necessarium
1991 741 2133 777 habue-

1184 799 1274 830 runt
1306 806 1353 831 eo
1375 823 1383 838 ,
1416 794 1516 842 quod
1550 795 1668 831 etiam
1705 794 1915 830 recentiori
1950 799 2130 841 tempore

1182 849 1480 884 controversiae
1508 848 1554 884 de
1583 848 1648 883 illo
1674 847 1909 895 gravissimo
1928 847 2133 885 doctrinae

1185 902 1315 948 capite
1355 902 1553 938 excitatae
1593 902 1778 945 fuerant3
1817 901 1920 938 unde
1959 902 2134 937 fidelium

1183 956 1453 992 conscientiae
1481 956 1730 1003 angebantur
1758 959 1798 991 et
1830 955 2041 1003 religiosae
2075 966 2133 991 so-

1184 1009 1337 1045 cietatis
1356 1021 1432 1057 pax
1446 1017 1485 1046 et
1502 1010 1763 1057 tranquillitas
1779 1010 2129 1056 perturbabantur.

1184 1062 1397 1100 Doctrinae
1427 1069 1558 1101 tamen
1586 1064 1633 1099 de
1661 1063 1940 1101 infallibilitate
1966 1063 2135 1099 Romani

1185 1116 1386 1154 Pontificis
1414 1118 1662 1155 definiendae
1683 1147 1691 1161 ‚
1717 1121 1760 1153 ut
1792 1117 2010 1154 catholicae
2042 1117 2132 1154 fidei

1185 1170 1342 1218 dogma,
1362 1172 1588 1220 complures
1617 1172 1760 1208 Patres
1784 1171 1948 1209 Concilii
1976 1171 2136 1207 obstite-

1187 1230 1291 1262 runt.
1333 1227 1548 1263 Enimvero
1601 1227 1823 1274 paucissimi
1865 1226 2137 1262 tantummodo

1187 1279 1312 1325 ipsam
1341 1279 1564 1316 doctrinam
1599 1281 1636 1316 in
1670 1280 1826 1316 dubium
1865 1283 2138 1323 vocaverunt;

1185 1332 1254 1368 sed
1280 1333 1380 1368 varii
1411 1333 1622 1370 Praesules
1651 1334 1800 1381 opinati
1827 1337 1931 1377 sunt,
1951 1333 2054 1368 haud
2073 1343 2141 1380 op—

1189 1392 1399 1433 portunum
1435 1400 1521 1425 esse
1544 1418 1551 1432 ,
1578 1392 1621 1423 ut
1647 1399 1694 1424 ea
1725 1388 1906 1424 doctrina
1939 1391 2138 1434 tamquam

1186 1441 1276 1477 fidei
1295 1441 1439 1489 dogma
1453 1443 1698 1479 definiretur.
1716 1442 1793 1478 Sed
1814 1441 2036 1489 praevaluit
2056 1452 2142 1477 sen-

1190 1496 1314 1531 tentia
1342 1497 1466 1532 multa
1492 1497 1653 1532 maioris
1680 1497 1836 1532 numeri
1863 1496 2042 1532 Patrum·

1237 1549 1334 1586 Post
1368 1550 1578 1587 diuturnas
1613 1550 1922 1598 disceptationes
1961 1553 2000 1586 et
2039 1554 2144 1597 post-

1188 1613 1304 1649 quam
1333 1604 1612 1652 quinquaginta
1639 1616 1709 1641 sex
1736 1604 1946 1651 Episcopi,
1979 1604 2044 1650 qui
2078 1614 2144 1650 op-

1189 1658 1469 1702 portunitatem
1490 1659 1602 1694 huius
1620 1658 1861 1694 definitionis
1880 1658 2142 1705 denegantes,

1190 1711 1530 1759 inopporcmzistae
1550 1713 1737 1760 appellati
1753 1717 1857 1756 sunt,
1873 1712 2142 1754 declararunt,

1190 1776 1232 1801 se
1261 1767 1510 1803 constituisse
1539 1778 1562 1803 a
1589 1767 1771 1804 Sessionc
1798 1767 1964 1810 abesse;
1993 1766 2036 1802 18
2062 1765 2143 1801 iulii

1189 1818 1321 1855 habita
1348 1825 1408 1856 est
1434 1820 1568 1857 Sessio
1598 1820 1767 1861 Quat-ta,
1800 1821 1860 1856 cui
1880 1819 2143 1856 interfuerunt

1191 1871 1332 1910 Patres
1359 1875 1562 1921 quingenti
1589 1875 1756 1922 triginta
1781 1874 1962 1922 quinque.
1986 1873 2034 1908 Hi
2063 1884 2144 1908 om-

1191 1938 1272 1971 nes,
1302 1940 1417 1975 quum
1446 1941 1583 1965 eorum
1603 1935 1696 1965 vota
1723 1929 2052 1976 exquirerentur,
2079 1938 2142 1963 ex—

1191 1982 1314 2028 ceptis
1339 1982 1488 2018 duobus
1510 1984 1585 2030 (qui
1614 1989 1743 2019 tamen
1774 1983 1838 2019 vix
1864 1981 2023 2019 definito
2049 1981 2143 2028 dog-

1191 2040 1294 2073 mate
1314 2066 1322 2080 ,
1349 2037 1441 2073 illud
1470 2038 1791 2074 manifestissime
1821 2036 1988 2084 professi
2015 2039 2143 2078 sunt),

1191 2096 1447 2128 assenserunt
1462 2091 1744 2128 Constitutioni
1759 2090 2005 2127 cle-Ecclesia
2021 2090 2059 2125 in
2078 2089 2145 2125 illa

1192 2146 1378 2183 Sessione
1397 2147 1758 2184 editae—Constat
1784 2146 1882 2181 haec
1901 2143 2142 2182 Constitutio

1194 2200 1240 2235 cle
1259 2199 1442 2235 Ecclesia
1461 2201 1664 2248 prooemio
1685 2204 1724 2236 et
1742 2204 1910 2247 quatuor
1929 2197 2143 2245 capitibus;

1194 2265 1359 2301 quorum
1387 2254 1553 2301 primum
1581 2258 1728 2290 tractat
1752 2253 1798 2288 dc
1827 2250 2146 2301 Apostolicipri—

1193 2310 1320 2343 'natus
1348 2307 1387 2342 in
1414 2308 1462 2342 Β.
1492 2309 1613 2344 Petro
1642 2306 1900 2345 institutione,-
1929 2305 2143 2342 secundum

1193 2361 1240 2397 cle
1256 2361 1520 2408 perpetuitate
1538 2361 1737 2410 primatus
1756 2359 1870 2396 Petri
1889 2360 1928 2395 in
1945 2358 2143 2395 Romanis

1195 2414 1473 2462 Pontificibus
1503 2416 1663 2451 tertium
1689 2415 1737 2450 dc
1762 2414 1799 2450 oi
1826 2416 1862 2450 et
1888 2413 2044 2449 ratione
2061 2412 2146 2461 pri-

1195 2470 1325 2504 matus
1352 2468 1523 2504 Romani
1550 2468 1783 2517 Pontificis;
1805 2472 1986 2515 quartum
2004 2467 2052 2502 (Ie
2070 2465 2148 2502 Ro-

1196 2523 1304 2558 mani
1334 2522 1541 2570 Pontificis
1568 2522 1780 2570 infallibili
1808 2516 2050 2568 nzayz‘sterio.
2081 2521 2148 2557 Ul-

1199 2577 1334 2613 timum
1364 2576 1435 2612 hoe
1462 2577 1606 2624 dogma
1638 2578 1744 2613 hisce
1769 2576 1900 2612 verbis
1930 2574 2114 2611 definitur
2137 2589 2144 2610 :

1198 2644 1217 2664 «
1239 2631 1370 2677 ltaque
1396 2630 1478 2666 Nos
1505 2631 1705 2667 traditioni
1734 2642 1757 2667 a
1783 2630 1873 2666 fidei
1899 2628 2147 2667 Christianae

1199 2685 1360 2721 exordio
1383 2689 1591 2732 perceptae
1626 2685 1796 2721 fideliter
1817 2683 2055 2720 inhaerendo
2069 2712 2077 2727 ‚
2097 2683 2146 2719 ad

1202 2739 1270 2775 Dei
1283 2740 1502 2775 Salvatoris
1521 2740 1642 2775 nostri
1659 2738 2056 2787 gloriam‚religionis
2073 2738 2149 2776 Ca-

1202 2793 1368 2830 tholicae
1389 2794 1669 2831 exaltationem
1690 2799 1730 2831 et
1747 2793 2061 2831 Christianorum
2083 2803 2147 2840 po—

1203 2848 1378 2894 pulorum
1407 2848 1602 2892 salutem,
1629 2860 1744 2884 sacro
1774 2848 2018 2896 approbante
2049 2847 2150 2883 Con—

1201 2902 1305 2946 cilio,
1335 2901 1519 2938 docemus
1540 2906 1578 2938 ct
1604 2902 1792 2938 divinitus
1811 2901 2030 2938 revelatum
2057 2900 2149 2946 dog-

1203 2967 1367 2992 maesse
1383 2956 1588 2992 definimus
1610 2970 1616 2990 :
1638 2957 1859 2992 Romanum
1883 2955 2114 2991 Pontificem
2137 2982 2146 2996 ,

1202 3022 1315 3056 quum
1344 3021 1392 3046 cx
1419 3009 1616 3048 Cathcdra
1644 3011 1826 3057 loquitur,
1847 3009 1882 3045 id
1900 3013 1973 3053 est,
1993 3019 2079 3044 cum
2109 3019 2148 3043 0-

1203 3065 1349 3100 mnium
1374 3064 1687 3101 Christianorum
1713 3064 1888 3101 Pastoris
1908 3068 1948 3101 et
1965 3063 2148 3099 Doctoris

1203 3129 1366 3154 munere
1393 3118 1588 3164 fungens,
1618 3129 1687 3166 pro
1719 3130 1906 3167 suprema
1943 3129 2014 3154 sua
2042 3118 2144 3164 Apo·

206 3180 343 3220 gentos
368 3177 595 3224 superabat,
614 3175 729 3212 enixe
758 3173 1023 3221 postularunt,
1044 3171 1147 3208 utde
1199 3171 1337 3207 stolica
1368 3171 1605 3207 auctoritato
1632 3171 1852 3208 doctrinam
1887 3172 1934 3208 de
1963 3170 2038 3206 fide
2080 3169 2143 3205 vel

207 3229 372 3266 Romani
401 3230 602 3267 Pontificis
629 3228 904 3265 infallibilitate
933 3231 1143 3273 ageretur,

1199 3227 1371 3261 moribus
1407 3225 1455 3260 ab
1490 3225 1676 3261 universa
1721 3226 1897 3263 Ecclesia
1932 3223 2141 3261 tenendam
