2241 3473
221 141 302 182 408

169 224 522 272 praegravantium
548 223 684 270 quibus
711 223 926 268 affligitur,
954 223 1122 270 abroga-

168 278 313 315 tionem
332 278 498 313 firmiter
517 280 557 312 et
575 276 733 311 fortiter
751 276 955 321 efflagitat.
973 277 1050 313 Sed
1066 278 1122 312 fa-

168 343 271 376 mes,
299 331 390 367 mali
417 330 551 372 suada,
573 330 609 365 ei
629 333 760 365 certos
786 329 885 365 fines
913 331 1120 366 terminos-

168 397 240 433 que
275 385 352 421 suis
379 384 590 431 questubus
618 383 862 419 constituere
890 395 968 419 non
1008 384 1118 428 sinit,

167 450 214 475 ac
240 436 402 485 proinde
429 449 471 473 se
500 437 750 472 committens
770 437 995 473 rebellionis
1013 437 1121 473 duci-

167 493 250 534 bus,
274 495 401 527 motus
411 490 673 537 feniunorzcm
690 493 716 533 1,
734 490 946 527 meditatas
962 491 1117 534 caedes,

168 550 206 582 et
232 545 430 591 ignaviam
458 544 613 579 illorum
641 544 777 588 etiam,
805 545 867 592 qui
886 548 1048 592 propter
1067 545 1118 580 of-

166 599 295 636 ficium
315 602 497 634 tenentur
517 609 669 633 morum
690 599 987 645 praefecturam
1003 610 1118 646 gere-

167 664 224 696 re,
240 652 407 698 probare
420 656 460 688 et
475 651 664 688 adiuvare
679 664 756 687 non
769 652 934 688 dubitat.
949 652 1120 688 Proinde

166 706 401 753 gubernium
428 705 566 741 videns
600 707 800 742 contemni
828 707 1043 751 levamina,
1073 707 1121 742 ab

165 772 207 797 se
238 771 308 806 pro
338 759 558 796 huiusmodi
595 760 747 806 legibus
774 761 992 808 proposita,
1020 771 1120 808 quae

164 814 386 862 potuissent
413 826 499 850 esse
527 814 723 862 operariis
753 815 865 851 initia
891 815 995 851 vitae
1016 820 1120 850 tran-

164 869 306 916 quillae
334 873 373 904 et
400 869 517 904 rebus
544 869 783 905 necessariis
810 869 1043 914 instructae,
1072 880 1121 905 ea

164 923 328 959 consilia
346 922 504 959 adhibet
522 934 621 970 quae
642 925 894 960 vexationem
915 927 1066 971 augent
1083 928 1122 960 et

165 977 364 1013 damnum.

210 1031 363 1067 Verum
390 1032 476 1068 sola
501 1031 683 1068 Ecclesia
709 1032 853 1070 Christi
882 1036 1041 1080 poterat
1066 1036 1120 1069 to-

165 1085 283 1121 tidem
315 1086 464 1122 mederi
493 1087 632 1130 malis,
661 1098 707 1122 ac
735 1090 845 1123 recta
874 1087 1038 1123 consilia
1066 1087 1120 1122 illi

165 1133 271 1180 genti
306 1133 456 1181 largiri.
494 1135 605 1175 Quae
643 1145 737 1171 sane
770 1135 935 1178 consilia
962 1145 1007 1171 eo
1035 1147 1121 1182 spe·

164 1191 287 1231 ctant,
306 1192 349 1224 ut
374 1188 566 1225 Catholici
595 1189 759 1224 Hibcrni
788 1189 826 1224 in
854 1189 972 1225 rebus
1000 1189 1121 1224 omni-

165 1241 235 1278 bus
253 1242 485 1289 magistram
502 1254 546 1278 ac
563 1242 703 1278 ducem
720 1243 943 1279 Ecclesiam
959 1254 1123 1290 sequan-

166 1299 243 1340 tur,
263 1297 404 1332 eteius
425 1297 648 1344 praeceptis
667 1309 753 1333 sese
775 1297 1122 1333 accommodantes

167 1361 379 1398 pravarum
394 1351 667 1386 doctrinarum
683 1356 875 1399 respuant
890 1351 1122 1387 incitamen-

167 1409 220 1440 ta.
256 1405 339 1440 Hoc
368 1408 482 1452 pacto
510 1406 587 1440 iam
622 1416 646 1441 a
671 1417 742 1441 suo
770 1410 947 1453 tempore
975 1406 1122 1452 Grego-

167 1458 247 1495 rius
260 1459 510 1502 XVI,diebus
528 1460 571 1495 12
588 1460 719 1495 martii
741 1460 832 1496 1839
851 1466 891 1495 et
910 1461 954 1495 15
972 1460 1122 1495 octobr.

167 1513 271 1557 1844,
299 1525 369 1560 per
398 1524 557 1549 sacrum
577 1514 793 1552 Consilium
812 1514 1037 1551 Christiano
1058 1525 1123 1549 no-

166 1567 258 1603 mini
280 1568 535 1615 propagando
559 1568 905 1616 archiepiscopum
933 1568 1125 1603 Armaca-

167 1632 258 1657 num
285 1621 500 1666 admonuit,
529 1634 578 1659 ne
606 1622 751 1670 aliquid
778 1627 970 1670 ageretur
989 1623 1037 1658 ab
1057 1622 1123 1658 Hi-

168 1675 312 1719 bernis,
341 1676 414 1712 nisi
440 1676 647 1713 moderate
675 1680 714 1713 et
742 1677 856 1712 iuste.

214 1730 294 1766 Leo
322 1734 457 1767 autem
485 1731 555 1779 Pp.
588 1731 695 1773 X111.
733 1731 915 1778 exemplo
942 1731 1126 1768 insistens

212 1834 221 1855 1
254 1832 342 1864 Intrr
369 1842 434 1872 eas,
462 1841 543 1875 quae
571 1842 657 1865 nunc
685 1831 823 1875 populos
852 1831 1049 1873 illaqueant,
1077 1840 1127 1864 se-

168 1881 273 1911 cretas
301 1879 474 1912 societates
501 1884 590 1911 extat
609 1879 681 1919 ilia,
713 1879 765 1912 cui
788 1888 804 1910 a
823 1877 984 1910 Feniariis
1004 1877 1122 1910 titulus

170 1928 231 1963 est,
248 1929 334 1957 vasta
352 1926 506 1967 quaedam
534 1926 747 1967 conspiratio,
772 1925 874 1956 instar
893 1924 1013 1955 occulti
1034 1933 1129 1956 exer-

173 1972 258 2003 citus
285 1972 431 2003 ordinata
460 1972 489 2003 in
520 1973 702 2005 Foederatis
728 1971 895 2003 Americae
914 1970 1071 2007 Statilius,
1094 1970 1125 2002 in

171 2016 299 2049 Canada
327 2022 358 2048 ct
377 2018 406 2049 in
423 2017 574 2050 Hibernia
595 2018 750 2051 adversus
769 2016 982 2049 Britanniam.
1006 2017 1127 2049 Auctor

172 2065 242 2096 eius
270 2063 330 2094 ruit
357 2065 448 2096 miles
477 2065 664 2097 hibernicus
692 2065 821 2096 nomine
848 2060 883 2094 0*
905 2063 1055 2103 Mayony,
1073 2064 1126 2104 qui

173 2110 231 2142 sibi
258 2110 424 2151 proposuit
451 2110 632 2142 llibcrniani
652 2110 688 2142 ab
715 2109 848 2150 Angiiae
884 2108 957 2147 iugo
984 2110 1126 2149 solvere,

173 2164 306 2197 canique
333 2156 368 2186 ad
396 2158 535 2196 regimen
564 2157 761 2198 reipublicae
787 2155 970 2192 adducere,
997 2155 1034 2186 ad
1061 2164 1127 2186 nio-

173 2202 245 2233 dum
266 2202 473 2234 Americanae
494 2203 749 2234 Foederationis.
769 2202 885 2233 Novam
916 2200 997 2231 hanc
1023 2202 1128 2232 socie—

176 2252 271 2280 tatem
301 2249 477 2290 appellavit
502 2249 641 2281 Eminet
669 2250 872 2280 monument
908 2246 1125 2283 association,

174 2298 304 2335 sumpto
325 2294 453 2327 nomine
479 2305 493 2326 a
524 2296 666 2336 liuperto
697 2295 832 2330 Eminet,
851 2293 906 2335 qui
926 2293 1031 2333 capite
1050 2302 1126 2325 con-

174 2340 341 2372 demnatus
368 2341 405 2372 ab
431 2341 554 2381 Anglis,
574 2350 644 2374 cuni
672 2340 851 2382 patibulum
882 2339 1127 2379 conscenderet,

174 2386 309 2428 abrupta
337 2387 487 2420 oratione
515 2387 694 2419 Hiberniam
714 2385 937 2427 compellavit,
968 2385 1128 2427 iussitque

174 2437 346 2473 expectare
375 2433 597 2466 liberationem
626 2443 714 2465 suani
743 2433 779 2464 ab
808 2431 880 2471 iugo
898 2431 1009 2470 stirpis
1029 2431 1129 2464 Saxo-

177 2489 250 2511 nuin
270 2505 277 2518 ,
307 2482 341 2510 ut
366 2480 394 2510 ei
434 2484 569 2522 poneret
602 2483 859 2511 monumentum.
896 2476 1127 2510 sziunorum

175 2529 280 2557 autern
322 2525 498 2565 appellatio
524 2526 692 2567 desumpta
719 2529 766 2557 cst
801 2523 848 2554 vel
877 2533 893 2553 a
920 2523 1102 2556 Phoeniciis
1120 2549 1129 2564 ,

177 2571 288 2612 primis
329 2571 500 2603 Hiberniae
539 2571 802 2609 habitatoribus,
843 2569 890 2600 vc!
926 2568 963 2599 ab
994 2571 1128 2612 antiqua

178 2617 274 2649 liuius
300 2618 406 2657 gentis
433 2619 573 2657 militia,
601 2628 684 2660 quae
714 2624 854 2659 tempore
881 2614 1063 2647 hibernicae
1092 2617 1129 2648 li-

179 2663 312 2695 bertatis
338 2664 398 2695 suit
424 2665 664 2696 strenuissima.
686 2662 847 2706 Quidquid
867 2662 908 2693 sit
924 2661 961 2692 de
983 2662 1126 2701 nominc,

179 2710 311 2741 evidens
331 2714 379 2741 cst
400 2709 659 2743 tentanti-mum
675 2715 794 2743 sectant
809 2709 1024 2746 constituere,
1044 2708 1129 2739 eius-

177 2765 238 2797 qno
267 2756 468 2789 diffusionem
499 2758 675 2789 aniniarnin
702 2757 798 2789 saluti
825 2763 895 2787 esse
914 2762 1010 2793 grave
1029 2754 1129 2785 oslen-

178 2801 333 2834 ciculum.
363 2803 476 2835 Merito
519 2804 617 2843 igitur
642 2804 680 2835 S.
705 2803 803 2834 sedes
839 2810 896 2842 per
923 2798 1125 2832 Cardinaicin

180 2849 380 2880 Praefectum
403 2850 520 2882 Sacrae
547 2848 815 2890 congregationis
834 2858 849 2878 a
867 2845 1053 2878 Christiano
1073 2856 1130 2877 no—

180 2895 265 2926 rnine
292 2897 498 2937 propagando
540 2896 666 2927 litteras
700 2895 786 2926 misit
816 2892 984 2935 Episcopis
1011 2892 1134 2923 Ameri-

179 2949 274 2973 Canae
303 2942 547 2973 tanaim-ationis
584 2942 633 2973 dic
671 2942 711 2973 13
752 2941 822 2972 iulii
860 2939 974 2977 18135,
1018 2939 1129 2979 eisque

179 2987 375 3025 significavit
412 2987 679 3020 l‹'enianismum
719 2988 757 3018 iis
796 2985 1032 3018 accensendum
1059 2994 1129 3016 esse

179 3034 385 3065 societatibus
412 3035 575 3073 occultis,
616 3044 695 3075 quas
722 3033 843 3065 Samnii
869 3031 1046 3064 Pontifices
1073 3030 1132 3061 itc-

179 3084 248 3110 rat«)
282 3079 487 3112 damnarunt.
523 3082 587 3113 linc
615 3081 693 3111 inb-in
725 3078 889 3121 praestitit
925 3077 958 3108 S.
992 3077 1131 3107 llnniana

182 3125 718 3168 {laivvi->alisinquisitiffidncrcio
737 3126 797 3157 diei
818 3123 1133 3160 12i21n11:·1·i11870‚

179 3176 285 3201 soctan
312 3177 457 3205 naturani
484 3174 666 3205 attribuens
699 3171 847 3203 societati
876 3169 1108 3202 1⁸anianorum
1126 3193 1133 3206 ‚

180 3217 272 3249 cuins
307 3221 449 3253 asseclas
488 3221 518 3251 in
551 3217 916 3252 excommunicationem
953 3215 1134 3248 incurrisse

179 3263 364 3295 declaravit.

506 154 672 181 EPOCHA
692 134 780 180 'xm-
807 155 833 180 A
853 153 1036 181 PVBLICA
1055 153 1204 182 RERVM
1225 155 1269 182 1N
1290 154 1461 182 GALLIIS
1481 154 1776 185 SVBVERSIONE

1174 224 1234 260 sui
1266 224 1511 269 Deeessoris‚
1538 225 1713 261 calendis
1730 225 1826 261 iunii
1853 225 1945 264 1880
1979 225 2133 264 cunctis

1175 278 1381 325 Episcopis
1411 279 1627 315 Hiberniae
1655 283 1768 315 reeta
1795 280 1945 316 monita
1971 291 2042 327 pro
2070 291 2131 317 re·

1175 344 1261 368 rum
1291 333 1586 380 opportunitate
1604 333 1734 369 danda
1752 335 1924 379 curavit,
1943 334 2130 370 nimirum

1177 387 1375 423 Hibernos
1402 387 1505 423 dicto
1533 388 1739 424 audientes
1758 387 1964 435 Episcopis
1991 400 2077 426 esse
2092 400 2133 425 0-

1176 445 1356 487 portere,
1384 442 1566 488 nullaque
1594 443 1633 476 in
1660 453 1703 477 re
1731 452 1755 477 a
1784 441 1976 488 religione
2003 452 2050 479 ac
2077 442 2132 478 of-

1173 493 1275 530 ficiis
1301 494 1518 531 declinare.
1549 495 1601 530 Et
1619 494 1748 541 paullo
1767 494 1894 531 serius
1912 506 2048 532 mense
2068 507 2136 532 no·

1175 548 1328 583 vembri
1364 549 1512 596 aliquot
1545 560 1593 585 ex
1618 548 1811 585 Hibernia
1829 548 2037 597 Episcopis
2069 549 2135 597 qui

1178 601 1347 638 Romam
1368 603 1563 646 adierant,
1583 602 1631 638 ad
1650 602 1836 650 sepulcra
1853 603 2135 649 Apostolorum

1177 655 1433 701 visitandum,
1469 661 1636 693 testatus
1670 660 1746 700 est,
1784 668 1827 693 se
1868 656 2137 693 Hibernorum

1176 721 1317 746 caussa
1350 710 1481 746 omnia
1514 711 1628 746 utilia
1662 709 1834 754 adoriri;
1865 713 2132 746 veruntamen

1176 763 1269 799 illud
1297 764 1421 800 etiam
1449 764 1650 806 adiunxit,
1682 764 1920 810 perturbare
1952 763 2132 801 ordinem

1174 829 1252 853 non
1271 818 1409 854 licere.
1426 818 1528 859 Quin
1549 819 1627 853 imo
1646 818 1810 854 Litteris
1822 817 2134 865 Archiepiscopo

1175 872 1406 909 Dublinensi
1433 871 1618 908 Eduardo
1646 871 1864 909 Mac-Cabe
1890 871 1993 908 datis
2020 871 2082 909 die
2108 872 2130 908 3

1175 927 1329 962 ianuar.
1353 925 1457 969 1881,
1476 926 1575 962 haec
1594 926 1727 961 omnia
1742 925 2133 969 memorans,subdit:

1175 994 1194 1015 «
1214 980 1324 1016 Talis
1350 980 1389 1015 in
1418 978 1621 1016 sentiendo
1649 978 1881 1026 agendoque
1913 979 2052 1015 modus
2078 979 2137 1015 in-

1174 1034 1323 1070 stitutis
1351 1033 1656 1081 praeceptisque
1681 1033 1888 1069 Ecclesiae
1913 1032 2135 1070 catholicae

1176 1088 1350 1124 maxime
1377 1087 1587 1134 congruit,
1616 1098 1744 1134 neque
1772 1086 2019 1131 dubitamus,
2046 1087 2138 1134 quin

1174 1142 1268 1189 ipsis
1303 1142 1520 1178 Hiberniae
1556 1141 1777 1177 rationibus
1810 1140 1862 1177 sit
1896 1141 2138 1188 profuturus.

1176 1197 1331 1233 Etenim
1360 1196 1551 1243 aequitati
1579 1194 1812 1231 confidimus
1837 1195 2016 1231 virorum
2037 1223 2046 1239 ,
2073 1195 2139 1242 qui

1176 1262 1370 1286 summam
1399 1250 1556 1297 imperii
1586 1252 1748 1292 tenent,
1781 1249 1820 1284 in
1854 1248 1992 1296 quibus
2026 1252 2137 1285 certe

1176 1316 1347 1351 magnus
1375 1316 1462 1340 esse
1496 1304 1599 1340 solet
1625 1314 1762 1338 rerum
1787 1314 1882 1339 usus
1912 1313 2000 1338 cum
2033 1303 2140 1338 civili

1177 1359 1390 1406 prudentia
1417 1358 1664 1394 coniunctus.
1685 1357 1813 1392 Multo
1841 1357 1962 1393 tutius
1982 1367 2029 1392 ae
2048 1357 2140 1394 faci·

1177 1414 1249 1449 lius
1275 1413 1361 1449 fieri
1389 1413 1536 1460 poterit
1561 1416 1605 1447 ut
1631 1422 1693 1456 ea,
1713 1423 1812 1458 quae
1831 1411 1929 1455 vult,
1947 1411 2142 1448 Hibernia

1177 1471 1445 1514 consequatur
1466 1495 1474 1510 ,
1503 1466 1537 1502 si
1564 1465 1679 1501 modo
1706 1466 1773 1501 via
1808 1476 1923 1512 quam
1951 1466 2060 1512 leges
2091 1465 2140 1502 si-

1177 1525 1275 1558 nunt
1293 1525 1443 1564 utatur,
1462 1531 1701 1567 caussasque
1722 1519 1951 1555 offensionis
1969 1519 2138 1556 evitet».

1177 1576 1314 1617 Quare
1341 1575 1526 1610 hortatur
1554 1574 1773 1621 Episcopos
1791 1602 1800 1617 ‚
1829 1577 1873 1609 ut
1897 1573 2034 1609 fideles
2061 1584 2142 1609 mo-

1177 1633 1297 1666 neant
1323 1641 1372 1665 ne
1400 1629 1439 1664 in
1466 1628 1528 1664 his
1562 1633 1642 1664 tam
1671 1627 1833 1674 trepidis
1864 1627 1981 1663 rebus
2011 1627 2142 1675 aequi-

1178 1685 1274 1720 tatis
1301 1684 1553 1730 iustitiaeque
1579 1683 1680 1719 fines
1707 1681 1948 1718 transiliant.

1226 1738 1407 1774 Maxima
1432 1737 1507 1772 fuit
1532 1736 1646 1772 huius
1673 1735 1850 1772 Litterae
1870 1734 2012 1771 virtus.
2038 1734 2141 1771 Nam

1177 1793 1512 1839 Archiepiscopus
1539 1790 1810 1834 Dublinensis,
1847 1789 1909 1826 die
1939 1789 1982 1826 14
2009 1789 2142 1826 ianua-

1178 1846 1230 1882 rii
1260 1847 1367 1891 1881,
1395 1845 1603 1893 epistolam
1631 1844 1874 1891 pastoralem
1908 1843 2013 1880 dedit
2047 1843 2142 1888 utri-

1177 1912 1251 1948 que
1288 1911 1358 1936 suo
1389 1900 1506 1937 Clero
1526 1928 1534 1942 ‚
1565 1904 1608 1934 ut
1638 1897 1894 1942 ostenderet,
1924 1908 2142 1945 omnesque

1179 1955 1382 1999 suaderet,
1403 1953 1620 1990 Hiberniae
1649 1952 1751 1988 filios
1779 1955 1837 1988 tot
1864 1952 2060 2000 tantisque
2080 1952 2143 1989 be-

1179 2009 1330 2046 neficiis
1358 2020 1428 2056 per
1456 2007 1674 2043 Pontifices
1701 2007 1937 2051 cumulatos,
1958 2017 2140 2054 praeser-

1181 2065 1248 2100 tim
1265 2075 1382 2111 quum
1401 2062 1625 2110 persecutio
1642 2061 1680 2096 in
1693 2072 1762 2097 eos
1779 2061 2011 2104 saeviret,et
2024 2071 2142 2097 nemo

1181 2129 1304 2166 penes
1340 2117 1592 2153 inveniretur
1613 2144 1621 2159 ‚
1655 2115 1720 2163 qui
1759 2115 1954 2151 memoria
1986 2117 2144 2150 teneret

1179 2172 1325 2208 obtrita
1351 2171 1483 2219 populi
1511 2171 1599 2206 iura
1619 2198 1627 2213 ,
1657 2174 1697 2206 et
1723 2169 1944 2217 Episcopos
1973 2179 2021 2204 ac
2053 2179 2144 2215 pre-

1180 2228 1363 2275 sbyteros
1390 2224 1651 2268 errabundos,
1678 2235 1783 2259 nune
1811 2233 1963 2259 morem
1993 2233 2137 2269 gerere

1181 2281 1326 2317 debere
1354 2279 1523 2315 Romani
1552 2278 1757 2313 pontificis
1792 2276 2038 2324 aequissimis
2075 2287 2140 2323 po-

1181 2334 1472 2371 stulationibus.
1503 2333 1590 2368 Hac
1618 2336 1755 2368 nostra
1783 2335 1943 2375 aetate,
1973 2330 2143 2367 addebat

1183 2388 1421 2437 perillustris
1451 2387 1654 2423 Ecclesiae
1682 2386 1876 2429 Antistes,
1896 2384 1988 2421 dum
2016 2385 2143 2422 fames

1182 2455 1229 2480 ac
1258 2443 1378 2490 pestis
1407 2442 1480 2477 liae
1510 2441 1546 2476 in
1577 2441 1705 2476 insula
1724 2443 2023 2487 grassarentur,
2046 2438 2139 2475 Pius

1182 2498 1252 2545 Pp.
1283 2497 1335 2532 IX
1354 2525 1362 2539 ,
1393 2500 1579 2543 prompta
1605 2494 1887 2542 splendidaque
1914 2504 1985 2530 sua
2018 2492 2143 2528 muni-

1181 2551 1364 2594 ficentia,
1392 2550 1459 2586 tali
1488 2549 1670 2596 exemplo
1699 2549 1771 2584 i'uit
1798 2547 2068 2595 Principibus,
2097 2557 2144 2582 ac

1182 2606 1333 2653 populis
1361 2604 1589 2640 christianis
1607 2632 1615 2646 ,
1645 2614 1718 2650 quo
1745 2602 1874 2638 nullus
1900 2600 2058 2648 dignius
2083 2603 2144 2637 est

1184 2660 1304 2696 Pati-0
1332 2658 1506 2695 fidolium
1535 2657 1826 2693 universorum.
1849 2655 1961 2697 Quod
1989 2655 2020 2690 si
2039 2664 2144 2690 anno

1185 2716 1277 2751 1880
1306 2713 1489 2760 regiones
1517 2711 1734 2747 Hiberniae
1756 2710 1893 2745 incolis
1911 2709 2141 2756 frequentes

1185 2769 1220 2803 in
1250 2778 1426 2803 summas
1454 2766 1659 2812 angustias
1687 2763 1880 2800 adductae
1907 2768 2023 2806 sunt,
2052 2761 2144 2798 dum

1184 2827 1343 2869 spectra
1382 2820 1495 2856 samis
1535 2824 1573 2855 ct
1607 2819 1775 2855 tetricae
1811 2817 1932 2854 febris
1966 2815 2144 2852 terrifica

1189 2876 1412 2917 instarent,
1441 2884 1610 2920 magnus
1646 2874 1726 2908 Leo
1753 2872 1841 2907 Xlll
1870 2881 1965 2906 suae
1998 2869 2142 2905 oblitus

1186 2931 1341 2976 inopiae
1357 2958 1365 2972 ,
1386 2928 1474 2964 liliis
1501 2928 1580 2963 suis
1607 2938 1803 2974 generose
1830 2924 2001 2961 subsidio
2021 2923 2144 2967 venit,

1187 2990 1224 3021 et
1252 2986 1290 3017 S.
1311 2982 1579 3028 congregatio
1599 2992 1622 3016 a
1640 2980 1864 3018 Christiano
1884 2978 2042 3014 nomine
2058 2988 2145 3024 pro-

1190 3037 1383 3086 pagando,
1405 3036 1588 3082 stipi-cmi
1611 3035 1788 3070 Pastoris
1814 3032 2037 3079 exemplum
2062 3030 2145 3066 imi-

1191 3099 1284 3135 tata,
1319 3092 1427 3137 large
1456 3090 1673 3126 Hiberniae
1702 3088 1808 3125 dedit
1834 3088 1881 3124 de
1907 3086 1987 3123 suis
2019 3084 2142 3121 immi-

1191 3147 1295 3182 nutis
1322 3158 1368 3181 ac
1396 3145 1603 3180 decimatis
1630 3143 1754 3179 bonis-

1238 3200 1368 3236 Cctcri
1397 3210 1548 3245 quoqne
1578 3197 1789 3233 llibcrniac
1819 3193 2022 3243 Episcopi,
2043 3191 2146 3229 datis

1191 3254 1330 3291 litteris
1357 3253 1483 3290 Clcris
1509 3253 1602 3296 suis,
1623 3263 1691 3288 cos
1718 3250 1930 3300 participes
1956 3249 2142 3284 fecerunt
