2241 3473
625 94 753 125 VSQVE
781 94 835 121 AD
864 92 1163 121 PON‘HFICATVM
1191 95 1222 122 S.
1243 96 1435 124 GREGORII
1464 98 1536 125 vu.

110 158 318 197 Lotharius
336 169 408 196 rex
427 158 467 195 in
485 157 628 203 Gallia,
644 162 686 195 ut
707 157 933 195 videbimus.
951 156 1052 198 Quid

110 210 153 249 iu
171 221 288 248 causa
309 210 509 248 Hincmari
532 210 709 259 Clerique
729 208 962 247 Rhemensis
990 209 1052 246 hic

112 262 294 301 Pontifex
315 262 536 312 perfecerit,
556 263 647 300 alibi
672 263 919 300 disseremus.

157 315 220 353 47.
246 316 549 361 Chasarorum,
579 317 878 363 Bulqarorum,
899 319 939 350 et
957 314 1049 350 Μο-

107 378 303 405 ravorum
323 371 532 406 conversio
551 389 603 395 —
619 368 701 405 Hoc
721 370 894 414 tempore
915 378 963 403 ex
985 378 1051 402 ec-

104 419 223 457 clesia
242 421 392 458 Graeca
413 421 638 469 prodierunt
657 421 681 458 2
703 419 788 464 viri,
803 419 942 466 spiritu
965 430 1052 466 apo-

103 471 242 510 stolico
270 473 386 521 pleni,
416 473 480 521 qui
509 473 657 522 populis
678 470 881 509 Hunnicae
902 473 941 528 et
960 470 1049 528 513.-

102 523 210 562 vicae
225 525 389 574 originis
405 530 581 563 auctores
594 523 830 562 christianae
846 522 934 559 fidoi
949 525 1050 580 exti-

101 578 251 622 terunt,
271 578 551 616 Constantinus
571 589 728 625 nempe,
747 575 844 612 alias
865 573 1049 632 Cyrill-us,

99 627 260 677 eiusque
281 629 404 667 frater
425 629 657 672 Methodius,
677 628 791 665 ambo
812 627 992 684 monachi
1010 629 1049 685 ct

101 683 318 730 presbyteri
336 712 346 727 ,
375 681 671 719 Thessalonicae
706 679 799 716 nati.
835 679 878 737 In
913 690 1048 736 primis

97 744 220 781 quum
240 734 416 779 Chazari,
437 734 475 770 in
497 734 733 771 Chersoneso
754 731 921 768 Taurlca
939 735 977 767 et
994 743 1049 789 vi-

99 786 195 824 cinis
213 787 433 835 regionibus
452 786 499 822 ad
522 787 689 822 Pontum
712 783 910 821 Euxinum
932 783 1046 820 habi-

97 840 252 884 tantes,
271 840 319 876 ab
339 839 574 888 imperatore
595 835 788 875 Michaele
810 835 865 872 III
885 835 1046 883 eiusque

98 890 161 938 pia
189 894 314 928 matre
343 890 548 927 Theodora
575 889 797 926 sacerdotes
817 888 1046 924 christianos

98 943 382 990 postulassent,
403 942 586 990 Cyrillus,
608 942 655 978 ad
676 952 741 978 eos
761 940 916 983 missus,
936 943 1046 998 tanto

97 1005 185 1032 cum
205 995 335 1032 fructu
355 995 491 1032 iisdem
512 994 770 1042 Evangelium
792 993 1046 1041 praedicavit,

96 1050 139 1084 ut
157 1048 268 1085 brevi
283 1050 459 1096 tempore
475 1050 514 1083 et
530 1046 744 1095 principem
759 1045 915 1082 nomine
930 1045 1047 1093 Sphe-

92 1100 269 1148 topelek,
289 1104 328 1137 et.
346 1099 520 1136 subditos
540 1098 781 1136 converterit
803 1103 922 1148 atque
947 1099 1044 1145 bap-

90 1150 255 1190 tizarit¹.

143 1204 272 1253 Supra
299 1205 489 1250 vidimus,
516 1204 782 1252 Bulgarorum
811 1203 956 1240 multos
977 1213 1045 1251 per

90 1255 320 1295 christianos
337 1257 512 1306 captivos
531 1257 579 1295 ad
599 1257 740 1293 Christi
761 1257 908 1293 cultum
924 1255 1044 1292 fuisse

89 1309 320 1356 perductos2.
339 1311 453 1346 Anno
472 1322 567 1347 vero
584 1309 658 1346 861
676 1309 840 1357 Bogoris
853 1337 862 1354 ,
886 1308 1043 1366 illorum

88 1372 171 1406 rex,
183 1362 305 1410 primo
321 1362 404 1400 aCu
411 1363 534 1411 phara
552 1362 741 1399 monacho
758 1362 926 1409 captivo,
939 1361 1043 1419 dein-

88 1413 137 1450 de
156 1425 180 1451 a
198 1425 328 1451 sorore
347 1427 431 1460 sua,
451 1426 552 1463 quae
573 1413 906 1462 Constantinopoli
934 1413 1041 1449 chri-

86 1465 252 1504 stianam
270 1466 384 1504 fidem
401 1472 640 1516 susceperat,
659 1469 698 1503 et
718 1466 949 1515 praesertim
968 1477 992 1502 a
1011 1477 1040 1502 s.

88 1518 299 1565 Methodio,
311 1531 428 1568 quem
446 1532 531 1557 cum
548 1520 635 1557 aliis
655 1520 703 1556 ad
719 1531 759 1556 se
771 1519 1040 1563 arcessiverat,

86 1570 302 1617 excitatus,
330 1573 566 1621 baptismum
584 1573 766 1620 suscepit.
787 1572 880 1608 Eius
902 1583 1040 1608 exem-

86 1623 148 1672 plo
176 1626 215 1661 et
243 1625 578 1662 adhortationibus
597 1625 709 1662 multi
731 1625 981 1661 crediderunt
1001 1625 1041 1660 et

86 1675 268 1725 baptizati
297 1681 401 1715 sunt.
432 1678 559 1719 Quum
583 1689 676 1714 vero
695 1677 878 1725 Bulgari,
898 1689 1036 1725 parum

30 1753 37 1760 .
85 1728 204 1766 dediti
223 1732 352 1768 essent
371 1730 636 1768 sacerdotibus
657 1730 835 1775 Graecis;
856 1731 922 1778 qui
942 1731 1035 1767 Con-

84 1781 334 1831 stantinopoli
364 1783 412 1819 ad
434 1795 499 1820 eos
519 1783 802 1820 convertendos
822 1783 927 1819 missi
951 1783 1036 1819 fue-

83 1835 175 1871 rant
193 1846 253 1872 an.
274 1835 352 1873 866
371 1846 443 1872 rex
465 1836 615 1883 legatos
635 1835 741 1876 misit
760 1836 927 1872 Romam
941 1864 949 1880 ,
971 1836 1036 1883 qui

82 1884 262 1924 Pontifici
282 1899 444 1924 munera
463 1888 625 1933 ferrent,
645 1892 771 1924 certas
791 1888 1036 1935 quaestiones

81 1942 340 1988 proponerent
367 1943 405 1977 et
433 1941 630 1988 episcopos
650 1943 766 1987 atque
788 1941 1035 1988 presbyteros

82 1991 132 2027 ab
159 2003 205 2028 eo
234 1992 488 2040 postularent.
517 1993 704 2031 Nicolaus
733 1993 802 2040 Pp.
825 1993 862 2037 I,
883 1992 1033 2040 legatos

81 2042 342 2092 Bulgarorum
358 2045 699 2094 benigneexcepit,
711 2045 756 2082 ad
771 2057 906 2082 eorum
918 2057 1034 2092 quae-

79 2095 224 2133 stiones
235 2097 309 2134 105
320 2108 509 2145 responsa
524 2099 643 2143 dedit,
659 2102 699 2135 et
714 2109 803 2134 cum
818 2097 872 2135 eis
886 2097 926 2134 in
942 2098 1032 2134 Bul-

78 2149 231 2195 gariam
251 2149 450 2198 ablegavit
467 2151 562 2188 duos
577 2150 787 2199 episcopos,
802 2150 1028 2187 Formosum

79 2199 336 2239 Portuensem
367 2206 406 2240 et
433 2203 603 2240 Paulum
624 2203 949 2251 Populoniensem
963 2232 972 2248 ,
992 2206 1031 2240 et

80 2251 229 2301 aliquot
257 2255 527 2302 presbyteros,
548 2268 571 2293 a
589 2255 727 2303 quibus
748 2255 920 2292 maxima
939 2267 1028 2304 pars

77 2306 210 2352 populi
229 2306 268 2342 in
288 2307 463 2344 doctrina
483 2308 626 2345 Christi
645 2308 844 2353 instituta,
865 2308 1028 2355 eiusque

78 2355 272 2395 Ecclesiae
292 2369 361 2406 per
378 2359 613 2407 baptismum
634 2360 831 2409 adscripta
849 2358 957 2397 fuit3.

130 2409 170 2446 S.
182 2409 352 2458 Cyrillus
376 2423 467 2449 vero
488 2425 576 2449 cum
597 2413 722 2450 fratre
742 2425 812 2450 suo
829 2425 858 2450 s.
872 2413 1027 2450 Metho-

76 2459 140 2497 dio
159 2472 220 2498 an.
241 2462 318 2500 863
337 2463 533 2512 profectus
552 2468 610 2502 est
624 2465 664 2502 in
679 2465 911 2511 Moraviam,
927 2477 1027 2513 quae

75 2514 171 2550 tunc
197 2515 383 2563 temporis
402 2519 556 2564 praeter
575 2517 806 2554 hodiernum
826 2520 1026 2556 marchio-

74 2567 209 2602 natum
229 2568 576 2615 comprehendebat
596 2581 781 2618 magnam
802 2574 952 2619 partem
973 2572 1028 2608 Si-

72 2616 206 2662 lesiae,
226 2619 455 2667 Hungariae
474 2625 513 2658 et
532 2623 727 2660 Austriae.
748 2623 832 2660 Iam
852 2625 925 2660 sub
945 2636 1027 2661 sae-

72 2669 147 2707 culi
177 2671 271 2708 VIII
293 2672 439 2708 exitum
456 2701 465 2717 ,
485 2676 647 2710 curante
667 2676 827 2713 Arnone
848 2676 1024 2725 episcopo

73 2720 373 2772 Salisburgensi,
394 2724 650 2774 Evangelium
671 2726 807 2766 incolis
822 2729 1024 2766 Moraviae

115 2813 123 2834 ¹
143 2815 293 2849 Bolland..
308 2815 388 2846 Acta
405 2814 459 2846 SS.
476 2815 494 2846 9
510 2820 598 2847 mart.

109 2851 123 2873 ²
140 2856 183 2887 Cs.
199 2865 228 2894 p.
244 2855 313 2886 219.

110 2895 126 2917 ³
140 2896 290 2933 Bouaud„
304 2897 365 2927 loc.
379 2897 427 2927 cil.
446 2897 606 2936 Responsa
622 2907 647 2928 s.
658 2899 775 2930 Nicolai
788 2900 800 2930 I
813 2901 852 2931 ad
866 2903 1023 2941 quaestio-

70 2944 126 2966 nes
141 2937 345 2977 Bulgarorum
362 2941 467 2968 extant
483 2940 565 2976 apud
582 2938 683 2969 Labbe
694 2964 702 2977 ,
722 2938 840 2971 Concil.
857 2946 876 2972 t.
893 2943 967 2980 VIlI,
984 2953 1013 2982 p.

71 2975 140 3008 516.
165 2976 196 3007 ln
213 2977 251 3008 iis
269 2978 357 3017 plura
374 2979 568 3017 explicantur
587 2979 623 3009 de
639 2979 792 3017 baptismo
805 3006 812 3019 ,
829 2983 865 3012 de
882 2985 998 3022 nuptiis
1013 3009 1020 3023 ,

70 3016 109 3046 de
130 3018 258 3055 ieiunio,
281 3019 319 3048 de
335 3020 548 3049 communione
566 3021 710 3058 Corporis
727 3025 756 3051 ct
773 3022 939 3061 Sanguinis
955 3025 1020 3054 Do-

70 3057 154 3095 mini,
169 3058 207 3088 de
222 3057 354 3089 colenda
369 3059 419 3090 die
432 3060 598 3097 Dominica‚
612 3061 649 3091 de
661 3062 764 3092 causis
778 3063 969 3102 clericorum,
982 3065 1020 3096 de

69 3096 219 3130 electione
236 3104 265 3130 et
281 3099 475 3131 ordinatione
492 3102 716 3140 Episcoporum
728 3124 736 3140 ,
753 3106 811 3134 etc.

1921 93 1999 131 233

1096 160 1374 197 annuntiatum
1405 161 1533 199 fuerat
1548 159 1570 199 ¹.
1591 161 1672 199 Sub
1693 162 1804 202 initia
1823 165 1940 203 huius
1960 177 2051 204 sae-

1097 210 1174 247 culi
1203 211 1242 248 in
1273 212 1473 251 Moraviae
1502 213 1642 252 finibus
1670 214 1788 254 fidem
1807 218 2050 265 praedicavit

1098 261 1303 311 Urolchus,
1325 267 1527 315 episcopus
1540 267 1808 315 Lauracensis,
1830 269 2051 319 multosque

1096 326 1183 351 cum
1214 317 1297 364 ipso
1327 330 1419 367 rege
1449 318 1644 367 Moymiro
1672 321 1898 370 baptizavit.
1921 322 2048 364 Quum

1095 367 1234 405 deinde
1247 369 1458 415 Ratislaus,
1471 372 1655 420 Moymiri
1671 384 1883 420 successor,
1899 374 2050 412 abiecto

1093 429 1275 467 supremo
1299 422 1487 460 Ludovici
1509 425 1612 472 regis
1632 425 1865 464 Germaniae
1881 427 2050 464 dominio

1094 470 1228 508 foedus
1257 473 1409 512 iniisset
1437 487 1524 512 cum
1550 477 1786 525 imperatore
1808 479 2049 517 Graecorum

1093 526 1132 558 ct
1154 535 1244 572 rege
1263 525 1540 574 Bulgarorum,
1561 541 1609 566 ss.
1631 530 1824 578 Cyrillum
1842 534 1882 568 et
1897 532 2050 570 Metho—

1092 574 1199 612 dium
1229 577 1269 613 in
1298 581 1427 616 terras
1456 592 1547 617 suas
1577 584 1746 620 vocavit.
1769 584 1911 621 Eorum
1932 596 2049 633 opera

1093 627 1295 666 Ratislaus
1323 641 1393 667 rex
1410 660 1419 676 ,
1450 637 1651 680 magnates
1679 638 1717 672 et
1739 636 1882 673 subditi
1902 637 2047 684 passim

1091 679 1253 717 deorum
1275 683 1424 720 cultum
1445 685 1694 732 abiecerunt,
1715 688 1963 726 christianam
1992 701 2050 727 re-

1091 731 1274 779 ligionem
1299 735 1469 783 amplexi
1490 740 1581 774 sunt
1600 740 1639 774 et
1656 751 1748 775 vero
1767 742 1846 778 Deo
1863 741 2046 780 ecclesias

1090 788 1363 824 extruxerunt.
1386 788 1507 824 Iidem
1529 789 1774 836 missionarii,
1794 794 1960 841 propriis
1979 794 2048 831 lit-

1089 838 1264 874 terarum
1286 839 1522 877 slavicarum
1546 842 1838 882 characteribus
1858 846 2026 884 inventis
2039 876 2049 892 ,

1090 899 1118 924 s.
1136 888 1377 938 Scripturam
1396 894 1435 929 et
1451 892 1568 930 libros
1584 894 1785 944 liturgicos
1801 897 1840 934 in
1857 898 2046 936 slavicam

1090 940 1264 988 linguam
1285 946 1500 982 verterunt.
1521 945 1616 983 Post
1636 948 1659 983 4
1684 960 1806 986 annos
1828 951 1940 987 ambo
1956 951 2045 988 mis-

1088 992 1245 1031 sionarii
1265 1006 1288 1031 a
1309 996 1500 1034 Pontifice
1520 998 1685 1036 Romam
1709 1003 1836 1038 vocati
1854 1005 1958 1049 sunt,
1980 1003 2044 1040 ubi

1089 1046 1262 1093 Cyrillus
1282 1050 1562 1087 monasterium
1583 1051 1782 1100 ingressus
1805 1057 1875 1100 est,
1897 1055 2047 1092 Metho-

1088 1097 1172 1135 dius
1192 1111 1283 1137 vero
1299 1102 1347 1137 ab
1364 1101 1563 1140 Hadriano
1575 1103 1611 1140 II
1627 1105 1828 1153 episcopus
1843 1107 2045 1145 ordinatus

1087 1154 1126 1186 et
1145 1154 1433 1201 metropolitica
1453 1156 1650 1203 potestate
1671 1169 1740 1205 per
1760 1160 1883 1196 totam
1905 1159 2043 1197 Mora-

1085 1202 1192 1240 ·viam
1210 1205 1428 1244 instructus
1441 1236 1450 1252 ,
1470 1208 1509 1244 in
1530 1208 1630 1245 hanc
1651 1210 1767 1248 rediit
1783 1213 1823 1248 et
1838 1211 2043 1260 Evangelii

1086 1258 1409 1306 propagationem
1429 1271 1581 1297 summo
1602 1273 1688 1299 cum
1706 1274 1888 1301 successu
1906 1275 2040 1312 prose-

1086 1310 1196 1346 cutus
1216 1315 1277 1347 est
1292 1310 1319 1348 ².

1137 1362 1200 1399 48.
1213 1363 1357 1401 ΡΙιοΐῖί
1369 1365 1599 1403 schismatis
1614 1368 1936 1406 initia—Eodem
1944 1371 2042 1407 tem-

1084 1425 1175 1462 pore
1195 1416 1234 1451 in
1255 1416 1414 1454 Oriente
1435 1418 1548 1455 init-ia
1566 1419 1692 1467 posita
1712 1423 1802 1458 sunt
1822 1423 1916 1459 tetri
1935 1423 2041 1460 schi-

1084 1468 1240 1514 smatis,
1269 1471 1371 1517 quod
1400 1473 1536 1518 postea
1566 1478 1898 1520 consummatum,
1919 1487 2040 1524 usque

1083 1519 1197 1557 hodie
1218 1523 1431 1560 maximam
1453 1523 1641 1562 ecclesiae
1663 1526 1836 1563 Graecae
1851 1529 2002 1575 partem
2018 1541 2041 1566 a

1083 1572 1478 1612 Romano-catholica
1507 1577 1663 1614 avulsit.
1694 1579 1863 1616 Michael
1883 1580 1939 1617 III
1959 1581 2036 1617 im-

1081 1626 1229 1672 perium
1247 1627 1438 1664 Graecum
1460 1629 1558 1665 bene
1579 1630 1880 1678 administravit,
1894 1644 2037 1680 quam-

1081 1678 1147 1713 diu
1164 1679 1392 1717 Theodorae
1412 1681 1548 1718 matris
1568 1694 1674 1729 suae,
1691 1683 1857 1721 feminae
1873 1685 2037 1734 religio-

1080 1741 1144 1766 sae
1158 1760 1166 1776 ,
1188 1732 1359 1770 consiliis
1381 1745 1472 1771 usus
1492 1736 1570 1781 est3
1591 1735 1659 1772 sed
1683 1747 1728 1772 ea
1747 1739 1891 1783 amota,
1912 1749 1952 1775 se
1972 1740 2036 1775 to-

1080 1787 1161 1819 tum
1183 1784 1230 1820 ad
1252 1789 1392 1822 nutum
1412 1786 1565 1823 Bardae
1585 1789 1848 1826 avunculi·sui
1869 1802 2036 1828 conver-

1078 1834 1137 1872 tit.
1160 1836 1288 1876 Quum
1318 1841 1449 1875 autem
1471 1850 1500 1876 S.
1521 1839 1696 1887 Ignatius
1717 1842 1941 1889 patriarcha
1956 1843 2036 1892 Cp.,

1079 1887 1229 1925 Bardae
1250 1894 1408 1938 propter
1428 1891 1706 1930 incestuosumv
1725 1894 1809 1931 eius
1839 1906 1926 1931 cum
1956 1908 2035 1932 nu·-

1077 1950 1124 1976 ru
1156 1942 1433 1979 commercium
1455 1955 1605 1981 sacram
1626 1947 1934 1984 communionem
1964 1960 2032 1985 ne-

1076 1996 1219 2039 gasset,
1240 1995 1272 2031 is
1291 2006 1390 2032 anno
1411 1995 1487 2033 857
1507 1996 1650 2044 effecit,
1672 2001 1715 2035 ut
1736 2002 1894 2036 sanctus
1914 2012 2032 2048 prae-

1073 2045 1159 2091 sul,
1179 2046 1352 2085 criminis
1382 2049 1594 2086 maiestatis
1615 2049 1713 2087 falso
1735 2054 1966 2098 accusatus,
1994 2053 2033 2090 in

1061 2097 1241 2136 'insulam
1262 2100 1518 2138 Terebintum
1538 2103 1811 2152 relegaretur,
1832 2108 1871 2141 et
1889 2105 1929 2141 in
1950 2105 2032 2143 eius

1071 2149 1196 2187 locum
1218 2152 1432 2200 eligeretur
1447 2154 1613 2192 Photius
1626 2185 1635 2201 ,
1656 2156 1719 2204 qui
1739 2156 1845 2193 intra
1863 2168 1932 2194 sex
1952 2158 2033 2195 dies

1070 2213 1091 2239 e
1109 2202 1206 2240 laico
1227 2205 1428 2243 ordinatus
1456 2205 1532 2244 fuit
1558 2209 1782 2255 patriarcha
1802 2221 1825 2246 a
1845 2210 2032 2258 Gregorio

1069 2257 1246 2304 episcopo
1261 2257 1523 2305 Syracusano,
1534 2259 1610 2296 iam
1630 2261 1678 2297 ab
1695 2272 1795 2297 anno
1808 2261 1885 2299 854
1904 2263 1942 2298 in
1959 2274 2030 2310 sy-

1072 2308 1170 2344 nodo
1190 2311 1256 2357 Cp.
1274 2313 1611 2349 excommunicato
1628 2316 1666 2349 et
1682 2313 1869 2361 deposito.
1883 2314 2028 2351 Confe-

1069 2360 1158 2396 stim
1171 2361 1209 2397 in
1222 2374 1356 2400 omnes
1367 2363 1509 2411 Ignatii
1525 2363 1736 2402 familiares
1747 2367 1941 2403 saevitum
1957 2370 2028 2412 est,

1069 2416 1108 2449 et
1128 2417 1287 2458 sanctus
1305 2416 1460 2463 praesul
1477 2445 1486 2462 ,
1507 2417 1612 2453 omni
1631 2418 1862 2454 iniuriarum
1883 2430 2027 2466 genere

1069 2464 1253 2512 affectus,
1282 2469 1374 2515 quia
1401 2468 1711 2516 patriarchatum
1746 2470 1923 2507 abdicare
1957 2483 2026 2508 no-

1067 2516 1191 2564 lebat,
1228 2519 1446 2568 Mitylenen
1485 2522 1711 2570 deportatus
1749 2521 1835 2559 fuit.
1873 2523 2024 2560 Verum

1067 2571 1233 2620 episcopi
1250 2572 1379 2620 Cpnae
1394 2574 1615 2621 provinciae
1631 2574 1717 2610 istis
1733 2575 1906 2612 saevitiis
1925 2587 2025 2613 com-

1066 2624 1192 2669 moti„
1231 2625 1269 2661 in
1299 2626 1474 2662 Ecclesia
1502 2638 1530 2662 s.
1562 2627 1692 2663 Irenes
1727 2627 2022 2676 convenientes,

1067 2675 1208 2712 Photio
1228 2677 1534 2725 patriarchatum
1552 2678 1839 2725 abiudicarunt,
1863 2684 1902 2717 et
1922 2692 2021 2718 ana-

1065 2727 1197 2765 thema
1226 2730 1265 2766 in
1294 2741 1383 2766 eum
1413 2731 1571 2778 eiusque
1609 2730 1783 2768 fautores
1821 2732 2020 2772 dixerunt.

1065 2779 1211 2818 Contra
1241 2782 1405 2819 Photius
1434 2783 1646 2830 patrocinio
1684 2783 1837 2821 Bardae
1874 2786 1914 2821 et
1941 2785 2020 2822 im-

1064 2834 1254 2880 peratoris
1288 2835 1460 2872 munitus
1477 2863 1486 2880 ,
1525 2835 1720 2883 episcopos
1757 2835 1830 2873 sibi
1868 2837 2020 2876 deditos

1064 2886 1318 2935 congregavit
1346 2887 1385 2922 in
1406 2887 1571 2923 ecclesia
1590 2898 1637 2924 ss.
1660 2889 1958 2936 Apostolorum,
1979 2893 2019 2928 et

1063 2939 1101 2974 in
1128 2939 1324 2986 Ignatium
1355 2939 1608 2986 depositionis
1636 2942 1752 2987 atque
1782 2942 2019 2979 anathema-

1062 2991 1112 3027 tis
1133 2991 1364 3028 sententiam
1386 2991 1559 3039 protuli13
1580 2991 1759 3041 episcopi,
1775 2993 1840 3042 qui
1855 2994 2013 3042 iniquae

1104 3101 1118 3122 ·2
1134 3100 1272 3132 Bolland,
1290 3100 1370 3131 Acta
1400 3097 1456 3132 ss.
