2241 3473
226 125 274 162 16

168 200 400 247 sanctasque
433 197 656 247 disciplinae
690 196 848 246 regulas
867 194 1111 233 constituen-

169 253 250 300 das,
270 254 354 290 tum
374 251 422 289 ad
434 252 640 289 haeresum
659 252 699 287 et
717 249 970 287 schismatum
981 249 1112 298 capita

169 304 365 343 communi
384 304 575 342 sententia
594 303 831 341 conterenda
843 300 867 340 ¹.

221 359 363 397 Petrus
397 357 531 407 paucis
564 359 650 405 post
677 356 813 393 diebus
837 355 1113 405 Hierosolyma

167 411 353 457 discessit,
365 410 525 457 revisitq
531 421 579 446 ue
598 408 801 447 ecclesiam
812 409 1110 447 Antiochenam.

167 465 252 503 Illic
271 464 395 514 primo
411 463 580 512 quidem,
596 462 784 511 neglectis
798 462 1006 511 legalibus,
1022 474 1111 500 cum

169 518 382 568 gentilibus
403 515 599 554 conversis
619 515 838 564 promiscue
867 516 964 554 cibis
983 527 1113 554 vesce-

163 573 303 615 batur3
322 571 388 608 sed
417 580 539 617 quum
560 569 719 618 quidam
739 569 1105 619 Hierosolymitani,

166 623 356 673 legalibus
375 621 514 659 ritibus
526 651 535 668 ,
556 622 736 670 quamvis
755 623 804 660 ab
824 634 958 661 eorum
977 624 1110 661 obser-

166 677 298 715 vantia
317 678 356 713 et
375 675 538 713 Iudaeos
557 677 597 713 et
612 677 749 726 gentes
764 678 968 726 exemptos
983 676 1110 715 decla-

164 732 290 768 rasset
306 728 664 778 Hierosolymitana
683 730 868 779 synodus,
882 730 1031 779 iugiter
1049 731 1113 768 ad-

162 781 523 830 dicti,Antiochiam
538 783 831 830 adventassent,
847 796 895 821 ne
918 783 965 822 iis
984 783 1109 821 offen-

162 836 286 874 diculo
307 837 421 881 esset,
437 847 460 873 a
475 836 678 884 gentilium
698 838 882 875 convictu
902 837 1108 876 abstinuit.

163 889 313 927 Paulus
342 888 679 936 animadvertens,
699 890 771 927 hoc
791 891 902 928 Petri
931 891 1110 941 exemplo

162 942 296 980 fideles
315 942 457 991 passim
478 944 517 980 et
535 942 662 992 ipsum
677 943 902 981 Barnabam
918 945 1110 983 disturba-

161 996 208 1042 ri,
228 1000 267 1033 et
286 997 334 1034 acl
355 996 613 1034 victitandum
632 996 713 1034 ritu
733 997 896 1045 iudaice,
916 997 996 1035 iam
1014 999 1108 1036 abo-

160 1049 228 1087 lito
239 1049 417 1098 quamvis
432 1050 603 1088 nondum
619 1049 771 1096 illicite,
785 1051 930 1098 induci,
943 1052 1106 1090 Petrum

160 1103 288 1152 palam
307 1102 568 1153 reprehendit.
580 1104 726 1141 Petrus
741 1104 792 1151 id,
809 1106 910 1153 quod
926 1105 1108 1143 libertate

160 1156 364 1194 charitatis
386 1169 408 1194 a
423 1156 550 1194 Paulo
567 1156 717 1195 utiliter
732 1157 864 1205 fiebat,
879 1159 1109 1207 praeclaris-

160 1209 283 1248 simae
311 1210 544 1248 humilitatis
571 1210 720 1259 pietate
750 1212 920 1261 accepit,
941 1224 1030 1250 cum
1062 1225 1106 1250 eo

160 1263 207 1300 de
228 1264 438 1313 antiquatis
458 1263 652 1314 legalibus
675 1266 936 1313 consentiens,
952 1266 1045 1304 licet
1060 1267 1109 1304 ad

159 1317 353 1354 modicum
383 1321 537 1367 tempus
557 1318 794 1356 Iudaeorum
823 1331 1105 1358 conversorum

159 1370 378 1408 infirmitati
407 1372 454 1409 ob
480 1383 638 1410 causam
659 1373 771 1411 modo
792 1373 951 1412 allatam
971 1373 1106 1412 indul-

158 1424 271 1462 sisset
286 1423 312 1462 ².

212 1478 301 1516 Non
322 1478 536 1517 defuerunt
551 1479 689 1528 adhuc,
706 1480 770 1529 qui
790 1480 1016 1519 christianis
1037 1480 1107 1518 cir-

161 1532 391 1570 cumcisions
407 1533 599 1582 Legisque
615 1533 663 1572 V.
681 1534 957 1572 necessitatem
977 1535 1107 1572 obtru-

161 1585 252 1622 dere
272 1587 506 1635 pergebant,
528 1588 630 1624 unde
659 1588 814 1637 saepius
839 1588 1107 1626 contentiones

158 1642 198 1676 et
231 1643 359 1677 motus
386 1640 425 1677 in
460 1641 638 1689 pluribus
667 1641 843 1679 ecclesiis
873 1642 1104 1691 praesertim

160 1692 337 1730 Galatiae
366 1693 442 1731 orti
470 1695 573 1733 sunt.
595 1695 647 1732 Iis
676 1694 715 1732 in
744 1694 879 1744 primis
908 1695 1104 1744 apostolus

159 1746 308 1784 Paulus
328 1758 369 1784 se
389 1748 592 1796 opposuit,
612 1749 678 1797 qui
698 1760 767 1798 pro
788 1749 946 1798 speciali
967 1761 1037 1787 sua
1056 1750 1105 1787 ad

158 1799 456 1847 praedicandum
478 1801 582 1838 inter
602 1804 736 1850 gentes
756 1803 1018 1851 Evangelium
1039 1815 1105 1840 vo-

159 1852 324 1900 catione,
340 1865 406 1891 ore
420 1855 459 1891 et
475 1854 627 1903 scriptis
644 1855 864 1892 huiusmodi
882 1857 1104 1905 pseudo-do-

159 1907 284 1943 ctores
304 1908 557 1956 oppugnavit,
572 1910 614 1945 ut
633 1908 816 1957 epistolae
835 1908 917 1946 eius
934 1921 1106 1958 praeser-

159 1959 228 1997 tim
248 1971 305 2006 ea,
326 1972 444 2009 quam
466 1961 514 1997 ad
535 1961 695 2001 Galatas
709 1961 875 2010 scripsit,
891 1965 1101 2000 testantur.

214 2012 277 2051 29.
299 2013 339 2050 S.
361 2014 523 2051 Paulus
543 2015 684 2052 Fidem
708 2015 924 2063 praedicat
944 2017 986 2053 in
1006 2016 1102 2053 Ma-

159 2067 325 2105 cedom'a
345 2071 383 2104 et
405 2067 577 2105 Graecia
595 2089 643 2096 —
661 2069 756 2105 Post
777 2068 1102 2118 Hierosolymita-

161 2132 251 2158 num
282 2120 490 2157 concilium
520 2133 548 2158 s.
572 2121 721 2158 Paulus
749 2122 797 2159 ad
819 2123 1102 2160 convertendos

159 2173 206 2211 ad
219 2173 415 2211 Christum
428 2174 588 2223 populos
602 2186 745 2211 novum
761 2175 836 2212 iter
848 2175 1102 2224 apostolicum

159 2226 350 2276 suscepit,
380 2227 489 2264 cuius
518 2228 697 2265 comitem
729 2228 940 2277 assumpsit
968 2229 1101 2276 Silam,

160 2292 326 2329 magnae
348 2281 594 2318 auctoritatis
621 2282 829 2319 doctorem.
853 2282 986 2320 Primo
1008 2283 1101 2320 visi-

159 2334 261 2371 tavit
281 2333 481 2381 ecelesias,
502 2334 579 2371 iarn
600 2334 636 2371 in
658 2335 774 2384 Syria
795 2338 833 2372 ct
853 2335 987 2373 Cilicia
1008 2335 1099 2374 fun-

159 2387 281 2425 datas.
304 2387 469 2435 Lystrae
490 2387 760 2425 charissimum
781 2389 1041 2435 Timotheum,
1062 2402 1100 2426 o—

158 2440 302 2490 ptimae
327 2442 454 2478 famae
482 2440 660 2479 iuvenem
679 2471 687 2487 ,
713 2442 1011 2490 praedicationis
1041 2456 1099 2481 se-

158 2494 257 2531 cium
279 2494 350 2531 sibi
366 2494 657 2541 adiunxitqeum
673 2507 693 2531 e
712 2499 833 2532 matre
851 2496 992 2533 Iudaea
1008 2509 1100 2534 con-

160 2559 274 2585 versa
292 2548 358 2584 sed
380 2551 489 2596 patre
510 2548 643 2596 gentili
662 2551 808 2595 natum,
827 2553 867 2585 ut
883 2550 1033 2598 gratior
1047 2562 1101 2588 es-

157 2603 217 2638 set
244 2601 420 2647 Iudaeis,
448 2602 661 2639 secundum
694 2603 937 2650 antiquatam
969 2603 1095 2652 legem

157 2654 412 2691 circumcidit.
436 2655 528 2692 Inde
549 2658 793 2692 transeuntes
816 2656 1029 2704 Phrygiam
1060 2660 1100 2694 et

158 2708 366 2751 Galatiam,
383 2708 627 2745 traiecerunt
644 2709 679 2746 in
698 2708 877 2756 Mysiam,
894 2710 1095 2747 descende-

157 2764 328 2809 runtque
344 2762 546 2799 Troadem.
561 2762 633 2799 Hic
651 2762 796 2799 Paulus
818 2762 853 2798 in
873 2763 1019 2800 visione
1040 2765 1099 2800 ‹10-

156 2818 253 2861 ctus,
276 2812 532 2863 Evangelium
548 2828 631 2853 csse
649 2815 948 2865 praedicandum
964 2817 1003 2854 in
1023 2818 1100 2855 Ma-

198 2922 206 2942 ¹
226 2922 267 2951 lle
291 2921 427 2951 conciliis
460 2930 626 2960 eorumque
650 2921 831 2951 auctoritate
854 2922 888 2951 cl'
912 2921 1098 2958 helim-min..

160 2962 372 2994 (lontrorers,
398 2967 414 2992 i.
441 2964 459 2996 l.
484 2967 559 3001 pan-i.
593 2963 638 2997 ΙΙ,
669 2963 685 2993 l.
707 2962 773 3001 i-2;
804 2963 966 3003 Siirilagn„
988 2964 1098 2994 Tlical.

156 3006 294 3043 ‹io-qmac
320 3005 428 3043 palem
457 3008 474 3033 l.
494 3005 530 3040 ll;
547 3005 633 3033 nlius.
1120 3037 1121 3043 1

198 3048 210 3067 ²
228 3046 334 3086 Epis-l.
360 3047 406 3076 ad
432 3047 544 3075 Galat,
572 3046 603 3081 ΙΙ,
632 3045 730 3075 ῙΙ-Ἣ.
755 3046 896 3076 Nonnulli
915 3047 1099 3083 vxisiimnni,
1120 3058 1121 3087 j

157 3088 300 3127 (lophaim,
324 3088 370 3117 cni
395 3097 427 3117 sc
454 3088 605 3117 restitisse
620 3087 726 3116 scribit
745 3088 867 3123 Paulus,
885 3089 977 3118 fuisse
995 3089 1099 3119 ‹liu-r—
1120 3123 1121 3126 Ἰ

156 3139 222 3159 snm
239 3139 255 3158 a
288 3130 389 3168 Cepha
406 3139 459 3158 svn
478 3130 565 3158 mii-0
583 3129 795 3167 Apostolorum
813 3130 957 3168 principe.
977 3131 1013 3160 (Is
1024 3134 1100 3161 San·
1120 3154 1121 3158 ,

158 3171 231 3207 dini,
247 3171 389 3200 Dias-nrt
407 3170 426 3200 I
440 3171 480 3200 da
495 3171 600 3199 Petro
616 3170 674 3200 cni
690 3170 826 3201 restitit
846 3171 994 3208 I’aulus;
1010 3172 1099 3211 llerti,

158 3211 332 3245 Ilisc.1:ccl⁴
352 3217 367 3243 l.
388 3213 422 3250 ll,
439 3213 510 3243 diss.
530 3212 548 3250 l,
566 3222 592 3242 ιι.
615 3212 657 3242 l'J.

722 132 878 161 EPOCHA
907 132 932 158 1.
961 132 990 159 A
1018 130 1262 158 NATIVITATE
1289 127 1379 159 IEsv
1407 131 1563 160 CHRISTI

1153 195 1326 243 cedonia,
1346 196 1386 234 in
1406 196 1507 234 hanc
1526 196 1721 246 profectus
1741 198 1802 236 est
1822 198 2031 238 comitibus
2047 199 2113 238 Si-

1153 249 1205 295 la,
1216 249 1420 288 Timotheo
1435 252 1474 287 et
1484 250 1593 288 Luca
1603 251 1860 290 Antiocheno.
1872 253 1918 290 In
1933 253 2006 291 hac
2021 266 2107 304 pro-

1153 302 1283 340 vincia
1304 303 1493 353 Philippis
1509 333 1519 351 ,
1539 303 1844 343 Thessalonicae
1873 307 1914 344 et
1934 306 2110 346 Beraeae

1152 356 1282 394 Iesum
1301 356 1498 395 Christum
1520 356 1823 405 annuntiarunt3
1843 358 1976 407 plures
1992 372 2014 398 e
2033 360 2106 398 Iu-

1153 409 1259 448 daeis
1288 413 1329 448 et
1355 410 1521 449 ethnicis
1541 410 1590 447 ad
1609 410 1745 448 Fidem
1765 414 2049 451 converterunt
2067 416 2109 453 et

1152 463 1339 501 ecclesias
1366 463 1640 511 instituerunt3
1661 464 1727 501 sed
1748 464 1870 502 etiam
1890 465 2110 505 obstinato-

1152 528 1240 554 rum
1274 517 1507 566 praesertim
1535 517 1774 555 Iudaeorum
1811 519 2104 567 persecutiones

1153 570 1308 620 experti
1336 573 1440 610 sunt.
1461 571 1613 609 Beraea
1642 570 1794 608 Paulus
1824 571 2028 621 profectus
2046 575 2108 612 est

1150 624 1348 672 Athenas,
1368 636 1467 674 quae
1497 626 1584 663 erat
1612 624 1807 662 Graeciae
1837 624 1978 663 civitas
2006 626 2111 665 cele-

1152 677 1343 725 berrima,
1363 679 1430 716 sed
1461 690 1554 728 prae
1583 677 1749 716 caeteris
1769 677 1962 716 idolorum
1981 679 2108 718 cultui

1152 730 1315 780 eiusque
1348 731 1517 781 sequelis
1550 731 1719 769 addicta.
1751 731 1901 770 Paulus
1928 731 2012 770 zelo
2038 744 2108 782 pro

1151 785 1305 823 Christo
1317 785 1480 835 eiusque
1495 784 1652 823 nomine
1663 784 1865 833 incitatus,
1882 784 2110 834 disputabat

1149 849 1238 875 cum
1258 839 1414 877 Iudaeis
1429 839 1467 876 in
1483 850 1688 888 synagoga
1703 840 1849 876 etcum
1870 838 2109 889 philosophis

1149 891 1189 929 in
1201 891 1296 930 foro.
1308 893 1560 930 Introductus
1572 892 1612 929 in
1624 894 1893 941 Areopagum,
1903 892 2110 931 celeberri-

1150 957 1256 983 mum
1276 945 1449 984 iudicum
1469 948 1758 992 consessum,et
1778 946 1824 983 de
1838 945 2016 984 doctrina
2034 957 2107 985 sua

1149 998 1429 1049 interrogatus,
1450 999 1675 1037 doctissima
1695 998 1870 1036 oratione
1891 1010 2050 1037 causam
2071 1011 2109 1037 e-

1149 1052 1218 1101 git.
1235 1053 1394 1090 Initium
1410 1052 1557 1090 faciens
1575 1053 1622 1090 de
1638 1053 1720 1090 Deo
1738 1054 1890 1101 zynoto,
1907 1052 1969 1090 cui
1984 1052 2109 1090 Athe-

1150 1106 1305 1144 nienses
1323 1118 1433 1144 aram
1449 1109 1674 1152 erexerant,
1690 1105 1806 1152 dixit,
1817 1117 1858 1143 se
1876 1105 2107 1154 praedicare

1148 1159 1262 1197 illum
1300 1172 1422 1197 unum
1451 1172 1592 1198 verum
1613 1160 1758 1205 Deum,
1778 1170 1912 1197 rerum
1932 1158 2106 1197 omnium

1149 1215 1381 1260 creatorem,
1398 1215 1720 1251 conservatorem
1741 1215 1782 1250 et
1796 1212 1984 1260 iudicem3
1999 1211 2104 1250 dein-

1149 1267 1196 1304 de
1213 1267 1402 1305 disseruit
1419 1268 1465 1305 de
1481 1267 1747 1316 redemptione
1768 1277 1837 1315 per
1852 1265 1982 1303 Iesum
1998 1265 2106 1304 Chri·

1149 1323 1267 1366 stum,
1288 1321 1335 1358 de
1354 1320 1596 1370 poenitentia
1616 1322 1656 1358 et
1675 1319 1799 1358 animi
1815 1318 2104 1358 emendatione.

1148 1374 1231 1412 Nec
1251 1374 1444 1412 fructibus
1464 1374 1604 1421 caruit3
1620 1374 1724 1411 inter
1740 1373 1837 1411 alios
1854 1372 1959 1410 enim
1974 1373 2103 1411 Evan-

1149 1428 1251 1477 gelio
1282 1428 1535 1466 crediderunt
1563 1427 1776 1477 Dionysius
1798 1437 1898 1464 unus
1917 1438 1967 1465 ex
1990 1437 2104 1465 areo-

1147 1481 1305 1530 pagitiS,
1325 1483 1365 1519 et
1385 1482 1526 1519 mulier
1547 1481 1700 1519 nomine
1721 1479 1914 1518 Damaris.
1935 1480 2102 1519 Athenis

1149 1535 1298 1573 Paulus
1317 1547 1357 1573 se
1378 1535 1545 1573 contulit
1564 1534 1808 1580 Corinthum,
1829 1533 2002 1571 Achaiae
2025 1545 2102 1571 me-

1147 1588 1475 1638 tropolim,totius
1495 1588 1686 1626 Graeciae
1706 1587 1926 1636 emporium
1936 1586 2103 1625 celeber-

1148 1642 1304 1680 rimum.
1326 1642 1382 1679 Ibi
1403 1654 1472 1690 per
1491 1653 1634 1679 annum
1657 1652 1744 1678 cum
1765 1640 1923 1678 dimidio
1938 1652 2104 1678 commo·

1147 1698 1256 1733 ratus
1275 1726 1284 1742 ,
1322 1695 1498 1744 nihilque
1536 1695 1829 1732 incredulorum
1863 1693 2104 1731 Iudaeorum

1146 1748 1321 1787 adversis
1341 1749 1545 1787 conatibus
1565 1747 1741 1793 territus,
1760 1746 1955 1796 copiosam
1976 1758 2025 1785 ex
2042 1747 2103 1785 Iu-

1146 1803 1251 1841 daeis
1268 1805 1307 1840 et
1323 1803 1484 1840 Graecis
1499 1801 1696 1840 conversis
1712 1800 1915 1839 ecclesiam
1931 1800 2101 1851 collegit.

1146 1857 1290 1894 Postea
1309 1856 1555 1894 Antiochiam
1576 1865 1762 1892 reversus
1782 1856 1842 1892 est
1862 1852 1888 1892 ¹.

1198 1910 1260 1948 30.
1284 1910 1323 1947 S.
1354 1910 1579 1947 Barnabas
1596 1930 1646 1935 —
1661 1909 1790 1950 Quum
1819 1906 1968 1945 Paulus
1987 1907 2102 1945 comi-

1144 1965 1253 2000 tante
1283 1962 1365 2000 Sila
1393 1963 1609 2000 discederet
1636 1960 1867 2007 Antiochia,
1896 1961 2100 2000 Barnabas

1146 2028 1235 2053 cum
1259 2016 1401 2053 Ioanne
1421 2015 1554 2053 Marco
1570 2014 1659 2052 inde
1690 2014 1895 2063 navigavit
1913 2014 2098 2064 Cyprum.

1146 2070 1333 2118 Deinceps
1361 2069 1458 2106 nihil
1479 2069 1526 2106 de
1546 2079 1575 2105 s.
1597 2068 1783 2106 Barnaba
1801 2067 1841 2105 in
1862 2070 1977 2105 Actis
1996 2067 2099 2117 Apo-

1144 2123 1331 2161 stolorum
1361 2124 1640 2160 commemorat
1670 2122 1806 2159 Lucas.
1837 2121 1937 2159 Eum
1961 2123 2098 2170 postea

1144 2176 1292 2214 venisse
1315 2175 1352 2213 in
1375 2175 1542 2221 Italiam,
1559 2177 1599 2213 et
1620 2174 1844 2222 Mediolani,
1859 2174 2042 2225 Bergomi
2057 2178 2098 2214 et

1143 2230 1302 2267 Brixiae
1332 2229 1544 2267 instituisse
1570 2228 1775 2274 ecclesias,
1794 2229 1957 2266 tradunt
1976 2228 2098 2267 eccle·

1143 2283 1286 2321 siastici
1304 2284 1443 2320 harum
1459 2282 1665 2319 civitatum
1681 2281 1851 2320 Annales
1871 2280 1897 2319 ².
1912 2283 1974 2320 An
1994 2293 2096 2331 quae

1141 2337 1210 2374 sub
1231 2337 1385 2374 nomine
1406 2337 1450 2373 D.
1472 2336 1678 2373 Barnabae
1700 2338 1813 2373 extat
1840 2335 2023 2384 epistola,
2044 2336 2097 2375 sit

1142 2390 1387 2435 authentica,
1408 2401 1483 2427 non
1516 2400 1591 2426 una
1621 2391 1680 2426 est
1707 2388 1933 2427 criticorum
1953 2388 2094 2438 opinio.

1142 2444 1254 2481 Certo
1270 2455 1319 2481 ex
1337 2443 1418 2481 cius
1434 2454 1532 2492 argu
1540 2444 1668 2480 mento
1683 2446 1723 2480 et
1738 2454 1786 2480 ex
1803 2442 2093 2492 antiquissimis,

1142 2497 1206 2546 qui
1236 2509 1321 2534 eam
1351 2499 1728 2541 commemorarunt,
1758 2496 1942 2535 Patribus
1968 2499 2095 2546 patet,

1141 2551 1248 2588 illam
1268 2562 1349 2588 esse
1371 2551 1457 2587 aevi
1479 2550 1676 2599 apostolici
1695 2552 1734 2587 et
1751 2561 1934 2599 magnam
1950 2550 2094 2589 mereri

1140 2605 1434 2642 venerationem
1450 2602 1476 2641 ³.

1193 2658 1254 2695 31.
1278 2659 1385 2694 Nero
1406 2659 1630 2706 imperator
1646 2658 1861 2695 Romanus
1876 2656 2093 2709 (an.54)—

1145 2711 1355 2760 Postquam
1377 2711 1561 2748 Claudius
1582 2711 1691 2748 annis
1706 2711 1893 2749 tredecim
1910 2711 2094 2761 imperas-

1142 2768 1221 2809 set,
1241 2768 1392 2813 sumpto
1422 2765 1460 2801 in
1485 2764 1622 2801 boletis
1644 2777 1793 2802 veneno
1815 2765 2013 2803 extinctus
2033 2768 2093 2804 est

1142 2830 1243 2855 anno
1266 2824 1350 2867 post
1370 2818 1567 2856 Christum
1591 2821 1723 2857 natum
1745 2819 1807 2857 54.
1828 2820 1942 2857 Tunc
1965 2818 2091 2868 impc-

1185 2923 1191 2943 ¹
1213 2925 1279 2953 :ir-L
1300 2924 1462 2955 xv-xwll,

1181 2965 1195 2984 ‘2
1213 2966 1321 2995 llaron.
1339 2967 1376 2996 nil
1395 2975 1443 2996 an.
1456 2966 1510 3003 51;
1527 2967 1558 2997 N.
1573 2968 1723 3003 hermani,
1741 2966 1887 3007 Oriqinc
1900 2968 2090 3008 apostolica

1120 3011 1121 3014 ’
1142 3006 1229 3036 (lulla
1255 3007 1371 3037 clife-xa
1397 3008 1603 3045 illl'la²²‹·ns‹’,'
1624 3010 1642 3040 l.
1661 3010 1690 3039 Λ.
1709 3009 1828 3046 Saxlus,
1854 3009 2035 3042 Vindiciae
2049 3011 2090 3043 de

1143 3049 1292 3078 ‹idi-cnm
1311 3049 1550 3080 ,llmlinleznimi
1567 3061 1590 3080 s‚
1612 3051 1800 3082 Barnabae
1815 3052 1974 3090 apostoli.

1183 3090 1196 3108 ²³
1213 3091 1297 3119 Edita
1322 3095 1364 3120 esi
1389 3101 1462 3121 vura
1487 3093 1516 3122 ll.
1543 3093 1679 3123 menardi
1703 3097 1733 3123 υῑ
1754 3093 1781 3122 L.
1807 3092 1983 3134 ‹l'Achery,
1999 3092 2088 3126 Pari-

1142 3132 1194 3160 siis
1216 3130 1306 3166 liusq
1325 3133 1472 3169 (inllainli,
1493 3133 1627 3165 Bibliot.
1646 3140 1706 3165 vet.
1726 3134 1885 3174 Paeo-um,
1903 3135 2004 3168 Venet.
2024 3139 2043 3166 t.
2061 3136 2088 3174 l;

1144 3173 1500 3245 MignvhPali-nlnyiac
1516 3186 1642 3206 cursus
1659 3176 1860 3216 completus,
1877 3177 1974 3209 series
1993 3178 2088 3210 Grae-

1144 3223 1190 3252 ca,
1207 3217 1226 3244 l.
1273 3239 1278 3245 .
