2241 3473
626 300 1060 388 HISTORIAE
1128 300 1792 388 ECCLESIASTICAE

874 469 1226 537 EPOOHA
1292 469 1534 537 NONA

736 641 803 679 AB
832 639 995 679 INITIO
1024 638 1333 677 SCHISMATIS
1361 638 1669 677 OCCIDENTIS

599 704 772 747 VSQVE
799 705 869 743 AD
896 702 1065 742 FINEM
1091 703 1303 742 IMPERII
1331 702 1549 750 GRAECI,
1577 702 1666 741 AN.
1697 702 1812 740 1453.

566 997 854 1025 PROOEMIVM

293 1094 485 1132 Praesens
500 1094 648 1143 epocha
664 1093 836 1131 continet
851 1094 1036 1131 eventum
1052 1092 1181 1129 maxi-

240 1159 302 1186 me
318 1147 868 1195 memorandum,divisionem
888 1157 1027 1195 nempe
1056 1145 1184 1183 eccle-

239 1202 320 1240 siae
350 1201 625 1247 Occidentalis,
659 1213 758 1250 quae
785 1211 969 1250 magnum
989 1199 1183 1237 Occiden-

241 1255 292 1294 tis
318 1255 488 1293 schisma
522 1254 712 1304 appellari
742 1254 852 1293 solet.
881 1254 975 1291 Post
1003 1253 1184 1302 Gregorii

241 1309 312 1358 Pp.
333 1309 390 1346 XI
411 1308 558 1346 obitum
588 1308 810 1346 Cardinales
838 1308 962 1357 primo
990 1307 1028 1344 in
1058 1306 1182 1344 locum

242 1362 422 1411 Gregorii
441 1362 498 1399 XI
515 1362 717 1411 elegerant
732 1362 935 1399 Urbanum
955 1361 1028 1407 V1;
1046 1360 1183 1398 deinde

244 1416 473 1461 contestati,
495 1416 567 1453 sibi
587 1415 667 1452 vim
687 1427 710 1453 a
730 1415 870 1464 populo
892 1416 1070 1452 Romano
1088 1414 1182 1452 illa-

242 1471 325 1507 tam
347 1472 387 1507 et
403 1469 604 1507 Urbanum
629 1481 702 1506 non
724 1469 842 1506 fuisse
862 1467 985 1505 libere
1004 1468 1185 1513 electum,

242 1523 484 1571 Clementem
492 1523 567 1560 VII
575 1522 1118 1571 elegerunt.Ambo,Urbanus
1130 1521 1185 1559 VI

242 1579 281 1615 et
301 1577 480 1615 Clemens
497 1577 573 1614 VII
590 1606 599 1622 ,
619 1577 691 1614 sibi
718 1575 986 1625 pontificatum
1006 1575 1185 1612 vindica-

242 1633 347 1676 runt,
360 1630 425 1667 ille
451 1631 625 1676 Romae,
647 1630 709 1667 hie
728 1629 928 1666 Avenione
944 1629 1060 1666 sedit:
1074 1630 1187 1666 ambo

243 1695 333 1722 suas
345 1684 595 1722 obedientias
616 1687 655 1721 et
670 1686 930 1732 postmortem
946 1694 1188 1720 successores

243 1737 534 1783 habuerunt,et
550 1749 612 1775 res
634 1740 716 1775 tam
736 1738 899 1775 obscura
919 1735 1026 1774 facta
1045 1739 1125 1782 est,
1148 1737 1188 1773 ut

244 1791 338 1829 viris
358 1791 483 1829 doctis
503 1791 679 1829 iudicatu
700 1791 803 1829 foret
818 1790 986 1836 difficile,
1003 1789 1065 1826 cui
1086 1789 1189 1838 parti

244 1844 395 1883 veritas
435 1847 474 1882 et
512 1845 666 1883 iustitia
694 1844 886 1882 faverent.
926 1844 986 1881 Ab
1022 1845 1189 1891 utraque

245 1902 356 1947 parte
384 1898 543 1936 fuerunt
572 1899 672 1944 viri,
701 1898 909 1935 sanctitate
939 1909 984 1935 ac
1013 1897 1190 1935 doctrina

245 1952 353 1990 clari.
371 1963 394 1989 «
411 1952 572 1999 Multae,
595 1952 723 2000 inquit
752 1953 797 1989 D.
813 1950 1043 1997 Antoninus,
1065 1950 1191 1999 dispu-

245 2006 414 2043 tationes
433 2005 559 2043 factae
579 2008 671 2043 sunt
691 2006 795 2043 circa
820 2006 934 2042 istam
964 2004 1190 2050 materiam,

245 2059 362 2096 multi
383 2059 504 2096 libelli
523 2059 618 2097 editi
638 2062 727 2097 sunt
746 2071 815 2109 pro
837 2058 1040 2107 utriusque
1068 2059 1191 2107 partis

246 2111 751 2150 defensione.Peritissimos
782 2113 886 2150 viros
905 2115 944 2149 et
963 2115 1098 2150 sancta
1117 2123 1188 2160 pa-

248 2166 341 2216 gina
360 2168 399 2204 et
417 2166 502 2203 iure
523 2166 708 2203 canonico
727 2166 865 2204 habuit
884 2168 967 2203 toto
995 2167 1169 2214 tempore
1182 2195 1191 2211 ,

247 2231 321 2268 quo
342 2220 500 2257 duravit
526 2220 564 2257 id
591 2220 784 2266 schisma3
812 2222 976 2267 utraque
1004 2231 1094 2268 pars
1122 2231 1190 2256 seu

248 2273 498 2320 obedientia,
524 2285 569 2311 ac
598 2274 716 2311 etiam
745 2273 1059 2322 religiosissimos
1088 2272 1192 2310 viros

248 2331 288 2366 et
308 2323 409 2377 quod
424 2326 550 2376 magis
566 2329 626 2365 est
637 2328 756 2364 etiam
778 2326 975 2364 miraculis
987 2326 1193 2375 fulgentes3

249 2394 322 2420 nec
343 2393 512 2429 unquam
533 2380 588 2418 sic
607 2380 733 2430 potuit
752 2381 927 2428 quaestio
948 2381 1018 2417 illa
1047 2379 1192 2425 decidi,

252 2436 346 2485 quin
363 2445 516 2483 semper
531 2441 779 2472 remanerent
800 2434 901 2483 apud
923 2433 1109 2482 plurimos
1130 2433 1193 2470 du-

250 2489 315 2527 bia
333 2488 343 2510 ¹
362 2499 398 2526 ›>.
415 2488 510 2526 Post
526 2488 636 2537 plura
652 2489 697 2525 ad
716 2487 1021 2536 componendam
1042 2486 1193 2524 divisio-

251 2554 338 2580 nem
368 2542 574 2579 conamina
603 2541 799 2587 adhibita,
818 2541 976 2578 tandem
1007 2552 1068 2577 an.
1093 2540 1192 2577 1417

252 2596 287 2634 in
304 2595 593 2633 Constanticnsi
608 2595 769 2633 concilio
786 2593 998 2641 Gregorius
1008 2594 1084 2630 XII
1103 2606 1194 2642 pon—

250 2649 402 2688 tificatu
423 2649 550 2695 cessit,
567 2649 729 2686 Ioannes
744 2647 881 2686 XXIII
901 2650 940 2685 et
961 2647 1194 2684 Benedictus

251 2703 349 2741 XIII
384 2703 550 2752 depositi
588 2706 700 2750 sunt,
738 2713 912 2750 unusque
942 2701 1090 2738 electus
1120 2700 1195 2737 fuit

251 2756 447 2795 Martinus
481 2756 528 2794 V.
569 2756 787 2794 Paucorum
828 2754 945 2792 factio
984 2753 1194 2790 Benedieto

252 2810 372 2857 XIII,
392 2812 432 2847 et
463 2812 548 2860 post
576 2811 661 2848 eius
689 2811 856 2847 mortem
888 2806 1079 2846 Clementi
1101 2806 1194 2844 VIII

253 2863 429 2902 adhaesit
449 2875 570 2913 usque
598 2865 644 2901 ad
676 2876 737 2901 an.
771 2862 892 2907 1429,
922 2873 996 2909 quo
1016 2860 1193 2898 Clemens

252 2917 291 2954 in
320 2917 489 2966 gratiam
518 2929 603 2954 cum
625 2917 796 2955 Max-tino
816 2916 850 2953 V
872 2915 998 2953 rediit.
1026 2914 1194 2952 Duravit

253 2971 373 3020 igitur
392 2971 581 3016 schisma,
602 2971 632 3009 si
654 2972 854 3019 computes
884 2980 1001 3018 usque
1031 2967 1078 3004 ad
1108 2968 1191 3004 ele-

255 3024 422 3062 ctionem
444 3024 601 3062 Martini
620 3025 668 3071 V,
685 3024 766 3062 fere
789 3024 853 3069 40,
872 3023 902 3060 si
926 3033 1047 3070 usque
1067 3021 1114 3058 ad
1136 3033 1193 3057 re-

254 3078 563 3116 conciliationem
584 3077 804 3123 Clementis,
826 3076 980 3114 circiter
1000 3075 1050 3113 51
1071 3074 1195 3112 annis.

309 3132 367 3169 Ex
401 3133 470 3169 hoc
504 3131 712 3169 schismate
740 3131 843 3168 mala
863 3129 1033 3180 plurima
1061 3131 1199 3167 exorta

304 3243 310 3265 ¹
333 3245 452 3277 Clu-on.
471 3249 547 3285 part.
567 3246 619 3285 ΙΙΙ,
638 3247 679 3278 tit.
697 3246 746 3284 22),
763 3256 788 3278 c.
807 3247 835 3278 2.

1224 986 1334 1031 sunt,
1355 984 1536 1021 nimirum
1566 983 1802 1022 Pontificum
1833 984 2000 1022 aliorum
2028 986 2174 1026 contra

1224 1038 1319 1076 alios
1350 1049 1550 1087 processus
1563 1067 1573 1084 ,
1594 1037 1856 1087 depositiones
1876 1041 1917 1076 et
1937 1050 2173 1078 excommu-

1225 1092 1452 1137 nicationes,
1465 1091 1715 1129 ecclesiarum
1731 1092 1834 1129 inter
1843 1103 1885 1130 se
1897 1091 2172 1141 dissensiones,

1224 1146 1496 1182 observantiae
1521 1157 1616 1194 erga
1635 1145 1909 1183 auctoritatem
1929 1145 2168 1195 pontificiam

1225 1199 1439 1246 diminutio,
1459 1199 1684 1248 disciplinae
1704 1199 1906 1237 enervatio
1921 1228 1931 1246 ,
1948 1199 1987 1236 in
2009 1200 2112 1238 clero
2133 1204 2172 1240 et

1224 1253 1263 1289 in
1284 1252 1424 1301 populo
1445 1263 1595 1289 morum
1613 1253 1840 1302 depravatio
1859 1255 1931 1291 etc.
1960 1253 2021 1291 Ad
2041 1255 2170 1293 corri-

1225 1306 1367 1355 gendos
1378 1307 1511 1343 autem
1527 1307 1683 1352 abusus,
1697 1307 1742 1343 ad
1755 1306 2021 1345 reformandos
2041 1320 2169 1347 mores

1225 1362 1265 1397 et
1297 1360 1591 1397 instaurandam
1625 1359 1865 1408 disciplinam
1893 1363 2029 1398 coacta
2057 1360 2169 1400 fuere

1226 1413 1388 1450 concilia
1407 1413 1605 1460 Pisanum,
1621 1413 1932 1460 Constantiense,
1946 1414 2168 1453 Basileense

1226 1469 1266 1504 et
1285 1466 1566 1505 Florentinum.

1280 1520 1496 1557 Praeterea
1527 1520 1638 1558 Fidei
1668 1520 1858 1558 unitatem
1885 1520 2169 1571 impugnarunt

1228 1572 1465 1611 Wicleffitae
1493 1576 1532 1610 et
1551 1573 1754 1618 Hussitae‚
1783 1574 1996 1623 turbasque
2025 1586 2169 1622 graves

1228 1627 1456 1664 excitarunt
1476 1626 1514 1664 hi
1532 1626 1572 1664 in
1591 1627 1790 1673 Bohemia,
1812 1627 1867 1664 illi
1887 1628 1927 1664 in
1949 1628 2103 1677 Anglia.
2120 1628 2172 1666 U-

1228 1684 1367 1729 traque
1394 1680 1566 1718 haeresis
1585 1693 1608 1718 a
1628 1681 1716 1718 RR.
1737 1680 1996 1720 Pontificibus
2015 1684 2056 1719 et
2075 1694 2171 1720 con-

1231 1734 1329 1772 ciliis
1358 1734 1576 1783 proscripta
1594 1736 1711 1782 atque
1731 1746 1755 1772 a
1774 1734 1869 1772 viris
1890 1735 2053 1773 eruditis
2073 1747 2170 1774 con-

1230 1788 1359 1826 futata
1378 1787 1475 1834 fuit,
1498 1790 1543 1825 ut
1564 1788 1797 1825 videbimus.

1287 1842 1320 1879 l.
1347 1842 1536 1880 Urbanus
1557 1842 1610 1878 VI
1638 1841 1840 1890 Pontifex
1869 1841 1961 1893 (cm.
1986 1841 2177 1894 1378)—

1231 1896 1362 1938 Quum
1377 1895 1592 1944 Gregorius
1609 1895 1679 1944 Pp.
1696 1895 1753 1933 XI
1769 1896 1919 1933 Romae
1935 1896 2177 1944 decessisset,

1232 1949 1400 1987 Romani
1421 1949 1558 1995 veriti,
1578 1961 1626 1986 ne
1639 1978 1648 1994 ,
1672 1949 1704 1986 si
1725 1949 1810 1998 quis
1829 1949 1959 1999 patria
1979 1949 2115 1988 Gallus
2135 1950 2175 1988 in

1232 2004 1360 2041 locum
1381 2003 1464 2040 eius
1485 2002 1712 2051 eligeretur,
1731 2003 1880 2040 curiam
1898 2002 2065 2041 referret
2079 2004 2178 2042 Ave-

1234 2057 1386 2095 nionem
1401 2086 1410 2103 ,
1430 2056 1469 2093 in
1490 2057 1668 2105 ingressu
1702 2056 1900 2094 conclavis
1927 2056 2176 2095 clamitantes

1235 2111 1545 2160 postularunt,ut
1565 2109 1780 2158 eligeretur
1796 2111 1998 2148 Romanus
2019 2111 2081 2148 vel
2101 2110 2178 2148 sal-

1232 2167 1311 2202 tem
1327 2164 1458 2202 Italus.
1470 2163 1616 2200 Deinde
1637 2162 1879 2211 praefectum
1893 2163 2096 2212 regionum
2108 2163 2177 2202 Ur-

1234 2219 1292 2256 bis
1313 2218 1361 2255 ad
1381 2216 1607 2255 Cardinales
1636 2217 1838 2262 miserunt,
1851 2218 1915 2266 qui
1930 2219 2080 2266 peteret
2102 2229 2176 2254 non

1235 2271 1352 2309 alium
1366 2282 1482 2318 quam
1495 2270 1715 2307 Romanum
1730 2271 1766 2307 in
1784 2270 2004 2319 pontificem
2021 2270 2174 2320 eligen-

1236 2326 1340 2363 dum.
1354 2323 1655 2372 Responderunt
1681 2324 1910 2362 Cardinales
1927 2354 1937 2370 ,
1952 2336 1993 2362 se
2023 2324 2177 2362 electio-

1236 2390 1324 2416 nem
1336 2377 1510 2415 facturos
1522 2377 1664 2415 habitis
1679 2377 1805 2414 solum
1815 2390 1907 2426 prae
1923 2377 2044 2416 oculis
2059 2378 2176 2416 hono-

1236 2444 1276 2470 re
1291 2431 1384 2475 Dei,
1406 2430 1530 2468 salute
1551 2430 1680 2480 populi
1706 2431 1907 2469 christiani
1936 2433 1977 2470 et
2005 2432 2178 2470 utilitate

1237 2484 1431 2523 Ecclesiae
1444 2484 1679 2531 catholieae;
1700 2488 1739 2522 et
1758 2485 2047 2524 consentientes
2074 2485 2177 2523 inter

1236 2551 1376 2584 se,non
1389 2549 1471 2575 esse
1492 2537 1712 2587 eligendum
1733 2539 1967 2585 Romanum,
1979 2551 2026 2576 ne
2041 2538 2179 2576 electio

1237 2592 1361 2630 videri
1380 2594 1506 2640 posset
1518 2591 1620 2629 facta
1631 2603 1698 2640 per
1710 2595 1869 2639 metum,
1879 2592 2024 2630 Italum
2033 2594 2179 2639 tamen,

1238 2648 1279 2684 ut
1300 2645 1574 2694 patrimonium
1591 2645 1800 2692 Ecclesiae,
1812 2646 1927 2695 longa
1943 2645 2178 2683 Pontificum

1237 2699 1414 2737 absentia
1441 2698 1705 2745 imminutum,
1726 2700 2012 2746 restitueretur,
2030 2698 2073 2735 v⁰
2091 2698 2180 2736 idus

1238 2753 1370 2802 aprilis
1400 2752 1605 2801 elegerunt
1635 2753 1978 2791 Bartholomaeum
2016 2752 2178 2801 PrIgna·

1239 2819 1342 2851 num,
1357 2806 1674 2854 Neapolitanum,
1690 2811 1729 2844 et
1745 2806 2076 2855 archiepiscopum
2097 2807 2178 2844 Ba-

1239 2871 1400 2897 rensem.
1424 2859 1499 2897 Ubi
1524 2860 1623 2897 hanc
1647 2860 1874 2898 electionem
1899 2859 2082 2909 cognovit
2104 2872 2178 2908 po-

1239 2914 1366 2963 pulus,
1382 2914 1566 2961 grandem
1589 2913 1802 2951 tumultum
1826 2913 1864 2951 in
1892 2913 1998 2951 Urbe
2022 2913 2177 2951 excita-

1243 2968 1309 3004 vit.
1320 2967 1545 3005 Cardinales
1561 2967 1705 3016 partim
1721 2968 1759 3004 in
1775 2968 1953 3005 Castrum
1974 2979 2002 3005 S.
2020 2966 2176 3015 Augen,

1244 3020 1441 3069 partimin
1468 3021 1600 3058 domos
1628 3020 1801 3070 privatas
1829 3023 1868 3059 et
1896 3024 2008 3058 extra
2028 3019 2178 3058 Urbem

1243 3074 1522 3122 confugerunt,
1548 3076 1587 3111 et
1613 3079 1698 3123 post
1726 3086 1865 3123 paucos
1894 3073 1974 3112 dies
2003 3073 2178 3112 tumultu

1244 3128 1377 3165 sedato
1394 3157 1403 3173 ,
1440 3127 1666 3165 electionem
1713 3127 1856 3165 saetam
1890 3126 2180 3173 confirmantes,

1246 3181 1332 3219 xiv⁰
1354 3181 1533 3219 calendas
1562 3181 1684 3219 maias
1712 3181 2057 3219 Bartholomaeum
2087 3180 2183 3218 Pri-

1247 3247 1418 3283 gnanum
1437 3235 1507 3271 sul)
1528 3233 1682 3272 nomine
1704 3233 1853 3272 Urbani
1869 3234 1923 3272 VI
1953 3234 2115 3273 solemni
2134 3233 2184 3272 ri-
