2241 3473
700 152 835 182 VSQVE
858 153 911 179 AD
932 150 1218 180 PRAESENTEM
1241 151 1444 179 AETATEM

146 219 223 255 112.
237 217 378 253 Leonis
389 217 587 266 Pp.XIII
600 219 842 267 praecipuae
853 230 948 265 crya
962 218 1044 255 Ita-

94 271 191 307 liam
217 282 337 307 cur-ac
367 293 403 298 —
426 272 485 306 Ad
519 273 799 309 exaltationem
826 273 1044 309 catholIcae

94 323 185 361 fidei
213 330 253 360 et
279 324 516 361 christianae
546 326 746 372 religionis
773 331 1043 373 augmentum,

93 377 173 413 Leo
184 376 252 424 Pp.
266 378 436 419 Xlll,die
448 390 561 413 sacro
575 378 855 414 immaculatae
868 379 1045 424 Virginis

91 429 348 477 Conceptioni
375 433 465 467 anni
494 432 581 468 1881
610 432 842 467 Sanctorum
863 433 1043 478 catalogo

92 483 299 532 adscripsit
316 485 460 521 Beatos
476 486 662 521 Ioauiiem
679 486 897 531 Baptistam
910 485 955 520 de
968 486 1041 521 Ru-

92 535 188 580 beis,
208 538 463 574 Laurentium
484 550 506 574 a
525 538 760 581 Brundusio,
788 538 1042 574 Benedictum

91 589 299 638 Iosephum
328 592 453 628 Labi-e
481 593 756 633 Confessores,
784 597 821 627 et
842 593 999 628 Claram
1020 602 1043 627 a

91 643 230 686 Cruce,
248 645 468 691 Virginem.
481 646 619 681 Mense
631 651 761 681 autem
775 645 939 680 Ianuarii
955 645 1043 681 1882

91 695 246 733 labente
274 697 376 734 inter
403 699 549 734 Beatos
568 699 769 734 recensuit
783 698 1042 734 Venerabiles

89 749 331 795 Alphonsum
359 751 404 787 de
433 752 583 787 Orozco
616 751 863 787 sacerdotem
891 763 939 787 ex
969 752 1039 787 Or-

89 801 180 839 dine
206 803 474 840 Eremitarum
501 818 531 839 s.
553 805 776 851 Augustini,
797 810 835 840 et
855 805 1038 841 Carolum

88 865 113 890 a
127 855 250 900 Setia,
267 868 313 892 ac
333 857 531 894 Humilem
553 870 576 893 a
594 858 805 894 Besiniano
824 869 874 894 ex
893 857 1039 894 Ordine

89 908 412 946 Reformatorum
431 924 461 947 s.
482 912 700 947 Francisci.
721 912 869 947 Verum
891 912 979 954 etsi,
996 916 1039 947 ut

87 961 230 999 dicitur
251 964 288 999 in
308 965 483 1011 Epistola
502 965 714 1013 Encyclica
732 964 807 1001 dici
828 966 870 1001 15
886 965 1039 1001 februa-

90 1015 137 1051 rii
164 1017 255 1054 1882
293 1017 340 1053 ad
370 1019 696 1065 Archiepiscopos
725 1024 764 1054 et
795 1019 1010 1066 Episcopos
1031 1047 1039 1062 ,

89 1069 263 1118 aliosque
296 1073 489 1122 Locorum
524 1072 758 1109 Ordiuarios
791 1072 829 1106 iu
860 1072 1036 1118 Regioue

89 1122 470 1167 Italica,universam
483 1126 739 1162 christianam
757 1126 1035 1172 rempublicam

91 1182 131 1212 et
148 1177 321 1225 singulas
340 1179 423 1215 eius
439 1184 570 1226 partes
590 1181 674 1227 Ipse
695 1179 901 1226 vigilantia
920 1184 959 1215 et
977 1190 1038 1215 ca-

89 1232 207 1268 ritate
226 1233 512 1280 complectitur,
525 1239 656 1269 tamen
671 1233 861 1280 singulari
872 1233 1036 1280 quadam

89 1285 241 1322 ratione
258 1297 374 1322 curas
390 1287 725 1334 cogitationesque
740 1298 832 1322 suas
847 1287 894 1322 ad
908 1299 949 1322 se
966 1288 1037 1323 Ita-

86 1337 140 1374 lia
166 1340 374 1376 convertit.
404 1341 635 1387 Singulares
662 1341 849 1388 siquidem
882 1341 1036 1376 coniun-

86 1391 228 1428 ctionis
253 1393 563 1430 necessitudines
588 1395 663 1440 Ipsi
682 1406 769 1429 cum
789 1394 901 1429 Italia
920 1394 1037 1430 inter-

86 1445 254 1488 cedunt,
289 1447 360 1482 «in
388 1459 462 1494 qua
489 1448 594 1484 Deus
620 1448 857 1483 domicilium
887 1448 1035 1483 Vicarii

85 1499 442 1546 sui,magisterium
458 1501 653 1545 veritatis,
668 1507 707 1538 et
721 1501 939 1537 catholicae
954 1502 1036 1536 uni-

86 1552 178 1589 tatis
203 1561 383 1589 centrum
411 1555 663 1590 collocavit».
683 1555 942 1591 Venerabiles
964 1555 1034 1601 igi-

87 1611 149 1641 tur
182 1607 347 1644 Fratres
372 1619 463 1643 suos
489 1608 626 1644 Italiac
655 1609 870 1656 Episcopos
897 1608 1035 1644 adhor-

86 1663 206 1704 tatur,
231 1666 273 1697 ut
300 1666 473 1698 mentem
500 1661 724 1709 diligentius
756 1662 977 1705 intendant,
996 1668 1035 1698 et

85 1714 311 1761 vigilantius
350 1717 581 1763 populorum
619 1717 843 1753 italicorum
882 1717 1034 1753 animos

88 1768 283 1812 muniant,
302 1770 557 1817 omnibusque
577 1770 760 1817 praesidii
786 1770 957 1812 firment,
986 1783 1033 1806 ne

85 1821 293 1858 thesaurus
318 1824 490 1858 omnium
519 1823 836 1870 pretiosissimus,
858 1824 953 1859 fides
971 1835 1033 1860 ca-

83 1875 229 1914 tholica
253 1878 474 1926 diripiatur.
504 1877 647 1924 «Apud
667 1877 781 1913 italas
801 1881 957 1924 gentes,
978 1878 1032 1914 ait

83 1929 228 1967 Christi
238 1931 546 1979 Vicarius,quae
561 1931 599 1966 in
614 1931 722 1967 avita
736 1931 926 1977 religione
943 1942 1031 1966 con-

82 1987 236 2020 stanter
262 1990 301 2021 et
327 1985 495 2021 fideliter
521 1985 627 2020 omni
656 1991 832 2031 tempore
851 1995 1032 2031 perman-

82 2043 232 2082 serunt,
258 2038 463 2075 imminuta
489 2050 592 2075 nunc
619 2039 765 2086 passim
793 2039 973 2075 Ecclesia
990 2039 1031 2074 li-

85 2091 218 2128 bertas
233 2097 307 2136 est,
327 2098 444 2140 atque
463 2092 594 2128 acrius
620 2093 657 2127 in
684 2092 766 2128 dies
792 2092 865 2127 hoc
885 2093 1029 2138 agitur,

82 2149 125 2181 ut
141 2157 191 2182 ex
215 2146 395 2182 omnibus
422 2146 572 2192 publice
598 2146 785 2181 institutis
811 2146 940 2181 forma
966 2147 1030 2182 illa

82 2202 123 2235 et
138 2199 258 2236 veluti
273 2200 484 2236 character
501 2200 735 2235 christianus
753 2199 944 2242 deleatur,
957 2211 1030 2246 quo

81 2263 239 2299 semper
263 2254 336 2290 fuit
362 2254 548 2289 Italorum
575 2264 652 2288 non
679 2253 760 2288 sine
787 2263 906 2289 causa
924 2254 1032 2289 nobi-

81 2305 234 2342 litatum
262 2318 397 2353 genus.
427 2307 589 2343 Sublata
620 2306 810 2342 sodalium
829 2306 1032 2352 religioso-

82 2370 168 2395 rum
179 2360 360 2407 collegia;
371 2361 592 2407 proscripta
602 2360 805 2397 Ecclesiae
818 2360 933 2403 bona;
943 2366 1031 2396 rata

80 2412 181 2449 citra
206 2413 302 2449 ritus
329 2413 545 2449 catholicos
572 2413 784 2457 connubia;
812 2413 850 2448 iu
877 2413 1029 2449 institu-

79 2466 184 2503 tione
205 2467 418 2504 iuventutis
437 2467 566 2503 nullae
587 2467 770 2514 potestati
789 2467 1026 2503 ecclesiasti-

79 2531 149 2557 cae
167 2525 301 2567 partes
318 2521 495 2557 relictae.
515 2521 653 2567 Neque
671 2521 761 2556 finis
780 2527 840 2557 est
858 2532 931 2557 nec
950 2532 1031 2556 mo-

80 2573 153 2610 dus
176 2574 278 2610 ullus
304 2574 437 2610 acerbi
464 2578 504 2610 et
530 2574 695 2609 luctuosi
714 2574 910 2610 bellicum
928 2575 1028 2621 Apo-

79 2627 219 2663 stolica
237 2627 338 2663 Sede
364 2627 552 2674 suscepti,
579 2627 688 2663 cuius
715 2638 832 2662 causa
866 2627 1030 2663 incredi-

82 2680 210 2717 biliter
237 2681 415 2717 Ecclesia
443 2681 611 2722 laborat,
631 2681 909 2727 Romanusque
930 2680 1028 2716 Pon-

82 2733 177 2770 tifex
196 2733 234 2769 in
249 2745 424 2770 summas
442 2734 648 2780 angustias
667 2734 890 2780 compulsus
908 2740 981 2769 est.
998 2735 1032 2769 Is

80 2787 186 2823 enim
213 2787 315 2823 civili
332 2787 552 2834 principatu
570 2787 759 2833 spoliatus
778 2797 940 2823 necesse
959 2787 1032 2823 suit

80 2844 124 2876 ut
147 2841 188 2876 in
213 2841 384 2877 alienam
404 2840 592 2876 ditionem
612 2844 924 2887 potestatemque
943 2851 1032 2875 con-

79 2894 256 2931 cederet·
282 2894 388 2930 Urbs
414 2899 546 2930 autem
573 2894 701 2929 Roma
717 2922 725 2937 ,
752 2893 1031 2940 augustissima

1911 136 1991 175 447

1093 219 1246 255 urbium
1274 218 1593 260 christianarum,
1620 214 1799 262 exposita
1825 217 1885 250 est
1910 218 1951 250 et
1977 223 2043 262 pa-

1095 277 1148 308 tet
1175 271 1405 319 quibuslibet
1432 271 1633 307 Ecclesiae
1653 268 1840 308 hostibus,
1859 266 2043 313 profana-

1092 337 1164 373 que
1183 337 1315 362 rerum
1331 325 1506 361 novitate
1524 323 1721 370 polluitur,
1735 321 1878 358 scholis
1891 325 1932 358 et
1943 325 2038 357 tem-

1094 379 1165 425 plis
1197 378 1272 413 ritu
1307 377 1507 414 haeretico
1536 377 1679 424 passim
1706 374 1941 411 dedicatis».
1972 373 2044 410 His

1093 432 1205 467 malis
1221 431 1597 478 ingravescentibus,
1614 428 1788 465 remedia
1810 437 2043 474 comparare

1091 484 1333 526 desiderans,
1356 484 1537 520 Pontifex
1557 482 1771 530 Episcopos
1790 481 1982 520 hortatur,
2000 484 2044 516 ut

1092 537 1282 572 edoceant
1301 549 1455 573 summa
1481 548 1570 572 cum
1599 545 1694 571 cura
1714 535 1888 581 populos,
1906 533 2040 580 quanti

1091 590 1138 625 sit
1156 590 1270 626 tidem
1291 590 1525 626 catholicam
1545 587 1744 636 possidere
1764 592 1804 623 et
1823 597 1937 634 quam
1960 597 2041 622 ma-

1090 653 1169 689 gna
1184 643 1356 679 ciusdem
1373 643 1502 680 tuendi
1519 642 1750 679 necessitas.
1767 640 2043 687 «intelligant,

1090 696 1210 743 inquit
1226 725 1234 739 ,
1262 698 1495 744 quicumque
1534 700 1670 732 amant
1704 694 1939 730 catholicum
1973 704 2039 729 no-

1091 761 1192 793 men,
1224 755 1377 797 tempus
1410 751 1486 786 iam
1514 761 1601 786 esse
1628 748 1762 784 conari
1797 747 1965 794 aliquid,
1999 751 2040 784 et

1089 804 1194 839 nullo
1220 809 1334 851 pacto
1354 804 1531 850 languori
1550 803 1797 849 desidiaeque
1818 812 1858 837 se
1877 800 2039 845 dedere,

1089 868 1175 892 cum
1188 868 1306 893 nemo
1322 858 1489 893 celerius
1503 857 1886 904 opprimatur‚quam
1903 855 1965 901 qui
1976 865 2042 891 ve·

1089 910 1196 946 cordi
1228 911 1440 946 securitate
1472 911 1689 957 quiescunt.
1724 908 1896 944 Videant
1922 918 2039 955 quam

1089 963 1182 998 nihil
1215 963 1489 1000 reformidarit
1514 970 1695 1000 veterum
1722 962 1876 997 illorum
1903 960 2040 997 nobilis

1088 1020 1127 1052 et
1153 1027 1326 1064 operosa
1351 1017 1489 1060 virtus;
1517 1028 1681 1064 quorum
1709 1020 1750 1051 et
1775 1013 1973 1050 laboribus
2001 1017 2041 1050 et

1087 1071 1279 1116 sanguine
1295 1070 1388 1106 fides
1408 1070 1602 1106 catholica
1621 1068 1838 1105 adolevit».
1860 1067 1920 1102 Ad
1939 1067 2040 1103 hanc

1088 1123 1269 1158 alendam
1296 1124 1596 1171 augendamque
1624 1123 1810 1158 virtutem
1828 1121 2039 1157 vehemen-

1088 1180 1149 1211 ter
1174 1181 1351 1223 exoptat,
1378 1182 1420 1213 ut
1438 1178 1608 1213 floreant
1626 1177 1779 1223 lateque
1798 1174 2039 1222 amplificen-

1088 1233 1149 1264 tur
1168 1229 1403 1271 Societates,
1425 1230 1585 1277 «quibus
1604 1230 1775 1265 maxime
1791 1227 2036 1275 propositum

1086 1282 1136 1318 sit
1160 1282 1250 1318 fidei
1271 1283 1509 1319 christianae
1527 1284 1795 1329 virtutumque
1814 1286 2037 1317 ceterarum

1086 1335 1259 1371 retinere
1285 1341 1325 1371 et
1351 1336 1517 1372 incitare
1542 1335 1683 1372 studia.
1703 1335 1821 1370 Tales
1839 1338 1930 1370 sunt
1948 1344 2036 1369 con-

1085 1389 1322 1425 sociationes
1337 1390 1521 1426 iuvenum
1539 1389 1736 1437 opificum;
1755 1399 1931 1436 quaeque
1948 1398 2039 1423 con-

1085 1442 1243 1479 stitutae
1270 1448 1361 1478 sunt
1386 1449 1453 1479 aut
1475 1444 1650 1480 coetibus
1669 1442 1954 1478 catholicorum
1972 1440 2037 1476 ho-

1086 1496 1235 1531 minum
1262 1497 1300 1531 in
1329 1502 1510 1543 tempora
1535 1502 1646 1533 certa
1669 1495 1846 1543 agendis,
1866 1498 1934 1530 aut
1950 1494 2029 1529 ino-

1086 1550 1172 1596 piae
1201 1550 1433 1587 miserorum
1462 1550 1669 1594 levandae,
1696 1555 1736 1586 et
1763 1548 1929 1585 tuendae
1956 1548 2035 1584 die-

1086 1615 1170 1639 rum
1187 1604 1379 1640 festorum
1401 1605 1598 1651 religioni,
1618 1610 1658 1641 et
1672 1603 1803 1652 pueris
1829 1614 1878 1639 ex
1903 1602 2036 1639 infima

1085 1657 1194 1703 plebe
1214 1658 1453 1702 erudiendis;
1472 1659 1650 1705 aliaeque
1668 1669 1717 1693 ex
1733 1656 1871 1693 eodem
1887 1666 2035 1703 genere

1083 1711 1348 1757 complures».
1378 1711 1577 1752 Quantum
1605 1712 1691 1758 lege
1719 1713 1893 1757 possunt,
1913 1720 2032 1756 agen-

1082 1763 1144 1807 do,
1172 1765 1362 1811 rogando,
1388 1765 1674 1808 contendendo,
1702 1768 1854 1800 tantum
1880 1763 1964 1798 vult
1989 1767 2033 1799 ut

1081 1817 1214 1854 fideles
1228 1818 1480 1855 enitanturet
1494 1819 1678 1861 efficiant,
1696 1816 1902 1853 Pontificis
1920 1826 2035 1852 caus·
2070 1823 2072 1825 ’

1081 1882 1138 1914 53,
1167 1871 1227 1906 cui
1255 1882 1394 1919 reapse
1415 1883 1490 1907 non
1509 1872 1639 1920 specie
1668 1872 1827 1907 libertas
1845 1874 1905 1906 est
1923 1869 2035 1905 resti-

1081 1925 1238 1960 tuenda.
1259 1924 1473 1972 permagni
1498 1926 1665 1969 referre,
1685 1924 1893 1970 subiungit,
1913 1923 2033 1970 publi-

1082 1979 1166 2013 cari
1197 1983 1238 2014 et
1257 1978 1372 2024 longe
1390 1979 1546 2026 lateque
1562 1979 1685 2015 fluere
1710 1978 1922 2014 salubriter
1939 1976 2032 2012 scri-

1082 2031 1406 2079 ptaPraecipuas
1421 2038 1553 2068 autem
1568 2043 1684 2069 curas
1695 2031 2032 2079 cogitationesque

1081 2085 1366 2132 Episcoporum
1393 2086 1431 2120 in
1458 2097 1504 2121 eo
1522 2086 1714 2132 evigilare
1732 2096 1829 2132 opus
1847 2095 1934 2120 esse
1952 2094 2032 2118 mo-

1081 2142 1162 2181 net,
1181 2143 1224 2174 ut
1238 2138 1437 2174 ministros
1451 2139 1522 2174 Dei
1541 2138 1699 2175 idoneos
1718 2139 1792 2174 rite
1810 2137 2030 2179 instituant,

1082 2192 1315 2237 praesertim
1342 2192 1380 2227 in
1410 2192 1645 2228 clericorum
1664 2191 1908 2233 Seminarhs,
1927 2200 2029 2237 quae

1081 2245 1151 2280 sibi
1178 2245 1367 2292 plurimas
1393 2251 1433 2281 et
1457 2246 1650 2282 maximas
1677 2245 1820 2288 animi,
1848 2243 2030 2288 consilii,

1080 2299 1310 2344 vigilantiae
1339 2304 1472 2346 partes
1498 2311 1636 2336 eorum
1661 2299 1875 2334 vindicant.

1127 2353 1248 2388 Gesta
1272 2352 1370 2388 haec
1397 2353 1577 2400 dictaque
1604 2353 1744 2388 Leonis
1760 2352 1832 2399 Pp.
1852 2351 1941 2387 XIII
1960 2352 2026 2387 vix

1080 2405 1214 2441 valent
1227 2407 1451 2453 exprimere
1467 2407 1549 2442 eius
1563 2406 1683 2442 animi
1698 2404 2026 2452 magnitudinem,

1080 2464 1120 2495 et
1144 2459 1331 2495 virtutem
1358 2470 1382 2495 a
1408 2460 1540 2495 labore
1568 2459 1769 2501 invictam,
1788 2458 1923 2505 quibus
1953 2457 2023 2493 Pe-

1080 2512 1128 2548 tri
1163 2513 1403 2550 Cathedram
1434 2525 1504 2549 sex
1534 2513 1674 2548 abhinc
1701 2512 1814 2547 annis
1839 2511 2026 2547 illustrat.

1082 2564 1305 2601 perfectam
1331 2577 1426 2602 vero
1447 2566 1660 2613 imaginem
1678 2566 1735 2601 sui
1754 2564 1923 2601 reddidit
1941 2564 2026 2612 lpse

1079 2624 1243 2665 quatuor
1270 2619 1329 2655 his
1354 2619 1545 2663 versibus,
1566 2629 1661 2666 quos
1677 2618 1749 2655 sub
1767 2617 1936 2666 quadam
1955 2628 2026 2654 sua

1080 2671 1209 2718 effigie
1238 2672 1493 2720 conscripsit:

1119 2752 1279 2780 Iustitiam
1300 2752 1402 2786 colui;
1427 2752 1603 2780 certamina
1621 2751 1728 2787 longa,
1753 2752 1891 2784 labores,

1157 2804 1320 2839 Ludibria,
1343 2803 1490 2839 insidias,
1511 2811 1626 2840 aspera
1645 2812 1785 2841 quaeque
1807 2804 1888 2839 tuli;

1118 2858 1158 2883 At
1181 2855 1272 2882 Fidei
1293 2855 1408 2882 vindex
1427 2862 1488 2882 non
1508 2855 1639 2883 flectar:
1663 2864 1717 2892 pro
1735 2864 1829 2892 grege
1855 2855 1971 2883 Christi

1158 2907 1255 2935 Dulce
1275 2908 1356 2944 pati;
1377 2907 1506 2944 ipsoque
1527 2908 1559 2935 in
1580 2915 1706 2936 carcere
1728 2907 1817 2936 dulce
1837 2909 1924 2936 mori.

774 3093 911 3132 1³1le
940 3092 1078 3133 TOMI
1107 3094 1342 3134 SECVNDI
