2241 3473
261 162 314 200 20
754 167 910 196 EPOCHA
937 168 961 193 1.
994 167 1022 193 A
1049 166 1299 193 NATIVITATE
1328 166 1419 193 IESV
1445 165 1603 193 CHRISTI

260 237 391 285 Epist.
427 235 483 273 acl
515 234 744 271 Philemon.
781 230 961 278 Philipp.
1007 229 1152 266 Coloss.

210 290 356 339 Ephes.
374 294 415 327 et
431 285 665 325 Hebr.-1bi
685 285 804 322 etiam
823 283 927 320 inter
947 281 1043 320 alios
1064 282 1153 331 plu-

208 355 270 381 res
291 343 338 380 ad
359 343 449 379 Iesu
471 339 616 379 Christi
636 338 771 375 Fidem
792 336 989 373 convertit
1009 335 1151 374 Onesi-

208 407 325 442 mum,
334 393 572 432 Philemonis
585 389 822 429 Colossensis
830 389 925 426 civis
936 388 1152 438 fugitivum

206 460 382 494 servum3
409 458 521 496 quem
549 445 596 483 ad
633 444 834 481 dominum
867 454 980 480 suum
1001 443 1153 481 remisit

204 514 292 539 cum
309 500 472 550 epistola
491 497 834 543 commendatoria,
855 508 931 545 qua
951 495 1151 534 Philemo-

206 567 294 593 nem
310 554 557 598 hortatur,ut
576 551 760 589 Onesimo
776 549 933 588 veniam
952 550 1151 598 concedat,

204 612 243 646 et
262 619 352 646 eum
371 607 449 644 iam
468 605 633 643 fratrem
654 604 694 642 in
715 603 869 643 Christo
890 603 990 651 Iesu,
1006 603 1044 640 in
1066 615 1153 653 gra-

202 663 298 700 tiam
317 659 492 709 recipiat.

256 715 412 752 Interea
430 713 598 750 Romam
617 711 728 749 venit
746 711 1049 761 Epaphroditus,
1071 711 1151 760 epi-

202 779 341 816 scopus
380 765 709 815 Philippensium,
741 768 824 803 tum
856 767 898 802 ut
922 765 1150 814 Apostolum

203 822 403 870 captivum
420 819 718 865 inviseret,tum
736 820 780 856 ut
796 818 1051 868 pecuniarum
1064 820 1152 856 sub-

203 875 301 913 sidia
330 874 365 911 ei
388 872 593 922 perferret.
616 873 662 911 Ei
682 872 865 910 redeunti
886 872 1035 910 Paulus
1063 873 1148 922 epi-

199 928 341 966 stolam
361 927 409 965 ad
429 926 635 964 ecclesiam
648 925 958 975 Philippensium
974 925 1094 974 dedit,
1109 926 1149 964 in

201 994 277 1030 qua
294 993 430 1018 eorum
446 992 541 1029 erga
556 992 597 1017 se
605 979 885 1018 beneficentiae
900 979 1050 1028 gratias
1067 981 1150 1018 red-

198 1035 255 1073 dit
275 1037 315 1072 et
334 1034 592 1072 constantiam
613 1034 653 1071 in
673 1033 770 1071 Fide
791 1033 948 1080 laudat3
963 1034 1148 1082 gaudium

199 1100 315 1127 suum
335 1089 381 1126 de
401 1087 630 1137 evangelico
648 1087 781 1125 fructu
802 1098 961 1125 suorum
978 1087 1148 1126 vinculo-

197 1155 286 1180 rum
307 1141 401 1191 ipsis
421 1141 699 1188 communicat,
716 1141 897 1178 hortatur
916 1152 981 1178 eos
1001 1142 1049 1179 ad
1067 1154 1148 1179 mu-

197 1200 306 1234 tuam
326 1195 593 1242 dilectionem,
619 1194 690 1232 Dei
715 1194 919 1241 timorem,
939 1195 1144 1234 humilita-

195 1252 289 1297 tem,
309 1248 596 1297 confirmatque
626 1249 815 1286 adversus
840 1249 1146 1297 pseudo-docto-

196 1315 271 1349 res,
291 1315 388 1351 quos
407 1302 533 1340 crucis
554 1302 699 1340 Christi
718 1301 896 1340 inimicos
917 1302 1103 1341 nominat.

247 1356 410 1395 Audivit
424 1356 555 1403 etiam,
567 1357 753 1404 quosdam
773 1356 1145 1405 pseudo-magistros

194 1411 356 1449 turbare
385 1409 592 1456 ecclesias,
613 1421 711 1459 quas
740 1409 905 1448 Colossis
930 1412 970 1448 et
998 1410 1144 1448 Laodi-

194 1476 310 1503 caeae
329 1464 566 1502 fundaverat
580 1463 783 1512 Epaphras
797 1463 1010 1513 episcopus.
1029 1465 1147 1503 Prae-

195 1518 379 1556 dicabant
397 1517 424 1555 ii
441 1518 543 1555 inter
564 1517 655 1564 alia,
674 1529 749 1555 non
765 1517 977 1565 Christum,
997 1518 1065 1556 sed
1081 1530 1146 1557 an-

193 1572 301 1621 gelos
319 1583 403 1609 esse
423 1571 616 1609 humanae
636 1570 775 1609 salutis
795 1570 1043 1618 mediatores,
1064 1584 1144 1610 eos-

194 1638 266 1675 que
287 1628 331 1663 ut
349 1625 447 1663 tales
468 1636 554 1663 esse
574 1624 752 1663 colendos
773 1626 812 1662 et
832 1636 901 1673 per
918 1625 1020 1674 ipsos
1040 1626 1142 1664 solos

193 1691 393 1718 accessum
414 1679 463 1717 ad
483 1678 610 1716 Deum
638 1679 843 1716 obtentum
864 1678 925 1717 iri.
947 1678 1144 1730 Quaprop-

193 1736 254 1771 ter
269 1733 318 1770 ad
339 1732 587 1771 Colossenses
603 1732 808 1782 epistolam
824 1732 990 1782 scripsit,
1009 1733 1050 1770 in
1064 1745 1143 1783 qua

192 1798 328 1824 eorum
350 1786 463 1833 fidei,
484 1786 666 1824 charitati
698 1786 796 1824 etin
824 1787 949 1825 Deum
973 1785 1141 1826 fiduciae

195 1839 433 1888 gratulatur,
454 1842 630 1887 oratque,
653 1841 697 1877 ut
715 1839 754 1877 in
774 1839 937 1878 scientia
956 1840 1048 1887 Dei,
1068 1842 1140 1879 bo-

197 1894 335 1942 nisque
351 1893 530 1942 operibus
549 1896 747 1940 crescant,
764 1895 897 1931 monet
915 1906 994 1940 eos,
1010 1897 1053 1932 ut
1068 1895 1140 1932 sibi

194 1947 243 1985 ab
272 1947 546 1995 impostoribus
576 1948 764 1993 caveant3
793 1947 982 1995 docetque
1010 1947 1139 1986 Iesum

194 2000 394 2038 Christum
414 2012 497 2038 esse
518 2000 643 2037 Deum
671 1999 774 2037 inter
793 2002 833 2038 et
851 2001 1029 2038 homines
1055 2013 1140 2038 me-

191 2054 396 2100 diatorem,
415 2057 455 2092 et
472 2053 773 2104 primogenitum
793 2066 862 2103 per
877 2066 991 2103 quem
1011 2052 1142 2093 omnia

192 2107 349 2145 condita
367 2109 475 2154 sunt3
497 2108 586 2145 dein
607 2106 848 2145 Colossenses
869 2108 918 2145 ad
939 2108 1141 2155 generalia

191 2160 426 2198 christianae
460 2160 564 2198 vitae
593 2163 803 2209 praecepta
830 2163 870 2199 et
903 2161 951 2199 ad
986 2162 1140 2211 propria

190 2217 317 2252 status
337 2213 461 2252 officia
481 2214 686 2261 informat3
708 2216 914 2263 rogatque,
935 2216 978 2252 ut
997 2216 1140 2264 episto-

189 2268 228 2305 la
246 2280 317 2306 sua
344 2268 464 2305 etiam
498 2267 536 2305 in
567 2267 861 2306 Laodicensium
888 2269 1052 2306 ecclesia
1081 2269 1138 2307 lc—

190 2323 322 2371 gatur.

240 2375 301 2413 Ex
320 2375 456 2412 eadem
474 2374 569 2412 urbe
586 2374 742 2424 (Roma)
756 2375 961 2423 epistolam
983 2376 1141 2425 scripsit

190 2429 238 2466 ad
272 2428 460 2478 Ephesios
485 2429 525 2465 et
561 2428 727 2466 alteram
762 2429 810 2466 ad
839 2429 1037 2467 Hebraeos
1070 2442 1137 2468 seu

187 2494 395 2520 conversos
427 2481 686 2519 Palaestinos.
709 2482 752 2518 In
782 2482 897 2531 priori
929 2483 1138 2533 praecipua

187 2535 424 2573 christianae
459 2535 679 2585 Religionis
717 2536 906 2584 mysteria
939 2536 1112 2586 explicat
1129 2552 1137 2585 3

188 2589 387 2627 institutos
408 2601 430 2626 a
451 2589 603 2626 Christo
629 2589 790 2626 Domino
811 2589 850 2627 in
870 2590 1046 2628 Ecclesia
1071 2603 1138 2628 or-

188 2643 318 2689 dines,
339 2655 407 2680 seu
435 2642 547 2680 varia
576 2641 795 2680 ministeria
827 2643 1030 2689 describit3
1051 2645 1137 2693 plu-

187 2708 325 2744 resque
344 2696 607 2734 instituendae
629 2696 732 2733 vitae
758 2696 916 2745 regulas
936 2697 1069 2735 tradit.
1092 2699 1135 2736 In

188 2750 393 2799 posteriori
413 2751 521 2787 totus
540 2752 620 2797 est,
642 2752 684 2787 ut
709 2753 844 2788 contra
874 2750 1133 2789 Mosaicorum

188 2803 456 2841 institutorum
477 2815 688 2852 praecones
710 2803 950 2841 demonstret
968 2816 1133 2853 supere-

188 2857 398 2894 minentem
425 2856 519 2905 logis
549 2857 714 2903 Christi,
735 2857 895 2905 eiusque
923 2859 1132 2897 sacerdotii
1182 2884 1188 2888 >

188 2913 228 2948 et
247 2910 426 2948 sacrificii
447 2911 699 2958 dignitatem3
716 2910 849 2959 hisque
870 2914 910 2948 et
929 2911 1052 2960 legem
1070 2925 1133 2950 vc-

186 2966 310 3002 terem
329 2993 338 3010 ,
371 2963 531 3013 eiusque
569 2964 829 3002 sacerdotium
862 2976 907 3002 ac
939 2965 1131 3006 sacrificia

186 3017 304 3055 fuisse
325 3017 479 3055 abolita.

1195 229 1293 267 dunt
1311 229 1591 279 Apostolorum
1611 230 1747 276 Actus,
1768 243 1792 269 a
1809 231 1917 268 Luca
1935 230 2146 281 Evangeli-

1194 284 1255 320 sta
1275 283 1495 332 conscripti.
1517 281 1757 321 Referuntur
1777 285 1816 321 in
1835 285 1883 322 iis
1902 284 2141 334 praeclaris—

1194 337 1292 374 sima
1313 349 1357 374 ac
1377 337 1610 374 admiranda
1629 336 1828 375 Ecclesiae
1848 337 2075 387 primordia,
2095 339 2143 376 A·

1194 390 1433 438 postolorum
1448 389 1698 439 praedicatio,
1720 391 1950 438 constantia,
1966 403 2145 441 persecu-

1194 443 1248 480 tio
1268 443 1308 480 in
1329 455 1393 481 eos
1422 444 1632 490 concitata,
1652 443 1830 493 prodigia
1858 444 1907 482 ab
1927 445 1983 483 eis
2006 456 2145 494 perpe-

1192 497 1300 534 trata
1315 526 1325 543 ,
1345 496 1577 546 fervensque
1597 497 1812 546 primorum
1832 498 2143 536 Christianorum

1193 549 1316 599 pietas
1337 554 1376 588 et
1396 555 1531 589 sancta
1551 550 1810 588 conversatio.
1831 550 1961 588 Actus
1974 552 2144 601 Aposto-

1196 605 1345 649 lorum,
1364 604 1490 653 inquit
1509 617 1538 642 s.
1560 604 1827 653 Hieronymus
1840 633 1849 649 ,
1869 605 2028 643 nudam
2047 605 2144 655 qui-

1194 657 1284 694 dem
1305 658 1504 696 videntur
1518 670 1669 696 sonare
1686 658 1908 695 historiam
1926 663 1966 695 et
1979 669 2145 696 nascen·

1195 712 1247 747 tis
1266 711 1474 750 Ecclesiae
1494 712 1724 761 infantiam
1745 716 1902 757 teoeere;
1922 711 1991 749 sed
2010 713 2048 749 si
2063 722 2145 749 no-

1193 766 1374 802 verimus
1411 767 1656 815 scriptorem
1688 776 1831 803 eorum
1866 776 1951 803 esse
1983 764 2146 802 Lucam

1193 818 1434 856 medicum...
1455 819 1839 856 animadvertemus
1852 819 2034 868 pariter,
2054 829 2142 855 om-

1192 873 1266 908 nia
1292 872 1414 910 verba
1447 873 1560 910 illius
1591 874 1759 911 animae
1791 873 2029 921 lanquentis
2061 882 2146 909 esse

1192 925 1437 964 medicinam
1455 925 1480 964 ¹.

1243 978 1305 1016 40.
1327 980 1492 1018 Paulus
1513 981 1557 1018 in
1581 981 1785 1018 Orientem
1806 979 2143 1028 redit—Aposto-

1189 1031 1249 1068 lus
1269 1033 1419 1070 Paulus
1437 1035 1524 1083 post
1542 1033 1745 1071 biennium
1763 1033 1946 1070 libertate
1963 1033 2143 1078 donatus,

1189 1084 1228 1122 in
1248 1086 1450 1124 Orientem
1470 1099 1652 1125 reversus
1672 1088 1745 1134 est,
1768 1089 1811 1124 ut
1831 1085 2014 1124 ecclesias
2033 1084 2143 1123 invi-

1189 1142 1306 1186 seret,
1322 1152 1522 1189 novasque
1539 1141 1806 1179 constitueret.
1827 1139 2048 1189 Opinantur
2062 1138 2142 1188 plu-

1189 1204 1271 1239 res,
1293 1205 1384 1230 eum
1410 1195 1637 1243 priusquam
1657 1195 1697 1232 in
1725 1194 1927 1231 Orientem
1947 1193 2142 1242 pergeret,

1188 1246 1407 1295 profectum
1426 1260 1509 1286 esse
1539 1249 1578 1285 in
1599 1248 1829 1297 Hispanias,
1851 1252 1902 1284 ut
1925 1248 1968 1285 in
1986 1247 2145 1296 peccati

1188 1305 1317 1338 morte
1338 1302 1579 1348 iacentibus,
1605 1302 1734 1351 inquit
1762 1313 1791 1339 s.
1822 1300 2037 1350 Gregorius
2062 1300 2140 1346 M.,

1187 1359 1381 1392 aeternae
1396 1357 1502 1393 vitae
1512 1367 1594 1404 gyra
1601 1358 1700 1393 tiam
1711 1357 1974 1393 nunciaret&
1995 1352 2142 1403 Reipsa

1187 1407 1358 1445 Paulum
1377 1408 1415 1446 id
1436 1409 1642 1447 eonsilium
1662 1414 1779 1446 antea
1797 1408 1965 1458 cepisse,
1984 1409 2142 1445 constat

1186 1472 1235 1498 ex
1256 1461 1341 1499 eius
1357 1462 1522 1511 epistola
1541 1464 1589 1501 ad
1606 1464 1806 1501 Romanos
1818 1460 1852 1510 3;
1869 1473 2039 1510 eumque
2057 1462 2142 1510 post

1187 1515 1462 1564 captivitatem
1474 1528 1679 1555 romanam
1691 1517 1924 1566 conceptum
1932 1514 2138 1553 consilium

1185 1569 1410 1607 executioni
1429 1571 1649 1617 mandasse,
1670 1570 1813 1608 diserte
1834 1569 2013 1608 scribunt
2031 1580 2061 1606 s.
2084 1569 2141 1605 A-

1185 1622 1388 1661 thanasius
1403 1623 1430 1670 4,
1451 1635 1480 1662 s.
1509 1623 1684 1673 Cyrillus
1710 1623 2097 1672 Hierosolymitanus
2111 1620 2141 1669 ⁵,

1185 1687 1214 1713 s.
1236 1677 1478 1726 Epiphanius
1497 1675 1531 1725 ⁶,
1551 1689 1580 1716 s.
1603 1677 1870 1726 Hieronymus
1884 1674 1914 1723 ⁷,
1933 1687 1964 1714 s.
1984 1676 2139 1726 Grego-

1185 1729 1264 1767 rius
1280 1728 1308 1777 8,
1329 1730 1406 1768 alii.

1236 1783 1428 1834 Epistola
1454 1784 1511 1822 ad
1542 1785 1799 1823 Timotheum
1817 1788 1858 1822 et
1882 1782 2138 1821 Titum—In

1183 1836 1385 1876 Orientem
1414 1838 1568 1877 rediens
1598 1837 1874 1877 charissimum
1902 1835 2138 1886 discipulum

1183 1893 1223 1928 et
1242 1891 1428 1929 itinerum
1456 1892 1625 1939 socium,
1655 1892 1789 1930 Titum
1814 1890 1967 1929 insulae
1995 1890 2137 1928 Cretae

1183 1956 1252 1982 seu
1287 1945 1459 1983 Candiae
1488 1946 1708 1994 episcopum
1738 1943 1947 1982 ordinavit.
1981 1943 2066 1993 Ipse
2095 1943 2135 1981 in

1183 1998 1389 2036 Graeciam
1418 1999 1641 2048 navigavit3
1661 1998 1918 2047 lustratisque
1946 1997 2134 2044 ecclesiis,

1182 2051 1378 2100 profectus
1393 2052 1502 2090 estin
1518 2052 1799 2091 Macedoniam.
1813 2052 1908 2089 Inde
1924 2051 1972 2088 ad
1986 2053 2136 2088 utrum-

1182 2117 1256 2153 que
1276 2105 1522 2155 diseipulum,
1543 2105 1797 2144 Timotheum
1817 2105 2076 2155 Ephesiorum
2095 2108 2137 2144 et

1181 2158 1316 2196 Titum
1336 2160 1475 2197 Cretae
1496 2160 1694 2209 episcopos
1708 2190 1717 2206 ‚
1737 2159 1920 2209 epistolas
1949 2157 2130 2208 scripsit:

1182 2211 1429 2250 Timotheum
1450 2213 1495 2250 de
1510 2213 1698 2263 pastorali
1710 2224 1871 2250 munere
1887 2214 1926 2250 et
1940 2212 2132 2251 ecclesiae

1182 2265 1370 2314 regimine
1391 2267 1614 2315 plenissime
1633 2267 1811 2314 instruit3
1833 2268 2046 2314 narratque
2063 2295 2073 2313 ,
2092 2277 2134 2304 se

1181 2319 1448 2357 Alexandrum
1469 2322 1509 2357 et
1530 2320 1806 2370 Hymenaeum
1832 2319 2042 2358 tradidisse
2063 2330 2131 2357 sa-

1182 2373 1311 2419 tanae,
1337 2373 1437 2411 idest
1465 2374 1641 2412 Ecclesia
1661 2374 1878 2424 expulisse,
1908 2374 2011 2422 quod
2040 2371 2130 2410 fidei

1182 2426 1430 2476 naufragium
1461 2427 1666 2475 fecissent3
1688 2429 1771 2477 agit
1791 2427 1878 2466 dein
1912 2427 1960 2464 de
1981 2426 2130 2476 episco-

1182 2491 1331 2528 porum,
1353 2481 1604 2518 diaconorum
1618 2511 1627 2528 ,
1648 2482 1862 2519 viduarum
1891 2492 1961 2520 seu
1992 2481 2129 2518 diaco-

1181 2533 1373 2571 nissarum
1403 2535 1555 2572 dotibus
1586 2547 1633 2573 ae
1662 2535 1811 2573 officiis.
1834 2534 2017 2572 Eiusdem
2046 2533 2130 2572 fere

1180 2587 1399 2635 argumenti
1421 2590 1481 2626 est
1497 2589 1662 2637 epistola
1683 2589 1730 2627 ad
1751 2588 1900 2636 Titum,
1920 2599 2038 2637 quem
2059 2599 2130 2637 pa-

1181 2640 1277 2678 riter
1297 2641 1334 2678 in
1356 2642 1542 2690 pastorali
1565 2654 1728 2680 munere
1749 2642 1893 2691 erudit,
1915 2644 1956 2680 et
1975 2641 2023 2680 de
2043 2652 2132 2679 con-

1178 2694 1384 2733 stituendis
1402 2707 1469 2745 per
1489 2695 1668 2734 civitates
1689 2696 1878 2746 episcopis
1899 2707 1944 2734 ac
1959 2694 2130 2745 presby-

1178 2748 1284 2794 teris,
1305 2749 1431 2798 deque
1448 2750 1601 2788 dotibus
1620 2751 1669 2788 ad
1685 2750 1723 2789 id
1741 2761 1882 2789 munus
1897 2748 2127 2788 necessariis

1180 2802 1375 2841 admonet.

1215 2914 1224 2935 ¹
1242 2914 1351 2954 Epist.
1374 2914 1429 2946 103
1446 2916 1491 2947 acl
1511 2915 1624 2955 Pamb,
1641 2920 1670 2948 et
1686 2917 1715 2948 in
1733 2916 1843 2948 Catal.

1213 2954 1226 2976 ·2
1242 2956 1365 2988 Mor-al.
1383 2958 1399 2987 1.
1419 2957 1468 2993 31,
1485 2968 1511 2989 c.
1528 2958 1575 2989 22.

1212 2998 1226 3020 ³
1243 2999 1300 3035 XV,
1319 2998 1372 3029 tlt:
1393 2998 1477 3030 (lum
1494 3000 1533 3030 in
1549 3000 1768 3041 Hispaniam
1779 2999 1962 3042 proficisci
1975 3007 2124 3039 coepero,

1170 3049 1271 3079 spero
1293 3042 1383 3079 quod
1400 3042 1624 3081 praeteriens
1647 3042 1782 3075 videam
1805 3052 1878 3081 vos;
1901 3041 1955 3074 ⁶28:
1980 3041 2052 3073 Per
2067 3051 2124 3073 vos

240 3073 300 3109 39.
321 3072 448 3109 Actus
463 3071 811 3120 ‚flJmSlOIOYuM—
823 3072 882 3110 Ad
895 3072 989 3111 llaec
1008 3085 1128 3122 usquo
1165 3083 1377 3121 proficiscar
1394 3083 1431 3114 in
1450 3084 1676 3124 Hispaniam.

187 3127 363 3174 tempora
383 3137 450 3161 seu
474 3137 615 3162 annum
638 3138 660 3163 a
689 3125 840 3163 Christo
862 3129 952 3163 nato
973 3127 1128 3165 circiter

186 3180 250 3224 63,
269 3179 481 3216 secundum
503 3191 549 3216 ex
571 3190 645 3227 quo
667 3180 865 3228 apestolus
886 3181 1030 3218 Paulus
1047 3182 1125 3219 Ro-

187 3244 271 3271 mae
299 3232 336 3270 in
357 3232 479 3271 libera
508 3232 683 3271 custodia
711 3233 891 3283 degebat,
918 3247 958 3274 se
987 3238 1123 3274 exten-

1210 3126 1222 3146 ·¹
1241 3124 1350 3164 Epist.
1368 3126 1414 3156 ml
1433 3126 1596 3157 Dracont.

1209 3166 1222 3187 5
1241 3166 1372 3197 Cameli.
1391 3169 1476 3199 xvii.

1206 3209 1220 3229 ‘³
1239 3209 1380 3238 Haemus.
1398 3209 1446 3240 ⁸:27.

1205 3251 1218 3273 ⁷
1235 3250 1278 3281 In
1295 3251 1373 3291 Cap.
1390 3251 1448 3283 XI
1458 3251 1542 3284 lsai.
1565 3269 1605 3274 -
1626 3251 1641 3274 ⁸
1657 3250 1731 3283 Loc.
1746 3250 1800 3284 cit.
