2241 3473
613 205 739 235 VSQVE
769 204 821 231 AD
850 204 1181 232 IANSEle'rARVM
1212 205 1392 232 EXORDIA

47 271 283 322 Magdalena
301 269 344 308 L'
362 268 529 307 Huillier
545 269 697 307 induxit
712 268 987 307 Ursulinarum

48 326 287 369 Institutum,
306 323 414 361 cuius
436 322 626 372 originem
643 334 761 371 supra
776 322 945 359 vidimus
963 321 987 358 ¹.

47 381 158 417 Anno
183 378 283 415 1612
316 376 526 414 Ursulinae
562 376 799 413 Parisicnses
819 387 866 412 ex
890 387 989 412 con-

48 442 152 470 cessa
172 430 261 468 olim
283 442 306 467 a
326 429 450 467 Paulo
472 430 526 466 ΙΙΙ
551 431 740 478 potestate
761 429 799 465 in
822 429 988 465 societa-

46 488 124 523 tem
168 483 419 521 monasticam
447 495 535 519 cum
557 484 582 520 3
602 482 702 519 votis
740 481 990 519 sollemnibus

47 537 261 575 coiverunt.
279 537 363 574 Hae
381 536 590 573 Ursulinae
601 535 874 580 coenobiticae,
890 546 988 582 quae

45 598 207 640 propter
239 590 462 639 adoptatam
485 600 507 625 a
528 600 568 625 se
589 588 693 625 vitae
730 588 918 624 rationem
941 588 987 624 ad

44 644 310 682 instituendas
331 641 481 692 puellas
503 641 744 690 potissimum
776 640 988 692 adstrictae

45 701 170 742 erant,
192 709 258 746 per
278 708 409 734 omnes
430 695 511 732 fere
533 698 659 731 terras
675 694 885 731 catholicas
906 705 988 742 pro-

45 754 211 800 pagatae
231 752 332 787 sunt.
355 749 540 786 Caeterae
574 747 706 800 etiam,
738 758 838 795 quae
858 747 896 783 in
919 758 991 784 ae-

45 804 158 841 dibus
181 803 355 852 privatis,
377 801 518 850 partim
535 800 725 849 singulae,
741 800 881 848 partim
897 812 987 837 con·

45 859 252 906 gregatae,
273 858 311 892 et
330 856 410 893 solo
431 854 624 891 castitatis
654 856 744 890 voto
765 853 990 898 adstrictae,

45 910 245 955 vivebant,
292 910 329 946 in
377 907 542 945 diversis
590 907 749 944 urbibus
796 907 987 956 perdura-

46 966 138 1001 runt
156 961 183 1000 ².

99 1015 227 1054 Aliam
247 1013 474 1052 monialium
497 1013 850 1062 Congregationem
872 1013 987 1050 insti-

44 1070 120 1108 tuit
139 1081 168 1107 s.
181 1068 417 1107 Franciscus
437 1067 622 1112 Salesius,
645 1067 848 1115 episcopus
869 1067 990 1104 Gene-

46 1123 176 1160 vensis
208 1122 273 1160 sed
294 1120 429 1160 Anecii
451 1121 622 1158 residens
641 1118 666 1157 ³.
686 1120 722 1157 Is
738 1121 907 1168 primum
928 1132 991 1157 an.

50 1176 151 1214 1610
169 1175 305 1213 Anecii
336 1174 517 1212 fundavit
545 1173 770 1210 societatem
801 1185 868 1222 pro
889 1173 992 1211 femi-

47 1230 124 1276 nis,
145 1241 239 1278 quas
266 1228 329 1265 vel
360 1229 516 1277 propter
545 1227 716 1276 corporis
737 1227 991 1274 debilitatem,

47 1284 108 1321 vel
129 1284 284 1332 propter
301 1283 566 1330 paupertatem
590 1284 658 1317 aut
674 1281 774 1328 quod
795 1284 924 1317 essent
940 1281 992 1317 vi-

47 1336 160 1380 duae,
180 1336 245 1373 alii
261 1335 424 1372 Ordines
444 1333 615 1383 religiosi
635 1334 830 1383 suscipere
852 1335 992 1371 abnue-

46 1392 146 1426 rent.
163 1389 240 1426 Eas
261 1399 385 1436 neque
412 1387 533 1436 rigori
553 1387 755 1436 corporali,
776 1399 898 1436 neque
918 1399 991 1425 vo-

49 1443 98 1481 tis
116 1442 380 1486 sollemnibus,
400 1441 466 1478 sed
492 1440 732 1490 simplicibus
752 1441 852 1478 votis
873 1441 990 1478 casti-

47 1495 140 1533 tatis
179 1498 219 1533 et
246 1495 487 1532 obedientiae
519 1494 989 1543 adstrinxit,praecepit-

50 1561 142 1598 que,
164 1551 208 1586 ut
226 1548 405 1597 neglecta
438 1559 568 1584 rerum
600 1552 850 1584 externarum
870 1560 965 1585 eura
982 1578 990 1593 ,

49 1603 334 1652 praescriptam
356 1600 560 1638 uniformis
580 1601 685 1637 vitae
706 1601 894 1638 rationem
926 1606 992 1638 at-

50 1668 128 1705 que
147 1656 320 1693 ordinem
354 1657 584 1700 servarent3
606 1656 645 1691 et
670 1654 824 1691 caritati
843 1684 852 1699 ,
872 1655 994 1691 humi-

50 1710 154 1747 litati
194 1721 239 1746 ac
275 1708 457 1758 propriae
494 1707 708 1745 voluntatis
742 1708 992 1756 abnegationi

50 1763 266 1807 studerent,
300 1761 552 1808 infirmosque
585 1761 795 1798 visitarent
814 1764 853 1798 et
872 1773 990 1799 cura-

50 1818 150 1853 rent.
168 1816 339 1852 Primam
363 1815 476 1852 huius
495 1813 699 1851 Societatis
714 1825 851 1851 curam
870 1826 993 1852 susce-

51 1869 107 1918 pit
126 1881 155 1907 s.
177 1869 321 1906 Ioanna
340 1868 549 1906 Francisca
568 1867 761 1913 Fremiot,
781 1868 899 1904 vidua
919 1869 993 1905 ba-

51 1923 155 1960 ronis
169 1923 216 1959 de
232 1921 409 1966 Chantal,
427 1933 524 1970 quae
535 1933 563 1958 s.
577 1921 785 1958 Francisco
803 1922 990 1959 conscien-

51 1976 129 2013 tiae
151 1987 243 2013 suae
263 1976 509 2012 moderatore
532 1975 728 2011 utebatur.
751 1975 908 2012 Similes
929 1987 991 2012 so-

52 2029 227 2071 cietates,
247 2040 414 2077 quarum
436 2027 583 2064 utilitas
614 2027 870 2074 elucescebat,
892 2041 994 2076 pau—

50 2082 87 2120 lo
106 2082 393 2131 postformatae
410 2083 501 2118 sunt
522 2081 558 2117 in
582 2081 668 2117 aliis
690 2081 862 2118 urbibus.
880 2082 991 2119 Tunc

52 2148 81 2173 s.
102 2136 332 2173 Franciscus
365 2134 524 2172 consilio
558 2134 766 2172 cardinalis
795 2135 991 2184 archiepi-

52 2190 155 2238 scopi
189 2189 463 2238 Lugdunensis
496 2187 692 2236 ipsiusque
718 2189 766 2225 R.
790 2189 994 2226 Pontificis

54 2242 400 2292 Congregationem
420 2253 533 2279 suam
560 2242 843 2279 transmutavit
862 2242 899 2278 in
916 2242 992 2279 Or-

56 2296 186 2332 dinem
201 2296 460 2333 monasticum
478 2306 565 2332 cum
582 2295 607 2331 3
623 2295 725 2332 votis
740 2295 993 2333 sollemnibus

56 2349 126 2385 sub
143 2349 279 2397 regula
295 2361 323 2386 s,
334 2348 540 2398 Augustini
557 2350 596 2384 et
611 2348 873 2396 peculiaribus
889 2361 996 2397 prae-

57 2401 209 2450 scriptis
233 2404 350 2450 atque
379 2401 550 2447 monitis,
573 2413 689 2450 quem
708 2401 785 2439 iam
807 2414 866 2439 an.
895 2403 996 2439 1618

58 2454 203 2491 Paulus
218 2455 287 2502 Pp.
304 2455 339 2491 V
359 2455 590 2503 approbavit
611 2455 683 2492 sub
704 2455 857 2492 nomine
879 2455 994 2493 Ordi-

60 2507 119 2544 nis
148 2508 195 2544 de
215 2507 448 2545 Visitatione
468 2508 511 2545 B.
532 2509 585 2546 M.
607 2508 654 2545 V.
676 2508 803 2549 Quum
842 2511 998 2557 propter

58 2561 158 2597 hanc
179 2560 431 2597 mutationem
452 2561 652 2606 moniales,
672 2573 774 2610 quae
795 2562 912 2611 vulgo
932 2563 997 2599 Sa-

57 2614 228 2651 lesianae
250 2614 494 2650 vocabantur
515 2643 524 2659 ,
543 2614 717 2651 infirmos
736 2615 898 2652 visitare
919 2627 995 2652 non

60 2670 226 2716 possent,
247 2666 395 2715 puellas
416 2667 505 2703 hinc
525 2667 611 2704 inde
631 2668 852 2705 educandas
872 2680 996 2706 susce-

58 2725 209 2769 perunt.
227 2720 372 2757 Earum
390 2720 492 2756 Ordo
509 2731 712 2768 progressu
729 2722 914 2769 temporis
929 2734 997 2770 per

58 2773 226 2819 Italiam,
250 2773 513 2818 Germaniam,
527 2772 697 2821 aliasque
718 2775 894 2824 regiones
915 2786 995 2824 pro-

58 2831 223 2876 pagatus
243 2830 302 2864 est
320 2825 348 2863 ⁴.

111 2879 172 2916 84.
181 2880 313 2927 (ἕν-990
321 2881 411 2916 rius
427 2879 511 2915 XV
521 2879 719 2928 Pontifex
729 2879 813 2929 (cm.
828 2880 998 2930 1621)—

60 2931 101 2969 In
123 2932 237 2970 Pauli
271 2933 307 2969 V
341 2933 465 2969 locum
482 2961 490 2975 ,
510 2939 554 2967 νο
574 2932 658 2970 idus
678 2933 862 2970 februarii
887 2934 998 2980 1621,

60 2985 205 3023 electus
221 2985 294 3023 fuit
309 2985 517 3023 cardinalis
531 2985 748 3023 Alexander
760 2987 1000 3032 Ludovisius,

60 3038 323 3085 Bononiensis,
359 3050 505 3076 annum
540 3042 653 3075 natus
685 3039 754 3084 67,
786 3039 844 3076 vir
881 3041 998 3077 animi

60 3092 226 3129 candore
247 3099 286 3129 et
306 3093 420 3129 rebus
456 3091 654 3140 praeclare
684 3092 802 3140 gestis
823 3093 998 3131 omnibus

106 3196 113 3217 ¹
133 3198 162 3229 1‘.
181 3198 248 3230 193.
261 3217 297 3221 —
310 3199 323 3221 ²
343 3198 458 3235 ileu-ot,
480 3196 535 3236 Op.
553 3196 605 3228 cit.
620 3214 658 3218 —
672 3196 685 3217 3
702 3197 766 3227 Yid.
784 3207 809 3236 p.
828 3197 897 3228 200.

102 3238 116 3260 ⁴
132 3239 168 3269 ct·
181 3240 361 3277 Marsollier,
385 3239 454 3269 Veex
474 3238 511 3268 de
532 3247 555 3268 s.
575 3238 728 3274 Franrois
745 3238 782 3267 de
797 3238 901 3279 Sales,
914 3242 944 3271 et
966 3239 1002 3271 de

63 3287 87 3310 3.
102 3278 222 3313 Je'anrae
242 3280 412 3321 Frangeoise
427 3279 570 3313 Fremiol
592 3280 628 3310 de
647 3279 792 3312 Chct'ncal.

1837 193 1915 232 205

1033 271 1230 319 acceptus,
1252 269 1314 319 qui
1335 269 1406 307 sub
1428 269 1580 307 nomine
1601 268 1777 319 Gregorii
1797 269 1873 307 XV
1894 269 1970 307 Ec-

1032 322 1189 360 clesiam
1210 323 1314 361 rexit
1336 335 1455 372 usque
1473 324 1518 360 ad
1536 335 1678 360 annum
1695 322 1972 360 1623.1sinitio

1033 376 1286 424 pontificatus
1304 377 1362 414 sui
1384 376 1600 414 Iubilaeum
1635 376 1794 421 indixit,
1816 387 1890 424 quo
1910 376 1970 413 di-

1035 429 1169 467 vinum
1210 430 1398 467 auxilium
1438 431 1506 468 sibi
1547 442 1615 478 pro
1650 429 1751 467 felici
1773 429 1970 467 Ecclesiae

1034 483 1222 531 regimine
1234 486 1488 531 compararet.
1500 483 1709 520 Rationem
1724 483 1970 520 comitiorum

1033 536 1078 573 (10
1100 536 1288 573 electione
1309 536 1499 585 pontificis
1520 548 1588 585 per
1616 536 1802 585 suffragia
1821 538 1972 574 secreta

1034 587 1329 638 praescripsit¹;
1360 589 1580 627 Decessoris
1610 590 1666 626 sui
1699 591 1896 626 decretum
1927 590 1973 627 de

1035 642 1291 679 Immaculata
1312 642 1353 678 B.
1371 642 1423 679 M.
1444 643 1492 680 V.
1514 642 1770 691 Conceptione
1803 642 1972 691 amplia-

1035 696 1090 731 vit
1110 695 1329 743 prohibens,
1347 707 1392 731 ne
1408 696 1492 743 quis
1512 696 1627 732 etiam
1650 696 1687 732 in
1708 696 1871 745 privatis
1892 708 1971 733 ser-

1035 748 1211 785 monibus
1232 750 1302 785 aut
1323 749 1477 796 scriptis
1496 751 1700 794 assereret,
1716 761 1800 786 eam
1822 761 1908 786 cum
1930 761 1971 786 ο-

1032 801 1185 849 riginali
1208 804 1365 850 peccato
1387 801 1503 840 fuisse
1526 805 1765 850 conceptam,
1784 803 1905 840 donec
1925 814 1971 839 a-

1032 854 1122 891 liter
1142 866 1164 891 a
1184 866 1212 892 s.
1235 855 1335 892 Sede
1364 854 1462 891 foret
1495 855 1711 892 definitum.
1733 856 1793 893 Ad
1813 867 1969 904 promo-

1033 908 1178 945 vendos
1230 907 1428 956 religionis
1465 908 1700 945 christianae
1739 921 1969 958 progressus

1032 961 1202 998 instituit
1249 961 1599 1011 Congregationem
1640 962 1684 998 de
1721 963 2026 1011 propaganda...

1032 1015 1143 1061 Fide,
1163 1027 1184 1052 e
1208 1014 1255 1051 13
1271 1014 1548 1060 cardinalibus,
1567 1015 1591 1051 3
1612 1015 1796 1063 praelatis
1815 1019 1854 1052 et
1877 1016 1894 1053 1
1917 1028 1971 1053 se-

1032 1069 1199 1105 cretario
1220 1068 1486 1117 compositam,
1521 1068 1633 1105 cuius
1653 1071 1751 1106 esset
1770 1081 1905 1106 curare
1925 1082 1969 1106 o-

1034 1122 1137 1158 mnia
1153 1122 1199 1159 ad
1213 1122 1500 1170 propagandam
1520 1124 1559 1158 et
1571 1122 1875 1159 conservandam
1894 1122 1970 1159 ubi-

1034 1187 1108 1224 que
1130 1175 1361 1212 catholicam
1382 1174 1495 1211 fidem
1515 1174 1972 1224 pertinentia.1ntegrata

1034 1228 1248 1266 Clementis
1267 1228 1362 1265 VIII
1383 1227 1668 1265 Constitutione
1682 1258 1691 1274 ,
1710 1240 1757 1265 ne
1784 1228 1873 1266 Itali
1898 1241 1970 1266 ex-

1034 1284 1160 1319 torres
1181 1284 1384 1319 manerent
1406 1282 1442 1318 in
1465 1281 1572 1326 locis,
1590 1281 1655 1318 ubi
1675 1282 1777 1319 haud
1798 1282 1896 1319 liber
1915 1294 1974 1319 ca-

1035 1335 1203 1372 tholicae
1232 1335 1430 1384 religionis
1459 1335 1585 1372 cultus
1613 1338 1731 1382 esset,
1752 1335 1868 1372 aliam
1900 1335 1971 1372 ad-

1036 1401 1170 1426 versus
1207 1389 1423 1426 haereticos
1461 1388 1497 1425 in
1534 1388 1646 1425 Italia
1688 1393 1971 1426 commorantes

1036 1442 1300 1492 promulgavit
1311 1441 1656 1479 ².AMaximiliano
1673 1443 1768 1479 duce
1781 1442 1972 1480 Bavariae

1036 1496 1185 1544 accepit
1212 1495 1486 1533 bibliothecam
1508 1496 1752 1540 Palatinam,
1788 1508 1808 1533 e
1840 1495 1973 1533 multis

1036 1550 1301 1587 Hebraeorum
1317 1579 1325 1595 ,
1346 1549 1615 1595 Caldaeorum,
1636 1549 1829 1596 Arabum,
1845 1549 1973 1586 Grae-

1036 1615 1183 1648 corum,
1204 1603 1448 1648 Latinorum,
1472 1602 1660 1639 Italorum
1689 1604 1729 1640 et
1757 1603 1973 1640 Germano-

1036 1669 1119 1693 rum
1140 1656 1370 1705 scriptorum
1392 1655 1587 1693 codicibus
1608 1656 1899 1706 manuscriptis,
1920 1656 1971 1692 li-

1036 1711 1190 1759 brisque
1205 1710 1310 1759 typis
1325 1709 1439 1747 editis
1455 1710 1702 1758 compositam
1720 1722 1881 1759 eamque
1893 1710 1973 1746 Va-

1035 1764 1188 1800 ticanae
1210 1763 1364 1808 adiecit,
1380 1774 1478 1811 quae
1495 1775 1588 1800 vere
1610 1763 1682 1800 dici
1698 1765 1849 1812 poterat
1868 1763 1972 1800 chri-

1037 1817 1187 1855 stianae
1222 1816 1452 1853 eruditionis
1481 1817 1838 1853 armamentarium.
1869 1816 1974 1865 Sigi-

1037 1871 1201 1908 smundo
1230 1870 1312 1919 regi
1334 1869 1518 1907 Poloniae
1547 1870 1733 1907 adversus
1762 1870 1909 1907 Turcas
1937 1872 1975 1906 et

1036 1924 1285 1961 Ferdinando
1323 1923 1549 1972 imperatori
1589 1925 1723 1960 contra
1760 1923 1975 1960 haereticos

1035 1977 1179 2015 bellum
1201 1977 1444 2026 gerentibus,
1464 1977 1629 2024 pecunia
1658 1979 1697 2014 et
1716 1976 1837 2013 milite
1859 1989 1974 2025 prae-

1036 2034 1095 2069 sto
1116 2030 1199 2068 fuit.
1222 2030 1480 2068 Parisiensem
1501 2030 1717 2076 ecclesiam,
1733 2042 1755 2066 a
1771 2029 1976 2067 Senonensi

1037 2084 1330 2128 distractam,in
1349 2083 1591 2132 metropolim
1613 2083 1751 2129 erexit,
1768 2083 1880 2131 eique
1901 2083 1980 2120 suf-

1040 2138 1244 2186 fraganeas
1259 2137 1474 2186 assignavit
1489 2136 1670 2174 eeclesias
1687 2138 1978 2183 Cartonensem,

1038 2191 1358 2228 Aurelianensem
1379 2194 1418 2227 et
1442 2190 1678 2228 Meldensem
1699 2189 1724 2227 ³.
1759 2190 1915 2227 Festum
1947 2202 1976 2227 s.

1037 2246 1173 2282 Annae
1201 2245 1301 2282 sicut
1331 2244 1406 2281 alia
1425 2244 1540 2282 Festa
1569 2244 1616 2281 de
1641 2246 1845 2292 praecepto
1875 2243 1977 2280 cele-

1040 2298 1141 2335 brari
1182 2298 1315 2343 iussit3
1345 2297 1592 2342 Theresiam,
1632 2297 1853 2345 Philippum
1894 2296 1978 2333 Ne-

1041 2352 1139 2388 rium
1155 2351 1182 2398 4,
1200 2351 1392 2401 Ignatium
1410 2351 1611 2401 Loyolam,
1627 2351 1873 2387 Franciscum
1891 2350 1978 2386 Xa-

1080 2455 1091 2475 ¹
1109 2456 1210 2485 Const.
1228 2454 1266 2485 13
1282 2457 1311 2484 et
1329 2453 1378 2491 19,
1395 2463 1473 2493 quas
1491 2454 1633 2486 Urbanus
1644 2454 1715 2490 Vlll,
1729 2454 1794 2484 eius
1807 2463 1979 2491 successor,

1041 2497 1231 2527 confirmavit
1251 2495 1354 2527 Const.
1371 2495 1419 2526 47.
1433 2497 1507 2526 Tres
1527 2496 1781 2534 praescribuntur
1798 2497 1933 2526 rationes
1951 2505 1981 2525 e-

1040 2538 1156 2578 ligendi
1174 2538 1348 2568 Pontificem
1367 2539 1535 2568 Romanum
1549 2562 1556 2575 ,
1573 2546 1650 2576 quac
1671 2540 1832 2567 servantur
1863 2537 1901 2567 ad
1925 2537 1980 2566 ho-

1041 2580 1177 2610 diernam
1203 2579 1296 2609 diem:
1316 2578 1346 2608 ’1ἃ
1361 2588 1420 2619 per
1441 2578 1646 2615 scrutinium,
1664 2578 1727 2608 sive
1742 2579 1935 2608 scrutinium
1951 2579 1981 2609 et

1040 2629 1210 2657 accessum,
1227 2619 1263 2649 ⁹2³
1289 2629 1349 2660 per
1374 2620 1659 2660 compromissum,
1676 2618 1712 2649 3a
1734 2628 1793 2658 per
1814 2619 1903 2660 quasi
1929 2619 1981 2649 in-

1038 2662 1258 2702 spirationem.
1280 2663 1379 2692 Primo
1403 2662 1493 2691 modo
1518 2662 1547 2691 lit
1571 2662 1697 2694 electio.
1724 2661 1748 2690 si
1778 2670 1812 2691 ex
1842 2661 1981 2700 partibus

1041 2704 1141 2734 tribus
1158 2703 1376 2744 suflragiorum
1400 2703 1478 2733 duae
1508 2703 1653 2733 serantur.
1671 2703 1732 2732 Hoc
1755 2702 1846 2732 modo
1870 2702 1981 2732 suffra-

1041 2746 1093 2786 gia
1109 2745 1198 2775 laturi
1218 2744 1396 2776 cardinales
1412 2745 1594 2774 conveniunt
1617 2744 1663 2773 bis
1688 2744 1717 2773 in
1741 2743 1881 2783 singulos
1905 2744 1982 2779 dies,

1042 2795 1131 2817 mane
1159 2790 1228 2824 post
1254 2785 1366 2816 Missae
1391 2794 1514 2816 sacrum
1539 2788 1566 2814 et
1595 2793 1724 2823 vespere
1747 2789 1817 2823 post
1838 2786 1981 2824 hymnum

1048 2828 1126 2859 Veni
1142 2827 1277 2859 Creator
1299 2826 1451 2867 Spiritus.
1476 2826 1615 2856 Secundo
1639 2826 1729 2855 modo
1761 2826 1792 2856 fit
1814 2836 1881 2857 cum
1906 2828 1983 2857 Car-

1044 2869 1165 2900 dinales
1187 2870 1224 2899 de
1256 2868 1399 2908 eligendo
1419 2867 1561 2898 l‘ontitice
1586 2867 1796 2906 discrepantes
1821 2877 1910 2898 unum
1934 2868 1982 2898 vel

1043 2912 1146 2950 plures
1164 2909 1282 2950 eligunt
1299 2919 1331 2940 ex
1347 2910 1460 2940 Ordine
1479 2917 1689 2947 Sllfl,q[101'11m
1708 2907 1748 2938 ad
1761 2909 1920 2939 arbitrium
1938 2910 1985 2939 iu·

1044 2952 1218 2991 ‹liciumque
1242 2952 1348 2982 electio
1374 2950 1487 2980 redcat.
1520 2948 1627 2979 Tertio
1655 2950 1766 2985 modo,
1790 2959 1856 2980 curn
1875 2950 1983 2980 Cardi-

1046 2992 1132 3024 nales
1152 2994 1240 3033 quasi
1259 2991 1389 3031 Spiritus
1407 2991 1433 3020 S.
1453 2991 1576 3020 numine
1599 2991 1710 3027 afflati,
1728 2991 1859 3030 aliquem
1873 2993 1986 3021 unani-

1046 3036 1133 3065 miter
1149 3038 1178 3065 et
1195 3043 1253 3064 una
1272 3042 1358 3067 voce,
1374 3032 1458 3061 nullo
1476 3033 1600 3070 penitus
1618 3032 1826 3070 dissentiente,
1844 3042 1984 3072 pronun-

1045 3078 1119 3107 tiant
1136 3076 1290 3106 Summum
1309 3072 1493 3103 Pontificem.

1085 3117 1099 3137 ‘2
1116 3118 1217 3148 Const.
1232 3116 1282 3151 ⁹28,
1299 3120 1319 3145 t.
1331 3115 1371 3144 IIl
1391 3114 1570 3144 nullan-3
1585 3115 1698 3152 Spond.
1716 3115 1753 3144 ad
1772 3125 1820 3145 an.
1840 3115 1982 3145 '1621-023.

1086 3159 1099 3180 ⁴
1115 3159 1178 3187 Vid.
1190 3167 1216 3195 p.
1236 3157 1301 3187 iso.
1316 3157 1394 3185 lntcr
1414 3156 1520 3184 laudes
1546 3156 1614 3185 divo
1628 3155 1767 3195 Philippo
1791 3156 1939 3193 tributas,
1955 3158 1983 3188 in

1043 3200 1177 3231 Constit.
1193 3198 1229 3227 dc
1242 3198 1344 3235 Ipsius
1357 3198 1529 3226 (Iauonizat.
1548 3197 1586 3226 ab
1604 3197 1726 3228 Urbano
1745 3198 1810 3228 VIlI
1824 3223 1831 3235 ,
1849 3199 1984 3237 promul-

1044 3245 1126 3278 gata,
1145 3241 1222 3269 haec
1247 3239 1408 3275 leguntur:
1426 3237 1505 3269 Ecce
1528 3237 1564 3268 de
1582 3237 1794 3269 Novatoribus
1817 3240 1986 3270 revincen-

1047 3282 1114 3319 dis,
1131 3281 1178 3313 vel
1194 3280 1234 3311 ad
1250 3279 1428 3312 itomanam
1445 3279 1624 3312 Ecclesiam
1640 3280 1827 3314 reducendis
1843 3281 1984 3314 maxime
