2241 3473
243 161 322 202 386

184 246 310 282 fracte
329 243 532 285 divexant,
559 238 810 286 impudenter
837 247 1020 273 asserere
1059 247 1136 272 non

186 298 391 340 dubitant,
428 295 577 331 nullum
606 293 661 328 illi
700 303 724 328 a
761 302 804 328 se
842 290 982 326 inferri
1019 289 1136 326 detri-

186 354 385 392 mentum;
405 349 484 384 imo
500 346 741 382 calumniam
763 356 810 380 ac
828 343 1055 379 irrisionem
1074 342 1137 378 ad-

520 169 687 199 EPOCHA
707 169 796 196 XIII.
826 170 852 194 A
872 166 1057 194 PVBLICA
1079 166 1229 193 RERVM
1251 165 1292 191 IN
1317 165 1488 194 GALLIIS
1508 166 1800 196 SVBVERSIONE

1191 235 1358 271 minaria
1376 239 1416 271 et
1434 235 1612 272 instituta
1629 235 1696 283 pia
1714 248 1942 285 suppressa,
1960 237 2145 285 permulti

1190 288 1420 325 sacerdotes
1459 289 1539 325 suis
1580 288 1767 326 reditibus
1804 291 1949 337 privati
1971 319 1979 333 ‚
2019 290 2083 326 vel
2122 301 2144 326 e

1192 343 1304 389 regni
1329 342 1470 379 finibus
1495 343 1648 390 expulsi
1666 347 1770 388 sunt,
1790 345 1986 391 plurimae
2005 354 2144 390 paroe-

186 405 325 442 dentes
339 396 1137 445 iniuriae‚saevientempersequutionem
1192 396 1277 431 ciae
1303 396 1383 431 suis
1410 396 1574 431 orbatae
1601 397 1852 443 pastoribus,
1884 409 2000 445 quum
2034 407 2147 432 cura-

188 459 282 494 vitio
307 461 468 493 vertere
495 465 572 489 non
599 458 790 490 verentur
825 451 1138 494 catholicorum;

189 511 366 554 scilicet,
394 509 494 557 quod
526 519 663 545 eorum
692 507 906 545 Praesules
937 508 977 541 et
1002 504 1139 542 Clerus

189 576 269 602 una
295 576 383 601 cum
416 562 522 599 fideli
553 562 694 609 populo
732 562 938 610 praeferre
971 561 1141 594 renuant

190 618 315 655 civilis
342 616 501 664 Imperii
522 616 631 663 leges
657 619 698 652 et
717 616 864 664 placita
882 611 1141 649 sanctissimis

191 673 262 709 Dei
296 675 337 709 et
371 670 575 707 Ecclesiae
608 670 788 716 legibus,
821 672 861 705 et
894 679 917 704 a
955 665 1141 713 religioso

191 726 318 764 officio
335 736 406 762 suo
424 724 648 761 desciscere
668 724 816 760 idcirco
839 724 1037 759 recusent.
1058 719 1144 756 Uti-

190 792 282 817 nam
310 779 556 828 publicarum
585 790 719 814 rerum
750 776 1042 817 moderatores,
1061 773 1143 809 diu-

191 840 308 872 turna
333 834 437 870 docti
464 833 711 880 experientia
729 861 737 876 ‚
765 832 839 868 sibi
865 830 1026 867 tandem
1056 839 1144 864 sua-

191 890 334 931 deant,
362 899 411 925 ex
437 898 575 924 eorum
603 886 770 923 subditis
800 884 1002 921 neminem
1029 893 1143 918 accu-

190 944 314 980 ratius
329 941 536 979 catholicis
562 941 730 978 reddere
757 939 922 977 Caesari
938 948 1037 985 quae
1054 940 1146 972 sunt

191 996 396 1040 Caesaris,
424 995 511 1032 ideo
540 995 777 1043 praesertim
797 1023 805 1037 ‚
833 992 931 1041 quod
959 990 1144 1037 religiose

191 1051 358 1089 reddere
373 1050 559 1087 studeant
577 1060 675 1097 quae
690 1052 782 1084 sunt
800 1047 872 1083 Dei
890 1047 973 1082 Deo
990 1058 1026 1080 ».

239 1105 338 1142 Dein
357 1105 397 1141 in
417 1104 605 1140 Borussia
625 1103 739 1139 annis
758 1102 849 1139 1873
870 1105 909 1137 et
928 1100 1020 1137 1874
1044 1099 1145 1135 aliae

192 1163 301 1209 leges
318 1161 424 1196 latae
442 1162 545 1202 sunt,
565 1158 716 1206 quibus,
732 1155 948 1194 eliminatis
967 1154 1147 1190 articulis

194 1217 297 1253 illius
311 1214 425 1262 regni
439 1209 1146 1255 Constitutionis‚libertatiEcclesiae

193 1269 431 1312 faventibus,
451 1267 536 1315 ipsa
563 1267 744 1304 Ecclesia
770 1265 964 1302 catholica
990 1264 1029 1299 in
1057 1275 1145 1300 con-

195 1325 383 1361 ditionem
398 1321 665 1359 miserrimam
687 1321 955 1368 redigebatur.
973 1318 1147 1354 Proscri—

196 1383 289 1427 ptae
316 1381 408 1414 sunt
441 1387 579 1413 omnes
606 1377 690 1412 fere
717 1374 1063 1422 Congregationes
1089 1384 1149 1409 re-

196 1434 390 1481 ligiosae;
418 1431 666 1469 Clericorum
696 1433 831 1466 autem
862 1428 1148 1464 institutionem

195 1493 236 1525 et
254 1485 529 1524 educationem
547 1484 781 1531 gubernium
811 1483 936 1519 laicae
963 1481 1147 1529 potestati

197 1543 253 1578 ita
279 1540 472 1583 subiecit,
497 1543 540 1575 ut
565 1539 614 1574 ad
641 1538 743 1574 hanc
775 1538 995 1585 pertineret
1027 1535 1147 1583 inqui-

196 1607 287 1632 rere
313 1606 360 1631 ac
386 1593 606 1630 decernere
625 1621 633 1636 ‚
662 1591 857 1639 quomodo
893 1589 1030 1626 clerici
1063 1600 1150 1625 eru-

195 1649 324 1686 diendi
350 1651 390 1685 et
414 1647 588 1694 fingendi
617 1650 750 1683 essent
776 1645 825 1681 ad
856 1643 1148 1681 sacerdotalem

195 1704 318 1740 vitam
357 1705 396 1739 et
426 1701 679 1749 pastoralem⁴
715 1700 836 1736 Laica
872 1703 1049 1746 potestas
1090 1700 1150 1733 ius

196 1767 348 1805 quoque
382 1755 453 1792 sibi
485 1754 652 1791 adscivit
685 1752 951 1802 cognoscendi
983 1756 1024 1788 et
1058 1751 1151 1788 iudi-

197 1810 351 1847 dicandi
376 1809 424 1846 de
451 1809 661 1845 collatione
689 1807 861 1844 cuiusvis
887 1806 1006 1842 officii
1026 1810 1065 1842 et
1089 1806 1153 1842 be·

198 1864 327 1902 neficii
355 1863 632 1907 ecclesiastici,
653 1867 768 1910 atque
788 1862 910 1898 etiam
929 1871 1066 1896 sacros
1087 1872 1151 1907 pa-

197 1923 327 1955 stores
341 1917 468 1953 officio
480 1921 520 1953 et
530 1917 720 1953 beneficio
731 1915 924 1963 privandi.
935 1914 1154 1951 Praeterea

199 1973 313 2019 plura
339 1971 479 2007 iisdem
507 1970 660 2018 legibus
687 1970 833 2006 iniecta
867 1974 958 2005 sunt
992 1968 1154 2016 impedi-

198 2030 335 2062 menta
360 2024 568 2072 Episcopis
590 2053 598 2069 ,
626 2024 834 2072 quominus
863 2035 931 2070 per
963 2034 1154 2059 censuras

199 2090 426 2127 poenasque
446 2079 660 2114 canonicas
679 2077 761 2113 sive
782 2077 1007 2112 animarum
1022 2077 1154 2121 saluti,

198 2134 281 2170 sive
308 2132 509 2169 sanctitati
536 2132 744 2168 doctrinae
772 2131 810 2166 in
830 2131 975 2167 scholis
994 2131 1157 2167 catholi-

199 2188 274 2230 cis,
294 2187 376 2223 sive
403 2185 589 2233 obsequio
617 2186 688 2221 sibi
717 2196 740 2221 a
767 2185 922 2222 clericis
941 2184 1070 2221 debito
1090 2197 1154 2233 op-

199 2245 366 2288 portune
395 2240 688 2288 prospicerent;
711 2250 790 2274 non
819 2239 937 2275 aliter
957 2239 1063 2274 enim
1085 2252 1155 2286 pei·

200 2306 269 2331 eas
296 2295 407 2341 leges
438 2294 498 2329 fas
525 2293 597 2329 fuit
632 2292 839 2340 Episcopis
873 2293 970 2329 haec
1003 2304 1154 2340 agere,

198 2360 314 2396 quam
342 2349 452 2385 iuxta
480 2347 669 2396 placitum
690 2347 816 2383 civilis
835 2348 1089 2384 auctoritatis
1116 2353 1156 2384 et

199 2403 247 2439 ad
280 2414 459 2439 normam
492 2402 539 2438 ab
575 2403 660 2449 ipsa
688 2402 947 2449 propositam.
983 2402 1150 2438 Domum

201 2458 354 2504 regium
384 2456 552 2493 tribunal
582 2467 652 2504 pro
671 2455 957 2492 ecclesiasticis
980 2457 1149 2503 negotiis

203 2510 425 2547 institutum
451 2510 536 2554 fuit,
557 2521 632 2558 quo
652 2510 787 2545 vocari
803 2510 952 2557 possint
970 2510 1155 2557 Episcopi

200 2565 380 2612 sacrique
408 2565 614 2608 Pastores,
640 2575 726 2600 cum
756 2574 779 2599 a
806 2563 971 2611 privatis
991 2564 1157 2600 homini-

204 2619 288 2662 bus,
318 2620 380 2666 qui
409 2619 456 2655 iis
481 2619 661 2662 subsunt,
681 2623 764 2654 tum
791 2629 814 2653 a
842 2617 1005 2665 publicis
1034 2619 1154 2666 magi-

203 2673 409 2715 stratibus,
429 2676 470 2709 ut
497 2684 655 2709 reorum
686 2672 811 2708 instar
841 2671 1023 2707 iudicium
1044 2673 1156 2708 susti-

203 2731 349 2771 noant,
384 2732 424 2763 et
451 2727 489 2763 in
517 2727 708 2764 exercitio
736 2725 951 2774 spiritualis
981 2727 1157 2762 muneris

203 2785 466 2818 coerceantur
494 2784 519 2815 ¹.

250 2835 378 2875 Quum
398 2847 494 2872 vero
513 2835 621 2873 hisce
651 2835 814 2883 aliisque
847 2834 1039 2870 similibus
1067 2835 1158 2882 legi-

203 2889 273 2924 bus
292 2888 504 2926 Praesules
540 2894 579 2926 et
605 2890 743 2927 Clerus
769 2889 881 2925 salva
917 2889 1160 2925 conscientia

202 2943 454 2990 acquiescere
483 2955 558 2979 non
588 2949 749 2991 possent
773 2972 780 2987 ,
809 2942 986 2990 adeoque
1019 2954 1157 2979 earum

203 2996 519 3033 observationem
571 2998 834 3041 declinarent,
879 2996 1160 3033 molestissima

205 3050 406 3087 Ecclesiae
434 3052 652 3088 catholicae
681 3051 838 3088 vexatio
866 3051 970 3087 sacta
988 3056 1059 3087 est.
1082 3052 1160 3087 Ali-

205 3103 334 3149 quiex
351 3106 553 3153 Episcopis
574 3106 610 3141 in
631 3106 813 3142 iudicium
831 3106 1160 3148 vocati‚mulctis‚

207 3160 512 3202 carcere‚exili0
531 3161 766 3211 ai'i'ecti‚irno
786 3159 950 3207 depositi
970 3164 1073 3204 sunt,
1095 3161 1160 3196 Se-

261 3265 266 3285 ¹
291 3265 593 3309 i·i‹1.Encyclicam
614 3269 659 3302 Pii
681 3269 734 3310 l‘p.
755 3268 796 3300 lx
823 3269 885 3300 ilici
902 3268 938 3300 21
968 3277 1040 3299 nov.
1062 3268 1161 3301 1873.

1195 449 1239 485 tis
1276 449 1470 486 defunctis
1509 451 1608 486 alios
1645 450 1827 487 sufficere
1854 451 2041 499 Episcopi
2078 450 2147 486 im-

1196 503 1438 550 pedirentur.
1459 504 1537 540 Sed
1564 505 1603 540 in
1629 505 1713 540 istis
1739 505 1932 551 angustiis
1956 509 2038 541 turn
2057 504 2148 552 Epi-

1193 558 1328 605 scopi,
1356 562 1437 594 tum
1464 558 1694 594 sacerdotes
1711 587 1719 602 ,
1754 558 2004 604 paucissimis
2035 569 2150 595 exce-

1196 612 1296 658 ptis,
1324 623 1512 659 magnum
1540 618 1580 649 et
1608 612 1858 660 praeclarum
1884 612 2083 648 firmitatis
2110 616 2151 648 et

1196 667 1440 703 constantiae
1478 667 1703 713 exemplum
1742 666 1992 713 praebuere;
2031 669 2149 713 atque

1197 719 1316 756 etiam
1347 721 1482 757 fideles
1516 720 1733 757 universim
1766 720 1958 767 singulari
1991 720 2149 756 fervore

1198 785 1309 810 suam
1336 786 1434 822 erga
1461 776 1659 822 legitimos
1678 779 1858 822 pastores
1881 773 2148 810 obedientiam

1197 833 1238 864 et
1263 839 1458 873 amorem,
1487 840 1534 865 ac
1560 841 1602 865 se
1630 828 1915 865 addictissimos
1942 828 2147 864 Ecclesiae

1198 882 1420 919 catholicae
1447 883 1718 919 ostenderunt.
1738 883 2027 919 Gravissimam
2045 881 2149 917 hanc

1198 939 1338 972 contra
1363 937 1509 972 Christi
1542 937 1768 973 Ecclesiam
1803 936 2122 984 persecutionem
2141 963 2150 979 ‚

1199 1001 1296 1027 voce
1324 991 1481 1027 noviter
1502 1003 1611 1035 cusa,
1630 1002 1706 1038 qua
1723 991 1854 1027 fucum
1876 991 2057 1027 facerent
2075 989 2153 1037 ple-

1200 1045 1249 1089 bi,
1288 1046 1574 1081 contentionem
1608 1057 1684 1093 pro
1726 1044 1919 1081 civilitate
1958 1043 2153 1087 (Kalliar-

1198 1098 1357 1147 lcampf)
1383 1107 1673 1147 nuncuparunt.
1946 1110 1948 1113 ·

1247 1154 1305 1189 De
1333 1154 1391 1190 his
1419 1154 1600 1190 meminit
1625 1165 1777 1201 quoque
1811 1153 1907 1190 Pius
1936 1153 2007 1201 Pp.
2034 1153 2091 1189 IX
2116 1152 2155 1188 in

1200 1212 1516 1244 commemorata
1552 1208 1765 1256 Encyclica
1798 1209 1847 1244 ad
1880 1219 2019 1244 omnes
2046 1206 2156 1243 orbis

1201 1263 1383 1298 catholici
1403 1262 1721 1310 Episcopos,diei
1737 1262 1780 1298 21
1803 1262 2028 1298 novembris
2048 1261 2153 1304 1873,

1200 1320 1240 1352 et
1258 1317 1410 1353 meritis
1426 1316 1602 1352 laudibus
1616 1316 1879 1352 cohonestatis
1896 1315 2099 1359 Pastores,
2117 1318 2157 1351 et

1200 1382 1367 1418 gregem
1384 1370 1540 1407 fidelem
1560 1371 1792 1414 Berussiae,
1819 1381 1887 1406 eos
1905 1370 1954 1405 ab
1981 1369 2156 1418 impacta

1201 1425 1400 1460 calumnia
1419 1425 1474 1460 sic
1491 1424 1689 1460 defendit:
1716 1424 1879 1460 «Facile
1907 1423 2128 1471 intelligitis
2146 1452 2155 1466 ‚

1201 1483 1345 1526 quanto
1362 1479 1482 1514 animi
1497 1478 1632 1514 dolore
1648 1479 1731 1514 Nos
1750 1479 1852 1515 affici
1867 1478 2092 1526 oportuerit
2107 1478 2158 1514 le-

1202 1538 1344 1580 gentes
1358 1533 1396 1568 in
1412 1534 1580 1579 epistola
1595 1545 1719 1580 nuper
1731 1533 1779 1569 ad
1794 1533 1876 1569 Nos
1891 1534 1985 1570 data
2006 1533 2054 1569 ab
2073 1533 2157 1580 ipso

1202 1587 1441 1623 Germanico
1470 1587 1717 1634 Imperatore
1744 1587 2062 1623 criminationem
2081 1597 2159 1622 non

1204 1641 1330 1677 minus
1348 1646 1540 1685 atrocem,
1556 1652 1672 1688 quam
1695 1640 1938 1687 insperatam
1967 1640 2159 1677 adversus

1204 1701 1375 1743 partem,
1390 1700 1432 1731 ut
1450 1696 1532 1742 ipse
1548 1695 1920 1740 ait,Catholicorum
1943 1695 2014 1731 sibi
2033 1694 2159 1731 subdi-

1206 1754 1348 1792 torum,
1380 1749 1616 1797 praesertim
1644 1761 1740 1785 vero
1776 1749 1967 1786 adversus
1999 1749 2160 1786 catholi-

1205 1816 1294 1840 cum
1310 1805 1548 1840 Germaniae
1563 1804 1723 1840 Clerum
1740 1807 1779 1839 et
1794 1803 2022 1851 Episcopos.
2041 1802 2161 1839 Cuius

1206 1859 1493 1895 criminationis
1511 1869 1560 1894 ea
1579 1868 1700 1894 causa
1719 1861 1793 1901 est,
1809 1857 1909 1905 quod
1926 1857 1966 1893 hi
1983 1869 2056 1894 nec
2080 1856 2163 1892 vin-

1207 1915 1295 1950 cula
1322 1919 1361 1950 et
1388 1912 1664 1949 tribulationes
1689 1916 1890 1956 verentes,
1918 1923 1990 1948 nec
2017 1912 2163 1949 facien-

1209 1975 1266 2005 tes
1293 1968 1467 2004 animam
1495 1978 1606 2002 suam
1641 1966 1916 2013 pretiosiorem
1944 1977 2059 2014 quam
2093 1978 2160 2010 se,

1210 2034 1352 2071 parere
1374 2026 1561 2058 recusent
1576 2020 1896 2057 commemoratis
1914 2020 2080 2068 legibus,
2098 2032 2163 2058 ea-

1208 2077 1295 2113 dem
1325 2076 1563 2119 constantia,
1583 2086 1658 2122 qua
1686 2075 1914 2122 priusquam
1941 2075 2032 2112 illae
2060 2076 2164 2112 iube-

1211 2136 1362 2174 rentur,
1385 2129 1593 2178 protestati
1620 2130 1776 2165 fuerant
1795 2128 2080 2166 denunciantes
2098 2141 2163 2167 ea-

1212 2198 1294 2221 rum
1323 2184 1434 2227 vitia,
1457 2183 1839 2231 expostulationibus
1857 2183 2054 2230 explicata
2073 2195 2162 2232 gra-

1210 2239 1319 2275 vibus
1337 2267 1345 2282 ,
1376 2238 1609 2279 luculentis,
1642 2237 1890 2273 solidissimis
1911 2267 1919 2281 ,
1955 2249 2051 2285 quas
2080 2243 2162 2276 toto

1212 2293 1420 2341 plaudente
1455 2292 1548 2328 orbe
1585 2291 1806 2335 catholico,
1840 2296 1881 2328 et
1911 2303 1989 2328 non
2029 2294 2164 2341 paucis

1211 2348 1332 2385 etiam
1352 2359 1400 2383 ex
1420 2345 1685 2388 heterodoxis,
1704 2346 1896 2394 Principi,
1921 2347 2164 2385 administris

1209 2403 1310 2445 eius,
1339 2407 1453 2449 atque
1491 2401 1586 2447 ipsis
1612 2401 1810 2448 supremis
1843 2402 1957 2448 regni
1983 2403 2165 2440 Comitiis

1209 2456 1485 2493 exhibuerant.
1515 2456 1575 2491 Ob
1611 2466 1698 2491 eam
1727 2466 1810 2491 rem
1843 2467 1945 2493 nunc
1977 2456 2048 2503 ipsi
2075 2468 2164 2504 per-

1209 2510 1415 2547 duellionis
1450 2510 1616 2546 crimine
1650 2510 1952 2555 insimulantur,
1985 2511 2095 2558 quasi
2125 2510 2164 2546 in

1210 2576 1328 2600 unum
1345 2565 1595 2600 consentiant
1610 2568 1649 2600 et
1668 2566 1899 2612 conspirent
1913 2576 2000 2601 cum
2022 2565 2084 2609 iis,
2100 2567 2164 2613 qui

1210 2631 1349 2655 omnes
1376 2618 1571 2655 humanae
1598 2619 1799 2655 societatis
1826 2619 1985 2656 ordines
2012 2624 2164 2667 pertur-

1211 2674 1305 2709 bare
1326 2673 1517 2715 nituntur,
1539 2672 1770 2720 posthabitis
1789 2673 2006 2710 innumeris
2024 2702 2033 2717 ‚
2053 2685 2164 2721 prae-

1210 2727 1403 2774 clarisque
1420 2727 1682 2773 argumentis,
1694 2738 1792 2774 quae
1811 2729 2084 2764 inconcussam
2101 2738 2164 2764 eo-

1213 2793 1296 2816 rum
1329 2782 1442 2817 iidem
1473 2786 1510 2817 et
1536 2781 1832 2817 observantiam
1859 2783 1897 2816 in
1924 2781 2166 2829 Principem,

1211 2836 1457 2882 studiumque
1477 2836 1682 2871 incensum
1698 2846 1797 2882 erga
1812 2835 1980 2882 patriam
2007 2835 2167 2873 eviden-

1214 2893 1273 2925 ter
1303 2894 1509 2925 testantur.
1530 2890 1610 2925 lmo
1626 2889 1708 2925 Nos
1727 2889 1797 2936 ipsi
1819 2901 2020 2937 rogamur,
2036 2895 2079 2927 ut
2104 2901 2166 2927 ca-

1215 2944 1375 2979 tholicos
1396 2944 1481 2979 illos
1496 2948 1536 2979 et
1550 2955 1689 2979 sacros
1705 2944 1894 2981 Pastores
1909 2944 2166 2982 adhortemur

1214 2998 1259 3032 ad
1280 3010 1417 3034 earum
1439 2999 1569 3043 legum
1589 2998 2012 3047 observantiam‚quod
2031 3011 2079 3036 eo
2098 3010 2164 3035 va-

1216 3053 1267 3087 let
1296 3057 1339 3087 ut
1366 3052 1553 3088 Nostram
1583 3053 1656 3099 lpsi
1683 3064 1847 3100 operam
1875 3054 1988 3102 gregi
2016 3054 2163 3091 Christi

1214 3106 1472 3152 opprimendo
1487 3111 1527 3142 et
1541 3105 1803 3153 dispergendo
1815 3108 2077 3144 conferamus.
2088 3108 2166 3144 Ve-

1217 3171 1300 3194 rum
1338 3161 1418 3196 Deo
1460 3160 1548 3196 srcti
1582 3161 1841 3205 confidimus,
1869 3161 2165 3198 serenissimum

1221 3214 1503 3259 Imperatorem
1523 3243 1531 3258 ,
1559 3214 1674 3250 rebus
1702 3216 1843 3252 melius
1872 3215 2087 3263 compertis
2118 3226 2166 3252 ac

1219 3267 1438 3313 perpensis,
1456 3268 1695 3305 reiecturum
1709 3269 1971 3316 suspicionem
1988 3272 2069 3305 tam
2086 3270 2165 3306 ina-
