2241 3473
225 143 251 181 8
700 147 858 175 EPOCHA
886 147 910 173 1.
940 148 968 174 A
995 144 1244 173 NATIVITATE
1271 144 1360 171 msv
1391 144 1551 172 cmusm

172 215 298 254 multa
325 214 489 253 suadent
521 212 546 250 ¹.
578 211 734 250 Pariter
761 211 863 247 Acta
892 208 1015 246 Pilati
1043 220 1113 246 seu

173 268 402 307 relationem
423 268 470 304 de
490 267 576 304 Iesu
597 264 748 302 Christo
761 263 808 300 ad
823 261 1028 299 Tiberium
1042 261 1112 298 im-

173 324 407 371 peratorem,
427 319 559 369 qualia
577 317 690 355 hodie
705 316 908 365 leguntur,
929 327 1013 352 esse
1029 327 1116 363 sup-

172 375 359 425 posititia,
388 376 519 411 censet
546 370 720 408 maxima
739 369 982 407 eruditorum
1002 379 1115 417 pars3

173 428 354 477 quamvis
372 427 521 465 sincera
540 427 641 461 Acta
659 423 781 460 Pilati
802 423 996 471 quondam
1015 423 1114 459 exti-

172 481 282 529 tisse,
295 482 361 520 sed
382 482 516 529 postea
534 477 654 515 fuisse
675 475 911 525 interpolata
925 479 965 512 et
985 487 1118 512 corru-

172 539 253 586 pta,
272 532 599 573 verisimillimum
619 530 681 576 sit,
704 541 795 567 cum
815 529 888 579 ipsi
909 530 1050 567 Patres
1071 540 1117 566 ea

173 586 516 627 commemorarint
526 583 552 622 ².
573 584 725 622 Asserit
748 582 1031 628 Tertullianus,
1055 581 1118 619 Ti·

171 642 323 680 berium
343 639 531 678 relatione
551 637 671 675 Pilati
686 639 918 686 permotum,
933 636 982 674 ad
1009 648 1117 673 sena-

171 699 256 733 tum
276 693 455 732 retulisse
476 693 523 730 de
543 691 750 729 inserendo
771 691 925 728 Christo
945 690 1032 728 Iesu
1054 689 1116 726 in-

171 752 234 786 ter
253 748 354 794 deos,
373 748 556 784 senatum
576 757 673 783 vero
693 745 733 782 id
752 744 958 792 respuisse.

225 801 426 839 Celebrius
443 802 502 837 est
516 798 645 837 Flavii
662 797 818 847 Iosephi
833 798 880 835 de
894 797 1049 835 Christo
1064 798 1120 834 te-

171 854 412 893 stimonium:
434 866 457 891 ‹<
478 853 625 891 Eodem
645 854 824 901 tempore
840 880 850 897 ,
869 850 999 899 inquit
1012 880 1022 897 ,
1043 849 1124 887 fuit·

172 909 292 954 Iesus,
313 908 374 945 vir
394 907 570 957 sapiens,
591 906 623 943 si
642 908 774 943 tamen
794 904 927 941 virum
947 915 1037 941 eum
1057 903 1119 940 di-

173 973 261 1000 cere
290 961 349 1000 fas
364 964 435 999 est.
456 961 554 998 Erat
572 960 677 998 enim
698 957 936 996 mirabilium
956 969 1118 1007 operum

172 1018 372 1066 patrator,
387 1017 426 1053 et
455 1015 588 1052 doctor
603 1024 741 1051 eorum
771 1011 837 1060 qui
862 1011 1032 1049 libenter
1052 1022 1119 1047 ve-

171 1081 259 1107 rum
271 1069 450 1115 audiunt3
462 1080 496 1105 m
504 1068 681 1117 ultosque
690 1068 772 1104 tam
783 1066 828 1103 de
838 1064 994 1102 Iudaeis
1002 1076 1118 1113 quam

172 1124 218 1161 de
247 1123 429 1173 gentibus
450 1123 664 1160 sectatores
684 1120 834 1158 habuit.
856 1118 1037 1157 Christus
1056 1117 1118 1155 hic

173 1181 261 1215 erat
282 1175 425 1228 (alias:
446 1175 678 1213 credebatur
697 1173 759 1211 hic
778 1171 985 1222 Christus),
1004 1182 1120 1220 quem

172 1233 399 1268 accusatum
410 1242 433 1267 a
444 1229 572 1278 gentis
583 1230 738 1265 nostrae
750 1225 1119 1275 principibus,quum

173 1283 328 1322 Pilatus
355 1285 483 1321 crucis
511 1281 698 1332 supplicio
719 1279 952 1326 addixisset,
973 1278 1120 1316 nihilo-

172 1337 300 1375 minus
328 1338 636 1386 perseverarunt
664 1347 754 1372 eum
783 1333 964 1383 diligere,
985 1332 1049 1381 qui
1071 1332 1119 1369 ab

172 1391 284 1428 initio
313 1392 535 1440 coeperant.
565 1388 759 1438 Apparuit
787 1387 892 1424 enim
921 1386 969 1424 iis
1002 1385 1120 1423 tertia

173 1445 235 1482 die
250 1445 451 1482 redivivus
464 1474 473 1490 ,
493 1444 549 1481 ita
569 1446 613 1480 ut
632 1443 679 1480 de
699 1454 743 1479 eo
763 1443 876 1479 vates
896 1440 968 1477 hoc
988 1443 1027 1477 et
1042 1439 1121 1477 alia

173 1499 297 1536 multa
323 1497 609 1547 praedixerint3
629 1498 669 1533 et
689 1507 808 1544 usque
828 1495 867 1532 in
887 1493 1119 1531 hodiernum

173 1552 275 1590 diem
304 1551 616 1590 Christianorum
644 1560 788 1598 genus,
809 1549 856 1586 ab
876 1559 921 1584 eo
940 1546 1118 1584 denomi-

173 1608 311 1644 natum
333 1617 408 1642 non
429 1603 562 1642 deficit
581 1601 596 1624 ³
616 1614 652 1641 ».

225 1659 442 1697 Praeterea
461 1658 508 1695 de
528 1656 771 1706 apparitione
787 1653 924 1693 stellae
941 1665 1065 1691 novae
1081 1655 1121 1690 et

172 1713 399 1752 adoratione
418 1711 625 1760 Magorum
644 1708 816 1758 loquitur
840 1707 1062 1745 Chalcidius
1091 1704 1118 1744 ⁴.

173 1767 342 1806 Caedem
363 1765 571 1803 infantium
590 1764 700 1801 iussu
720 1761 888 1801 Herodis
907 1763 1120 1810 patratam,

173 1819 351 1858 meminit
378 1817 601 1857 Macrobius
638 1815 665 1854 ⁵.
701 1816 800 1854 Solis
838 1814 1093 1853 defectionem
1110 1843 1120 1860 ,

172 1885 272 1923 quae
300 1872 465 1921 contigit
482 1871 523 1909 in
543 1872 669 1908 morte
697 1869 864 1914 Christi,
885 1879 1120 1905 commemo-

172 1929 235 1965 rat
251 1926 428 1975 Phlegon
441 1923 469 1962 6.
490 1925 689 1962 Christum
722 1923 942 1972 imperante
963 1921 1120 1958 Tiberio

173 1980 245 2019 sub
265 1980 404 2017 Pontio
419 1978 549 2016 Pilato
565 1978 828 2026 gubernatore
844 1975 1015 2013 Iudaeae
1031 1973 1122 2011 fuis-

173 2046 213 2073 se
233 2032 422 2083 supplicio
442 2031 639 2076 affectum,
672 2029 796 2069 refert
811 2028 973 2066 Tacitus
988 2025 1015 2066 ⁷.
1032 2027 1121 2064 Alia

173 2087 239 2126 alii
258 2086 401 2125 litteris
421 2085 703 2135 consignarunt
717 2082 747 2122 ⁸.

216 2200 224 2221 ¹
242 2198 339 2231 Nalal.
355 2198 438 2229 Alex.
451 2222 458 2234 ,
474 2196 568 2227 Hisc.
584 2196 659 2228 eccl.
675 2205 755 2227 saec.
771 2195 794 2233 1,
811 2194 884 2225 diss.
902 2193 950 2225 213.

213 2241 227 2262 ⁹
244 2242 271 2272 S.
289 2241 402 2277 lustin„
417 2239 551 2278 Apoloy.
570 2239 589 2275 1,
603 2247 632 2269 n.
645 2238 699 2275 35;
712 2237 902 2271 Tertullian„
915 2234 1051 2278 Apoloy.
1066 2243 1090 2264 c.
1104 2233 1123 2264 5

173 2277 1046 2320 et⁶21;Euseb.,Ilisc.ecct1.1{,c.⁶2.CsBouand.‚Acc.
1063 2275 1122 2306 SS.

174 2327 194 2358 5
209 2325 358 2361 februar.;
376 2324 458 2358 item,
474 2322 570 2352 Bible
586 2321 791 2361 d’Aviqnon,
808 2324 878 2350 tom.
895 2319 969 2355 xm,
985 2327 1013 2357 p.
1031 2316 1099 2348 513.

215 2367 230 2390 3
245 2365 426 2405 Antiquat.
443 2364 516 2394 iud.
533 2364 550 2394 l.
568 2364 665 2401 xvul,
682 2373 707 2393 c.
727 2362 754 2394 4.
772 2362 835 2392 Hoc
852 2361 971 2399 Iosephi
988 2359 1123 2390 testimo-

173 2409 257 2440 nium
278 2417 348 2439 esse
365 2406 533 2447 genuinum
551 2408 658 2435 contra
675 2403 826 2443 quosdam
843 2402 1032 2433 recentiores
1049 2409 1125 2440 pro—

174 2451 288 2482 barunt
309 2447 428 2479 Natalis
452 2446 635 2483 Alexander,
659 2445 751 2476 Hist.
776 2444 849 2476 eccl.
872 2444 906 2474 V.
935 2443 970 2474 T.
989 2442 1062 2473 diss.
1081 2443 1124 2479 x3

176 2493 262 2534 Pagi,
279 2489 410 2522 Critica
426 2489 465 2520 in
482 2487 636 2519 Baronii
652 2487 805 2518 Annales
822 2485 860 2516 ad
877 2495 925 2516 an.
943 2484 999 2522 32;
1016 2484 1049 2514 H.
1067 2484 1123 2514 Va-

176 2535 280 2571 lesius,
293 2532 455 2563 Adnotat.
467 2529 506 2560 in
520 2529 663 2560 Eusebii
675 2529 764 2559 Hist.
781 2527 856 2559 eccl.
871 2527 890 2557 l.
906 2528 932 2562 1;
948 2527 979 2557 G.
995 2527 1123 2560 caveus.

176 2573 343 2606 Historia
366 2571 564 2607 litteraria;
590 2571 676 2609 fluet,
700 2570 941 2601 Demonstrat.
959 2567 1121 2606 Evanyel.

175 2626 261 2657 prop.
286 2616 338 2652 llI;
360 2615 534 2645 Honoratus
553 2622 570 2642 a
586 2621 609 2643 s.
629 2613 734 2649 Maria,
751 2610 870 2650 Reyul.
902 2609 981 2641 crit.
1009 2611 1027 2638 t.
1062 2609 1097 2639 III
1115 2632 1122 2645 ‚

176 2659 233 2689 dis.
256 2657 291 2694 4;
315 2658 344 2687 C.
368 2654 510 2691 Daubuz,
534 2655 606 2685 Pro
631 2653 829 2684 testimonio
852 2651 900 2682 Fl.
924 2649 1061 2690 Iosephi
1084 2650 1124 2680 de

175 2699 257 2731 Iesu
282 2697 421 2728 Christo
443 2695 527 2726 libri
549 2695 594 2733 II,
620 2695 745 2726 Londini
768 2694 858 2730 170&
874 2694 891 2724 l.
910 2695 939 2723 (ἱ.
958 2693 1122 2728 immarus,

176 2739 389 2772 Dissertatio
411 2738 489 2768 hist.
513 2738 580 2768 eccl
607 2736 645 2766 in
663 2737 710 2767 ΓΙ.
728 2734 864 2775 Iosephi
880 2733 1121 2765 testimonium

176 2784 216 2814 de
235 2781 385 2817 Christo;
402 2781 434 2809 D.
451 2781 571 2816 Martin,
588 2778 827 2808 Dissertatiun
846 2776 998 2815 critique
1013 2785 1079 2805 sw-
1095 2775 1125 2805 le

172 2833 322 2865 passaye
338 2823 379 2852 de
394 2820 520 2860 Joseplz
540 2821 706 2851 touchant
721 2818 968 2855 Je'sus-Cltrist,
985 2821 1042 2848 etc.

216 2866 230 2888 ⁴
248 2864 478 2897 Commentar.
494 2862 534 2891 in
556 2863 748 2893 Timaeum.

217 2908 231 2930 5
248 2904 429 2937 saturnal,
449 2904 465 2933 l.
485 2903 517 2940 ll,
534 2913 558 2933 c.
578 2903 607 2934 fl..

217 2949 232 2971 ὓ
250 2945 446 2988 olympiad.
466 2944 482 2974 1.
501 2945 576 2975 XIII.

216 2990 231 3012 ⁷
248 2989 373 3021 Annal.
391 2987 408 3016 l.
427 2986 486 3023 XV,
503 2995 528 3016 c.
544 2985 594 3016 itt.

218 3031 233 3053 8
249 3031 287 3062 Cf
305 3029 414 3061 Eusel».
441 3026 704 3057 Demonstrati«)
726 3025 941 3065 evanyelica;
959 3025 1044 3060 llum,
1062 3023 1123 3053 1)ιὶ-

177 3076 365 3104 monstrat.
383 3068 541 3108 Evanye'l.
556 3079 563 3106 ς
583 3068 759 3103 ΗοιιῑενὶΙΙυ,
776 3067 825 3097 La
842 3066 951 3096 rv'rite'
965 3067 1005 3096 de
1021 3066 1056 3096 la
1072 3075 1124 3094 rtr-

177 3115 289 3155 liyion
301 3109 664 3150 chre'tienncprouvaee'e
672 3120 742 3149 par
754 3110 813 3139 cles
825 3109 922 3148 saies;
938 3108 1045 3142 Bullcl,
1060 3107 1122 3136 111*-

177 3157 284 3187 stoire
306 3156 346 3186 cle
369 3151 650 3184 Fecablissmnaem
667 3152 713 3182 (1η
738 3149 1019 3185 Christianisme,
1038 3148 1125 3179 tire'c

179 3199 238 3230 des
261 3196 356 3228 seuls
378 3199 528 3226 auteurs
544 3193 645 3233 juifs
668 3199 701 3223 et
721 3196 863 3233 paiens:
889 3191 1044 3228 Duvoisin,
1062 3189 1124 3220 Βέ-

178 3237 415 3273 monstration
453 3235 673 3276 'vaqulique.

1211 207 1270 245 13.
1291 207 1478 245 Ecclesia
1497 208 1834 259 Hierosolym—
1849 208 1978 251 Quum
1999 208 2110 245 Iesus

1155 260 1333 298 Christus
1349 264 1614 299 consummato
1630 263 1909 312 redemptionis
1924 272 2054 311 opere,
2070 260 2111 297 in

1156 314 1308 352 coelum
1337 315 1598 361 ascendisset,
1627 315 1804 365 discipuli
1840 315 1923 353 eius
1942 313 2113 364 regressi

1157 370 1250 405 sunt
1270 367 1602 417 Hierosolymam3
1619 371 1658 405 et
1675 381 1764 406 cum
1784 381 1833 407 SS.
1852 368 2018 417 Virgine
2031 367 2116 406 Ma-

1158 421 1215 459 ria
1243 421 1407 471 aliisque
1426 422 1499 470 piis
1519 421 1750 460 mulieribus
1779 421 1990 466 coenaculo
2015 433 2111 459 con-

1157 475 1250 512 clusi
1272 474 1386 526 (erat
1405 478 1538 513 coetus
1558 475 1639 512 fere
1660 477 1819 513 centum
1839 475 1980 525 viginti
1994 475 2004 522 )
2018 504 2028 520 ,
2045 486 2112 512 as-

1158 528 1280 566 siduis
1297 528 1473 577 precibus
1493 528 1836 578 praestolabantur
1857 528 2113 567 Paracletum

1158 582 1404 631 promissum.
1426 583 1570 620 Petrus
1598 581 1676 620 iam
1705 585 1792 620 tum
1829 582 1877 619 de
1907 581 2113 620 commisso

1158 635 1230 673 sibi
1259 636 1474 674 ministerio
1495 638 1534 673 et
1553 635 1755 674 Ecclesiae
1789 635 1980 684 regimine
2000 634 2113 673 solli-

1160 690 1284 735 citus,
1303 689 1388 727 iure
1417 689 1630 739 primatus,
1660 701 1737 738 quo
1766 690 1815 727 ab
1843 690 1926 738 ipso
1956 688 2112 726 Christo

1160 742 1292 780 fuerat
1319 747 1493 789 ornatus,
1513 743 1721 792 Apostolos
1740 743 1911 789 monuit,
1933 744 1976 780 ut
1994 741 2034 778 in
2053 741 2114 778 lo-

1159 808 1249 834 cum
1270 796 1389 834 Iudae
1408 796 1631 846 proditoris,
1651 797 1717 845 qui
1737 809 1779 835 se
1799 797 1938 846 laqueo
1968 806 2114 833 eneca-

1161 851 1288 894 verat,
1308 850 1412 888 alter
1431 850 1728 899 subrogaretur.
1749 851 2014 889 Assenserunt
2037 860 2115 886 om-

1161 915 1239 950 nes,
1259 906 1298 941 et
1316 906 1404 953 post
1423 903 1530 941 fusas
1551 905 1599 941 ad
1621 905 1746 941 Deum
1766 915 1901 953 preces
1919 902 2113 941 Matthias

1159 957 1197 994 in
1227 957 1481 1006 apostolicum
1502 957 1712 1006 collegium
1733 958 1904 995 adscitus
1926 955 2013 994 fuit.
2033 957 2115 994 De-

1160 1011 1258 1048 cimo
1288 1013 1374 1060 post
1404 1012 1493 1048 Iesu
1513 1011 1656 1048 Christi
1676 1012 1715 1048 in
1736 1011 1888 1048 coelum
1911 1009 2113 1048 ascensio-

1161 1075 1248 1101 nem
1265 1065 1339 1110 die,
1354 1065 1437 1114 ipso
1453 1064 1552 1102 festo
1568 1065 1846 1102 Pentecosteos
1861 1063 2113 1110 Iudaeorum,

1162 1117 1339 1166 Apostoli
1350 1120 1585 1167 acceperunt
1595 1118 1785 1167 Spiritum
1794 1118 1994 1163 Sanctum,
2003 1116 2114 1154 cuius

1163 1172 1373 1209 adventum
1413 1171 1636 1209 indicabant
1672 1172 1823 1209 sonitus
1869 1169 2114 1208 vehementis

1163 1225 1286 1271 venti,
1305 1228 1428 1263 totam
1451 1226 1606 1262 domum
1627 1225 1826 1274 implentis
1839 1255 1849 1272 ,
1869 1227 1909 1262 et
1927 1223 2112 1273 disperti-

1161 1280 1226 1316 tae
1246 1278 1407 1328 linguae
1426 1281 1614 1328 tanquam
1634 1278 1748 1328 ignis.
1768 1277 1942 1328 Apostoli
1963 1277 2114 1315 virtute

1161 1332 1330 1382 Spiritus
1351 1332 1501 1379 Sancti,
1521 1332 1651 1371 subito
1672 1332 1710 1369 in
1731 1332 1829 1370 alios
1851 1330 2026 1369 homines
2046 1330 2115 1368 im·

1163 1387 1316 1432 mutati,
1332 1398 1485 1424 omnem
1505 1398 1641 1424 rerum
1662 1385 1888 1424 divinarum
1903 1385 2115 1423 veritatem

1163 1440 1301 1486 edocti,
1322 1440 1426 1477 omni
1448 1439 1653 1478 formidine
1672 1439 1796 1483 exuti,
1820 1451 1912 1477 mox
1933 1439 1972 1476 in
1993 1437 2118 1488 publi·

1163 1505 1250 1531 cum
1270 1494 1513 1543 prodierunt,
1533 1496 1574 1531 et
1593 1493 1759 1531 diversis
1783 1492 1942 1543 linguis,
1958 1492 2032 1530 sibi
2051 1503 2120 1530 an-

1162 1550 1227 1585 tea
1256 1547 1488 1595 incognitis,
1516 1548 1652 1585 laudes
1685 1546 1756 1584 Dei
1783 1546 2045 1584 celebrarunt.
2068 1546 2118 1583 A-

1162 1601 1301 1638 derant
1329 1600 1613 1651 Hierosolymis
1633 1600 1768 1638 Iudaei
1789 1602 1949 1650 propter
1966 1599 2114 1638 festum

1162 1654 1440 1692 Pentecosteos
1461 1667 1512 1693 ex
1531 1655 1651 1692 Asiae
1665 1683 1675 1699 ,
1692 1653 1850 1691 Africae
1871 1655 1914 1691 et
1934 1654 2116 1702 Europae

1164 1708 1395 1757 provinciis3
1425 1708 1490 1756 qui
1519 1707 1730 1756 stupebant
1757 1718 1893 1744 omnes
1921 1709 1962 1744 et
1988 1706 2116 1744 mira-

1161 1763 1327 1809 bantur,
1355 1773 1446 1799 eum
1473 1761 1656 1800 audirent
1684 1760 1889 1809 Apostolos
1909 1759 2117 1810 loquentes

1161 1815 1325 1865 linguis,
1354 1827 1456 1864 quae
1485 1815 1558 1853 sibi
1586 1813 1751 1863 singulis
1779 1815 1895 1852 erant
1921 1814 2114 1863 propriae.

1163 1870 1306 1907 Petrus
1322 1881 1430 1915 vero,
1445 1869 1510 1918 qui
1529 1869 1633 1906 inter
1651 1879 1785 1905 omnes
1804 1867 2011 1917 Apostolos
2033 1868 2116 1918 pri-

1163 1925 1310 1960 matum
1331 1923 1512 1969 tenebat,
1532 1933 1664 1959 coram
1684 1921 1864 1960 omnibus
1887 1921 2043 1960 Iudaeis
2063 1922 2118 1960 Ie-

1161 1988 1260 2022 sum,
1281 1975 1464 2014 Messiam
1485 1988 1531 2014 ac
1552 1975 1774 2021 Dominum,
1799 1974 1994 2024 intrepide
2009 1987 2118 2024 prae-

1163 2029 1321 2076 dicavit,
1341 2029 1390 2067 ad
1411 2030 1605 2079 completa
1624 2029 1663 2066 in
1683 2040 1728 2066 eo
1747 2029 2036 2078 Prophetarum
2051 2041 2120 2068 va-

1162 2083 1316 2130 ticinia,
1337 2083 1385 2121 ad
1406 2083 1490 2121 eius
1510 2082 1702 2120 miracula
1722 2084 1763 2119 et
1783 2082 2117 2120 resurrectionem

1165 2149 1399 2187 provocans;
1420 2148 1555 2174 omnes
1583 2135 1633 2173 ad
1662 2135 1788 2173 cordis
1818 2137 2116 2174 conversionem

1164 2194 1203 2229 et
1222 2191 1403 2240 baptismi
1432 2189 1720 2239 susceptionem
1740 2189 1919 2228 hortatus
1939 2192 2010 2228 est.
2032 2189 2116 2228 Nec

1164 2244 1324 2291 frustra,
1344 2244 1422 2282 tria
1451 2243 1554 2282 enim
1575 2242 1776 2281 hominum
1796 2242 1920 2280 millia
1935 2255 2117 2282 sermone

1164 2299 1246 2337 eius
1266 2302 1386 2344 mota,
1402 2298 1638 2346 baptismum
1655 2298 1935 2345 susceperunt;
1953 2296 2118 2334 arctius-

1164 2364 1240 2401 que
1259 2352 1362 2389 inter
1383 2364 1422 2389 se
1442 2354 1481 2389 et
1500 2362 1588 2388 cum
1608 2349 1804 2399 Apostolis
1831 2351 1871 2387 et
1885 2349 2031 2388 Christi
2052 2350 2115 2388 di-

1165 2405 1325 2455 scipulis
1354 2405 1561 2443 coniuncta
1591 2403 1759 2455 primam
1788 2402 1993 2441 ecclesiam
2023 2403 2117 2442 Hie-

1165 2459 1368 2508 rosolymis
1389 2458 1691 2496 constituerunt.
1712 2457 1963 2495 Credentium
1984 2469 2115 2496 nume-

1166 2525 1230 2551 rus
1267 2512 1540 2561 Apostolorum
1578 2510 1819 2550 sermonibus
1846 2514 1887 2549 et
1915 2511 2116 2550 miraculis

1164 2566 1348 2604 continuo
1378 2569 1516 2604 auctus
1544 2568 1616 2604 est.
1637 2566 1736 2603 Cum
1756 2564 1926 2613 quadam
1948 2564 2010 2603 die
2032 2565 2115 2603 Pe-

1164 2624 1249 2658 trus
1269 2620 1398 2657 virum
1428 2631 1478 2657 ex
1500 2620 1610 2656 utero
1640 2618 1777 2656 matris
1796 2617 1980 2656 claudum
2006 2619 2046 2656 et
2065 2618 2115 2656 ad

1164 2676 1317 2723 portam
1345 2673 1480 2722 templi
1506 2673 1646 2722 stipem
1667 2672 1715 2709 ab
1738 2672 2024 2710 introeuntibus
2043 2683 2116 2722 pe-

1163 2730 1325 2773 tentem,
1346 2727 1462 2764 solius
1483 2726 1648 2764 nominis
1672 2726 1759 2764 Iesu
1785 2725 2032 2764 invocatione
2051 2737 2117 2764 cu-

1165 2783 1312 2827 rasset,
1333 2792 1463 2818 coram
1492 2779 1746 2817 multitudine
1774 2791 1820 2817 eo
1839 2779 2028 2818 miraculo
2047 2781 2115 2818 at-

1163 2834 1311 2879 tonita,
1330 2834 1377 2871 de
1407 2834 1494 2871 Iesu
1524 2833 1676 2871 Christo
1704 2835 1816 2871 tanta
1835 2832 2012 2871 efficacia
2031 2844 2117 2872 ser-

1165 2899 1317 2926 monem
1357 2886 1468 2933 fecit,
1499 2889 1542 2924 ut
1570 2899 1754 2925 numerus
1790 2886 2037 2925 credentium
2066 2887 2116 2926 ad

1164 2941 1332 2990 quinque
1353 2940 1526 2977 virorum
1549 2940 1669 2978 millia
1689 2940 1938 2979 incresceret.

1218 2995 1357 3032 Petrus
1377 2997 1417 3031 et
1438 2994 1602 3032 Ioannes
1623 2993 1874 3044 apprehensi,
1895 3006 1919 3032 a
1946 2994 2114 3033 Iudaeo-

1166 3060 1250 3085 rum
1272 3047 1464 3094 sanhedri,
1485 3060 1552 3086 seu
1573 3059 1715 3097 magno
1735 3047 1918 3094 concilio,
1938 3047 2112 3086 interro-

1165 3102 1245 3150 gati
1267 3103 1381 3147 sunt,
1401 3113 1479 3150 qua
1507 3102 1655 3139 virtute
1675 3102 1745 3139 aut
1765 3112 1839 3150 quo
1860 3100 2015 3139 nomine
2035 3113 2116 3140 me·

1166 3157 1315 3192 morato
1333 3155 1470 3193 claudo
1491 3166 1671 3205 gressum
1691 3154 1949 3193 tradiderant.
1968 3154 2114 3200 Petrus

1165 3221 1316 3247 sumnia
1345 3208 1460 3247 animi
1491 3209 1674 3247 libertate
1704 3219 1866 3248 causam
1894 3207 2017 3259 dixit,
2041 3208 2113 3249 do..
