2241 3473
237 152 316 192 358

181 242 435 285 usurparunt;
451 236 606 284 plurimi
624 235 773 278 elerici,
789 236 972 272 monachi
991 240 1031 272 et
1048 247 1126 272 mo-

183 290 307 326 niales
333 290 380 326 ad
406 299 579 325 summas
606 287 839 334 indigentias
871 288 1035 330 redacti;
1064 300 1127 324 res

181 343 474 379 ecclesiasticae
488 341 705 377 universim
720 340 988 377 triStissimum
1002 342 1039 377 in
1051 346 1128 378 sta-

182 400 260 431 tum
277 396 479 431 coniectae
498 395 791 430 fuerunt-Anno
808 394 899 432 1840
915 395 998 441 ipsa
1014 396 1128 440 regni

181 460 337 495 regens,
366 448 497 483 Maria
515 446 729 489 Christina‚
746 458 769 482 a
787 447 866 483 suis
885 447 1128 491 deserta‚Hi-

179 502 354 548 spaniam
385 501 555 549 reliquit.
585 501 643 536 Ex
670 501 742 536 1100
767 505 944 549 tempore
975 513 1128 538 summa

181 566 311 591 rerum
332 555 403 590 fuit
421 554 522 602 apud
550 554 784 590 belliducem
813 556 1044 602 Espartero,
1064 556 1124 602 qui

181 610 282 644 mala
317 608 514 655 Religioni
552 608 661 644 illata
692 620 767 644 non
802 610 1032 656 reparavit,
1059 609 1127 646 sed

179 662 306 708 potius
325 662 446 705 anxit,
467 661 635 697 tribunal
656 662 798 706 Rotae,
818 662 867 698 ad
885 663 985 710 quod
1004 663 1128 700 ecele-

176 714 335 750 siastica
352 715 509 762 negotia
523 714 1061 763 deferebantur,suppressit,
1073 717 1128 752 Io—

178 768 340 815 sephum
369 769 555 804 Ramirez
575 768 622 804 de
641 769 789 811 ArellO,
811 769 918 805 vices
937 770 1061 806 nuntii
1089 781 1127 806 a·

178 822 354 868 postoliei
372 823 408 857 in
425 822 617 869 Hispania
632 827 986 869 gerentem,regno
997 823 1124 867 eiecit,

179 876 279 912 bona
318 877 589 912 ecclesiastiea
628 876 724 912 cleri
760 878 977 913 saecularis
1010 878 1126 914 vendi

180 929 301 973 iussit,
330 930 482 977 aliaque
511 931 623 977 plura
647 931 818 967 nefanda
845 931 1026 978 perfecit.

223 983 350 1019 Tanta
377 984 482 1019 mala
503 1012 511 1026 ,
540 984 720 1030 religioni
749 985 966 1021 catholicae
995 986 1034 1020 in
1061 986 1125 1020 Hi-

174 1037 311 1084 spania
331 1037 451 1079 illata,
473 1049 625 1073 summo
644 1037 779 1074 dolore
799 1040 1019 1075 affecerunt
1033 1039 1125 1075 Gre-

175 1091 328 1137 gorium
357 1090 427 1138 Pp.
457 1091 563 1134 XVI,
584 1092 648 1138 qui
667 1091 759 1127 nihil
780 1093 1064 1139 praetermisit,
1084 1097 1127 1129 ut

175 1145 406 1190 gubernium
428 1145 684 1192 Hispanicum
704 1146 752 1181 ad
771 1147 1000 1194 aequiorem
1021 1158 1126 1183 men-

177 1203 255 1234 tem
284 1204 508 1243 revocaret,
535 1199 697 1235 dissidia
717 1204 990 1248 componeret,
1008 1206 1049 1237 et
1066 1213 1125 1237 ec-

175 1252 384 1289 elesiarum
412 1253 531 1289 statui
558 1253 595 1288 in
625 1254 687 1289 illo
717 1266 841 1301 regno
881 1255 1127 1299 consuleret,

175 1311 217 1342 ut
237 1307 318 1353 ipse
338 1310 505 1343 testatus
523 1311 583 1342 est
603 1307 640 1342 in
660 1308 977 1351 allocutionibus,
1000 1309 1127 1345 calen-

176 1359 233 1396 dis
262 1361 450 1397 februarii
477 1361 566 1397 1836
593 1365 632 1398 31
660 1362 834 1398 calendis
867 1363 1000 1399 martii
1038 1363 1125 1399 1841

177 1425 310 1450 coram
328 1415 604 1452 Cardinalibus
618 1415 985 1464 habitisQuumque
1002 1417 1129 1453 surdis

176 1473 338 1504 caneret
353 1468 528 1512 auribus,
545 1470 634 1504 viu⁰
651 1469 835 1506 calendas
855 1471 1019 1507 martias
1036 1471 1129 1508 1842

178 1520 357 1558 Pontifex
372 1523 527 1558 litteras
542 1523 780 1569 apostolicas
796 1524 1071 1572 edidit,quibus
1081 1525 1128 1561 de

176 1576 391 1611 execrabili
419 1576 504 1622 lege
525 1577 737 1624 praecipue
763 1578 1003 1624 querebatur
1023 1607 1031 1621 ,
1060 1591 1128 1626 pu-

178 1631 285 1667 blicis
312 1630 423 1677 regni
452 1630 632 1667 Consiliis
658 1632 860 1679 proposita
877 1661 885 1675 ,
915 1632 952 1667 in
979 1643 1055 1680 qua
1080 1633 1128 1669 ab

176 1684 392 1731 Hispanica
419 1688 537 1730 gente
564 1685 710 1720 nullam
738 1686 991 1732 Apostolicae
1015 1686 1128 1722 Sedis

177 1738 369 1774 rationem
405 1738 621 1775 habendam
663 1741 1003 1784 constituebatur,
1045 1753 1127 1777 om-

176 1804 344 1839 nemque
371 1804 459 1828 eum
486 1792 571 1839 ipsa
598 1794 917 1831 communionem
948 1806 1020 1842 pro
1048 1796 1128 1842 qui-

176 1848 307 1882 busvis
335 1847 615 1883 ecelesiasticis
642 1849 794 1895 gratiis,
823 1849 982 1885 indultis
1001 1878 1009 1892 ‚
1038 1861 1127 1885 con—

176 1900 415 1936 cessionibus
442 1900 792 1949 intercipiendam3
812 1903 874 1950 qui
901 1903 1123 1939 huiusmodi

178 1953 424 2001 praescripto
439 1954 747 1992 adversarentur
758 1957 916 1992 omnino
928 1957 1122 2004 puniendi.

179 2009 386 2055 Rescripta
412 2009 452 2045 S.
473 2009 583 2045 Sedis
611 2011 715 2046 omni
743 2022 883 2047 carere
910 2012 1068 2055 effectu,
1088 2016 1126 2048 et

178 2063 262 2098 illos
280 2063 328 2098 ad
348 2074 441 2110 quos
461 2066 716 2110 pervenerint
734 2076 757 2101 a
777 2066 969 2112 gubernio
989 2067 1126 2113 poenis

177 2116 431 2153 coercendos.
464 2117 680 2154 Praeterea
714 2119 786 2154 hac
820 2120 906 2166 lege
942 2121 1125 2156 exclude-

179 2172 292 2207 batur
320 2171 632 2207 sacratissimum
660 2173 708 2208 R.
731 2174 934 2209 pontificis
961 2175 1019 2209 ius
1039 2186 1127 2210 eon-

179 2225 357 2261 tirmandi
384 2236 430 2261 ac
452 2225 652 2262 reiiciendi
680 2228 911 2275 Episcopos,
932 2233 971 2264 et
990 2239 1126 2265 conce-

178 2279 292 2315 dendi
321 2279 639 2327 dispensationes
665 2281 770 2317 circa
799 2282 1040 2318 matrimonii
1061 2283 1128 2318 im-

180 2335 417 2380 pedimenta.
445 2334 579 2375 Quare
606 2335 653 2369 ob
686 2335 882 2372 infelicem
911 2336 1128 2383 Religionis

177 2392 321 2423 statum
351 2388 388 2422 in
408 2388 624 2435 Hispaniae
645 2399 768 2434 regno
795 2401 932 2436 preces
953 2390 1128 2435 publicas

178 2442 393 2489 Gregorius
411 2441 578 2489 Pp.XV1
594 2442 885 2479 commendavit
902 2444 1126 2491 indixitque,

178 2506 368 2532 concessa
394 2496 636 2543 indulgentia
657 2497 834 2544 plenaria
859 2497 894 2532 in
926 2498 1052 2534 fornia
1074 2500 1127 2534 lu-

179 2549 305 2586 bilaei.

227 2606 339 2640 Anno
367 2605 543 2651 sequenti
565 2616 712 2652 magna
733 2617 862 2641 rerum
886 2607 1050 2642 mutatio
1074 2608 1129 2642 fa—

179 2663 242 2693 cta
261 2664 332 2694 est.
358 2660 571 2706 Espartero
591 2670 613 2694 a
632 2659 797 2695 statibus
818 2660 981 2707 publicis
1000 2668 1039 2696 et
1060 2662 1128 2696 mi-

182 2713 263 2747 litia
289 2713 470 2749 desertus
497 2717 537 2749 et
564 2714 748 2757 reiectus,
768 2725 815 2750 ex
846 2713 1036 2760 Hispania
1063 2726 1124 2750 au-

181 2767 317 2812 fugere
353 2770 514 2802 coactus
547 2771 619 2803 est.
646 2767 888 2803 Gubernium
923 2779 1011 2803 eum
1056 2769 1132 2804 lsa—

183 2820 280 2855 bella
308 2820 335 2856 11
367 2821 506 2867 regina
531 2821 720 2868 aequiora
738 2821 902 2857 consilia
922 2821 1018 2864 iniit,
1041 2823 1129 2857 mis-

180 2885 298 2920 soque
328 2875 495 2911 1101113111
515 2882 689 2919 oratore,
709 2876 757 2912 de
777 2877 1047 2924 componendo
1067 2889 1127 2913 et:-

182 2928 389 2963 clesiarum
418 2934 522 2966 statu
553 2935 726 2966 tractare
756 2931 895 2977 coepit.

230 2982 286 3015 53.
311 2983 496 3029 (iream-ii
511 2983 614 3018 XVI
633 2984 756 3019 obitus
776 2986 1072 3028 (tctz.18‹lG)—-Ex
1089 2987 1132 3021 iis

184 3046 280 3081 quae
311 3037 480 3073 breviter
508 3038 554 3073 ‹le
582 3043 683 3074 statu
715 3039 977 3075 ecelesiarum
1016 3042 1051 3075 in
1079 3040 1131 3075 di-

185 3090 308 3123 versis
336 3091 440 3125 orbis
470 3092 644 3138 partibus
671 3092 858 3135 diximus,
889 3094 1001 3130 facile
1030 3094 1130 3129 colli-

186 3142 305 3184 gitur,
333 3151 499 3190 quantas
530 3146 801 3182 tribulationes
829 3151 944 3193 atque
973 3147 1129 3184 difficul-

189 3200 289 3229 tates
317 3210 490 3235 summus
510 3199 687 3235 Pontifex
707 3201 923 3246 Gregorius·
944 3202 1032 3237 xvi
1056 3202 1132 3238 sue-

188 3248 230 3283 rit
263 3258 464 3297 expertus,
484 3255 592 3289 vuius
621 3253 866 3300 prudentiam
897 3261 1011 3302 atque
1041 3269 1126 3292 ron-

524 164 687 190 EPOCHA
711 163 798 189 xlii.
821 164 848 188 A
870 162 1051 189 PVBLICA
1072 162 1220 189 RERVM
1244 163 1285 189 IN
1307 162 1478 190 GALLIIS
1498 163 1786 193 SVBVERSIONE

1180 236 1370 272 stantiam
1398 236 1437 271 in
1473 236 1730 283 gubernanda
1755 236 1859 272 inter
1893 239 1950 271 tot
1983 238 2130 282 tempe-

1178 293 1300 325 states
1326 290 1508 326 Ecclesia
1540 289 1715 326 laudabit
1745 289 1870 325 omnis
1903 289 2126 336 posteritas.

1179 343 1285 379 Obiit
1310 343 1373 379 hic
1401 343 1585 380 Pontifex
1612 343 1787 380 calendis
1807 343 1899 379 iunii
1920 343 2020 385 1846,
2039 353 2127 378 cum

1178 397 1343 434 sedisset
1370 409 1461 433 ann.
1494 398 1551 442 15,
1581 409 1698 434 mens.
1729 397 1765 441 3,
1791 396 1874 432 dies
1901 397 1960 440 29;
1986 397 2130 433 aetatis

1177 462 1272 488 suae
1299 462 1360 488 an.
1389 453 1433 488 81
1461 451 1632 487 nondum
1661 450 2130 498 expletum.-Princeps

1179 505 1560 551 providentissimus,
1586 504 1776 541 aedificiis
1801 505 1999 547 estructis,
2020 503 2130 552 aquis

1179 569 1343 594 romano
1371 570 1469 596 ausu
1497 559 1703 595 corrivatis
1723 588 1731 602 ,
1758 558 1877 594 Urbis
1903 562 1943 595 et
1970 558 2129 594 Pontifi-

1178 613 1262 649 eiae
1281 613 1437 650 ditionis
1457 613 1725 649 commoditati
1744 611 2021 659 splendorique
2041 623 2129 647 con-

1177 666 1599 703 sumit-Doctrinarum
1617 666 1745 702 studia
1761 665 2130 708 excitavit‚veteres

1179 720 1363 766 provexit
1377 724 1499 756 artes.
1511 719 1660 755 Forum
1674 720 1897 754 Romanum
1913 717 2046 753 multis
2059 717 2129 753 im-

1179 773 1309 819 pensis
1336 776 1460 809 totum
1489 773 1605 809 effodi
1625 784 1671 808 ac
1692 771 1927 819 perlustrari
1944 771 2069 814 iussit,
2090 778 2131 807 et

1179 826 1232 861 ita
1257 837 1334 862 non
1362 838 1489 874 pauca
1519 826 1764 873 antiquitatis
1795 829 2050 861 monumenta
2085 825 2126 860 in

1178 879 1306 915 lucem
1342 880 1449 917 edita
1481 885 1584 917 sunt.
1620 880 1747 915 Roma
1778 879 1893 915 huius
1924 877 2130 914 Pontificis

1179 934 1473 971 munificentiae
1493 934 1609 970 debet
1627 934 1810 969 Museum
1831 933 2131 979 gregorianum-

1177 991 1396 1031 etruscum,
1415 992 1589 1024 montem
1617 987 1803 1024 Catillum
1823 987 1860 1021 in
1880 986 2017 1021 Tivolo
2040 996 2132 1032 per-

1179 1041 1731 1083 foratum,reaedificationem
1743 1040 1937 1076 Basilicae
1950 1040 1990 1075 S.
2002 1039 2130 1083 Pauli,

1179 1095 1321 1142 Operis
1348 1096 1458 1132 Fidei
1495 1096 1793 1143 propagationis
1824 1095 2127 1131 incrementum.

1180 1150 1347 1186 Multum
1363 1150 1520 1187 demum
1537 1150 1792 1186 adlaborasse
1805 1149 2025 1185 videbimus
2040 1159 2128 1183 cum

1181 1203 1250 1238 Pio
1279 1203 1350 1251 Pp.
1371 1204 1457 1240 VIII
1487 1216 1555 1251 pro
1576 1204 1749 1240 armenis
1768 1203 1985 1239 catholicis.
2006 1202 2132 1238 Sexa-

1181 1258 1290 1304 ginta
1316 1259 1560 1296 Consistoria
1590 1260 1750 1296 circiter
1786 1259 1856 1294 sub
1892 1257 2132 1293 Pontificatu

1180 1312 1263 1348 eius
1292 1313 1466 1350 adunata
1491 1319 1596 1356 sunt,
1623 1314 1661 1349 in
1681 1314 1818 1361 quibus
1838 1313 1883 1349 73
1900 1311 2133 1350 Cardinales

1180 1372 1219 1402 et
1247 1368 1353 1411 1‚000
1382 1368 1487 1405 inter
1505 1368 1778 1411 Patriarcl‘ias,
1797 1366 2129 1414 Archiepiscopos

1179 1425 1218 1456 et
1246 1422 1463 1470 Episcopos
1487 1423 1653 1458 creavit.

1225 1475 1282 1511 54.
1306 1475 1403 1512 Pius
1422 1476 1505 1520 IX,
1533 1477 1729 1525 Pontifeoe
1756 1481 1831 1520 (an.
1856 1477 2130 1520 1846)-83110-

1180 1530 1324 1573 galliae
1353 1530 1390 1565 in
1417 1531 1583 1567 Umbria
1609 1536 1726 1567 natus
1754 1532 1814 1566 111⁰
1831 1531 1916 1567 idus
1942 1530 2038 1566 maii
2065 1541 2130 1566 an.

1181 1583 1286 1627 1792,
1322 1583 1495 1621 Ioannes
1521 1597 1569 1622 ex
1595 1585 1735 1621 illustri
1767 1585 1916 1620 familia
1944 1584 2130 1620 comitum

1180 1637 1555 1681 Mastai-Ferretti,
1583 1650 1629 1675 ac
1648 1639 1719 1675 Pio
1747 1639 1817 1675 VII
1838 1639 1886 1674 ob
1903 1638 2069 1674 eximias
2095 1649 2133 1673 a·

1180 1691 1272 1727 nimi
1299 1692 1359 1728 sui
1377 1692 1504 1736 dotes,
1523 1693 1794 1740 virtutumque
1813 1696 2050 1728 ornamenta
2068 1692 2132 1728 ad·

1181 1745 1338 1781 modum
1367 1756 1672 1794 carus,quocum
1694 1746 1996 1794 propinquitatis
2013 1745 2131 1782 etiam

1181 1800 1346 1836 vinculis
1387 1801 1543 1837 iunctus
1581 1805 1683 1838 erat.
1710 1800 1849 1836 Adhuc
1883 1800 2036 1836 iuvenis
2061 1810 2134 1846 pro

1180 1854 1444 1900 praetorianis
1472 1854 1658 1891 militibus
1677 1855 1842 1898 Romae,
1872 1854 2010 1902 quibus
2035 1853 2133 1888 falso

1179 1912 1363 1944 asserunt
1390 1909 1563 1944 nonnulli
1589 1909 1756 1945 adscribi
1775 1913 1996 1955 exoptasse,
2012 1907 2134 1954 ipsius

1179 1962 1328 1998 Summi
1363 1962 1564 1999 Pontificis
1604 1974 1722 1999 suasu
1762 1961 1937 1999 clericali
1968 1961 2132 1996 militiae

1181 2027 1322 2053 nomen
1337 2016 1455 2060 dedit,
1476 2017 1513 2052 in
1530 2028 1606 2065 qua
1623 2017 1797 2053 omnium
1813 2017 2002 2052 virtutum
2019 2014 2131 2052 laude

1178 2071 1375 2107 excelluit.
1397 2071 1645 2119 Praecipuas
1664 2071 1768 2107 sacri
1789 2070 1995 2106 ministerii
2015 2079 2132 2105 curas

1180 2124 1349 2169 primum
1379 2125 1573 2173 impendit
1592 2126 1627 2161 in
1648 2125 1826 2173 Hospitio
1845 2134 2056 2172 puerorum
2076 2124 2129 2158 in-

1179 2177 1410 2225 digentium,
1432 2180 1532 2226 quod
1553 2180 1719 2217 Ioannes
1739 2179 1858 2226 Borgi
1879 2178 1952 2214 hoe
1973 2177 2129 2214 ineunte

1179 2234 1335 2269 saeculo
1364 2234 1515 2270 Romae
1543 2234 1793 2277 fundaverat,
1815 2239 1895 2269 tum
1919 2233 1958 2268 in
1985 2232 2130 2274 altero,

1180 2286 1282 2333 quod
1313 2287 1469 2323 nomine
1498 2287 1640 2323 Sancti
1667 2286 1889 2322 Michaelis
1916 2285 1969 2320 cd
1984 2284 2130 2333 Ripam

1181 2350 1366 2386 znafflzccm
1393 2346 1657 2388 nuncupatur,
1684 2341 1794 2376 euius
1821 2350 1982 2387 praeses
2008 2338 2130 2374 etiam

1181 2393 1331 2430 electus
1357 2399 1428 2430 est.
1459 2396 1574 2431 Anno
1603 2395 1694 2432 1823
1726 2396 1774 2430 ab
1800 2394 1939 2430 eodem
1967 2392 2037 2428 Pio
2061 2392 2130 2428 VII

1183 2458 1318 2484 comes
1345 2449 1550 2485 adiunctus
1578 2450 1702 2485 Mutio
1721 2449 1883 2485 Vieario
1902 2446 2131 2495 Apostolico

1184 2502 1218 2536 in
1247 2502 1430 2547 Chilium,
1460 2515 1648 2550 magnam
1676 2502 1849 2540 ostendit
1883 2501 2066 2550 peritiam
2092 2500 2130 2536 in

1182 2555 1422 2593 difficillimis
1443 2558 1644 2595 Ecclesiae
1666 2557 1833 2605 negotiis
1860 2555 2128 2605 expediendis.

1185 2609 1278 2645 Post
1298 2611 1494 2647 biennium
1513 2612 1632 2648 redux
1652 2623 1675 2649 a
1690 2613 1822 2649 Leone
1841 2610 1995 2658 Pp-XII
2013 2610 2131 2646 Prae-

1184 2664 1351 2700 latorum
1383 2665 1601 2712 insignibus
1619 2672 1658 2703 et
1674 2666 1909 2703 canonicatu
1927 2664 2131 2701 Ecclesiae

1181 2730 1212 2752 s.
1234 2719 1387 2755 Mariae
1423 2720 1460 2755 in
1489 2721 1565 2756 Via
1601 2723 1700 2757 Lata
1734 2725 1898 2757 ornatus
1931 2724 2002 2756 est.
2030 2718 2130 2754 Tum

1182 2782 1243 2807 an.
1261 2773 1351 2809 1827
1367 2774 1413 2809 ab
1429 2774 1567 2810 eodem
1587 2774 1775 2812 pontifice
1792 2774 2129 2822 archiepiscopum

1185 2826 1388 2864 Its-stzlesiae
1409 2829 1646 2876 Spoletanae
1669 2830 1918 2866 renuntiatus
1930 2833 2036 2871 est‚e
2055 2838 2130 2876 qua

1186 2886 1270 2926 post
1288 2882 1456 2928 plurima
1472 2883 1576 2920 edita
1595 2885 1828 2931 prudentiae
1847 2895 1893 2920 ac
1911 2883 2129 2931 sapientiae

1184 2940 1434 2980 argumenta,
1461 2949 1524 2973 an.
1556 2939 1660 2982 1832,
1688 2950 1712 2975 a
1736 2939 1931 2986 Gregorio
1961 2937 2053 2973 XVI
2081 2937 2128 2973 ad

1185 2988 1470 3027 l·‘‹u·i-Cornelii
1510 2992 1642 3029 sedem
1687 2995 1902 3030 translatus
1941 2998 2001 3031 est
2028 3023 2036 3035 ,
2066 2993 2130 3029 ubi

1184 3042 1272 3078 dum
1302 3044 1434 3091 vigilis
1462 3045 1626 3094 bonique
1656 3049 1825 3095 pastoris
1859 3061 2020 3086 munere
2047 3049 2129 3084 fun-

1185 3097 1352 3141 gebatur
1375 3111 1439 3134 an.
1458 3101 1549 3137 18110
1567 3102 1840 3139 Cardinalatus
1859 3103 1979 3139 infula
1997 3103 2067 3139 sub
2086 3103 2131 3139 ti-

1187 3151 1263 3185 tulo
1295 3163 1345 3185 ss.
1379 3152 1484 3188 Petri
1521 3158 1561 3189 et
1592 3155 1815 3192 Marcellini
1845 3156 2137 3193 condecoratus·

1185 3208 1256 3237 est.
1288 3205 1501 3241 Demortuo
1531 3207 1742 3251 Pontifice,
1773 3210 1938 3247 Ioannes
1966 3210 2129 3254 Mastai,

1186 3259 1369 3295 universa
1398 3260 1503 3297 Urbe
1534 3262 1741 3308 plaudente
1770 3266 1855 3300 xV1⁰
1874 3263 2022 3300 calend.
2047 3265 2125 3301 iulii
