2241 3473
504 132 642 161 VSQVE
663 133 718 160 AD
740 133 955 162 PvssLchM
980 133 1128 161 RERVM
1151 133 1192 160 ΙΝ
1214 134 1381 163 GALLHS
1401 135 1722 163 SVBVERSIONEM

145 203 400 243 Catharinam
420 203 710 242 Bononiensem
727 205 830 243 inter
846 206 1016 242 Sanetos
1033 216 1093 242 re·

146 258 233 294 tulit
250 270 259 301 ;
279 257 419 293 festum
440 257 722 296 Immaculatae
741 260 1018 308 Conceptionis
1044 259 1088 294 Β.

146 312 201 347 Μ.
217 311 266 345 V.
288 311 325 346 in
344 315 428 346 tota
447 311 627 348 Ecclesia
645 312 691 348 de
708 318 919 361 praecepto
938 312 1090 349 servari

143 369 184 401 et
216 364 410 400 celebrari
442 365 643 402 mandavit
661 368 686 409 ¹,
716 367 877 414 eiusque
905 378 1090 413 sponsum

140 429 172 454 s.
194 417 400 465 Iosephum
416 429 517 454 novo
533 418 673 454 Officio
687 419 906 462 decoravit,
923 420 1022 466 quod
1041 432 1091 456 ex

142 469 245 517 aptis
263 482 315 507 ss.
336 469 545 507 Librorum
566 472 698 508 verbis
717 472 799 519 ipse
825 473 1046 519 composuit
1062 474 1089 507 ².

141 523 346 562 Gnomone
365 525 631 562 astronomico
652 525 699 560 ad
718 536 833 561 usum
860 525 1091 561 Kalendarii

142 583 369 615 constructo
397 578 547 626 aptavit
572 579 731 614 saecula
757 578 890 614 Verbo
910 579 996 622 Dei,
1016 580 1091 614 sor-

140 639 324 682 mataque
352 633 468 678 linea,
498 634 553 669 uti
581 637 726 668 vocant
743 631 1089 680 meridiana,quae

141 698 302 724 cursum
323 687 424 723 Solis
452 685 693 729 ostenderet,
712 686 859 730 effecit,
886 690 930 722 ut
944 691 1090 733 tempo-

141 752 228 777 rum
246 741 346 777 ratio
373 740 552 776 Paschae
579 738 814 776 celebrando
838 741 1051 776 constituta
1069 751 1092 776 a

141 792 1092 842 SynodoNieaenaetaGregorioX111emendata

140 853 374 886 nosceretur
400 848 515 884 facile
552 853 592 884 et
620 852 850 884 sei-veretur
877 847 997 894 probe
1016 849 1043 883 3.

185 901 335 938 Urbem
356 912 509 949 quoque
524 899 766 937 multimodis
785 901 955 936 ornavit.
971 901 1090 937 Grae—

141 964 212 991 cae
239 955 484 1002 Latinaeque
505 954 664 1000 linguae
683 954 826 1000 peritia
845 954 1090 1002 praestabat,

138 1012 375 1056 veteresque
402 1008 578 1044 imitatus
604 1006 816 1043 Pontifices
835 1036 843 1051 ,
871 1007 1091 1044 laudatissi-

137 1071 222 1097 mas
241 1061 422 1097 homilias
441 1061 575 1096 habuit
593 1059 642 1096 ad
661 1061 847 1108 populum
866 1089 873 1103 ,
895 1061 933 1096 in
953 1061 1092 1108 quibus

138 1125 170 1150 s-
192 1115 336 1151 Leonis
362 1115 419 1151 M.
447 1114 602 1162 patroni
629 1114 688 1150 sui
716 1125 882 1160 gravem
909 1119 949 1150 et
976 1115 1088 1150 robu-

136 1172 237 1203 stam
262 1167 459 1216 expressit
477 1167 756 1215 eloquentiam,
777 1179 880 1215 quae
898 1178 979 1203 una
999 1179 1086 1204 cum

136 1221 217 1257 suis
242 1221 543 1257 allocutionibus
562 1221 901 1257 consistorialibus
918 1250 926 1264 ‚
946 1222 1087 1268 episto-

135 1273 183 1309 lis
200 1280 241 1311 et
260 1275 469 1318 Brevibus,
485 1274 614 1310 studio
634 1274 847 1311 cardinalis
863 1275 1004 1311 Albani
1025 1288 1089 1312 ne-

135 1327 238 1374 potis
252 1328 337 1364 eius
352 1327 457 1365 edita
471 1334 563 1364 sunt
577 1329 603 1362 4.
623 1329 725 1364 Hinc
741 1340 886 1375 magna
903 1329 940 1364 in
957 1340 1003 1365 eo
1018 1329 1090 1365 suit

135 1392 213 1417 non
237 1381 459 1429 Religionis
478 1381 591 1417 modo
609 1410 617 1425 ,
638 1382 706 1418 sed
732 1383 852 1418 etiam
880 1383 1086 1419 literarum

135 1446 244 1471 cura.
273 1435 377 1472 Nam
405 1442 445 1472 et
463 1435 700 1472 Vaticanam
719 1436 996 1472 bibliothecam
1025 1449 1089 1473 au-

132 1488 190 1525 xit
226 1489 507 1536 manuscriptis
545 1489 770 1535 linguarum
815 1491 1061 1526 exoticarum
1080 1519 1087 1534 ,

135 1543 327 1590 exemplis
349 1543 521 1590 undique
548 1543 696 1590 petitis,
726 1550 765 1579 et
783 1543 1001 1584 liberalium
1028 1555 1088 1579 ar-

135 1596 232 1632 tium
249 1597 499 1644 professores
514 1596 648 1640 coluit,
664 1596 761 1632 fovit
777 1598 1009 1644 patrocinio,
1025 1598 1087 1634 de-

134 1651 288 1686 coravit
320 1650 533 1686 honoribus
573 1650 712 1686 Urbini
739 1662 891 1698 quoque
919 1651 1088 1688 instituit

134 1703 331 1750 publicam
357 1703 631 1739 bibliothecam
656 1704 693 1739 in
709 1705 897 1740 coenobio
913 1706 1090 1742 Conven-

133 1757 316 1794 tualium.
349 1757 445 1794 Illud
482 1768 634 1805 quoque
670 1759 863 1795 memoria
895 1759 1055 1806 dignum
1080 1788 1088 1804 ,

133 1811 234 1858 quod
262 1823 332 1859 pro
351 1811 557 1847 'l'ribunali
575 1811 614 1847 in
634 1811 732 1848 aede
749 1812 950 1848 Vaticana
975 1825 1086 1849 exce-

132 1863 192 1912 pit
223 1865 501 1902 Confessiones
529 1876 667 1901 sacras
684 1894 692 1909 ‚
720 1866 820 1912 quod
846 1867 1088 1903 Nosoeomia

132 1918 255 1955 obivit
274 1949 283 1965 ‚
314 1919 416 1968 quod
453 1919 546 1956 licet
575 1920 824 1956 incommoda
858 1921 1087 1969 plerumque

131 1976 313 2010 uteretur
330 1973 558 2011 valetudine
573 2001 582 2015 ,
605 1985 745 2017 omnes
763 1975 878 2011 facile
898 1975 1081 2019 admisit,

133 2031 174 2064 et
190 2027 335 2064 infimis
350 2027 468 2064 etiam
484 2028 683 2075 patientes
701 2039 819 2064 aures
835 2029 1016 2076 praebuit
1034 2029 1086 2064 di-

132 2091 224 2118 cere
240 2081 392 2127 solitus‚
408 2081 616 2129 Principis
632 2093 713 2117 esse
727 2082 859 2118 omnia
872 2082 989 2125 scir-c,
1011 2094 1086 2119 non

132 2134 266 2171 omnia
281 2137 433 2183 exequi.
447 2135 535 2176 Qua
548 2135 740 2172 facilitate
755 2135 941 2180 urbanos,
959 2140 1086 2173 exter-

135 2199 283 2236 nosque
295 2189 555 2236 magistratus
567 2189 759 2225 continuit
768 2189 805 2224 in
818 2189 961 2235 officio,
972 2195 1085 2238 atque

134 2243 278 2287 effecit,
293 2247 337 2279 ut
352 2243 456 2278 nullo
473 2248 656 2290 respectu
672 2254 804 2279 rerum
821 2243 1083 2291 privatarum,

134 2307 233 2345 quae
252 2308 410 2344 semper
425 2297 596 2333 offecere
614 2296 789 2344 publicis,
802 2296 860 2333 ius
881 2309 993 2333 suum
1010 2299 1086 2334 cui-

136 2361 210 2398 que
229 2351 461 2387 tribuerent.
482 2351 658 2387 Tandem
675 2351 763 2387 xiv⁰
780 2351 931 2387 calend.
951 2353 1088 2399 aprilis

136 2415 200 2441 an.
232 2403 320 2440 1721
350 2405 457 2447 obiit,
477 2416 564 2440 cum
592 2410 800 2452 regnasset
818 2417 890 2452 per
909 2417 999 2440 ann.
1022 2407 1087 2451 20,

135 2468 253 2494 mens.
266 2458 301 2501 3,
314 2457 398 2493 (lies
415 2457 475 2502 25,
487 2460 629 2494 aetatis
646 2469 741 2495 suae
756 2459 815 2501 72,
831 2459 878 2494 ab
894 2460 1088 2505 omnibus,

135 2512 228 2548 solis
254 2511 480 2548 Iansenistis
498 2513 689 2559 exceptis,
707 2513 906 2548 communi
926 2524 1088 2559 praeco-

136 2565 201 2602 nio
227 2565 465 2608 celebratus,
491 2570 535 2602 ut
553 2566 698 2613 optimo
719 2566 839 2602 etiam
859 2566 1086 2604 succedenti

134 2618 321 2655 Pontifici
339 2619 505 2655 difficilis
524 2620 736 2656 aemulatio
756 2620 896 2656 foret5.

178 2764 190 2786 ¹
208 2764 321 2798 Const.
354 2763 537 2798 Commissi
555 2762 653 2795 Nobis
680 2762 846 2795 divinitus
863 2789 871 2801 ,
894 2761 979 2803 120,
1003 2766 1026 2794 t.
1047 2763 1088 2796 10

422 2812 439 2826 τ’
746 2809 754 2826 ‹

133 2811 628 2895 p·²1Lliiiiilbctz3iiinlisljibgugequiy‘?
646 2808 826 2886 ιῖἱείῃὲέαε.
841 2858 903 2886 etc.
921 2853 941 2884 l.
960 2853 992 2894 4,
1007 2863 1038 2895 p.
1052 2855 1085 2896 2,

133 2915 163 2940 c.
183 2903 240 2943 20,
259 2912 293 2935 n.
314 2903 347 2937 5.
368 2905 411 2936 De
430 2901 642 2935 Institutione
661 2909 739 2934 vcro
760 2900 832 2932 sesti
853 2899 886 2931 S.
907 2899 1022 2942 Ioseph
1042 2900 1090 2933 le·-

132 2950 218 2993 gesis
235 2959 268 2992 p.
289 2949 367 2990 134,
386 2954 455 2982 not.
478 2949 509 2981 5.

176 2996 191 3018 3
209 2996 253 3028 De
271 2996 373 3029 Linea
399 2994 577 3028 meridiana
596 2991 800 3024 clementina
828 2991 922 3023 multi
948 2993 984 3023 ad
1003 2991 1086 3025 hanc

132 3042 212 3075 diem
231 3042 406 3083 scripse1·e;
427 3042 514 3072 inter
531 3048 612 3083 quos
632 3038 695 3069 vid.
712 3038 758 3070 De
776 3038 845 3069 vita
866 3040 898 3069 et
915 3037 1013 3070 rebus
1031 3048 1086 3079 qe-

132 3089 193 3121 stis
211 3086 398 3120 Clementis
416 3087 472 3125 ΧΙ,
495 3082 787 3127 εἰῑ.,1.Ιῐ,ἕ38.

175 3134 190 3155 ⁴
205 3131 327 3166 Romae
346 3133 446 3172 17‘29,
464 3132 483 3163 2
503 3132 580 3164 voll.
601 3129 712 3162 iu—fol.

177 3176 192 3199 ⁵
207 3176 243 3211 P.
262 3180 297 3212 F.
318 3179 477 3218 tantem,
491 3177 639 3210 Histoire
658 3175 697 3207 de
716 3174 869 3208 Cle'ment
889 3172 985 3213 X1,2
1004 3174 1083 3206 voll.

133 3223 260 3268 iu-12⁶·,
277 3225 313 3259 S.
332 3225 505 3265 Reboulet,
524 3225 620 3262 idem,
639 3220 658 3252 2
677 3222 756 3254 voll.
776 3220 878 3253 in-40.

1957 125 2035 163 ⁴251

1189 206 1246 242 36.
1267 205 1315 240 M
1321 205 1518 242 onai-chia
1538 203 2004 242 Sicula-Pontificatum
2030 219 2094 255 ge-

1145 264 1255 296 rente
1281 259 1485 296 Clemente
1507 259 1559 294 Xl
1580 287 1587 303 ,
1607 258 1654 294 lis
1673 257 1777 294 acris
1797 258 1951 304 agitata
1969 265 2030 296 est
2047 261 2094 297 de

1143 312 1356 360 apostolica
1375 312 1484 359 regni
1507 311 1626 347 Siculi
1642 311 1855 358 legatione,
1870 322 1985 359 quam
2002 313 2093 349 Μο-

1143 365 1351 401 narchiam
1371 364 1548 401 Siculam
1568 365 1774 401 vocabant.
1795 365 2094 402 Contenderunt

1145 431 1258 466 reges
1276 418 1433 454 Siciliae
1449 446 1457 461 ,
1476 429 1517 453 se
1537 417 1573 453 vi
1593 417 1816 465 diplomatis
1833 447 1842 462 ‚
1861 417 1909 454 ab
1929 418 2094 455 Urbano

1144 473 1214 520 Pp.
1241 472 1271 508 Il
1292 471 1397 515 dati,
1421 482 1506 507 esse
1527 471 1637 507 Sedis
1662 471 1914 519 Apostolicae
1942 472 2095 519 legatos

1144 531 1256 562 natos
1275 529 1315 561 et
1333 524 1468 560 omnia
1488 535 1616 571 posse,
1633 535 1732 571 quae
1751 529 1843 561 sunt
1859 525 1906 561 de
1923 525 2008 562 iure
2023 527 2093 563 Le-

1143 584 1326 625 gatorum
1343 589 1365 613 a
1377 577 1502 614 latere
1518 579 1542 611 ¹.
1555 578 1632 613 Ista
1647 578 1883 614 Monarchia
1897 589 1967 615 seu
1982 590 2095 627 prae-

1142 636 1299 679 sumpta
1325 631 1473 677 legatio
1500 641 1522 666 a
1540 642 1635 677 rege
1664 631 1858 668 translata
1884 637 1944 668 est
1969 632 2008 667 in
2035 644 2093 670 re-

1143 685 1227 732 gios
1247 685 1447 720 ministros
1461 713 1469 727 ,
1489 684 1551 731 qui
1572 684 1674 720 illius
1696 685 1867 721 tribunal
1888 697 2096 733 compone-

1144 739 1251 774 bant.
1271 738 1355 773 Hoe
1374 737 1544 774 tribunal
1561 737 1632 773 sibi
1648 738 1706 774 ius
1725 738 1940 786 arrogabat
1955 750 2096 776 causas

1143 795 1183 827 et
1203 802 1395 837 personas
1422 790 1715 827 ecclesiasticas
1740 791 1936 827 iudicandi
1963 797 2003 828 et
2029 805 2096 840 pu-

1144 844 1289 888 niendi,
1302 843 1669 880 excommunicandi
1685 848 1726 880 et
1741 845 1968 881 absolvendi
1984 857 2096 893 quos-

1142 898 1215 941 vis,
1233 898 1367 941 laicos,
1389 898 1604 933 monachos
1623 901 1662 933 et
1680 897 1847 934 clericos
1876 899 2095 935 cuiuscum-

1143 962 1217 998 que
1235 951 1440 998 dignitatis
1455 952 1576 987 etiam
1592 950 1843 998 episcopalis,
1859 951 2096 1000 impediendi

1143 1004 1432 1052 appellationes
1458 1004 1507 1040 ad
1533 1004 1804 1052 Apostolicam
1831 1005 1996 1050 Sedem,
2016 1017 2094 1041 non

1145 1058 1379 1094 admittendi
1413 1058 1590 1094 eiusdem
1617 1058 1730 1094 Sedis
1757 1058 1943 1103 nuncios,
1970 1070 2096 1106 neque

1142 1111 1270 1157 ipsam
1289 1111 1561 1158 Apostolicam
1581 1111 1724 1147 Sedem
1745 1116 1930 1159 respectu
1945 1111 2096 1148 iurisdi-

1144 1164 1285 1201 ctionis
1303 1165 1599 1201 ecclesiasticae
1619 1164 1944 1211 recognoscendi,
1964 1165 2037 1201 nisi
2056 1165 2095 1200 in

1143 1229 1237 1254 casu
1264 1218 1576 1266 praeventionis.
1599 1218 1801 1254 Eiusmodi
1831 1229 1895 1254 res
1921 1229 1998 1253 non
2026 1218 2093 1253 mi-

1142 1284 1214 1308 nus
1230 1272 1337 1308 clero
1354 1275 1397 1308 et
1409 1272 1604 1319 episcopis
1620 1271 1776 1314 Siculis,
1793 1282 1909 1319 quam
1928 1273 2093 1318 Aposto-

1142 1326 1240 1363 licae
1267 1325 1358 1362 Sedi
1384 1325 1574 1361 iniuriosa
1600 1328 1640 1361 et
1666 1324 1859 1360 invidiosa
1888 1328 1992 1361 erat.
2011 1325 2094 1360 Iam

1141 1380 1353 1415 cardinalis
1394 1380 1591 1414 Bar-onius
1625 1378 1766 1425 aliique
1801 1378 1987 1425 deinceps
2020 1377 2094 1413 viri

1140 1433 1283 1470 eruditi
1310 1433 1443 1468 multis
1477 1431 1881 1468 animadversionibus
1918 1431 2096 1478 diploma

1140 1487 1291 1522 Urbani
1307 1486 1351 1530 11,
1368 1486 1469 1534 quod
1487 1497 1553 1522 an.
1571 1485 1660 1521 1513
1679 1486 1705 1521 1.
1723 1486 1769 1521 L.
1784 1485 1999 1521 Barberius
2019 1485 2096 1532 pri-

1142 1552 1228 1576 mus
1246 1541 1284 1575 in
1304 1540 1433 1576 lucem
1457 1539 1641 1587 protulit,
1660 1542 1890 1586 suspectum
1918 1538 2094 1575 reddide-

1140 1598 1252 1637 runt;
1272 1598 1388 1641 atque
1405 1622 1414 1638 ‚
1435 1594 1609 1629 admissa
1627 1594 1750 1629 etiam
1768 1593 1851 1628 eius
1870 1592 2094 1637 authentia,

1140 1647 1414 1691 ostenderunt,
1435 1647 1527 1683 illud
1547 1651 1700 1683 tantum
1725 1646 1842 1682 fuisse
1863 1657 2094 1682 concessum

1141 1701 1316 1747 Rogerio
1336 1700 1471 1737 comiti
1485 1701 1646 1748 eiusque
1657 1699 1743 1735 filiis
1759 1699 2091 1742 seuhaeredibus,

1141 1754 1302 1801 proinde
1324 1765 1502 1790 cessasse
1517 1783 1525 1798 ,
1545 1753 1636 1790 dum
1656 1765 1824 1800 regnum
1850 1753 2024 1789 Siculum
2043 1753 2092 1789 ad

1141 1809 1260 1844 aliam
1281 1808 1439 1845 transiit
1459 1808 1674 1852 familiam;
1693 1807 1786 1843 illud
1805 1807 1953 1843 nullum
1972 1807 2091 1843 vesti-

1143 1862 1250 1908 gium
1265 1861 1419 1898 dicendi
1437 1861 1535 1897 iuris
1549 1860 1653 1896 sacri
1665 1864 1704 1896 et
1717 1860 1979 1897 ecclesiastici
1996 1870 2093 1906 prae

1139 1930 1180 1954 se
1198 1918 1306 1955 ferre
1321 1949 1329 1963 ,
1349 1919 1417 1955 sed
1439 1930 1508 1954 eas
1527 1921 1682 1954 tantum
1702 1921 1838 1965 partes
1851 1945 1859 1961 ,
1878 1927 1977 1964 quae
2005 1918 2095 1950 sunt

1139 1973 1325 2020 principis
1343 1972 1552 2009 Ecclesiae
1571 1971 1661 2015 filii,
1688 1971 1860 2018 Roget-io
1880 1967 2093 2006 demanda-

1140 2038 1196 2070 re,
1212 2032 1256 2063 ut
1273 2038 1344 2074 pro
1364 2037 1436 2062 sua
1452 2026 1488 2061 in
1510 2026 1734 2061 Ecclesiam
1750 2024 1980 2061 reverentia
2003 2033 2094 2069 apo—

1137 2081 1366 2116 stolicorum
1386 2081 1582 2116 iussorum
1601 2079 1878 2115 executionem
1906 2080 2090 2119 curaret3

1138 2139 1227 2181 post
1238 2135 1389 2170 Urbani
1404 2134 1433 2170 11
1450 2137 1629 2170 aetatem
1645 2132 1877 2180 praecipuas
1892 2131 1939 2166 R.
1954 2129 2091 2166 Eccle-

1139 2189 1222 2225 siae
1242 2190 1463 2236 legationes
1476 2189 1515 2224 in
1529 2189 1664 2224 Sicilia
1679 2199 1702 2223 a
1715 2187 1812 2222 viris
1826 2185 1951 2221 sacris
1968 2183 2091 2219 fuisse

1141 2247 1342 2290 peractaS,
1356 2247 1396 2280 et
1416 2243 1569 2280 Siculos
1585 2253 1696 2278 more
1715 2244 1903 2277 consueto
1919 2238 1967 2273 ad
1986 2239 2092 2284 Apo-

1140 2297 1319 2333 stolieam
1339 2296 1482 2333 Sedem
1502 2295 1807 2344 provocationes
1824 2291 2044 2328 instituisse
2061 2292 2090 2322 2.

1188 2350 1316 2390 Quum
1338 2354 1470 2386 autem
1490 2361 1592 2386 anno
1613 2349 1701 2385 1711
1721 2348 1772 2383 N.
1794 2347 1851 2382 M.
1871 2343 2089 2388 Tudeschi,

1139 2402 1346 2450 episcopus
1379 2403 1609 2450 Liparensis
1625 2431 1634 2446 ,
1677 2399 1864 2448 quosdam
1899 2397 2090 2432 officiales

1141 2461 1303 2506 propter
1321 2459 1511 2494 violatam
1529 2456 1825 2493 immunitatem
1851 2451 2091 2489 ecclesiasti-

1143 2522 1231 2548 cam
1265 2512 1651 2548 excommunicasset
1672 2537 1680 2553 ,
1709 2512 1749 2544 et
1783 2505 1884 2552 regii
1918 2503 2088 2540 ministri

1140 2569 1352 2612 praetextu
1370 2565 1630 2601 Monarchiae
1650 2561 1804 2598 Siculae
1820 2557 2090 2595 excommuni-

1141 2622 1252 2655 catos
1269 2619 1543 2661 absolvissent,
1556 2618 1740 2654 Clemens
1754 2613 1823 2656 XI,
1841 2612 1888 2648 ab
1904 2611 2090 2658 episcopo

1140 2673 1650 2721 Liparensiinterpellatus‚
1667 2667 1913 2716 impertitam
1929 2676 1952 2701 a
1967 2665 2090 2712 regiis

1139 2727 1330 2763 ministris
1344 2726 1631 2762 absolutionem
1647 2725 1810 2770 propter
1822 2719 2022 2756 defectum
2033 2719 2090 2753 iu-

1141 2781 1380 2816 risdictionis
1391 2780 1537 2816 nullam
1552 2775 1781 2813 declaravit.
1795 2774 1822 2809 Ii
1838 2784 1934 2809 vero
1948 2771 1988 2807 in
2003 2782 2091 2807 sen-

1140 2836 1266 2870 tentia
1281 2845 1352 2870 sua
1367 2833 1639 2881 persistentes,
1653 2839 1816 2865 earcere
1832 2826 1994 2873 aliisque
2010 2835 2091 2860 mo-

1139 2887 1198 2924 dis
1225 2890 1455 2924 saevierunt
1480 2887 1518 2921 in
1545 2885 1712 2920 clericos
1739 2883 1999 2929 Liparenses,
2025 2878 2088 2927 qui

1140 2941 1505 2977 excommunicatos
1525 2938 1572 2973 ad
1600 2947 1717 2973 sacra
1744 2934 1957 2971 admittere
1984 2933 2092 2968 nole-

1139 2996 1246 3031 bant.
1268 2994 1450 3030 Pontifex
1469 2991 1691 3029 huiusmodi
1710 2999 1831 3027 causa
1858 2988 2015 3035 indigne
2034 2988 2090 3024 fe—

1186 3124 1194 3144 ¹
1214 3123 1253 3156 Cf
1269 3128 1337 3156 not.
1357 3124 1377 3155 4
1396 3122 1431 3154 ad
1453 3122 1570 3155 calcem
1589 3131 1621 3164 p.
1644 3120 1698 3159 13,
1718 3120 1783 3153 col.
1801 3117 1834 3152 2.

1140 3168 1293 3252 Roinwili
1304 3169 1426 3247 ιΙὲίονὶα
1442 3168 1530 3202 della
1542 3170 1678 3210 pretesa
1694 3164 1887 3201 Illonarchia
1904 3163 1938 3196 di
1952 3162 2084 3205 Sicilia,
