2241 3473
233 125 309 164 162

180 215 298 253 quam
325 200 575 252 principium,
595 199 633 236 in
653 209 727 246 quo
747 206 892 242 omnes,
912 194 979 243 qui
997 194 1114 232 fidem

180 256 323 296 Christi
350 254 597 303 profitentur,
625 249 840 288 necessario
868 247 1112 285 conveniant.

180 312 223 349 In
252 309 311 348 his
340 310 363 346 3
385 306 624 344 Sessionibus
653 303 748 340 nihil
777 301 909 350 magni
930 300 1114 337 momenti

180 363 431 401 constitutum
452 358 544 403 fuit,
564 357 656 406 quia
676 355 789 393 multi
806 354 971 404 episcopi
987 354 1114 390 adhuc

180 418 254 455 iter
281 415 441 462 agerent
460 415 499 448 et
518 421 651 447 eorum
672 410 861 447 adventus
882 410 1113 456 expectare-

179 475 243 507 tur
263 469 309 505 ad
329 465 436 504 Fidei
457 475 683 511 morumque
700 462 919 500 sanctiones
935 460 1115 497 definien-

180 523 260 559 das.
281 521 382 558 Sess.
403 516 479 555 IVa
493 546 502 563 ,
522 516 654 554 habita
675 516 732 553 vi⁰
753 515 841 552 idus
862 513 1014 563 aprilis,
1034 512 1115 550 edi-

179 578 221 613 ta
248 575 338 611 sunt
365 573 390 610 2
419 571 586 615 decreta,
608 581 725 606 unum
748 569 793 606 de
813 567 1026 616 Scripturis
1046 577 1114 603 ca-

181 627 339 672 nonicis,
368 625 536 663 alterum
566 624 612 660 de
633 622 801 660 editione
822 623 862 659 et
883 632 953 658 usu
976 632 1024 658 ss.
1045 619 1116 657 Li-

180 682 336 718 brorum
354 692 362 716 :
392 678 429 715 in
450 676 569 726 priori
589 676 806 714 declaravit
825 673 1054 718 Concilium,
1075 684 1116 710 se

181 744 311 771 omnes
339 732 458 770 libros
489 731 689 778 utriusque
723 727 963 766 Testamenti
999 728 1118 774 atque

183 785 482 825 ss.Traditiones
498 784 580 833 pari
591 781 771 832 pietatisa
782 781 900 819 ffectu
913 780 1120 828 suscipere,

184 840 321 878 deinde
342 839 478 876 Libros
503 849 552 875 ss.
577 835 774 874 recensuit
794 837 908 884 prout
935 834 962 871 ii
988 834 1028 870 in
1048 833 1120 870 Ec-

181 891 496 931 clesiacatholica
506 889 581 939 legi
591 891 879 926 consueverant
893 889 932 924 et
944 887 983 924 in
996 885 1121 923 veteri

181 946 355 995 Vulgata
383 944 552 982 editione
573 943 837 988 habebantur3
857 941 896 979 in
917 938 1122 989 posteriori

181 1001 334 1037 decreto
356 1010 405 1036 ex
425 998 603 1035 omnibus
619 996 863 1033 versionibus
878 993 1008 1032 latinis
1023 992 1121 1030 Vul-

181 1055 273 1103 gata
302 1052 499 1090 declarata
519 1051 592 1088 fuit
613 1049 860 1095 authentica,
881 1050 921 1085 et
948 1046 1123 1097 prohibi-

180 1110 328 1152 tum,ne
343 1107 428 1155 quis
442 1108 578 1142 contra
589 1115 675 1141 eum
694 1112 981 1151 sensum,quem
993 1099 1123 1138 tenuit

180 1164 220 1198 et
233 1163 342 1198 tenet
360 1158 550 1204 Ecclesia,
567 1159 635 1195 aut
652 1158 788 1194 contra
807 1154 1028 1192 unanimem
1042 1154 1122 1190 Pa-

183 1217 289 1253 trum
310 1224 540 1250 consensum
558 1210 847 1259 sScripturam
868 1206 1122 1256 interpretari

184 1268 347 1314 audeat3
367 1266 463 1303 item
486 1276 532 1302 ne
554 1264 643 1301 libri
675 1265 721 1301 de
750 1263 867 1300 rebus
897 1261 1018 1299 sacris
1040 1261 1124 1297 sine

185 1321 335 1358 nomine
355 1318 526 1356 auctoris
555 1319 594 1355 et
624 1316 905 1366 approbatione
926 1313 1124 1352 Ordinarii

184 1374 469 1422 imprimantur.
491 1372 591 1409 Sess.
606 1370 682 1415 Va,
697 1369 894 1407 celebrata
912 1367 983 1406 xv⁰
1001 1367 1126 1405 calen-

185 1428 253 1465 das
265 1426 391 1471 iulias,
403 1425 507 1463 edita
523 1424 646 1462 sunt2
659 1424 829 1469 decreta,
842 1433 1004 1471 quorum
1018 1421 1126 1470 prius

185 1482 209 1520 5
242 1481 450 1517 canonibus
484 1478 622 1515 definit
656 1477 871 1514 doctrinam
901 1476 948 1513 de
968 1477 1126 1524 peccato

186 1533 386 1584 originali3
408 1531 611 1581 posterius,
632 1531 732 1579 quod
750 1537 808 1567 est
823 1530 870 1567 de
886 1528 1128 1566 reformatio-

186 1600 247 1634 ne,
269 1587 445 1625 decernit
466 1586 512 1622 de
533 1584 804 1622 constituendo
824 1584 863 1620 in
884 1581 1059 1620 ecclesiis
1078 1581 1128 1618 le-

186 1643 290 1679 ctore
319 1653 347 1679 s.
379 1639 618 1688 scripturae,
649 1638 694 1675 de
715 1636 1056 1675 concionatoribus
1077 1634 1128 1671 di-

186 1695 268 1732 vini
298 1694 406 1731 verbi
435 1697 473 1730 et
501 1691 771 1740 quaestoribus
801 1688 1126 1738 eleemosynariis.

186 1749 287 1787 Sess.
317 1748 403 1793 VP,
432 1746 565 1784 habita
584 1746 711 1783 idibus
730 1744 895 1782 ianuarii
921 1743 1038 1788 1547,
1059 1754 1128 1792 pa-

188 1802 283 1840 riter
310 1802 335 1838 2
355 1801 512 1838 decreta
532 1799 681 1837 sancita
701 1800 811 1845 sunt3
832 1799 937 1847 prius
957 1797 1129 1834 continet

191 1856 238 1894 16
268 1854 395 1903 capita
424 1854 471 1891 de
500 1852 774 1890 iustificatione
803 1854 841 1889 et
869 1851 919 1889 33
948 1861 1128 1895 canones,

191 1909 328 1958 quibus
349 1906 532 1944 contrarii
552 1906 833 1944 haereticorum
850 1916 1003 1943 errores
1019 1903 1129 1940 dam-

190 1966 350 2007 nantur-3
369 1961 558 2009 posterius
588 1959 860 2008 complectitur
880 1958 904 1996 5
924 1958 1053 2006 capita
1082 1957 1129 1993 de

192 2014 405 2054 residentia
443 2013 705 2063 praelatorum
742 2015 780 2050 et
798 2012 1130 2056 beneficiatorum,

194 2070 240 2107 de
260 2067 497 2116 corrigendis
517 2067 564 2104 ab
585 2066 790 2104 Ordinario
817 2066 889 2103 loci
911 2063 1132 2104 excessibus

194 2121 455 2161 saecularium
486 2120 715 2157 clericorum
737 2122 777 2157 et
796 2119 1040 2168 regularium
1059 2129 1132 2154 ex-

193 2179 258 2214 tra
276 2174 513 2213 monasteria
532 2173 771 2222 degentium,
788 2174 834 2210 de
852 2172 1053 2210 visitandis
1072 2182 1131 2208 ec-

194 2227 324 2267 clesiis
343 2228 391 2265 ab
411 2226 597 2276 episcopis
617 2229 657 2264 et
678 2227 764 2264 aliis
797 2226 982 2275 praelatis
1012 2225 1131 2262 maio-

194 2284 315 2328 ribus,
337 2282 382 2319 de
403 2293 479 2318 non
510 2280 736 2317 exercendis
764 2279 1047 2329 pontificalibus
1067 2281 1135 2315 aut

196 2335 439 2374 conferendis
468 2333 676 2371 Ordinibus
697 2333 745 2370 ab
766 2333 953 2382 episcopis
973 2333 1011 2369 in
1035 2331 1134 2369 alie-

198 2403 248 2429 na
277 2388 453 2427 dioecesi.
476 2387 579 2425 Sess.
599 2386 709 2434 Vlla,
729 2387 926 2424 celebrata
948 2387 991 2423 v⁰
1015 2396 1134 2423 nonas

197 2443 342 2489 martii,
363 2441 495 2491 primo·
517 2440 661 2478 conditi
691 2444 781 2478 sunt
813 2440 859 2477 13
888 2451 1055 2477 canones
1093 2439 1138 2475 de

198 2494 463 2537 Sacramentis
501 2494 538 2531 in
578 2505 719 2543 genere
735 2524 744 2541 ,
777 2494 824 2531 14
862 2494 909 2531 (16
939 2494 1138 2541 Baptismo

198 2556 237 2589 et
264 2550 288 2588 3
309 2550 354 2587 de
375 2548 688 2594 Confirmatione,
710 2547 847 2596 quibus
877 2558 1039 2592 errores,
1069 2558 1139 2584 ca-

198 2603 367 2643 tholicae
402 2601 602 2639 doctrinae
631 2601 816 2650 oppositi,
850 2612 937 2637 cum
971 2600 1139 2637 anathe-

201 2661 304 2696 mate
325 2656 609 2705 reprobantur3
644 2654 731 2692 dein
753 2654 899 2691 editum
928 2656 986 2691 cst
1007 2653 1141 2690 decre·

199 2715 282 2750 tum
303 2709 602 2755 reformationis,
619 2707 819 2745 continens
835 2708 882 2745 15
897 2706 1038 2756 capita,
1055 2706 1140 2754 qui-

202 2766 273 2803 bus
321 2763 547 2813 prohibetur
593 2761 866 2799 beneficiorum
906 2759 1141 2809 pluralitas,

202 2817 521 2868 praescribuntur
540 2816 649 2854 dotes
668 2826 816 2858 corum,
837 2814 902 2863 qui
923 2814 970 2851 ad
991 2812 1140 2850 benefi-

207 2871 268 2909 cia
296 2869 547 2920 promovendi
578 2871 693 2914 sunt,
717 2869 867 2917 aliaque
897 2867 1144 2904 constituun-

205 2928 281 2963 tur.
325 2925 424 2962 Sess.
462 2921 595 2970 ww,
623 2922 760 2960 habita
795 2923 835 2957 νῦ
870 2920 955 2958 idus
993 2919 1143 2966 martii,

203 2978 322 3027 legati
344 2976 541 3014 Pontificis
574 2979 730 3025 propter
749 2975 1016 3024 contagiosum
1038 2984 1144 3011 mor-

204 3033 295 3069 bum
313 3062 321 3078 ,
355 3031 529 3068 Tridenti
564 3032 810 3077 grassantem
829 3059 838 3075 ,
874 3040 921 3066 ex
957 3027 1145 3077 potestate

205 3086 275 3123 sibi
295 3098 318 3122 a
338 3084 460 3122 Paulo
482 3084 535 3122 111
557 3084 672 3131 sacta,
699 3084 903 3121 concilium
933 3081 1146 3120 transtule—

207 3138 530 3177 runtBononiam.
544 3138 615 3175 Hic
626 3138 652 3176 2
667 3137 858 3175 sessiones
874 3136 1030 3174 habitae
1045 3136 1146 3174 sunt:

208 3191 300 3240 lXa,
317 3194 374 3230 x1⁰
390 3191 569 3232 calendas
590 3192 724 3240 maias,
740 3193 780 3230 et
794 3190 864 3238 X²²‚
877 3189 1060 3240 postridie
1081 3200 1149 3227 ca-

818 129 973 158 ErocHA
1001 128 1058 156 XI.
1086 129 1139 156 AB
1168 128 1307 156 INITIIS
1334 127 1509 155 LVTHERI

1154 196 1287 234 lendas
1306 193 1418 239 iunii,
1437 194 1504 232 sed
1525 195 1680 244 propter
1700 196 1916 234 multorum
1935 207 2101 245 praesu-

1155 251 1235 287 lum
1272 247 1486 286 absentiam
1519 247 1619 284 nihil
1651 248 1690 285 in
1724 248 1771 286 iis
1791 249 1866 286 fuit
1885 250 2102 289 definitum.

1156 301 1350 340 Postridie
1390 312 1485 337 vero
1520 300 1607 337 idus
1627 302 1857 349 septembris
1875 303 1914 339 in
1936 315 2103 353 congre-

1156 355 1313 404 gatione
1329 353 1505 403 generali
1521 354 1642 391 sessio
1658 353 1792 391 futura
1803 359 2014 405 prorogata
2030 356 2105 394 fuit

1159 409 1206 446 ad
1227 407 1516 456 beneplacitum
1538 407 1641 445 sacri
1673 407 1843 446 Concilii.
1874 409 1998 447 Paulo
2019 411 2106 459 post

1157 462 1321 510 praelati
1344 460 1519 498 Bononia
1552 459 1718 509 profecti
1753 463 1857 508 sunt,
1884 463 1924 499 et
1942 462 2106 501 Concilii

1158 514 1401 552 continuatio
1421 516 1445 551 4
1467 513 1577 551 annis
1597 525 1783 562 suspensa
1803 512 1828 551 ¹.

1212 568 1275 605 29.
1297 568 1527 616 Relz'yz'onz's
1563 571 1698 603 status
1732 568 1777 604 z‘n
1813 568 2041 607 Germania
2057 590 2105 598 —

1161 622 1315 659 Interea
1336 620 1501 658 audacia
1521 619 1822 669 protestantium
1841 620 1880 657 in
1897 621 2109 661 Germania

1161 675 1289 725 magis
1318 675 1523 724 magisque
1555 675 1672 710 aucta
1693 676 1754 711 est
1773 685 1823 711 ex
1842 673 2109 714 moderatione

1160 740 1238 778 qua
1257 739 1353 777 erga
1374 739 1437 765 eos
1461 727 1646 765 utendum
1680 738 1762 764 esse
1783 728 1967 765 censebat
1985 729 2110 767 Caro-

1161 783 1221 820 lus
1240 781 1456 830 imperator
1475 782 1635 829 propter
1655 780 1816 827 bellum,
1836 782 1937 829 quod
1957 782 2030 820 sibi
2045 782 2110 820 in-

1162 835 1372 873 cumbebat
1391 846 1482 872 cum
1502 845 1595 882 rege
1616 833 1875 880 Francorum,
1895 836 1935 872 et
1953 837 2113 884 propter

1162 888 1407 927 imminentia
1435 887 1611 937 pericula
1631 899 1651 923 e
1671 887 1893 924 Turcarum
1926 888 1965 925 in
1995 888 2111 927 Hun-

1163 943 1314 992 gariam
1335 942 1613 979 invasionibus.
1635 940 1943 979 Schmalcaldico
1963 941 2112 980 foederi

1163 997 1264 1045 quod
1285 994 1479 1045 principes
1498 994 1700 1031 lutherani
1721 1006 1782 1032 an.
1807 994 1906 1032 1531
1925 1007 1996 1044 pro
2015 995 2112 1033 reli-

1165 1049 1293 1099 gionis
1314 1060 1407 1086 suae
1428 1048 1648 1086 defensione
1668 1047 1849 1093 inierant,
1866 1049 1957 1086 novi
1974 1049 2114 1087 deinde

1168 1102 1368 1153 principes
1403 1104 1443 1139 et
1477 1101 1658 1139 civitates
1696 1103 1961 1140 accesserunt.
1995 1102 2116 1140 Iidem

1168 1156 1363 1206 principes
1383 1155 1587 1205 religionis
1607 1155 1844 1199 libertatem,
1863 1166 1979 1204 quam
2000 1159 2116 1194 antea

1167 1210 1241 1248 sibi
1262 1210 1449 1259 petebant
1468 1239 1476 1257 ,
1499 1220 1602 1246 nunc
1621 1208 1821 1246 catholicis
1842 1208 1880 1245 in
1901 1208 2016 1248 terris
2036 1209 2116 1247 suis

1168 1264 1431 1313 denegabant,
1453 1262 1603 1300 cunctis
1624 1262 1787 1299 subditis
1804 1261 1884 1300 suis
1899 1274 2046 1300 novam.
2060 1274 2119 1300 re-

1168 1317 1352 1367 ligionem
1389 1316 1429 1354 vi
1463 1316 1725 1353 obtrudebant
1740 1346 1749 1361 ,
1788 1315 1908 1353 etiam
1943 1315 2118 1354 subditos

1169 1371 1385 1421 principum
1415 1370 1697 1407 catholicorum
1717 1398 1727 1415 ,
1755 1369 1794 1405 in
1822 1368 1931 1406 illam
1963 1381 2117 1419 pronos,

1170 1424 1362 1474 praesidio
1383 1436 1453 1461 suo
1474 1422 1802 1468 communiebant,
1823 1422 2019 1472 variisque
2047 1435 2117 1461 oc-

1171 1477 1393 1516 casionibus
1432 1476 1710 1526 significabant
1729 1505 1738 1522 ,
1775 1475 1978 1514 consilium
2006 1487 2121 1514 suum

1170 1543 1264 1578 esse,
1286 1533 1328 1568 ut
1348 1531 1387 1567 in
1410 1530 1515 1568 omni
1545 1528 1772 1575 Germania,
1801 1529 2003 1568 eliminata
2021 1530 2119 1568 reli-

1172 1586 1284 1636 gione
1306 1584 1443 1629 veteri,
1461 1594 1603 1632 purum
1615 1582 1686 1620 Dei
1704 1582 1879 1630 verbum,
1897 1586 1939 1621 ut
1953 1583 2120 1621 Lutheri

1171 1638 1315 1689 placita
1337 1638 1600 1687 appellabant,
1620 1635 1866 1674 stabiliretur
1882 1634 1908 1674 ².
1925 1637 1998 1674 An.
2020 1636 2122 1674 1540

1171 1694 1384 1742 imperator
1417 1691 1465 1728 ad
1503 1689 1787 1740 procurandam
1809 1701 1942 1738 pacem
1964 1689 2122 1738 religio-

1172 1758 1256 1784 sam
1276 1756 1413 1783 rursus
1436 1743 1608 1782 tentavit
1628 1743 1898 1792 theologorum
1921 1743 2124 1792 utriusque

1173 1799 1295 1850 partis
1316 1799 1363 1836 de
1386 1798 1572 1847 religione
1603 1796 1865 1834 collationem.
1886 1796 1991 1834 Haec
2007 1796 2124 1835 Wor-

1175 1853 1319 1892 matiae
1341 1853 1525 1890 inchoata
1539 1881 1548 1899 ,
1578 1862 1679 1889 anno
1699 1851 1878 1899 sequenti
1899 1850 1937 1888 in
1958 1849 2123 1888 comitiis

1175 1906 1526 1945 Ratisbonensibus
1575 1904 1724 1941 frustra
1770 1903 1998 1942 continuata.
2033 1903 2121 1941 fuit.

1174 1959 1383 1998 Foederati
1412 1957 1714 1996 Schmalcaldici
1734 1957 1810 1995 iam
1830 1956 2033 1995 concilium
2051 1967 2123 2005 ge-

1176 2013 1307 2051 nerale
1343 2012 1571 2050 reiiciebant
1585 2041 1594 2058 ,
1627 2010 1781 2060 plenam
1821 2014 1860 2048 et
1894 2012 2125 2060 perpetuam

1176 2067 1376 2117 religionis
1391 2077 1484 2104 suae
1502 2065 1723 2103 libertatem
1741 2065 1963 2113 poscebant3
1978 2062 2124 2101 bellum

1176 2121 1477 2165 minitabantur,
1497 2121 1536 2156 et
1556 2130 1629 2166 quo
1650 2117 1862 2167 imperator
1890 2128 2024 2155 eorum
2052 2127 2124 2165 po-

1175 2174 1450 2214 stulationibus
1466 2171 1696 2221 indulgebat
1709 2183 1754 2209 eo
1765 2171 1834 2221 ipsi
1848 2169 2127 2221 postulationes

1179 2228 1386 2278 urgebant.

1230 2284 1342 2319 Anno
1382 2278 1482 2317 1546
1503 2278 1712 2324 Lutherus,
1747 2277 1954 2323 malorum,
1983 2276 2127 2326 quibus

1178 2333 1387 2372 Germania
1407 2333 1634 2382 agitabatur
1664 2334 1704 2369 et
1733 2331 1921 2380 agitanda
1939 2332 2039 2375 erat,
2058 2341 2129 2368 au-

1179 2392 1279 2435 ctor,
1301 2387 1348 2424 ad
1372 2386 1465 2424 iusti
1485 2385 1624 2423 iudicis
1644 2384 1817 2422 tribunal
1838 2384 2002 2422 adstitit.
2025 2383 2128 2422 Isle-

1179 2441 1265 2489 biae
1284 2437 1374 2478 XI11⁰
1390 2439 1462 2477 cal.
1487 2439 1615 2476 martii
1636 2438 1817 2476 miseram
1839 2438 2008 2476 animam
2029 2435 2129 2474 effia-

1181 2494 1251 2541 vit,
1272 2506 1359 2532 cum
1387 2504 1548 2542 vespere
1569 2493 1666 2530 bene
1688 2495 1802 2541 potus
1823 2491 1995 2530 cubitum
2017 2490 2130 2536 isset,

1182 2560 1305 2597 neque
1327 2546 1526 2596 crapulam
1544 2546 1736 2583 edormire
1750 2543 1973 2595 potuisset-³.
1986 2543 2133 2582 Eodem

1183 2613 1282 2640 anno
1302 2601 1582 2650 pax‚hactenus
1603 2599 1707 2637 inter
1716 2598 1934 2637 Catholicos
1948 2601 1988 2636 et
1998 2597 2132 2635 Prote-

1183 2657 1331 2693 stantes
1349 2666 1463 2703 aegre
1481 2654 1845 2703 conservata,rupta
1857 2654 1929 2697 est,
1940 2653 1979 2690 et
1988 2649 2132 2688 bellum

1185 2709 1287 2746 inter
1306 2709 1584 2757 imperatorem
1602 2712 1642 2744 et
1658 2706 1877 2744 foederatos
1896 2702 2136 2743 Schmalcal-

1185 2763 1290 2800 dicos
1308 2765 1511 2811 coeptum,
1531 2761 1632 2810 quod
1668 2761 1716 2798 ab
1749 2759 1826 2798 illis
1857 2756 2133 2797 Schmalcaldi·

1185 2827 1274 2853 cum
1297 2816 1444 2853 dictum
1466 2814 1550 2852 fuit.
1572 2815 1697 2853 Ambo
1718 2813 1807 2851 belli
1840 2813 1970 2856 duces,
1989 2810 2133 2850 Fride-

1186 2870 1288 2907 ricus
1308 2869 1456 2907 elector
1475 2868 1668 2906 Saxoniae
1684 2869 1723 2905 et
1739 2866 1942 2916 Philippus
1962 2864 2134 2914 lantgra-

1188 2923 1273 2961 vius
1293 2923 1468 2968 Hassffie,
1491 2923 1538 2960 ab
1558 2923 1792 2970 imperatore
1813 2920 1916 2969 capti
1936 2922 2037 2957 sunt.
2058 2917 2136 2955 Im·

1190 2977 1377 3026 peratoris
1397 2976 1561 3014 victoria
1594 2975 1722 3013 effecit
1737 3004 1747 3021 ,
1769 2976 1812 3011 ut
1836 2972 2028 3023 principes
2046 2982 2135 3021 pro-

1189 3032 1379 3068 testantes
1390 3042 1431 3068 se
1445 3031 1606 3070 concilio
1617 3029 1792 3081 generali
1808 3037 2034 3067 accessuros
2051 3037 2136 3076 pro-

1234 3113 1243 3134 ¹
1268 3116 1465 3152 Pallavirino,
1481 3114 1566 3146 Stor.
1584 3112 1634 3144 del
1654 3111 1774 3145 Concil.
1790 3110 1823 3142 di
1847 3111 1985 3147 Τνεηίος
2009 3108 2126 3148 habbia,

1196 3156 1313 3190 Com-il.
1331 3160 1351 3189 t.
1369 3158 1443 3195 xw,
1460 3167 1489 3197 p.
1507 3155 1633 3187 726-92.
1650 3171 1688 3176 —
1703 3153 1716 3175 ⁹
1732 3153 1797 3184 vid.
1815 3160 1939 3194 qnoque
1957 3161 1984 3191 p.
2005 3150 2058 3181 151
2079 3159 2126 3191 sq.

1235 3199 1249 3222 3
1265 3198 1376 3239 Audin,
1393 3198 1469 3231 Ilisl.
1486 3197 1524 3230 de
1541 3198 1572 3230 la
1589 3197 1637 3229 vic
1652 3197 1713 3228 εἰσ.
1729 3194 1768 3227 de
1783 3194 1922 3233 Lutlter„
1938 3197 1957 3224 t.
1974 3193 2010 3231 ΙΙ,
2024 3201 2051 3224 c.
2071 3191 2122 3225 32.
