2241 3473
800 89 924 121 vsovss
952 88 1005 114 AD
1034 86 1161 114 1N1'1'1A
1190 86 1367 113 LVTHERI

125 158 295 201 Annales
339 156 662 207 Hirsaugienses,
690 157 852 206 aliaque.
882 154 1067 194 Albertus

127 214 291 258 Krantz,
321 211 420 248 Ham
431 211 648 260 burgensis,
669 210 851 249 ecclesiae
873 210 989 247 huius
1009 207 1065 244 ci-

126 266 260 305 vitatis
301 264 471 302 decanus
488 278 496 310 ;
531 265 650 302 edidit
683 264 863 301 chronica
895 261 1042 300 Daniae
1058 291 1067 307 ,

127 319 303 360 Sueciae,
324 316 559 366 Norwegiac
574 347 582 361 ,
609 318 701 355 item
731 316 912 354 historias
933 316 1068 353 Saxo-

127 373 236 416 m‘ae,
264 369 522 415 nuncianae,
549 370 733 408 ecclesiae
750 369 1066 415 Hamburgensis,

127 427 168 463 et
184 424 419 467 BremensiS,
436 427 556 471 atque
573 424 865 472 episcopatuum
883 423 918 458 in
932 421 1066 458 West-

127 477 257 528 plialia
275 481 314 514 et
329 476 499 514 Saxonia
512 476 681 514 inferiori
695 474 828 524 ¹,quae
842 475 922 512 fere
938 474 1067 511 omnia

130 533 266 581 postea
297 529 534 567 lieterodoxa
564 541 681 567 manu
710 530 912 576 corrupta,
942 527 1067 564 relata

128 587 218 622 sunt
246 583 285 619 in
305 582 475 620 Iudicem
492 582 678 620 librorum
696 579 1066 630 prohibitorumſslo-

129 648 202 674 nec
229 641 526 684 eatpuryentur.
548 635 711 672 Ioannes
731 633 940 682 Longinus,
970 632 1066 669 alias

131 688 346 738 Duglossus
367 688 576 725 canonicus
595 687 884 730 Cracoviensis;
914 685 1068 733 scripsit

130 742 317 780 historiae
352 740 561 778 Polonicae
594 740 713 778 libros
750 739 797 777 12
817 742 856 778 et
883 739 1016 776 Vitam
1038 750 1066 776 s.

130 794 316 834 Stanislai
338 793 505 842 episcopi
527 793 804 831 Cracoviensis.

186 848 246 886 14.
269 846 389 883 Fidei
410 848 655 895 propayatio
686 848 731 884 in
761 846 922 894 Africa,
943 844 1068 883 India

129 906 169 940 et
196 900 386 938 America
403 920 451 927 —
468 900 642 937 Labente
671 900 743 937 1100
772 898 929 937 saeculo
958 898 1066 935 latis-

130 953 271 992 simum
288 951 458 989 stadium
476 953 747 1002 propagandae
779 951 955 1000 religioni
976 950 1072 988 chri·

131 1006 282 1045 stianae
299 1008 477 1053 apertum
498 1011 558 1043 est
569 1018 617 1043 ex
631 1005 839 1044 maritimis
856 1006 1072 1053 Europaeo-

131 1071 217 1098 rum
239 1057 576 1106 explorationibus
593 1061 632 1096 et
645 1059 808 1097 detectis
827 1058 977 1096 insulis.
990 1058 1072 1095 Hae

131 1111 416 1161 explorationes
436 1113 508 1150 sub
529 1124 667 1162 regum
690 1112 916 1150 Lusitaniae
937 1112 977 1148 et
997 1110 1070 1148 Hi-

130 1166 291 1215 spaniae
312 1165 496 1213 auspiciis
517 1165 665 1212 factae,
685 1177 816 1203 eorum
841 1164 1071 1202 dominatio-

132 1230 200 1257 nes
228 1217 267 1255 in
298 1217 530 1256 immensum
561 1223 767 1257 auxerunt.
800 1217 975 1256 Lusitani
997 1217 1074 1254 iam

133 1274 226 1310 ante
270 1269 470 1308 dimidium
506 1272 622 1310 huius
655 1271 799 1310 saeculi
835 1271 1075 1319 occuparant

134 1324 337 1364 Maderam
355 1352 364 1369 ,
393 1324 562 1363 insulam
592 1325 727 1363 oceani
755 1324 962 1369 Atlantici;
991 1325 1077 1372 post

134 1377 287 1426 aliquot
306 1388 427 1415 annos
442 1378 588 1415 insulas
618 1378 867 1428 promontorii
879 1376 1076 1415 —Viridis

134 1434 175 1469 et
187 1429 381 1475 Azoricas,
400 1443 660 1481 magnamque
678 1434 827 1481 partem
845 1429 987 1468 littoris
1013 1441 1076 1467 oc-

134 1483 343 1522 cidentalis
372 1484 527 1522 Africae
556 1486 834 1534 cognoverunt.
867 1483 1077 1521 Lusitano-

134 1549 221 1576 rum
243 1538 595 1586 pervestigationes
615 1538 799 1575 aemulati
822 1539 914 1574 sunt
932 1537 1077 1585 Hispa-

135 1591 187 1637 ni,
207 1592 247 1627 et
267 1588 565 1639 Christophorus
577 1591 787 1629 Columbus
807 1591 879 1628 sub
892 1590 1074 1638 auspiciis

134 1641 375 1682 Ferdinandi
394 1649 432 1681 et
447 1644 635 1682 Isabellae
652 1656 713 1682 an.
746 1644 868 1689 1492,
888 1644 1079 1692 superatis

136 1695 236 1734 vasti
248 1695 376 1744 pelagi
391 1697 739 1743 fiuctibus,detexit
750 1697 805 1745 pri
815 1708 894 1734 mas
907 1696 996 1734 novi
1011 1708 1080 1733 or-

135 1750 205 1795 bis,
225 1749 439 1795 Americae‚
452 1750 719 1799 insulas,'quas
739 1750 906 1787 Antillas
922 1752 1076 1795 vocant,

137 1807 177 1841 et
193 1802 298 1840 inter
318 1813 414 1849 quas
434 1804 669 1853 praecipuae
694 1805 785 1841 sunt
804 1803 930 1841 insula
946 1815 974 1840 s.
997 1803 1077 1840 Do-

137 1853 269 1894 minici
282 1883 291 1900 ,
310 1854 438 1901 (luha,
457 1857 651 1902 Jamaica,
671 1856 1000 1894 Portus—dives.

189 1909 318 1950 Quum
334 1914 461 1947 autem
484 1910 588 1947 inter
603 1922 715 1959 reges
723 1909 947 1947 Lusitaniae
964 1912 1003 1946 et
1012 1909 1080 1946 Hi-

136 1961 298 2012 spaniae
319 1966 447 2001 ortum
468 1965 568 2001 esset
585 1963 783 2001 dissidium
805 1963 851 2000 de
867 1962 1083 2011 explorata-

138 2028 225 2054 rum
258 2018 300 2053 et
320 2016 648 2065 explorandarum
680 2016 884 2065 regionum
914 2015 1004 2053 novi
1025 2027 1080 2052 or-

135 2069 196 2108 bis
222 2069 309 2107 iure
323 2074 363 2106 et
381 2069 863 2118 possessione,Alexander
875 2069 944 2118 Pp.
955 2069 1080 2107 VIan.

141 2122 242 2161 1493
268 2133 337 2171 per
373 2122 527 2160 Bullam
559 2124 677 2161 Inter
714 2127 872 2161 caetera
894 2122 1000 2159 litem
1028 2121 1082 2159 sic

139 2175 366 2225 composuit,
391 2178 434 2214 ut
461 2187 531 2214 rex
558 2176 769 2224 Hispaniae
789 2175 1080 2220 occidentalem,

141 2230 180 2267 et
197 2239 268 2268 rex
289 2229 515 2267 Lusitaniae
537 2228 765 2267 orientalem
785 2232 934 2277 partem
956 2228 1079 2265 circu-

140 2281 168 2318 li
186 2281 346 2320 indicati
366 2282 527 2320 haberet
543 2297 551 2321 ε
572 2294 618 2320 ea
632 2281 733 2331 lege,
749 2285 892 2327 tamen,
909 2284 952 2319 ut
971 2282 1083 2318 ambo

143 2345 255 2383 reges
288 2336 326 2373 in
362 2337 558 2384 occupatis
589 2335 817 2384 regionibus
848 2335 1083 2372 catholicam

143 2387 258 2425 fidem
273 2388 561 2438 propagandam
578 2390 778 2427 curarent.
797 2388 907 2425 Anno
925 2399 1084 2436 sequen·

146 2443 184 2478 te
211 2441 313 2479 idem
343 2440 523 2479 Pontifex
552 2441 709 2491 regibus
737 2441 948 2490 Hispaniae
969 2440 1084 2479 attri-

144 2493 229 2531 buit
248 2504 509 2543 quascumque
523 2497 650 2533 terras
663 2495 702 2532 in
719 2494 848 2544 regnis
872 2494 1084 2543 Algeriano

146 2548 186 2584 et
213 2547 370 2585 Tuneto
399 2549 535 2585 contra
563 2547 736 2585 infideles
766 2547 867 2585 bello
890 2549 1085 2596 caperent,

146 2599 192 2637 iis
212 2599 398 2649 exceptis,
419 2610 513 2647 quas
529 2612 641 2650 reges
657 2600 885 2639 Lusitaniae
901 2601 940 2638 in
955 2601 1085 2649 regnis

145 2652 336 2699 Fezzano,
355 2652 612 2700 Miquenzano
631 2657 670 2691 et
689 2653 945 2691 Marochiano
965 2665 1085 2691 occu-

145 2710 340 2754 paverant
360 2708 430 2743 aut
449 2709 684 2755 occuparent
702 2704 728 2744 ².

198 2760 258 2797 Ex
269 2759 340 2797 hoc
351 2761 522 2807 tempore
535 2759 713 2797 Lusitani
726 2762 764 2796 et
776 2758 936 2808 Hispani
952 2759 1088 2797 arden-

145 2811 225 2850 tius
245 2813 282 2850 in
304 2812 612 2861 pervestigandis
634 2815 673 2850 et
693 2812 925 2861 occupandis
943 2814 1026 2850 tum
1036 2813 1086 2849 A·

144 2863 265 2903 fricae
278 2869 318 2903 et
332 2865 458 2910 Asiae,
469 2870 550 2902 tum
579 2866 667 2903 novi
681 2865 783 2903 orbis
796 2866 1015 2913 regionibus
1025 2866 1089 2903 de-

143 2919 345 2957 sudarunt.
363 2921 437 2956 An.
455 2918 552 2955 1497
573 2918 764 2963 Lusitani,
796 2922 975 2967 superato
995 2930 1087 2967 pro-

143 2972 332 3009 montorio
343 2972 473 3010 Bonae
489 2971 591 3020 Spei,
602 2971 736 3009 littora
751 2971 883 3008 Indiae
892 2971 1090 3009 orientalis

1911 72 1981 109 141

1108 152 1211 190 runt.
1238 150 1386 190 Deinde
1411 149 1623 195 Malacam,
1642 147 1817 187 Molucas
1837 176 1848 195 ,
1867 146 2038 196 aliasque

1109 205 1243 242 Indiae
1263 204 1410 242 insulas
1439 202 1804 252 pervestigaverunt
1840 203 1955 250 atque
1983 212 2040 238 oc-

1109 260 1312 306 cuparunt.
1331 258 1403 295 An.
1428 256 1527 295 1500
1547 256 1782 293 detexerunt
1813 256 1853 292 et
1872 265 2040 303 occupa-

1110 314 1251 348 verunt
1272 310 1490 355 Brasiliani,
1506 308 1764 347 vastissimam
1781 307 1976 357 regionem
1993 308 2042 345 A·

1109 365 1274 402 mericae
1288 362 1559 400 meridionalis.
1570 362 1726 399 Interim
1747 361 1949 399 Amerieus
1968 360 2041 398 Ve-

1108 418 1261 466 spucius
1274 428 1334 454 an.
1351 416 1448 453 1497
1465 426 1533 464 pro
1546 426 1637 463 rege
1653 414 1859 464 Hispaniae
1875 413 2041 463 vestigia

1109 469 1373 517 Christophori
1394 468 1568 506 Columbi
1593 467 2042 516 premens,Mexicanum

1108 524 1249 567 sinum,
1264 521 1434 565 Pariam,
1453 521 1708 567 Venetiolam,
1726 520 1879 558 Novam
1899 521 2043 558 Grana-

1108 579 1201 620 tam,
1211 575 1383 622 aliasque
1395 574 1540 611 Terrae
1548 573 1683 611 firmae
1695 573 1870 622 regiones
1881 572 2043 618 detexit,

1109 631 1147 666 et
1159 627 1419 676 praecursoris
1439 627 1494 664 sui
1511 626 1774 664 celebritatem
1788 631 1868 664 tam
1879 638 2042 675 supera·-

1110 682 1178 725 vit,
1209 684 1251 718 ut
1278 681 1349 718 hoc
1379 691 1519 717 novum
1541 679 1872 728 hemisphaerium
1892 681 1940 718 ab
1961 679 2043 718 eius

1110 734 1262 772 nomine
1281 733 1462 771 America
1481 732 1720 780 appellatum
1739 732 1870 770 fuerit.

1163 787 1375 824 Occasione
1411 787 1547 823 harum
1575 785 1948 834 pervestigationum
1987 797 2047 823 re-

1110 840 1202 889 ligio
1225 840 1435 878 christiana
1454 839 1556 876 inter
1575 838 1744 883 Africae,
1764 839 1878 876 Asiae
1898 851 1963 877 seu
1980 839 2045 876 In-

1113 895 1198 932 diae
1232 895 1272 931 et
1304 892 1507 930 Americae
1540 891 1685 929 incolas
1717 895 1934 941 propagata
1963 894 2047 937 est,

1115 947 1235 996 primo
1251 958 1316 996 per
1332 944 1593 984 missionarios
1605 956 1718 992 ,quos
1739 944 1902 993 Hispani
1918 946 1957 982 et
1976 945 2051 982 Lu-

1113 1000 1228 1037 sitani
1250 999 1515 1048 exploratores
1536 1009 1664 1035 secum
1681 997 1891 1042 ducebant,
1912 997 2049 1035 deinde

1114 1065 1184 1103 per
1213 1053 1321 1098 alios,
1351 1052 1414 1100 qui
1444 1050 1682 1100 propagandi
1703 1050 1903 1099 Evangelii
1924 1050 2050 1088 studio

1116 1119 1136 1144 e
1156 1107 1241 1144 RR.
1263 1105 1495 1143 Pontificum
1518 1103 1750 1141 auctoritate
1771 1108 1810 1141 et
1829 1104 1900 1141 sub
1920 1103 2050 1151 auspi·-

1116 1159 1185 1197 ciis
1213 1171 1350 1208 regum
1380 1156 1589 1207 Hispaniae
1610 1162 1649 1195 et
1670 1156 1892 1194 Lusitaniae
1911 1156 1949 1194 in
1968 1158 2051 1194 ter-

1123 1224 1186 1250 ras
1214 1213 1301 1250 illas
1330 1211 1490 1261 profecti
1520 1213 1621 1248 sunt.
1644 1210 1730 1252 Qua
1748 1210 1785 1247 in
1806 1222 1848 1247 re
1869 1209 2052 1259 apostoli-

1122 1278 1212 1303 cum
1234 1266 1410 1303 ardorem
1430 1276 1523 1313 prae
1543 1275 1583 1301 se
1603 1263 1778 1301 tulerunt
1793 1263 1866 1301 viri
1883 1261 2054 1312 religiosi

1125 1319 1312 1356 Ordinum
1333 1331 1362 1356 s.
1382 1317 1579 1356 Francisci
1601 1319 1640 1354 et
1659 1329 1687 1355 s.
1707 1316 1909 1354 Dominici.
1926 1317 1968 1353 In
1984 1315 2057 1364 pri-

1120 1373 1204 1419 mis,
1224 1374 1428 1421 postquam
1441 1370 1617 1408 Lusitani
1639 1370 1873 1407 detexissent
1891 1380 2055 1418 regnum

1119 1426 1304 1474 Congum,
1324 1425 1362 1462 in
1383 1425 1514 1462 littore
1541 1423 1768 1461 occidentali
1789 1423 1937 1460 mediae
1957 1421 2056 1460 Afri-

1120 1491 1188 1516 cae
1214 1480 1344 1524 situm,
1367 1477 1471 1526 regis
1492 1478 1642 1526 legatus
1672 1476 1877 1525 pluresque
1896 1476 2057 1513 iuvenes

1121 1532 1303 1570 cumillis
1338 1532 1378 1568 in
1408 1530 1650 1568 Lusitaniam
1681 1531 1899 1575 venerunt,
1927 1529 2055 1577 ibique

1120 1584 1306 1634 baptizati
1333 1596 1393 1621 an.
1417 1584 1518 1621 1490
1538 1595 1621 1621 cum
1647 1582 1901 1621 missionariis
1920 1581 2057 1619 Domi-

1122 1638 1267 1676 nicanis
1296 1638 1332 1674 in
1362 1638 1532 1686 Congum
1557 1636 1701 1674 reversi
1722 1638 1824 1674 sunt.
1847 1635 2058 1673 Missiona-

1124 1692 1172 1729 rii
1200 1692 1343 1728 ibidem
1365 1692 1474 1727 tanto
1495 1702 1582 1727 cum
1602 1701 1780 1727 successu
1804 1687 2062 1738 Evangelium

1124 1744 1423 1787 annuntiarunt,
1447 1744 1490 1780 ut
1505 1755 1574 1781 rex
1593 1742 1775 1791 regiaque
1791 1741 1954 1786 familia,
1970 1740 2064 1778 mul-

1122 1798 1150 1835 ti
1172 1809 1349 1846 proceres
1372 1798 1411 1833 et
1430 1796 1494 1834 alii
1514 1795 1710 1845 baptizati,
1732 1796 1959 1844 abiectoque
1979 1794 2062 1831 ido-

1124 1851 1251 1888 lorum
1288 1850 1395 1887 cultu
1416 1878 1425 1894 ,
1466 1849 1722 1886 christianam
1754 1849 1868 1886 fidem
1904 1846 2062 1897 professi

1123 1903 1210 1941 sint.
1234 1904 1305 1941 An.
1331 1903 1431 1940 1493
1460 1903 1683 1940 Bernardus
1703 1902 1801 1947 Boil,
1822 1901 1913 1938 Ord.
1933 1900 2064 1938 Mino-

1124 1968 1209 1994 rum
1231 1957 1270 1994 in
1291 1955 1478 2005 Hispania
1498 1955 1668 1993 vicarius
1687 1954 1894 2003 generalis,
1910 1965 1997 1991 cum
2016 1953 2064 1990 12

1127 2010 1284 2048 Ordinis
1313 2009 1372 2046 sui
1393 2009 1630 2058 presbyteris
1649 2021 1697 2045 ex
1718 2008 1950 2046 auctoritate
1970 2006 2064 2044 Ale-

1128 2063 1268 2101 xandri
1300 2063 1373 2111 Pp.
1403 2062 1458 2099 VI
1487 2062 1691 2110 navigavit
1710 2061 1748 2097 in
1768 2060 1915 2098 insulas
1934 2058 2067 2098 Antil-

1125 2117 1204 2163 las3
1220 2113 1298 2153 illis
1314 2128 1387 2152 non
1407 2115 1528 2152 multo
1550 2118 1634 2164 post
1654 2115 1721 2152 alii
1739 2117 1824 2151 tum
1843 2112 2068 2151 Dominica-

1125 2170 1162 2207 ni
1178 2172 1263 2207 tum
1285 2169 1537 2206 Franciscani
1557 2170 1836 2212 successerunt,
1853 2166 1917 2215 qui
1934 2176 2066 2203 omnes

1125 2223 1264 2260 ardore
1283 2222 1494 2271 apostolico
1512 2221 1781 2270 propagandae
1797 2219 1989 2268 Religioni
2006 2218 2070 2255 ad-

1123 2276 1364 2314 laborarunt.
1396 2275 1439 2312 In
1468 2275 1644 2323 sequenti
1682 2274 1829 2322 epocha
1867 2273 2037 2309 dicemus
2057 2300 2066 2317 ,

1126 2332 1270 2378 quanto
1290 2340 1377 2366 cum
1411 2340 1589 2366 successu
1615 2328 1650 2365 in
1672 2327 1840 2372 Africae,
1870 2325 2001 2362 Indiae
2030 2327 2069 2361 et

1124 2382 1330 2420 Americae
1366 2382 1591 2430 regionibus
1629 2379 1885 2429 Evangelium
1925 2389 2070 2427 propa-

1124 2435 1306 2485 gaverint
1349 2433 1602 2473 Franciscani
1623 2464 1632 2481 ,
1672 2431 1912 2470 Dominicani
1950 2432 2070 2480 atque

1126 2488 1293 2526 Iesuitae
1316 2487 1340 2526 ¹.

1184 2541 1244 2579 15.
1274 2542 1377 2579 Pius
1408 2540 1489 2585 III,
1519 2540 1654 2577 Iulius
1674 2538 1733 2584 II,
1754 2538 1973 2586 Pontifices
1986 2534 2070 2587 (an.

1127 2594 1243 2643 1503)
1259 2595 1419 2631 ——Post
1455 2592 1721 2631 Alexandrum
1760 2590 1837 2636 VI,
1856 2592 1900 2628 x⁰
1937 2589 2073 2626 calen-

1125 2649 1193 2685 das
1229 2647 1397 2685 octobris
1430 2645 1603 2695 pontifex
1620 2644 1763 2682 electus
1779 2643 1852 2681 fuit
1866 2643 1960 2680 Pius
1978 2640 2072 2688 111²,

1128 2704 1245 2739 antea
1284 2700 1522 2738 Franciscus
1553 2697 1822 2735 Tudeschinus
1836 2694 2072 2733 Piccolomi—

1130 2766 1225 2792 neus
1242 2783 1251 2800 ,
1286 2752 1497 2790 cardinalis
1528 2749 1837 2798 archiepiscopus
1874 2748 2071 2786 Senensis.

1129 2808 1201 2845 Vir
1230 2806 1436 2855 prudentia
1464 2806 1503 2841 et
1528 2803 1702 2841 doctrina
1721 2802 1870 2849 clarus3
1891 2801 1955 2850 qui
1977 2813 2072 2838 con-

1128 2859 1258 2898 festim
1278 2858 1530 2908 disciplinam
1550 2855 1851 2894 ecclesiasticam
1871 2855 2071 2893 instaura-

1173 2997 1184 3018 1
1206 2995 1355 3027 Tellesius
1370 2995 1498 3034 Sylvius,
1509 2994 1556 3024 De
1573 2993 1663 3025 rebus
1674 2992 1770 3039 qeslis
1781 2991 1909 3024 Ioannis
1921 2991 2003 3032 reyis
2016 2990 2076 3023 Lu-

141 3022 357 3063 lUSf‘I'arunt
372 3029 412 3062 et
431 3024 671 3063 GaleCUtium
703 3036 823 3073 usque
855 3026 1089 3073 penetPaVe·
1129 3038 1279 3075 silaniae3
1301 3035 1441 3071 Orosius,
1458 3035 1501 3067 De
1516 3034 1608 3066 rebus
1623 3039 1719 3075 yeslzs
1745 3032 1963 3066 Emmanuelis
1985 3032 2078 3073 re9i83

1130 3080 1284 3115 Mariana,
1301 3077 1380 3109 Hest.
1402 3076 1489 3117 Hisp.
1505 3077 1523 3107 l.
1542 3076 1652 3115 XXV13
1680 3077 1721 3107 De
1745 3077 1867 3112 Bari-oa,
1886 3074 1965 3106 Hisl.
1982 3073 2077 3105 Asiae

1131 3126 1163 3152 σι
1187 3119 1305 3151 Ιηάῑαν.
1321 3118 1427 3148 decad.
1446 3119 1466 3155 1,
1483 3118 1500 3148 Ι.
1517 3117 1552 3155 4;
1568 3117 1667 3148 Maffei
1681 3142 1688 3155 ,
1707 3116 1750 3148 De
1775 3115 1867 3147 rebus
1890 3115 1955 3147 lud.
1972 3116 1992 3147 l.
2008 3115 2082 3147 1-11.

1171 3160 1186 3182 ‘2
1202 3160 1379 3203 Raynaldus
1396 3163 1426 3190 et
1441 3159 1636 3199 Spondanus,
1655 3159 1693 3190 ad
1713 3167 1760 3189 an.
1779 3157 1869 3190 1503.

186 3116 195 3137 ¹
214 3118 375 3158 Argentor.
391 3117 479 3149 1516.

185 3157 202 3180 ³
216 3158 338 3192 Bullar.
359 3159 492 3192 Roman.
510 3163 529 3190 t.
547 3159 575 3198 13
593 3158 742 3200 Raynald.
763 3158 801 3190 ad
815 3167 863 3190 an.
881 3157 1025 3191 1493-96.
1109 3171 1114 3199 l
