2241 3473
674 188 812 219 VSQVE
832 188 886 216 AD
909 185 1195 215 PRAESENTEM
1218 185 1426 214 ΑΕΤΑΤΕΜ

80 277 222 303 vonam
257 264 501 302 advenerunt
523 292 531 307 ,
558 263 753 312 variisque
788 263 938 299 artibus
962 261 1023 298 usi

81 324 190 364 sunt,
216 323 259 355 ut
286 318 517 356 Pontificem
544 318 592 354 ad
619 317 868 354 annuendum
904 317 1026 364 irnpe-

82 373 224 409 ratoris
251 373 448 409 mandatis
474 373 698 416 flecterent;
726 372 761 408 ei
789 371 942 408 tristem
969 374 1026 406 tot

80 426 341 463 ecclesiarum
369 427 407 462 in
434 426 585 469 Gallia,
611 425 825 461 Germania
851 429 890 460 ct
917 423 1026 460 ltalia

81 480 306 516 vacantium
326 484 472 516 statum
491 484 531 516 et
551 479 758 515 imminens
776 478 946 514 schisma
962 477 1023 513 dc-

82 536 312 580 pinxerunt3
341 534 456 570 nimis
482 533 708 570 extulerunt
734 532 848 574 bona,
878 541 977 578 quac
1005 542 1025 566 c

81 588 398 624 concessionibus
424 597 588 635 sperare
615 586 768 628 liceret,
795 588 836 621 et
861 583 1027 631 grandia

82 641 209 684 mala,
235 652 335 689 quae
355 641 571 678 resistendo
592 640 720 675 forent
737 641 937 674 secutura.
955 637 1027 673 Rc-

82 695 236 742 spondit
262 699 491 731 constanter
509 693 600 730 Pius
627 692 712 735 VII,
729 703 771 728 se
799 691 836 726 in
864 700 1026 726 carcere

83 748 250 795 positum
278 752 318 785 et
343 748 612 786 Cardinalium
635 745 797 782 consilio
815 745 1027 792 privatum,

83 805 236 843 tantum
264 802 465 849 negotium
485 804 660 837 tractare
680 810 756 835 non
778 809 890 846 posse
909 808 957 834 ea
974 796 1026 833 di-

82 854 247 902 ligentia
273 859 313 891 et
339 855 592 899 maturitate,
620 864 696 901 qua
722 852 939 900 oportebat.
971 850 1027 886 llli

81 919 178 944 vero
206 908 318 944 novis
345 908 507 951 artibus,
529 908 730 956 promissis
751 906 945 952 minisque
969 903 1028 940 usi

82 965 185 1006 sunt,
211 962 349 1010 quibus
376 962 537 999 tandem
563 961 802 998 venerabilis
826 971 948 996 senex
975 959 1028 995 la—

83 1016 261 1061 cessitus,
290 1016 376 1052 x1v⁰
395 1016 580 1053 calendas
599 1015 693 1052 iunii
711 1015 944 1058 declaravit,
971 1025 1027 1049 se-

83 1069 251 1106 cundum
279 1070 380 1118 quod
406 1070 463 1106 illi
490 1070 726 1113 retulerunt,
753 1081 795 1106 se
822 1067 1028 1117 perpensis

81 1123 344 1161 ecclesiarum
372 1123 522 1161 Galliae
550 1127 590 1160 et
617 1124 752 1160 Italiae
784 1122 1028 1170 indigentiis,

83 1179 316 1216 canonicam
335 1180 620 1217 institutionem
642 1190 922 1216 concessurum
949 1178 1027 1225 epi-

81 1234 278 1282 scopis‚ab
292 1235 532 1284 imperatore
548 1235 761 1272 secundum
777 1236 925 1273 formas
939 1245 1028 1269 con-

81 1288 311 1324 ventionum
326 1289 550 1334 nominatis;
565 1300 608 1326 se
623 1289 862 1332 consentire,
880 1293 922 1325 ut
937 1298 1028 1324 con—

82 1343 332 1379 ventionibus
359 1343 572 1380 adderetur
600 1343 796 1387 clausula,
822 1353 897 1390 qua
923 1342 1028 1378 intra

82 1407 152 1433 sex
168 1407 325 1433 menses
343 1397 490 1434 bullam
505 1397 763 1434 institutionis
778 1395 1028 1440 concederet,

81 1450 156 1486 nisi
182 1450 357 1488 obstaret
391 1462 585 1499 personae
612 1451 837 1487 nominatae
864 1449 1027 1497 indigni-

82 1508 158 1548 tas,
179 1515 292 1541 secus
311 1505 396 1541 eius
415 1506 576 1541 nomine
595 1504 843 1552 metropolita
862 1507 933 1540 aut
949 1504 1029 1551 epi-

82 1568 224 1604 scopus
242 1558 375 1594 senior
392 1560 638 1595 nominatum
659 1559 898 1602 institueret;
919 1568 961 1594 se
982 1556 1030 1594 ad

82 1610 154 1647 has
181 1611 456 1648 concessiones
482 1612 601 1648 fuisse
631 1611 841 1648 adductum
868 1622 953 1659 spe,
980 1622 1029 1647 ex

83 1663 361 1711 deputatorum
389 1665 591 1712 promissis
619 1668 835 1712 concepta,
873 1664 959 1701 fore
987 1668 1030 1700 ut

83 1717 287 1754 Ecclesiae
314 1722 354 1754 et
372 1718 411 1754 S.
434 1718 526 1754 Sedi
544 1729 634 1766 pax,
650 1718 825 1762 libertaS,
846 1717 1029 1765 indepen-

83 1770 230 1815 dentia,
258 1776 297 1808 et
315 1771 487 1819 dignitas
507 1773 825 1809 restituerentur.
839 1771 1029 1816 Diximus,

84 1823 142 1860 ita
157 1824 383 1861 declarasse
398 1824 628 1862 Pontificem
643 1824 857 1862 secundum
870 1825 966 1873 quod
978 1824 1031 1860 illi

84 1878 331 1923 retulerunt;
358 1879 448 1926 quia
475 1890 590 1926 quam
624 1879 800 1928 deputati
826 1879 1029 1926 praesules

84 1932 276 1979 gubernio
295 1932 555 1970 exhibuerunt
581 1933 784 1969 Pontificis
798 1932 1028 1970 declaratio-

84 1986 249 2030 nem‚ab
267 1997 314 2023 eo
333 1987 491 2033 signata
509 1997 587 2022 non
606 1991 706 2031 erat,
721 1985 824 2022 unde
843 1985 962 2023 etiam
981 1987 1028 2022 ab

84 2039 168 2086 ipso
196 2039 384 2076 nationali
412 2040 670 2077 conciliabulo
697 2044 740 2077 ut
763 2040 941 2087 legitima
964 2040 1029 2076 ha-

85 2092 165 2130 bita
190 2104 268 2130 non
293 2093 367 2130 fuit
382 2095 407 2128 1.

130 2146 227 2184 Post
251 2147 350 2184 haec
384 2148 686 2184 conciliabulum
721 2147 946 2185 Parisiense
975 2147 1029 2184 in-

85 2199 269 2237 choatum
288 2202 653 2240 est-Convenerunt
671 2213 691 2238 e
709 2202 852 2247 Gallia,
868 2203 1032 2239 Germa-

86 2254 152 2290 nia
169 2258 209 2291 et
227 2255 340 2291 Italia
358 2255 403 2292 95
422 2256 640 2304 praesules,
660 2255 847 2292 nimirum
865 2256 887 2292 6
906 2256 1031 2292 cardi—

86 2308 242 2352 nales,9
257 2309 558 2358 archiepiscopi,
569 2310 613 2347 80
629 2309 1031 2358 episcopi‚praeterea

86 2361 108 2397 9
126 2362 347 2410 presbyteri
364 2362 413 2398 ad
431 2364 544 2400 sedes
559 2363 805 2412 episcopales
826 2364 1030 2401 nominati.

87 2414 183 2451 Post
209 2415 355 2463 aliquot
380 2417 572 2465 colloquia
597 2417 644 2454 de
671 2419 755 2454 iure
783 2418 1031 2465 praesidendi

88 2473 129 2506 et
154 2468 269 2505 modo
295 2469 452 2506 vivendi
478 2471 517 2506 in
543 2472 724 2516 concilio,
747 2472 820 2508 xv⁰
847 2472 1031 2509 calendas

87 2523 202 2559 iulias
239 2523 279 2558 1³
312 2525 435 2560 sessio
466 2528 555 2572 post
580 2525 791 2562 missarum
823 2526 1033 2564 sollemnia

88 2576 221 2613 habita
246 2581 321 2622 est,
348 2577 386 2614 in
413 2589 488 2626 qua
514 2590 602 2615 cum
630 2581 912 2627 postularetur,
940 2593 1030 2618 num

88 2631 266 2679 placeret
284 2632 492 2668 concilium
512 2633 720 2678 celebrari,
738 2634 952 2671 laudandus
971 2646 1034 2671 ar-

88 2685 359 2735 chiepiscopus
373 2687 681 2735 Burdigalensis,
698 2689 862 2726 d'Aviau
877 2689 925 2725 du
941 2689 1033 2726 Bois

88 2740 135 2777 de
151 2741 316 2790 Sanzay,
333 2743 547 2790 respondit:
563 2745 676 2780 saluca
692 2744 912 2781 obedientia
928 2743 1031 2779 Pon-

87 2794 190 2843 tifici
207 2795 356 2842 (lebam
371 2798 510 2834 deinde
525 2809 660 2836 omnes
678 2801 903 2847 praelectae
925 2798 1033 2836 Fidei

87 2851 337 2898 professioni,
366 2864 388 2890 a
408 2853 477 2888 Pio
505 2853 556 2889 IV
577 2853 720 2899 editae,
741 2855 1032 2903 adhaesionem,

89 2911 129 2943 et
154 2907 201 2942 R.
232 2907 412 2944 Pontifici
433 2907 695 2944 obedientiam
716 2921 786 2956 pro
805 2921 914 2946 more
933 2910 1034 2948 iura-

87 2964 194 2997 runt.
208 2961 317 3002 Quae
338 2961 480 3008 agendi
497 2963 596 2998 ratio
617 2963 694 2998 iam
712 2962 948 2999 dominatori
963 2963 1036 3001 dis—

93 3015 241 3062 plicere
267 3017 408 3064 coepit.
445 3016 640 3052 Posthaec
666 3016 822 3053 habitae
848 3023 939 3055 sunt
970 3030 1035 3056 va—

89 3067 174 3106 riae
192 3071 536 3118 congregationes,
557 3069 595 3105 in
612 3069 748 3117 quibus
763 3070 942 3108 minister
956 3072 1034 3108 cul·

139 3225 149 3246 ¹
178 3225 221 3258 De
246 3226 373 3264 Barral,
400 3225 589 3267 Fragment*
607 3221 741 3263 re'latifs
760 3221 777 3254 α’
796 3223 967 3258 l'Hisloire
984 3235 1033 3259 ec-

92 3268 238 3304 cle'siast.
257 3271 313 3305 cles
327 3270 514 3314 premieres
532 3267 658 3303 anne'es
674 3267 719 3300 clu
736 3267 830 3302 ΧῙΧΘ
845 3269 957 3304 siecle.

1894 172 1971 212 331

1079 263 1201 304 tuum,
1227 263 1270 297 ut
1294 259 1451 303 dicitur,
1475 259 1559 305 post
1583 265 1748 302 magnas
1774 253 2029 302 imperatoris

1077 314 1212 351 laudes
1239 314 1457 361 multasque
1482 311 1530 348 de
1555 310 1745 347 Pontifice
1765 308 1962 357 querelas,
1979 307 2028 344 si-

1078 368 1300 415 gnificavit,
1332 367 1539 403 concilium
1566 376 1653 402 esse
1681 367 1956 406 convocatum,
1986 364 2030 398 ut

1080 422 1189 470 Papa
1213 421 1452 459 Concordati
1480 419 1724 456 conditiones
1750 417 1944 454 obstinate
1974 415 2031 451 in-

1078 476 1276 523 fringente
1294 503 1303 519 ,
1334 474 1411 510 alia
1439 474 1590 510 ratione
1616 472 1849 509 vacantibus
1873 469 2030 506 sedibus

1082 524 1942 576 provideretur-EpiscopusCamberiacensis
1961 525 2031 560 im-

1080 582 1222 629 pavida
1248 591 1343 618 voce
1369 581 1479 626 dixit,
1507 584 1600 617 ante
1627 580 1761 616 omnia
1789 579 1838 615 ab
1858 579 2030 626 impera-

1079 639 1164 672 tore
1181 634 1454 683 postulandam
1470 645 1557 671 esse
1572 633 1774 669 Pontificis
1789 633 2030 675 libertatem,

1078 692 1118 725 et
1143 700 1231 725 cum
1255 700 1303 725 eo
1324 691 1613 724 consenserunt
1628 686 1912 734 archiepiscopi
1933 686 2029 721 Bur-

1077 741 1290 789 digalensis
1317 746 1356 779 et
1382 741 1652 782 Taurinensis,
1686 740 1857 788 episcopi
1876 738 2029 775 Ganda-

1080 796 1228 840 vensis,
1255 795 1557 839 Namurcensis,
1577 793 1862 831 Ierichuntinus
1880 792 2034 829 coadiu-

1077 851 1140 885 tor
1166 849 1509 893 Monasteriensis,
1537 852 1576 885 et
1602 848 1749 896 aliquot
1774 847 1855 892 alii;
1880 845 2030 883 caeteri

1078 902 1115 938 id
1141 903 1274 940 facere
1302 906 1539 940 metuerunt.
1563 903 1786 950 Imperator
1804 911 1939 938 morae
1959 901 2030 936 im-

1077 957 1382 1004 patiens,voluit,
1395 961 1439 994 ut
1453 956 1660 994 concilium
1677 955 1779 992 illico
1795 954 2030 1003 procederet

1078 1011 1125 1047 ad
1157 1010 1411 1048 decidendam
1447 1010 1717 1059 quaestionem
1752 1008 2025 1057 principalem.

1079 1064 1214 1113 ltaque
1241 1064 1448 1113 designata
1473 1068 1534 1101 est
1554 1063 1737 1112 specialis
1756 1063 2031 1110 congregatio,

1079 1122 1265 1155 constans
1293 1118 1557 1155 cardinalibus
1583 1117 1707 1164 Spina
1732 1120 1772 1154 et
1790 1117 1948 1160 Caselli,
1969 1127 2032 1153 ar-

1080 1171 1337 1220 chiepiscopis
1356 1172 1633 1219 Burdigalensi
1647 1175 1687 1209 et
1701 1171 1937 1216 Turonensi,
1951 1172 2033 1220 epi-

1079 1226 1208 1273 scopis
1227 1226 1490 1270 Gandavensi,
1511 1226 1771 1269 Tornaoensi,
1786 1226 2031 1270 Trevirensi‚

1078 1279 1340 1322 Nannetensi‚
1368 1279 1572 1324 Trecensi,
1599 1280 1848 1318 Comaclensi
1871 1283 1911 1317 et
1929 1281 2030 1328 Epo-

1079 1333 1263 1370 rediensi.
1292 1334 1357 1377 Hi,
1385 1334 1526 1370 habitis
1552 1333 1600 1370 ab
1627 1334 1687 1370 x1⁰
1715 1334 1900 1371 calendas
1918 1335 2032 1371 iulias

1077 1398 1200 1434 usque
1232 1387 1281 1424 ad
1311 1399 1354 1424 111
1381 1398 1505 1424 nonas
1531 1387 1705 1424 eiusdem
1738 1389 1886 1425 mensis
1910 1388 2032 1425 variis

1080 1441 1367 1486 collationibus,
1393 1441 1526 1478 divisis
1552 1441 1766 1489 suffragiis,
1797 1441 1820 1478 8
1838 1445 1978 1479 contra
1994 1443 2031 1487 3,

1080 1494 1345 1539 resolverunt,
1365 1494 1530 1531 concilio
1547 1494 1752 1540 nationali,
1767 1494 1850 1532 sine
1866 1495 1913 1531 R.
1930 1495 2032 1532 Pon-

1080 1546 1196 1583 tificis
1221 1551 1290 1584 aut
1316 1547 1470 1584 concilii
1498 1547 1741 1584 oecumenici
1774 1547 1999 1586 interventu
2020 1577 2029 1594 ,

1081 1600 1138 1637 ius
1164 1601 1315 1637 nullum
1341 1605 1567 1649 competere
1594 1601 1769 1638 mutandi
1797 1603 2029 1649 generalem

1080 1654 1285 1691 Ecclesiae
1318 1654 1588 1703 disciplinam,
1621 1659 1660 1691 et
1691 1655 1855 1703 proinde
1882 1667 2029 1693 novum

1081 1708 1129 1743 ab
1156 1719 1204 1745 eo
1230 1708 1349 1744 statui
1376 1720 1451 1744 non
1470 1720 1585 1757 posse
1603 1708 1761 1744 modum
1776 1708 2028 1756 impertiendi

1081 1761 1274 1810 episcopis
1308 1762 1539 1798 canonicam
1570 1761 1871 1799 institutionem.
1898 1762 2028 1803 Quum

1081 1813 1193 1851 huius
1220 1815 1470 1852 resolutionis
1497 1816 1732 1852 relationem
1759 1816 1818 1852 V1⁰
1843 1815 1927 1852 idus
1946 1816 2030 1852 iulii
2068 1812 2069 1815 ’

1080 1867 1287 1917 episcopus
1313 1869 1578 1906 Tornacensis
1606 1870 1645 1905 in
1672 1869 1849 1916 generali
1868 1881 2033 1917 congre-

1081 1922 1241 1968 gatione
1260 1923 1647 1971 fecisset,Napoleon
1666 1923 1804 1967 iratus,
1823 1923 1952 1959 altera
1969 1923 2030 1961 die

1082 1979 1317 2013 conventum
1336 1976 1525 2020 dissolvit,
1542 1981 1582 2013 et
1595 1976 1616 2013 3
1630 1977 1848 2024 episcopos,
1864 1975 2032 2013 de-Bou-

1081 2029 1195 2077 logne
1208 2031 1465 2074 Trecensem,
1478 2030 1702 2078 de-Broglie
1715 2030 2030 2075 Gandavensem,

1081 2086 1122 2120 et
1148 2084 1248 2120 Hirn
1275 2085 1584 2129 Tornacensem,
1612 2084 1674 2132 qui
1702 2095 1798 2132 prae
1825 2084 1911 2120 aliis
1929 2085 2033 2132 Apo-

1080 2138 1243 2175 stolicae
1271 2138 1383 2175 Sedis
1406 2139 1495 2175 iura
1519 2138 1794 2184 defenderant,
1814 2137 2032 2176 Vincennis

1081 2191 1119 2227 in
1146 2203 1352 2229 carcerem
1379 2193 1560 2231 coniecit.

1130 2246 1265 2283 Soluto
1298 2251 1515 2291 conventu,
1548 2246 1722 2283 nonnulli
1755 2246 1952 2284 antistites
1979 2245 2029 2283 ad

1081 2299 1272 2337 ecclesias
1297 2312 1389 2337 suas
1415 2300 1570 2337 remissi
1595 2304 1711 2346 sunt;
1739 2301 1907 2337 aliorum
1938 2311 2028 2337 con-

1080 2355 1267 2391 stantiam
1283 2355 1462 2392 minister
1481 2356 1654 2392 cultuum
1672 2355 1797 2403 primo
1813 2355 2028 2402 separatim

1079 2408 1190 2444 novis
1224 2409 1373 2446 artibus
1405 2409 1601 2454 tentavit,
1627 2409 1766 2445 deinde
1793 2409 1839 2445 de
1865 2419 2029 2445 assensu

1080 2461 1241 2498 maioris
1269 2463 1394 2510 partis
1412 2467 1556 2506 certus,
1577 2463 1688 2499 nonis
1707 2462 1862 2509 augusti
1884 2473 2026 2499 novam

1080 2516 1308 2562 generalem
1336 2517 1687 2564 congregationem
1715 2515 1864 2560 indixit,
1896 2516 1933 2552 in
1952 2527 2028 2564 qua

1081 2569 1272 2617 plerique,
1292 2571 1427 2618 paucis
1444 2570 1633 2617 exceptis,
1654 2569 1742 2606 huic
1760 2569 1922 2606 decreto
1941 2571 2024 2607 sub-

1081 2624 1340 2671 scripserunt:
1370 2625 1422 2668 1⁰,
1454 2623 1808 2671 archiepiscopales
1826 2629 1865 2660 et
1880 2624 2029 2672 episco-

1086 2677 1196 2724 pales
1228 2677 1343 2714 sedes
1364 2689 1450 2713 non
1485 2677 1682 2713 vacabunt
1714 2676 1818 2713 ultra
1850 2688 2027 2723 anuum3

1082 2730 1137 2775 20,
1173 2731 1362 2767 nominati
1397 2731 1445 2767 ab
1470 2731 1714 2778 Imperatore
1743 2730 2028 2768 institutionem

1084 2785 1317 2821 canonicam
1335 2783 1584 2831 postulabunt
1602 2795 1625 2819 a
1643 2783 1848 2828 Pontifice3
1864 2785 1918 2829 3⁰,
1932 2784 2031 2820 Pon-

1082 2838 1180 2875 tifex
1198 2838 1482 2875 institutionem
1501 2837 1678 2874 conferet
1694 2838 1798 2874 intra
1816 2838 1838 2874 6
1857 2850 2027 2883 menses;

1081 2893 1136 2937 4⁰,
1163 2896 1250 2940 post
1275 2892 1296 2928 6
1323 2902 1478 2927 menses
1503 2892 1683 2928 eamdem
1717 2893 1936 2930 concedere
1963 2905 2029 2939 po-

1082 2947 1175 2985 terit
1200 2945 1450 2992 metropolita
1475 2946 1539 2981 vel
1564 2947 1695 2983 senior
1713 2948 1921 2996 episcopus
1940 2958 2031 2994 pro-

1081 3001 1250 3043 vinciae3
1269 2997 1324 3042 5⁰,
1352 3008 1543 3045 praesens
1568 2999 1773 3038 decretum
1799 3000 2027 3038 subiicietur

1082 3051 1281 3091 Pontificis
1307 3050 1594 3098 approbationi.
1623 3055 1708 3091 Hoc
1734 3054 1938 3092 decretum
1955 3064 2027 3100 per

1083 3108 1251 3145 selectos
1277 3114 1300 3140 a
1326 3103 1517 3151 gubernio
1539 3109 1742 3153 praesules
1761 3109 1959 3144 Savonam
1977 3106 2027 3143 ad

1083 3160 1318 3197 Pontificem
1342 3158 1541 3205 -perlatum
1567 3164 1638 3197 est.
1668 3163 1762 3198 Pius
1787 3162 1872 3205 VII,
1896 3161 1969 3197 sibi
1986 3165 2026 3197 et

1083 3213 1288 3250 Ecclesiae
1314 3211 1455 3247 merito
1482 3216 1678 3260 metuens,
1705 3215 1791 3251 illos
1814 3214 1940 3263 primo
1959 3225 2027 3250 au-

1082 3268 1166 3305 dire
1193 3264 1339 3310 noluit,
1362 3264 1452 3302 dein
1479 3266 1592 3304 nonis
1617 3269 1852 3317 septembris
1877 3267 1925 3304 ad
1951 3268 2027 3304 col-
