2241 3473
266 135 344 175 222

214 213 318 250 rolus
338 225 408 251 rex
427 212 562 249 Scotos
582 211 659 248 iam
680 210 798 248 armis
828 210 876 246 ad
897 209 1155 246 obedientiam

215 267 373 315 adigere
402 266 634 310 conabatur3
665 264 732 301 sed
762 263 928 308 bellum,
948 262 1039 299 inde
1059 273 1156 299 ena-

212 323 308 365 tum,
325 318 491 356 an.1640
505 319 710 354 adversum
733 316 816 365 regi
832 316 983 353 exitum
1005 315 1152 352 habuit.

726 138 731 144 ’
764 143 923 170 EPOCHA
951 143 1022 171 XII.
1051 143 1079 169 A
1106 142 1264 170 LITIBVS
1293 142 1578 170 IANSENISTICIS

1252 207 1443 245 Catholici
1479 219 1573 245 vero
1610 208 1773 246 Hiberni
1809 210 2074 260 iniquissimae
2101 213 2143 250 et

1198 260 1430 298 durissimae
1451 262 1545 298 sorti
1567 262 1710 299 addicti
1726 266 1827 301 sunt.
1845 265 1927 301 Iam
1947 265 2142 303 Henrieus

1199 314 1303 359 VIII,
1325 315 1533 352 Eduardus
1552 314 1609 352 VI
1629 318 1669 353 et
1688 315 1915 356 Elisabetha
1934 318 1981 356 iis
2001 318 2139 356 Hiber-

213 373 366 410 Interea
387 371 646 408 democratica
663 370 942 407 Puritanorum
966 368 1157 417 principia
1197 367 1267 414 niS,
1289 379 1384 416 quos
1404 369 1475 405 sub
1496 371 1690 417 potestate
1710 381 1781 407 sua
1801 371 2011 419 habebant,
2034 372 2140 409 novi·

211 425 327 462 etiam
356 425 459 461 inter
488 424 736 473 Episcopales
758 423 912 471 probari
933 423 1156 470 coeperant,

211 480 250 514 et
269 490 344 526 quo
365 477 487 526 magis
508 488 643 514 eorum
664 476 780 514 factio
801 489 824 514 a
844 476 1002 525 regibus
1022 475 1153 524 repri-

211 532 401 575 mebatur,
419 543 462 567 eo
478 530 643 579 amplius
663 533 778 567 aucta
795 529 937 567 fuerat.
958 529 1154 577 Indepen-

210 585 344 621 dentes
362 596 453 621 vero
469 584 526 621 ita
537 584 780 633 multiplicati
795 586 968 630 erant,ut
978 584 1152 620 caeteros

210 638 416 675 Puritanos
437 640 476 675 et
495 649 658 674 numero
678 640 719 674 et
738 638 887 675 viribus
906 637 1150 685 superarent.

260 690 420 728 Interim
449 691 615 729 Carolus
641 691 657 728 I
678 691 843 728 Ordines
863 691 1034 739 publicos
1055 702 1151 727 con-

208 744 373 782 vocavit.
391 746 443 781 At
458 757 479 782 a
499 744 638 794 populo
659 745 707 782 ad
728 745 885 781 comitia
905 744 1096 793 deputati,
1117 756 1152 780 e-

206 801 295 835 rant
316 799 487 836 maxima
508 801 618 847 parte
640 798 722 847 regi
743 797 892 844 infesti3
909 799 1006 835 adeo
1024 799 1067 834 ut
1083 798 1147 846 qui

212 852 437 897 Cameram,
468 854 512 889 ut
540 852 694 898 dicitur,
724 853 907 901 inferam
928 852 1144 889 constitue-

205 905 318 951 bant,
348 905 525 954 plerique
553 906 636 943 sive
667 905 835 955 puritani
856 906 937 943 sive
958 905 1150 954 indepen-

204 959 341 996 dentes
360 963 500 997 essent.
523 959 573 996 Hi
593 959 671 997 iam
692 971 759 1008 pro
780 971 930 996 summo
952 959 1051 1005 odio,
1071 971 1148 1008 quo

204 1013 240 1048 in
262 1013 460 1061 episcopos
479 1013 714 1062 flagrabant,
735 1013 860 1062 primo
884 1013 1146 1061 archiepisco-

204 1078 295 1114 pum
325 1067 647 1104 Cantuariensem
668 1067 789 1113 Laud,
812 1066 950 1104 deinde
971 1069 1146 1104 caeteros

204 1120 404 1169 episcopos
423 1121 627 1169 plerosque
648 1121 686 1158 in
704 1121 865 1158 vincula
884 1119 1021 1157 coniici
1040 1132 1147 1158 man-

203 1174 357 1211 darunt.
377 1174 457 1211 Hoc
472 1174 588 1221 facto,
608 1173 735 1224 legem
757 1176 1055 1223 proposuerunt,
1072 1186 1148 1223 qua

205 1227 373 1276 episcopi
394 1228 564 1266 comitiis
583 1229 747 1278 publicis
767 1228 1089 1274 excluderentur,
1110 1233 1148 1266 et

201 1284 285 1318 tum
305 1293 439 1331 regem
459 1284 542 1319 tum
561 1283 776 1320 Cameram
790 1284 1054 1332 superiorem,
1070 1282 1145 1320 iam

202 1335 305 1372 omni
336 1336 571 1373 auctoritate
600 1339 789 1382 carentes,
820 1348 882 1374 an.
907 1335 1009 1373 1642
1025 1337 1072 1373 ad
1092 1336 1146 1372 il-

201 1388 279 1426 lam
308 1389 431 1438 legem
453 1390 741 1438 approbandam
759 1389 1042 1438 compulerunt.
1066 1391 1143 1427 Ca-

201 1453 315 1479 mera
334 1442 497 1480 inferior
508 1444 691 1480 continuo
706 1444 870 1482 ulterius
881 1443 1142 1492 progrediens,

201 1508 262 1534 au.
295 1496 395 1534 1645
423 1497 753 1546 archiepiscopum
784 1498 894 1534 Laud
915 1497 1040 1546 capite
1060 1498 1146 1546 ple-

200 1549 252 1587 cti
282 1550 416 1596 iussit,
438 1554 478 1588 et
498 1562 600 1588 anno
620 1552 799 1599 sequenti
822 1551 1012 1600 episcopis
1031 1552 1145 1600 peni—

199 1605 263 1640 tus
284 1604 498 1652 abrogatis,
517 1605 779 1643 calvinianam
802 1605 998 1653 regiminis
1018 1606 1143 1642 eccle-

199 1657 345 1695 siastici
367 1658 544 1704 formam,
566 1659 834 1708 presbyteriis,
854 1658 1058 1704 classibus,
1078 1671 1144 1709 sy-

200 1711 308 1749 nodis
338 1712 638 1759 provincialibus
659 1716 698 1749 et
719 1712 978 1750 nationalibus
1001 1713 1142 1750 distin—

199 1768 316 1811 ctam,
343 1766 379 1802 in
401 1767 583 1815 Angliam
603 1767 833 1804 introduxit.

250 1819 368 1856 Brevi
403 1832 423 1857 e
445 1821 713 1857 democraticis
733 1823 772 1857 et
793 1820 1143 1868 independentibus

198 1872 470 1911 ecclesiasticis
488 1873 581 1911 facti
598 1878 685 1911 suut
702 1874 859 1922 politici,
875 1885 1024 1922 suaque
1040 1875 1139 1922 prin-

197 1926 296 1974 cipia
325 1927 372 1963 ab
402 1928 588 1976 episcopis
609 1929 655 1966 ad
676 1939 806 1976 regem
826 1927 1141 1976 transtulerunt3

199 1980 299 2016 unde
328 1980 430 2017 bella
459 1985 624 2019 cruenta
651 1984 690 2018 et
718 1981 855 2018 caedes
883 1985 1017 2018 secuta
1037 1990 1138 2019 sunt.

198 2032 359 2071 Carolus
388 2037 524 2072 contra
554 2035 704 2083 iniquos
731 2035 925 2072 Gamerae
949 2034 1142 2073 inferioris

198 2093 237 2123 et
266 2088 615 2125 (lemocraticorum
637 2092 796 2126 conatus
818 2089 1035 2125 exercituin
1057 2090 1143 2127 col.-

199 2140 305 2189 legit,
335 2153 451 2189 seque
482 2143 601 2179 armis
622 2142 829 2179 defendero
850 2142 1040 2180 tentavit:
1063 2143 1140 2180 ini-

199 2195 249 2230 tio
289 2195 389 2232 haud
430 2195 635 2232 infeliciter
671 2196 887 2243 pugnavit3
920 2200 960 2233 at
988 2197 1141 2234 iunctae

196 2248 399 2285 Scotorum
423 2251 461 2285 et
483 2249 696 2297 Anglorum
719 2249 823 2287 vires
843 2250 914 2286 sub
935 2250 1033 2287 duce
1055 2250 1142 2287 Oli-

198 2302 304 2338 vcrio
332 2302 554 2347 Cromwell,
577 2303 641 2350 qui
665 2303 808 2340 milites
829 2314 917 2339 suos
935 2304 1141 2342 fanatisnio

198 2356 377 2402 religioso
407 2356 565 2404 implere
596 2360 771 2402 noverat,
802 2356 980 2394 Carolum
1008 2369 1138 2406 regem

195 2410 241 2446 ad
264 2412 393 2447 tantas
422 2411 659 2456 redegerunt
679 2410 881 2458 angustias
899 2440 906 2452 ,
931 2413 973 2447 ut
992 2424 1031 2449 sc
1052 2412 1142 2449 Sco-

195 2466 322 2500 torum
351 2464 439 2500 fidei
469 2463 739 2510 committeret.
763 2464 821 2500 Ab
851 2464 884 2499 is
917 2476 982 2501 rex
1013 2466 1139 2502 tradi-

195 2522 257 2553 tus
280 2517 414 2565 Aug-lis
430 2518 494 2562 ,in
519 2517 673 2554 vincula
702 2517 894 2554 coniectus
925 2520 1003 2564 est,
1025 2523 1063 2556 et
1092 2533 1137 2557 a-

193 2573 308 2617 gente
329 2572 462 2607 eoaom
485 2570 705 2614 Croniwcll,
732 2570 861 2607 laesae
882 2571 1078 2618 religionis
1100 2577 1139 2610 et

195 2624 383 2661 libertatis
405 2624 582 2673 publicae
604 2629 937 2668 accilsaills,211'1iio
959 2626 1056 2662 law
1073 2640 1137 2664 ra-

195 2678 272 2725 pite
294 2678 429 2726 plexus
453 2679 534 2715 suit.
559 2678 693 2715 Novae
715 2678 960 2726 reipublicae,
982 2681 1134 2717 nuncin

192 2731 316 2768 locun]
336 2732 584 2768 monarchiae
598 2731 855 2773 iiurosluctao,
868 2732 1039 2779 specioso
1056 2746 1137 2781 pro-

193 2786 350 2821 tectoris
370 2786 483 2822 titulo
506 2785 698 2833 praesedit
718 2785 939 2830 Cromwell,
960 2786 1025 2833 qui
1049 2799 1136 2823 ma—

192 2838 275 2883 iori,
297 2851 341 2875 ac
364 2851 530 2887 iniquam
553 2851 678 2886 reges,
701 2842 903 2887 potestate,
926 2839 1052 2888 potius
1068 2844 1131 2887 ty-

192 2893 354 2929 rannide
387 2905 474 2930 usus
506 2895 564 2929 est
596 2904 713 2939 usque
744 2893 790 2929 ad
814 2897 974 2929 inertem
1000 2905 1134 2939 suani,

192 2958 289 2994 quae
320 2947 462 2982 accidit
492 2958 592 2982 auno
618 2946 727 2983 1058.
750 2947 830 2982 Sub
852 2958 894 2983 co
921 2947 1132 2985 l'uritauo-

192 3012 276 3035 rurn
295 3030 303 3045 ,
333 3012 352 3035 c
382 3001 520 3048 quibus
554 2999 582 3035 is
612 3000 866 3047 erat,1·‹·ligio
898 3004 937 3036 ct
966 3006 1155 3054 potestas¹

191 3053 506 3101 praevaluerunt.
537 3053 669 3090 Cuivis
700 3058 826 3090 tamen
857 3054 1020 3091 liberum
1050 3059 1155 3093 erat*

189 3119 272 3142 eain
306 3108 475 3154 profiteri
508 3107 744 3154 religionem,
774 3120 873 3155 quae
902 3109 971 3145 sibi
1005 3120 1134 3145 verior
1178 3134 1328 3171 (‹›1·1·e;,l)’
1347 3136 1489 3173 Avi-igin«,
1507 3134 1676 3165 Msfnunraes
1692 3143 1775 3173 pom.
1790 3133 1895 3165 serm-r
1913 3131 1932 3164 α-
1949 3132 1970 3163 l·
1984 3133 2121 3166 mum-re

190 3160 398 3198 videretur.
428 3160 506 3197 Soli
536 3154 714 3198 catholici
737 3161 809 3198 liae
830 3162 1019 3200 libertatis
1050 3163 1133 3212 lege

189 3217 301 3252 erant
321 3214 480 3253 exclusi.

1196 422 1298 458 tates
1327 421 1528 470 religiosas
1549 423 1588 459 vi
1609 424 1648 459 et
1667 423 1899 462 crudelitate
1927 426 2138 464 obtrudere

1195 474 1323 511 conati
1344 474 1511 512 fuerant.
1534 475 1681 513 Deinde
1701 477 1772 514 sub
1793 477 1931 515 Iacobo
1951 478 1968 516 I
1985 479 2142 517 univer·

1193 538 1236 564 sa
1256 528 1446 566 Hibernia
1464 529 1628 567 subacta
1648 529 1732 568 fuit.
1769 530 1908 579 Anglis
1927 543 2022 569 vero
2040 562 2050 579 ,
2069 532 2138 581 qui

1193 580 1232 617 in
1266 593 1313 619 ea
1346 583 1395 620 ad
1430 594 1576 619 morem
1609 583 1836 621 colonorum
1868 586 2137 632 consederant,

1195 636 1365 673 maxima
1387 636 1593 685 privilegia
1612 636 1650 673 in
1672 637 1952 675 detrimentum
1982 639 2139 687 indige-

1194 700 1332 726 narum
1365 701 1547 727 concessa
1566 692 1669 727 sunt.
1691 691 1761 728 His
1790 691 1967 730 omnibus
1993 692 2139 731 irritati

1194 742 1370 788 Hiberni,
1390 755 1557 792 quorum
1590 743 1768 793 plerique
1797 744 1976 793 religioni
1999 746 2142 783 catho-

1192 795 1288 833 licae
1309 796 1476 834 fideliter
1495 797 1764 843 inhaerebant,
1788 800 1981 847 regnante
2002 798 2142 837 Carolo

1192 849 1221 895 l,
1242 861 1352 888 arma
1373 850 1627 899 arripuerunt
1646 862 1715 899 pro
1737 852 1887 899 patriae
1911 853 1951 889 et
1970 852 2142 901 Religio-

1193 904 1252 940 nis
1272 904 1450 941 libertate
1479 909 1596 953 atque
1617 904 1850 942 defensione.
1868 905 1911 943 In
1927 905 2029 943 bello
2051 906 2142 944 inde

1192 959 1328 995 exorto
1344 958 1551 995 Cromwell
1571 958 1628 995 ita
1649 958 1887 1006 praevaluit,
1909 962 1953 997 ut
1977 961 2138 998 cunctos

1192 1011 1476 1063 Catholicosex
1497 1012 1680 1049 universa
1709 1015 1818 1050 terra
1837 1012 1877 1049 in
1897 1024 2014 1050 unam
2045 1024 2140 1062 pro-

1194 1065 1361 1102 vinciam
1381 1066 1562 1115 coegerit,
1583 1065 1707 1102 cuivis
1727 1066 1810 1104 eius
1838 1065 1984 1117 limites
2003 1069 2140 1104 trans-

1192 1130 1374 1167 gressuro
1395 1122 1562 1157 mortem
1581 1119 1798 1157 minitatus.
1821 1120 1903 1161 Quo
1924 1119 2042 1166 facto,
2064 1132 2144 1158 om-

1193 1173 1318 1219 nibus,
1339 1173 1403 1222 qui
1425 1173 1570 1210 bellum
1601 1173 1896 1222 participarant,
1929 1173 2051 1220 fundi,
2071 1174 2138 1222 qui

1192 1225 1313 1264 ferme
1334 1227 1381 1264 ad
1403 1228 1562 1264 tertiam
1582 1231 1711 1264 terrae
1744 1230 1893 1276 partem
1928 1227 2136 1276 protende-

1192 1281 1359 1327 bantur,
1394 1281 1564 1330 adempti
1598 1283 1637 1319 et
1666 1281 1811 1318 colonis
1844 1281 2072 1319 acatholicis
2090 1293 2140 1320 ex

1192 1334 1334 1383 Augila
1364 1335 1514 1372 venditi
1548 1337 1649 1372 sunt.
1689 1335 1749 1372 Ita
1786 1334 1968 1372 catholici
1995 1335 2034 1372 in
2065 1334 2141 1373 Hi-

1192 1388 1326 1425 bernia
1363 1388 1410 1425 ad
1450 1391 1724 1437 paupertatem
1765 1388 1910 1426 redacti
1952 1386 2137 1439 fueruntl,

1192 1442 1381 1490 simulque
1431 1442 1708 1491 inextirpabile
1750 1442 1956 1480 turbarum
2007 1454 2138 1480 semen

1190 1506 1367 1543 sparsum
1390 1493 1414 1533 ¹.

1244 1550 1279 1586 8.
1318 1549 1503 1591 Quakerz·
1515 1572 1566 1576 —
1582 1550 1665 1587 Hoc
1702 1549 1787 1598 ipso
1824 1550 2000 1599 tempore
2017 1579 2026 1596 ‚
2059 1561 2135 1598 quo

1191 1603 1504 1652 Presbyterianis
1519 1604 1558 1640 et
1573 1603 1868 1652 Episcopalibus
1882 1603 1988 1641 inter
2007 1615 2048 1641 se
2068 1615 2136 1653 pu·

1188 1658 1398 1705 gnantibus
1414 1687 1423 1702 ,
1455 1668 1519 1694 res
1551 1657 1814 1695 ecclesiastica
1835 1656 1872 1694 in
1893 1657 2037 1706 Anglia
2056 1657 2130 1694 ad·-

1191 1711 1344 1748 modum
1380 1711 1611 1759 perturbata
1644 1714 1771 1756 esset,
1805 1710 1947 1748 ibidem
1967 1713 2055 1749 orta
2073 1711 2135 1748 est

1189 1767 1298 1802 secta
1347 1764 1634 1806 Quakerorum.
1680 1765 1831 1802 Horum
1873 1767 2013 1802 auctor
2058 1763 2136 1802 fuit

1187 1818 1380 1867 Georgius
1401 1818 1498 1864 Fox,
1521 1818 1756 1867 professione
1772 1820 1894 1864 sutor,
1911 1821 2053 1857 natura
2069 1829 2134 1856 se-

1187 1884 1304 1909 verus
1324 1874 1363 1909 et
1383 1883 1558 1909 morosus
1575 1902 1584 1918 ,
1618 1872 1749 1910 animo
1769 1872 1923 1910 intenso
1944 1876 1984 1910 et
2005 1872 2134 1921 phan-

1186 1926 1285 1963 tasia
1307 1926 1449 1973 vivida;
1473 1927 1537 1974 qui
1558 1938 1599 1963 se
1621 1927 1669 1963 ad
1691 1926 1975 1963 emendandum
1998 1937 2131 1963 mora-

1185 1979 1261 2016 lem
1283 1983 1323 2017 et
1344 1979 1570 2028 religiosum
1591 1982 1737 2017 statum
1768 1979 1959 2018 divinitus
1979 1979 2133 2018 excita-

1186 2037 1270 2070 tum
1291 2033 1502 2070 contendit.
1525 2034 1596 2070 An.
1622 2033 1722 2071 1647
1742 2033 2016 2080 revelationes,
2037 2044 2132 2082 quas

1185 2087 1255 2124 sibi
1277 2087 1466 2124 divinitus
1488 2087 1690 2135 obtingere
1711 2086 1877 2132 dicebat,
1896 2087 2018 2135 primo
2039 2086 2129 2135 qui-

1185 2141 1271 2177 dem
1294 2141 1441 2185 amicis,
1461 2140 1548 2178 dein
1579 2140 1758 2178 omnibus
1786 2140 1859 2178 sibi
1888 2140 2014 2178 obviis
2035 2152 2131 2189 pro-

1184 2206 1326 2243 ponere
1347 2194 1485 2242 coepit.
1523 2195 1667 2231 Earum
1700 2205 1853 2231 summa
1872 2193 1910 2231 in
1932 2206 1977 2232 eo
1997 2194 2130 2232 consi-

1183 2249 1332 2294 stebat,
1357 2251 1398 2284 ut
1420 2248 1595 2284 homines
1616 2247 1662 2284 ad
1685 2248 1814 2285 lumen
1836 2247 2013 2285 divinum
2032 2278 2040 2294 ,
2061 2259 2132 2286 eo-

1185 2314 1267 2338 rnm
1290 2302 1429 2339 animis
1451 2313 1473 2338 a
1495 2302 1572 2338 Deo
1594 2301 1786 2347 inditum,
1815 2302 2065 2339 attenderent
2084 2313 2130 2339 e-

1184 2356 1316 2404 iusque
1333 2355 1607 2404 inspirationes
1621 2358 1889 2403 sequerentur.
1907 2355 2037 2397 Quum
2058 2355 2130 2393 hoc

1182 2412 1351 2457 ternpore
1373 2409 1409 2445 iu
1433 2409 1573 2456 Anglia
1597 2409 1764 2445 maxima
1785 2411 1887 2446 esset
1906 2410 1945 2446 in
1967 2409 2128 2459 religio-

1183 2463 1240 2499 nis
1262 2462 1414 2511 negotio
1436 2462 1606 2508 licentia,
1628 2463 1711 2500 Fox
1732 2463 1877 2500 multos
1907 2475 1928 2500 e
1957 2463 2127 2500 rudiori-

1182 2517 1253 2553 bus
1274 2517 1440 2553 asseclas
1455 2515 1528 2552 sibi
1546 2516 1782 2562 conciliavit,
1797 2516 1939 2565 quibus
1955 2528 2130 2566 progres-

1181 2582 1224 2606 su
1249 2570 1432 2618 temporis
1467 2569 1585 2606 ctiam
1622 2569 1748 2618 plures
1771 2583 1790 2607 e
1811 2570 1907 2608 viris
1939 2570 2126 2608 litteratis

1180 2626 1219 2660 ot
1241 2624 1428 2660 nobilibus
1463 2627 1726 2660 accesserunt.
1763 2624 1869 2661 Inter
1898 2624 1967 2661 hos
1988 2626 2125 2662 notatu

1179 2677 1375 2723 digniores
1409 2681 1521 2714 eraut
1554 2677 1708 2714 Samuel
1745 2677 1884 2716 Fisher
1900 2707 1910 2724 ,
1932 2678 2123 2727 Georgius

1179 2731 1694 2779 Koit11‚RoiiertusBau-clay
1704 2734 1743 2767 et
1755 2730 1988 2768 Guilielmus
1999 2732 2124 2778 Penn,

1178 2785 1241 2832 qui
1277 2784 1455 2821 confusas
1489 2784 1666 2833 magistri
1701 2784 1808 2822 ideas
1841 2784 1998 2834 scriptis
2029 2782 2126 2822 illu-

1175 2842 1352 2875 strarunt
1369 2842 1407 2875 ct
1424 2838 1459 2874 in
1478 2838 1669 2885 quoddam
1686 2842 1858 2886 systema
1877 2839 2124 2888 redegerunt.

1180 2890 1285 2928 [llius
1305 2904 1457 2930 summu
1476 2892 1555 2928 fere
1578 2892 1674 2929 haec
1695 2896 1793 2931 erat:
1820 2892 1964 2930 Omnes
1984 2892 2125 2941 posteri

1177 2947 1312 2983 Adanu
1350 2953 1508 2994 peceato
1530 2946 1702 2994 corrupti
1737 2947 1775 2982 et
1804 2945 1852 2983 ad
1887 2949 2032 2984 rectam
2054 2945 2125 2984 Dei

1176 3000 1413 3047 agnitionem
1447 2999 1566 3048 inepti
1588 3002 1704 3046 sunt;
1724 2999 1792 3036 sed
1824 2999 1928 3037 Deus
1959 3011 2025 3048 pro
2045 2999 2124 3037 im-

1219 3093 1224 3113 ¹
1248 3094 1274 3122 Ρ.
1294 3093 1321 3122 ‹l'
1336 3092 1465 3122 (ii-lienus
1481 3117 1488 3130 ,
1507 3091 1647 3123 Histoire
1663 3091 1716 3123 des
1733 3091 1938 3124 revolutions
1954 3090 1983 3122 (Γ
1998 3091 2116 3132 Angyle-

1175 3175 1211 3204 ιΙν
1236 3177 1254 3205 Ι·
1270 3175 1386 3215 limma,
1402 3182 1431 3205 et
1445 3176 1482 3204 ‹11›
1493 3175 1673 3215 =I'la'vaaee3
1691 3177 1721 3206 Τ,
1736 3177 1860 3214 Buruet,
1874 3174 2016 3207 Histoire
2030 3174 2068 3207 de
2091 3175 2124 3207 la

1177 3217 1384 3256 re'foriualwn
1403 3217 1441 3248 de
1458 3216 1586 3257 l'lu'ylt'se.
1600 3216 1831 3257 ‹l’Anyleterre.
