2241 3473
617 247 1052 337 HISTORIAE
1115 243 1782 333 ECCLESIASTICAE

713 439 1068 546 ErooHA
1134 435 1645 504 DVODECIMA

860 634 893 670 A
915 630 1126 669 LITIBVS
1148 628 1526 668 IANSENISTICIS

299 712 471 755 VSQVE
492 712 560 750 AD
583 709 853 749 PVBLICAM
872 708 1067 747 RERVM
1088 706 1143 745 IN
1165 707 1374 745 GALLIIS
1395 703 1829 751 SVBVERSIONEM‚
1857 702 1941 741 AN.
1964 702 2077 742 1789.

539 1154 861 1183 PROOEMIVM

273 1254 432 1293 Novam
469 1253 667 1302 Epocham
697 1251 923 1288 inchoamus
960 1261 982 1286 a
1014 1247 1174 1293 litibus,

222 1321 318 1358 quas
339 1309 378 1345 in
403 1306 581 1345 Ecclesia
602 1306 805 1355 agitaruut
824 1302 1078 1348 Iansenistae,
1098 1313 1174 1349 quo

223 1363 380 1411 quidem
412 1360 569 1398 nomine
597 1358 781 1408 appellati
802 1361 905 1404 sunt,
921 1356 987 1405 qui
1009 1356 1173 1393 damna-

221 1419 285 1454 tae
307 1415 475 1453 Cornelii
498 1413 664 1451 Iansenii
686 1412 886 1451 doctrinae
902 1410 1171 1448 inhaerebant.

222 1470 253 1507 Ii
283 1480 425 1518 graves
455 1470 495 1505 et
524 1467 734 1505 diuturnas
762 1466 900 1503 turbas
929 1465 966 1501 in
998 1462 1172 1501 Ecclesia

223 1523 451 1561 excitarunt
469 1551 478 1567 ,
508 1533 552 1558 eo
582 1521 904 1569 periculosiores,
934 1530 1009 1566 quo
1037 1528 1168 1554 earum

224 1583 407 1615 auctores
447 1574 686 1624 singularem
725 1585 877 1611 morum
916 1571 1168 1609 severitatem

223 1632 468 1669 ostentarent
485 1659 494 1676 ,
514 1628 710 1666 Ecclesiae
731 1628 845 1665 fidem
867 1628 906 1664 et
927 1624 1167 1663 communio-

225 1697 312 1722 nem
343 1696 383 1721 se
413 1682 584 1720 revereri
605 1682 889 1732 profiterentur
908 1681 959 1726 et,
982 1678 1167 1716 ementito

223 1750 318 1787 erga
333 1737 598 1786 Apostolicam
614 1737 753 1774 Sedem
775 1734 970 1783 obsequio,
991 1733 1074 1770 eius
1095 1744 1170 1769 au-

224 1791 447 1829 ctoritatem
470 1790 747 1828 convellerent.

276 1845 514 1883 Exsurrexit
543 1846 760 1893 praeterea,
790 1843 955 1880 durante
980 1841 1053 1878 hac
1074 1852 1169 1889 epo-

223 1900 294 1937 cha
311 1929 320 1945 ,
353 1898 661 1948 perditissimum
697 1897 896 1934 hominum
931 1907 1067 1944 genus,
1104 1894 1167 1942 qui

225 1965 379 1991 omnem
406 1964 565 2001 prorsus
597 1951 840 2000 religionem,
873 1950 1068 1999 ipsiusque
1097 1948 1167 1985 Dei

226 2006 474 2044 existentiam
490 2006 780 2055 impugnarunt,
793 2007 833 2041 et
845 2002 1173 2052 proptercaatleec‘

225 2060 318 2098 dicti
341 2062 442 2097 sunt.
465 2060 669 2096 Acerrima
691 2070 841 2107 quoquc
859 2056 1075 2094 certamina
1092 2056 1170 2093 Ec—

228 2114 371 2151 clesiae
413 2113 547 2150 intulit
590 2112 877 2149 incredulorum
907 2110 1038 2147 schola
1056 2140 1064 2155 ‚
1106 2108 1169 2157 qui

225 2168 398 2216 specioso
431 2166 746 2214 philosophorum
769 2165 921 2202 nomine
944 2164 1166 2213 religionem

226 2221 478 2258 christianam
513 2223 816 2269 oppugnarunt,
846 2230 997 2255 omnem
1020 2218 1170 2255 revela-

226 2275 371 2312 tionem
392 2274 630 2320 abiecerunt,
653 2277 692 2311 et
713 2273 918 2321 quamdam
942 2271 1168 2320 religionem

228 2328 461 2373 naturalem,
494 2331 537 2364 ut
569 2328 770 2372 vocabant,
797 2339 862 2363 seu
896 2326 1084 2362 ‹leisniuni
1109 2325 1172 2361 ad-

227 2384 472 2419 struxerunt.
497 2381 603 2418 IIaec
638 2386 766 2418 autern
790 2380 933 2417 saeculi
962 2379 1097 2415 XVIII
1119 2378 1168 2414 in-

227 2435 439 2473 credulitas
456 2447 522 2472 sen
550 2433 958 2483 pseudo-pliilosophia
978 2435 1063 2469 orat
1083 2432 1170 2469 ess'e-

227 2495 313 2526 ctus
334 2495 373 2525 et
396 2501 515 2537 prava
535 2489 736 2537 progenies
755 2487 1170 2535 1›seu‹lo-rct'omnatio-

227 2544 284 2581 nis
304 2556 403 2580 saec.
420 2542 530 2580 XVI.
550 2543 702 2579 Etenim
725 2544 932 2578 novatores
952 2552 1050 2576 saec.
1074 2540 1167 2577 XVI

227 2597 350 2635 solani
373 2597 633 2645 scriptur-am,
655 2607 784 2643 quani,
810 2594 950 2631 reiecta
972 2593 1169 2630 Ecclesiae

228 2651 474 2695 auctoritate,
487 2651 696 2687 secundum
717 2648 857 2697 privati
872 2649 929 2684 sui
946 2647 1104 2695 spiritus
1119 2648 1170 2683 di-

227 2709 378 2742 etanicn
392 2704 858 2753 interpretabantur,esse
871 2702 975 2738 Fidei
992 2701 1166 2747 reg-ulain

228 2759 514 2804 contendentes,
537 2760 658 2807 ipsam
682 2757 845 2794 hominis
869 2755 1057 2792 rationein
1082 2766 1170 2790 cre-

228 2813 438 2848 dendorum
463 2811 629 2848 iudicem
652 2810 949 2848 constituebant.
970 2808 1170 2844 Iluiusnio-

227 2866 261 2902 di
281 2865 498 2902 doctrinam
528 2867 574 2902 ad
611 2866 805 2902 incertum
826 2862 1109 2911 scepticisniuni
1133 2864 1172 2898 ot

227 2919 527 2956 indifferentiam
550 2919 586 2955 in
611 2918 806 2967 religionis
835 2916 992 2965 negotio
1015 2916 1169 2960 ducere,

227 2976 465 3021 compertum
496 2975 567 3010 est.
600 2973 744 3010 Eadem
776 2971 878 3008 enini
902 2970 1081 3007 libertate
1103 2982 1167 3005 son

228 3026 397 3071 licentia,
420 3039 495 3075 qua
519 3027 712 3064 liutherus
734 3028 773 3063 et
794 3025 978 3063 Calvinus
1002 3023 1171 3060 nonnul-

229 3081 284 3117 las
297 3081 423 3129 Script
433 3092 524 3117 urae
539 3083 666 3128 partos
688 3084 728 3117 et
740 3079 851 3116 varia
864 3079 1059 3127 dogmata,
1072 3089 1169 3125 qnae

231 3134 402 3170 Ecclesia
423 3134 470 3170 ab
487 3134 707 3182 apostolicis
725 3133 961 3182 temporibus
978 3130 1167 3168 constanti

227 3187 435 3224 traditione
459 3190 763 3224 conservaverat
778 3195 817 3223 et,
837 3187 1033 3230 docuerat,
1050 3184 1170 3221 abne-

228 3244 398 3289 garunt3
434 3241 488 3277 ita
523 3241 589 3278 alii
622 3241 698 3278 alia
727 3241 925 3289 dogmata,
955 3242 994 3276 ct
1013 3239 1169 3276 tandein

1218 1139 1606 1190 pseudo-philosophi
1650 1151 1802 1177 omnem
1840 1138 2081 1190 Scripturam
2119 1142 2159 1179 et

1219 1193 1497 1231 revelationem
1520 1194 1752 1231 reiecerunt.

1273 1249 1538 1285 Accesserunt
1567 1247 1775 1285 societates
1804 1247 1994 1294 occultae,
2032 1247 2159 1286 dictae

1221 1301 1466 1338 Liberorum
1482 1303 1853 1339 coementariorum
1870 1300 1955 1352 (seu
1972 1301 2031 1339 de'
2043 1301 2161 1339 liberi

1219 1356 1438 1402 muratori,
1453 1353 2038 1406 gallffranes-Mapons)‚quae
2053 1356 2158 1393 mala

1218 1408 1434 1458 multigena
1464 1410 1503 1445 et
1523 1408 1717 1446 Ecclesiae
1739 1410 1778 1446 et
1798 1409 1982 1447 Societati
2007 1410 2158 1447 intule—

1216 1464 1323 1508 runt,
1340 1466 1380 1500 et
1399 1462 1437 1499 in
1454 1462 1700 1511 generalibus
1722 1474 1855 1500 rerum
1876 1463 2092 1501 civicarum
2112 1475 2159 1501 ac

1217 1516 1571 1554 ecclesiasticarum
1601 1516 1974 1565 conflagrationibus
2005 1518 2159 1566 partem

1217 1570 1319 1607 haud
1341 1570 1529 1607 modicam
1552 1571 1785 1608 habuerunt.
1807 1570 2022 1608 Praeterea
2042 1571 2158 1608 novi-

1214 1626 1316 1662 tates
1336 1623 1502 1672 litesque
1523 1624 1804 1662 Richeristicas
1823 1623 2062 1662 instauravit
2074 1623 2159 1661 lar-

1215 1680 1331 1716 vatus
1360 1678 1594 1726 Febronius,
1623 1690 1692 1716 seu
1713 1678 1880 1716 Ioannes
1900 1677 2089 1716 Nicolaus
2110 1678 2157 1716 de

1215 1731 1437 1769 Hontheim.

1266 1786 1326 1823 Ex
1359 1785 1416 1824 his
1445 1788 1506 1823 sat
1525 1785 1659 1834 liquet,
1681 1785 1879 1824 Ecclesiae
1899 1787 2059 1833 statum,
2081 1786 2159 1824 du-

1213 1843 1322 1877 rante
1337 1840 1409 1877 hac
1427 1840 1584 1889 epocha,
1594 1840 1772 1889 graviter
1784 1840 1901 1878 fuisse
1917 1851 2157 1878 concussum.

1213 1893 1405 1931 Continuo
1446 1894 1480 1931 ei
1519 1894 1749 1931 certandum
1787 1893 1862 1931 fuit
1882 1906 1968 1931 cum
1997 1893 2160 1932 infensis

1213 1947 1461 1985 adversariis.
1491 1948 1542 1984 At
1562 1947 1697 1985 divina
1720 1948 1975 1985 Providentia
1996 1947 2158 1997 pericli-

1213 2002 1314 2039 tanti
1344 2001 1544 2039 Ecclesiae
1567 2013 1642 2038 non
1664 2001 1810 2048 defuit3
1831 2001 1938 2039 dedit
1957 2001 1992 2039 ei
2013 2001 2157 2038 Ponti-

1215 2055 1305 2093 fices
1335 2055 1430 2103 pios,
1458 2055 1602 2102 doctos,
1625 2055 1835 2104 prudentes
1854 2059 1893 2092 et
1921 2055 2073 2104 vigiles,
2093 2056 2157 2103 qui

1213 2109 1321 2146 Petri
1344 2109 1564 2146 naviculam
1585 2109 1623 2145 in
1639 2109 1775 2146 mediis
1792 2109 1925 2146 iactati
1942 2108 2062 2146 maris
2079 2120 2157 2145 un-

1213 2164 1270 2200 dis
1291 2163 1582 2212 gubernarunt:
1603 2162 1798 2199 excitavit
1812 2163 2022 2211 scriptores
2038 2174 2158 2212 egre-

1213 2217 1306 2265 gios,
1341 2216 1405 2265 qui
1428 2216 1658 2253 doctissimis
1682 2215 1790 2254 libris
1817 2215 2064 2265 Religionem
2085 2217 2157 2254 de-

1215 2271 1449 2307 fenderunt:
1479 2282 1598 2307 novos
1629 2269 1787 2318 populos
1815 2269 1941 2307 eidem
1963 2269 2158 2308 Ecclesiae

1215 2323 1459 2372 aggregavit,
1482 2324 1702 2371 multosque
1723 2323 1770 2360 ab
1791 2335 1837 2361 ea
1853 2326 2030 2362 extorres
2046 2323 2084 2361 in
2101 2324 2158 2362 si-

1215 2390 1305 2414 num
1328 2379 1411 2414 eius
1434 2377 1603 2414 reduxit.

1271 2432 1300 2468 l.
1322 2432 1360 2468 C.
1380 2431 1603 2468 Icmsem'us
1620 2432 1787 2480 eiusque
1803 2432 2059 2469 Avasrmvs
2071 2430 2156 2480 (an.

1218 2484 1333 2533 leuto)
1350 2485 1524 2530 ——Lites,
1543 2485 1701 2521 ineunte
1723 2486 1794 2522 hac
1815 2485 1961 2534 epocha
1977 2485 2014 2522 in
2029 2485 2157 2522 Eccle-

1214 2539 1271 2576 sia
1292 2538 1500 2584 excitatae,
1525 2551 1661 2575 nomen
1684 2541 1921 2588 acceperunt
1940 2550 1963 2576 a
1978 2538 2157 2576 Cornelio

1217 2592 1404 2629 Ianscnio.
1448 2593 1482 2629 Is
1524 2605 1624 2629 anno
1664 2593 1763 2630 1585
1799 2593 1837 2630 in
1873 2595 2005 2642 Accoy
2037 2603 2156 2642 prope

1216 2647 1472 2683 Leerdaniuni
1497 2646 1531 2682 in
1547 2646 1753 2684 lIellandia
1770 2646 1969 2684 catholicis
1979 2647 2155 2695 parenti-

1215 2701 1283 2736 bus
1304 2704 1431 2744 natus,
1454 2700 1750 2738 bunianimilnis
1771 2699 1914 2738 litteris
1935 2699 2156 2746 Ula—aienti,

1215 2754 1476 2801 philosophiae
1504 2757 1542 2790 et,
1570 2753 1789 2802 theologiae
1811 2753 1973 2791 Lovanii
1993 2753 2155 2791 studuit.

1219 2808 1383 2845 Enwnso
1417 2807 1637 2853 theologiae
1673 2807 1887 2853 curriculo,
1924 2806 2156 2844 valetudinis

1215 2874 1333 2898 causa
1364 2862 1473 2909 petiit
1502 2861 1660 2907 Gallias,
1692 2861 1753 2898 ubi
1775 2861 1966 2910 singulari
1987 2860 2156 2897 amicitia

1217 2927 1303 2951 usus
1321 2919 1379 2951 ost
1396 2927 1481 2951 cuni
1503 2915 1643 2951 Ioanne
1661 2914 2154 2964 I)u-Vergcr-de-Hauran-

1216 2981 1262 3005 ne
1275 2969 1377 3013 ,dein
1396 2969 1534 3005 abbate
1556 2968 1784 3005 monasterii
1798 2967 2037 3006 Benedictini
2054 2967 2102 3004 ad
2115 2967 2154 3004 S.

1215 3025 1426 3069 (lyranum,
1457 3025 1572 3059 antea
1601 3034 1671 3059 suo
1692 3022 1729 3058 in
1751 3022 1889 3059 studiis
1910 3020 2069 3058 Lovanii
2090 3033 2157 3058 so—

1215 3077 1284 3112 cio.
1308 3079 1418 3113 Anno
1447 3076 1543 3112 l('›l7
1564 3075 1778 3113 Lovanium
1797 3076 1934 3120 redux,
1952 3076 2036 3123 post
2056 3074 2158 3112 bien·

1218 3130 1321 3165 ninin
1352 3142 1380 3166 s.
1412 3130 1650 3178 'I'heologiae
1672 3131 1806 3166 doctor
1831 3129 1868 3166 in
1889 3127 2156 3165 Universitate

1218 3183 1449 3220 Lovaniensi
1473 3183 1735 3229 renunciatus,
1756 3185 1795 3220 ct
1811 3194 1872 3220 an.
1888 3181 1989 3219 1630
2005 3193 2034 3218 s.
2047 3181 2158 3218 Scri-

1217 3240 1354 3285 pturae
1390 3236 1584 3285 interpres
1613 3239 1769 3274 creatus
1799 3235 1882 3274 fuit.
1912 3236 2023 3272 Anno
2057 3234 2156 3273 1633
