2241 3473
154 135 234 176 248

97 221 236 265 sidem,
263 224 304 257 et
329 219 498 256 Kiskam
526 216 835 263 metropolitam,
860 214 1046 251 interfue-

97 269 1046 322 runt7episcopi,8archimandritaeetplusquam

97 330 165 367 100
191 324 432 370 sacerdotes,
453 325 659 371 regulares
684 327 722 359 et
740 323 982 359 saeculares.
1005 323 1047 358 In

95 394 145 419 ea
171 385 257 429 post
282 380 427 416 factam
448 378 554 414 Fidei
578 377 885 424 professionem,
904 376 952 412 ab
969 376 1049 412 Ur-

94 437 194 473 bano
220 435 307 470 VIII
324 444 393 481 pro
412 431 680 468 Orientalibus
695 430 854 474 editam,
872 430 1046 466 damnati

94 495 183 527 sunt
209 498 367 525 errores
394 486 595 522 cuiusdam
614 485 802 533 Philippi,
822 485 962 532 hicque
983 496 1046 521 ex-

94 542 420 580 communicatus.
447 541 483 576 Is
510 541 616 576 inter
643 539 723 575 alia
754 539 933 579 docebat,
958 550 1046 586 per-

92 609 209 634 sonas
235 596 388 632 divinas
406 595 513 631 inter
531 605 573 630 se
592 605 679 630 esse
699 593 969 630 essentialiter
989 593 1046 628 di—

93 663 244 695 versas;
273 649 525 698 baptismum,
559 648 632 684 nisi
652 648 909 684 immersione
929 647 1045 684 colla-

92 710 188 750 tum,
216 716 291 741 non
320 704 483 747 valere;
511 707 673 750 praeter
701 702 939 748 baptismum
967 713 1044 737 non

92 761 177 796 dari
205 761 527 801 Sacramentum,
556 768 629 793 nec
649 756 943 793 EuchariStiam
959 767 1045 793 esse

91 813 367 856 Sacrificium;
394 823 472 848 non
500 810 767 847 conficiendas
794 821 935 847 cruces
963 810 1045 846 Sal-

89 869 240 904 vatoris
264 879 313 904 ex
328 870 512 913 argento,
532 876 650 913 quum
668 864 847 902 Christus
863 864 900 899 in
915 864 1046 911 lignea

90 927 268 958 mortuus
294 926 412 957 esset.
441 920 664 956 Praeterea
683 919 722 954 in
741 918 881 955 eadem
897 918 1045 965 synodo

90 977 203 1024 plura
230 976 393 1012 decreta
419 979 510 1011 sunt
542 973 589 1010 de
608 973 906 1021 praedicatione
924 972 1045 1008 divini

90 1031 222 1075 verbi,
251 1030 298 1067 de
327 1029 600 1072 catechismo,
628 1028 675 1064 de
704 1027 1044 1064 administratione

87 1086 468 1127 Sacramentorum,
497 1083 544 1119 de
578 1094 732 1118 morum
760 1081 1044 1119 reformatione

88 1140 252 1187 aliisque
281 1139 330 1175 ad
356 1138 604 1185 disciplinam
623 1136 938 1173 ecclesiasticam
958 1148 1044 1184 per-

88 1194 314 1231 tinentibus.
347 1193 459 1234 Quae
493 1193 627 1228 omnia
654 1202 717 1227 an.
749 1190 843 1227 1724
870 1201 893 1226 a
919 1190 1044 1227 Bene-

88 1248 189 1284 dicto
218 1248 289 1295 Pp.
319 1247 409 1283 XIII
437 1246 673 1282 confirmata
701 1249 791 1281 sunt
809 1248 835 1279 1.

135 1303 193 1339 35.
224 1302 401 1339 Clemens
427 1300 497 1336 XI
515 1329 523 1344 ,
552 1299 747 1346 Pontifex
774 1305 851 1343 (an.
883 1300 1040 1343 1700)-

88 1356 183 1393 Post
210 1356 427 1392 Innocentii
448 1355 520 1402 Pp.
539 1354 613 1389 XII
632 1354 794 1397 obitum,
816 1353 1046 1401 Apostolica

89 1411 211 1447 Sedes
237 1411 398 1446 vacavit
423 1420 546 1456 usque
572 1407 621 1443 ad
648 1420 688 1444 ix
716 1407 869 1443 calend.
891 1407 1045 1444 decem-

88 1465 183 1507 bris,
211 1475 287 1512 qua
313 1464 374 1500 die
402 1462 451 1499 ad
478 1473 567 1498 eam
594 1462 744 1498 electus
778 1465 838 1497 est
856 1462 1043 1498 Clemens

87 1518 157 1562 XI,
172 1518 358 1561 Urbinas,
375 1520 494 1553 antea
509 1516 732 1564 appellatus
743 1515 1044 1551 IoannesFran-

88 1573 214 1608 ciscus
242 1571 456 1608 cardinalis
482 1570 651 1613 Albani,
681 1570 745 1617 qui
772 1569 946 1605 delatum
973 1570 1046 1605 sibi

87 1626 281 1663 honorem
308 1638 404 1674 prae
432 1625 651 1661 humilitate
680 1628 762 1659 toto
782 1623 911 1659 triduo
931 1635 1044 1660 recu-

87 1682 204 1725 savit,
232 1681 357 1718 donec
385 1680 518 1716 divino
539 1679 619 1723 illo,
641 1678 704 1726 qui
724 1678 929 1715 Ecclesiae
945 1689 1040 1715 suae

87 1747 248 1783 semper
267 1735 393 1779 adest,
415 1735 555 1782 spiritu
575 1737 704 1769 tactus
719 1732 856 1768 studiis
871 1733 1045 1768 omnium

88 1790 219 1826 cessit.
246 1790 320 1825 Vir
347 1789 418 1825 fuit
436 1800 599 1836 genere,
621 1788 783 1835 pietate,
807 1786 1045 1831 eruditione,

93 1844 290 1892 animique
306 1843 529 1880 constantia
543 1841 873 1889 spectatissimus,
891 1841 1046 1888 qualem

91 1898 316 1945 postulabat
336 1898 542 1933 Ecclesiae
562 1901 686 1932 status
705 1900 870 1943 propter
893 1898 951 1931 tot
969 1895 1047 1931 bel-

91 1952 218 1987 lorum
239 1952 441 2000 strepitus,
461 1951 598 1999 quibus
618 1951 778 1996 Europa
797 1949 1042 1996 agitabatur,

91 2010 131 2042 et
150 2006 253 2042 inter
271 2006 564 2042 haereticorum
586 2003 800 2046 molimina,
819 2004 957 2050 quibus
974 2003 1044 2039 Ec-

92 2060 237 2096 clesiae
265 2060 445 2096 doctrina
471 2060 533 2095 vel
554 2058 771 2095 auctoritas
791 2058 1046 2105 oppugnaba-

92 2118 168 2151 tur.
199 2115 396 2150 Eximiam
428 2116 511 2150 eius
537 2114 724 2148 virtutem
750 2111 936 2147 admirati
957 2116 1047 2149 sunt

91 2169 326 2205 heterodoxi
354 2168 426 2214 ipsi
454 2167 841 2213 Norimbergenses,
869 2165 1046 2202 celebra·

91 2227 258 2271 runtque
286 2223 417 2259 aureis
441 2221 719 2268 argenteisque
739 2220 1045 2257 numismatibus

92 2278 252 2314 nomine
280 2277 401 2325 ipsius
430 2275 629 2322 inscriptis
645 2277 673 2310 ‘-'.

141 2332 182 2367 In
210 2331 348 2378 primiS
375 2331 560 2368 Clemens
587 2330 639 2364 XI
670 2328 764 2364 nihil
786 2340 861 2364 non
881 2333 1045 2366 conatus

92 2389 168 2428 est,
195 2390 237 2422 ut
264 2384 427 2421 dissidia
453 2383 690 2431 gravissima
723 2383 825 2418 inter
844 2383 1045 2430 principes

93 2439 329 2476 christ1anos
363 2447 528 2481 exorta,
566 2448 664 2485 quae
702 2448 792 2472 mox
818 2437 857 2472 in
885 2437 1044 2474 exitiale

94 2493 396 2541 diuturnumque
426 2485 568 2530 bellum
597 2495 859 2534 exarserunt,
890 2503 1045 2538 compo-

95 2553 220 2584 neret.
241 2548 442 2584 Universa
461 2547 603 2594 quippe
624 2546 786 2592 Europa
805 2544 973 2581 dissidiis
993 2546 1046 2580 in-

96 2606 155 2637 ter
181 2602 340 2637 domum
369 2601 620 2637 Austriacam
649 2604 688 2635 ct
715 2599 979 2634 Boi-bonicam
1000 2600 1045 2635 de

95 2668 217 2702 regno
239 2656 457 2704 Hispanico
477 2660 515 2691 et
535 2654 764 2699 reglonibus
784 2653 829 2688 ad
852 2653 944 2687 illud
964 2665 1046 2700 per-

94 2709 306 2745 tinentibus
341 2710 389 2745 ab
425 2720 529 2745 auno
567 2709 658 2745 1700
686 2712 773 2754 post
800 2706 946 2742 obitum
975 2707 1047 2744 Ca-

96 2763 166 2798 roli
195 2765 302 2810 regis
330 2764 359 2799 ll
389 2764 540 2810 agitata
567 2762 651 2805 fuit,
671 2766 710 2798 et
729 2761 926 2809 principes
946 2761 1047 2796 inter

94 2829 137 2853 sc
167 2818 378 2853 commissi.
413 2820 528 2853 Anno
564 2816 718 2864 quidem
756 2815 847 2851 1713
881 2825 954 2861 pax
982 2815 1047 2850 Ul-

96 2872 253 2907 traiecti
273 2872 484 2907 conciliata
501 2876 538 2907 et
557 2882 658 2907 anno
674 2869 852 2917 sequenti
869 2869 1045 2904 Rastadii

95 2927 331 2960 contii-mata
354 2930 428 2969 est,
455 2936 530 2971 qua
556 2924 736 2971 Philippo
763 2923 797 2957 V
826 2922 1046 2958 Borbonieo

98 2978 289 3025 IIispania
317 2990 403 3014 cum
433 2978 561 3021 lndiis,
582 2978 724 3015 Carolo
743 2976 794 3012 VI
817 2977 1045 3023 imperatori

96 3108 334 3186 wagfi'yhnoclqs
368 3109 587 3150 provincialis
623 3108 862 3142 [tullianorum
882 3134 889 3148 ‚
929 3109 1046 3141 nomae

172 3156 325 3232 minu-ge.
339 3202 407 3233 vita
424 3205 454 3233 (ἰ
468 3201 564 3233 rebus
580 3201 681 3243 uestis
700 3200 884 3234 Clementis
898 3201 1043 3234 X112.M.

97 3244 172 3279 libr.
193 3257 262 3285 sex,
284 3249 305 3279 1.
327 3247 460 3290 1,ξῖι3.

671 144 840 173 EPOCHA
860 143 933 171 ΧΠ.
957 144 985 169 A
1006 143 1174 172 LITIBVS
1193 143 1499 172 IANSENISTICIS

1100 224 1270 260 regnum
1299 212 1610 260 NeapolItanum
1630 224 1719 250 cum
1737 214 1882 252 ducatu
1901 214 2054 252 Medio-

1099 267 1252 303 lanensi
1288 270 1328 303 et
1361 266 1578 313 provinciis
1609 267 1783 314 Belgicis
1808 269 2052 317 adscriptum

1098 321 1197 365 fuit3
1223 320 1293 357 sed
1320 331 1382 356 an.
1414 321 1504 357 1717
1533 321 1737 369 Philippus
1762 322 1797 356 V
1823 323 1968 360 bellum
1994 323 2050 358 in-

1098 375 1308 411 stauravit.
1337 376 1414 410 An.
1433 375 1527 411 1725
1545 376 1688 411 iterum
1709 387 1786 422 pax
1804 377 1958 413 sancita
1978 376 2049 413 fuit

1096 428 1258 465 foedere
1285 428 1520 474 Viennensi3
1549 434 1590 466 at
1617 440 1680 465 an.
1709 430 1801 467 1733
1827 431 1970 468 bellum
1990 442 2052 468 re-

1096 487 1297 530 sumptum
1332 488 1392 520 est
1425 495 1548 531 usque
1580 483 1630 519 ad
1664 484 1770 528 1738,
1805 496 1878 532 quo
1913 496 2051 521 rursus

1098 548 1174 583 pax
1190 538 1373 575 confecta
1385 538 1458 574 fuit
1473 538 1667 574 Viennae.
1684 538 1870 575 Clemens
1882 538 1954 587 Pp.
1970 550 2052 576 om-

1098 591 1211 628 nibus
1238 592 1478 641 principibus
1505 592 1554 629 ad
1573 603 1713 640 pacem
1732 596 1773 630 et
1796 592 2050 629 concordiam

1097 645 1282 683 hortator
1309 659 1396 684 esse
1422 658 1501 683 non
1528 646 1690 692 destitit3
1718 647 1851 694 plures
1877 647 1982 684 inter
2008 658 2051 684 se

1099 700 1350 746 dissidentes,
1366 702 1470 738 ultro
1485 712 1605 749 saepe
1622 701 1773 737 electus
1784 700 1949 745 arbiter,
1961 712 2051 737 con-

1099 754 1248 792 ciliavit
1273 756 1335 793 vel
1363 756 1450 792 aliis
1476 755 1717 804 placatiores
1742 755 1933 800 reddidit;
1960 765 2051 802 quo-

1098 809 1280 846 rumdam
1314 822 1409 847 vero
1438 809 1768 854 amaritudinem,
1794 820 1961 858 quorum
1987 808 2051 845 de-

1098 863 1241 900 siderio
1261 865 1309 900 ob
1329 865 1496 912 plurium
1517 866 1621 901 inter
1639 876 1681 900 se
1702 863 1961 912 pugnantium
1975 862 2052 899 dis-

1097 917 1266 955 sidentia
1284 924 1380 955 vota
1397 920 1630 956 satisfacere
1650 930 1727 955 non
1745 918 1884 966 potuit,
1899 917 2050 966 patien-

1098 974 1158 1007 ter
1184 972 1284 1009 tulit.

1144 1025 1243 1062 Cum
1271 1027 1470 1074 Leopoldo
1489 1027 1734 1075 imperatore
1753 1026 1767 1062 1
1786 1024 2052 1074 expostulavit

1096 1079 1197 1126 quod
1226 1084 1365 1117 contra
1390 1081 1508 1117 fidem
1535 1080 1667 1116 datam
1695 1079 1904 1116 occasione
1931 1077 2022 1115 belli
2040 1107 2049 1122 ,

1098 1132 1204 1169 inter
1220 1145 1309 1170 eum
1328 1138 1367 1170 et
1382 1134 1621 1171 Ludovicum
1631 1133 1726 1169 XIV
1737 1138 1777 1170 et
1787 1126 2050 1181 PhilippumV

1096 1185 1143 1222 de
1173 1198 1296 1234 regno
1325 1188 1485 1224 Siciliae
1513 1187 1667 1229 exorti,
1695 1186 1843 1223 milites
1870 1184 2051 1222 caesarei

1098 1239 1135 1274 in
1156 1241 1385 1287 provincias
1400 1241 1558 1278 ditionis
1573 1240 1799 1288 pontificiae
1815 1239 2052 1288 irrupissent

1096 1293 1288 1342 pluraque
1324 1296 1430 1331 mala
1466 1306 1604 1332 earum
1639 1294 1777 1330 incolis
1811 1295 2046 1331 intulissent.

1096 1347 1247 1384 Deinde
1275 1349 1325 1385 ad
1344 1348 1655 1385 refraenandam
1672 1348 1830 1384 illorum
1849 1347 2050 1384 licentiam

1097 1402 1318 1438 exercitum
1346 1402 1612 1450 conscriptum
1640 1401 1864 1437 destinavit.
1892 1401 2051 1438 Maiora

1097 1454 1221 1501 litigia
1248 1455 1385 1492 habuit
1412 1467 1499 1493 cum
1528 1455 1691 1502 Iosepho
1710 1455 1738 1498 1,
1760 1454 1950 1503 Leopoldi
1968 1454 2048 1490 filio

1097 1511 1137 1544 et
1155 1519 1219 1544 an.
1242 1510 1335 1546 1705
1350 1520 1595 1546 successore.
1612 1509 1688 1544 Hic
1702 1508 1874 1545 edictum
1889 1508 2048 1552 tulerat,

1096 1572 1170 1608 quo
1203 1573 1342 1598 omnes
1361 1591 1369 1606 ‚
1398 1563 1461 1610 qui
1489 1563 1575 1598 iure
1605 1561 1834 1598 conferendi
1858 1561 2052 1598 beneficia

1096 1615 1372 1652 ecclesiastIca
1401 1616 1622 1664 pollebant,
1651 1615 1786 1662 adegit
1810 1614 1860 1650 ad
1886 1625 1935 1651 ea
1961 1625 2051 1650 con-

1097 1668 1263 1705 ferenda
1290 1670 1471 1717 personis
1498 1681 1521 1706 a
1547 1681 1590 1706 se
1619 1667 1929 1712 commendatis;
1956 1667 2055 1705 resi—

1096 1724 1303 1769 stentibus,
1332 1727 1498 1771 praeter
1525 1733 1690 1770 gravem
1718 1722 2049 1769 indignationem,

1097 1777 1271 1813 omnium
1301 1777 1601 1825 privilegiorum
1621 1780 1661 1813 et
1679 1776 1899 1823 gratIarum
1919 1775 2048 1824 priva-

1099 1831 1247 1868 tionem
1279 1832 1559 1868 comminatus.
1591 1831 1776 1868 Clemens
1810 1829 1882 1878 Pp.
1910 1834 2050 1866 contra

1098 1886 1236 1922 noxias
1255 1886 1474 1923 huiusmodi
1493 1885 1690 1922 novitates
1709 1884 1962 1928 reclamavit,
1983 1883 2050 1920 da-

1099 1941 1222 1988 tisque
1250 1941 1298 1977 ad
1316 1941 1523 1989 episcopos
1543 1945 1582 1977 et
1601 1939 1774 1987 capitula
1789 1938 2049 1975 ecclesiarum

1098 1996 1338 2033 Germaniae
1369 1996 1511 2033 litteris
1530 1995 1714 2037 ostendit,
1735 1993 1955 2029 huiusmodi
1974 1994 2049 2038 ius,

1097 2049 1197 2096 quod
1223 2061 1364 2098 preces
1395 2048 1622 2097 primarias
1654 2047 1877 2090 vocabant,
1905 2058 2049 2095 nequa-

1098 2114 1214 2150 quam
1243 2103 1477 2151 Imperatori
1506 2105 1749 2150 competere,
1778 2105 1818 2136 et
1836 2100 2047 2136 concorda-

1100 2157 1161 2201 tis,
1189 2158 1294 2194 inter
1322 2157 1530 2193 Nicolaum
1556 2157 1591 2190 V
1611 2161 1652 2192 et
1670 2155 1870 2191 nationem
1886 2154 2048 2191 Germa-

1100 2211 1227 2247 nicam
1255 2212 1375 2256 initis,
1403 2222 1489 2248 esse
1518 2210 1776 2246 contrarium.
1806 2209 1917 2245 Alias
1935 2219 2050 2255 prae-

1100 2270 1210 2302 terea
1241 2266 1388 2302 doloris
1422 2275 1562 2301 causas
1596 2264 1782 2311 Iosephus
1816 2264 1828 2299 I
1863 2263 2048 2300 Pontifici

1097 2320 1290 2368 praebuit.
1324 2320 1418 2355 Eius
1445 2320 1595 2366 copiae,
1616 2318 1823 2365 Neapolim
1841 2317 2050 2355 tendentes

1096 2375 1160 2412 vel
1187 2374 1276 2411 inde
1306 2374 1518 2411 redeuntes
1536 2403 1544 2417 ,
1571 2373 1611 2408 in
1639 2372 1864 2421 provincIas
1890 2371 2049 2409 ditionis

1097 2430 1324 2477 pontificiae
1359 2429 1590 2471 irruerunt,
1623 2438 1767 2474 easque
1794 2426 1981 2463 oneribus
2008 2430 2049 2463 et

1099 2484 1254 2520 tributis
1283 2487 1516 2531 gravarunt·
1536 2482 1751 2519 Confestim
1770 2481 1954 2519 Clemens
1971 2480 2044 2529 Pp.

1097 2538 1198 2574 datis
1226 2537 1275 2574 ad
1303 2537 1507 2584 Iosephum
1538 2537 1548 2571 I
1578 2536 1720 2572 litteris
1739 2535 1786 2571 de
1804 2534 1879 2571 hac
1898 2546 1940 2571 re
1959 2546 2048 2582 que-

1097 2598 1180 2628 stus
1199 2597 1272 2629 est.
1293 2592 1516 2638 Imperator
1535 2601 1630 2627 vero
1646 2591 1694 2625 R.
1710 2589 1915 2626 Ecclesiae
1929 2600 2047 2626 omne

1097 2647 1156 2681 jus
1172 2646 1327 2683 t'eudale
1346 2646 1383 2681 in
1399 2645 1563 2681 ducatus
1580 2645 1749 2680 Parmae
1766 2643 2047 2680 etPlacentiac

1096 2699 1325 2748 denegavit,
1345 2710 1490 2747 easque
1510 2699 1706 2744 ciVitatcs,
1724 2699 1824 2735 sicut
1841 2699 1961 2736 etiam
1976 2699 2048 2736 Co-

1099 2756 1283 2799 maclum,
1303 2754 1459 2802 imperii
1479 2753 1594 2789 feuda
1607 2765 1695 2790 esse
1711 2752 1926 2790 contendit.
1946 2751 2047 2788 Pon-

1101 2809 1218 2852 tifex,
1256 2808 1532 2845 admonitionis
1567 2812 1606 2844 et
1638 2806 1956 2844 comminationis
1982 2806 2048 2843 via

1097 2863 1245 2899 frustra
1274 2868 1445 2907 tentata,
1474 2863 1560 2898 iura
1586 2873 1657 2898 sua
1683 2862 1807 2898 armis
1832 2861 2046 2898 defendere

1098 2917 1312 2954 constituit.
1339 2917 1416 2954 Sed
1436 2917 1610 2964 pluribus
1630 2917 1726 2953 viris
1746 2915 1986 2964 principibus
2003 2926 2047 2952 se

1097 2971 1332 3009 concordiae
1359 2976 1585 3019 sequestres
1605 2970 1960 3018 interponentibus,
1979 2980 2045 3006 an·

1099 3025 1198 3061 1700'
1217 3038 1291 3073 pax
1318 3027 1499 3063 confecta
1517 3030 1578 3063 est
1603 3025 1662 3061 his
1681 3025 1846 3072 legibus,
1865 3029 1907 3060 ut
1927 3024 2046 3070 impe-

1099 3084 1208 3114 rator
1235 3080 1363 3116 edicta
1381 3080 1572 3117 adversus
1591 3081 1637 3115 R.
1659 3079 1861 3115 Pontificis
1880 3078 1966 3113 iura
1985 3087 2046 3113 re-

1096 3134 1250 3179 figeret,
1273 3134 1417 3171 milites
1437 3134 1613 3171 caesarei
1633 3145 1654 3171 e
1675 3133 1887 3181 provinciis
1903 3131 1950 3166 R.
1973 3130 2045 3166 Ec-

1097 3188 1242 3224 clesiae
1261 3188 1525 3232 discederent,
1545 3188 1725 3224 Pontifex
1741 3186 1957 3224 exercitum
1976 3195 2043 3220 nu-

1097 3253 1167 3289 per
1188 3243 1453 3290 conscriptum
1473 3242 1704 3287 dimitteret,
1720 3240 1905 3280 Carolum
1918 3238 2044 3276 archi-
