2241 3473
280 122 354 160 142

225 212 278 247 re,
307 201 510 239 concilium
538 197 720 249 generale
749 207 907 245 cogere,
937 195 1162 244 bellumque

224 256 357 291 contra
386 255 533 291 Turcas
562 251 734 289 excitare
762 250 834 286 sibi
856 248 1064 297 proposuit.
1087 249 1161 286 Sed

224 308 345 344 multa
375 308 421 344 ad
450 305 649 343 Ecclesiae
670 304 811 340 bonum
833 301 962 339 animo
986 301 1161 348 volvens,

224 359 290 396 vix
311 362 395 407 post
412 359 463 396 26
484 359 562 396 dies
582 369 605 394 a
625 367 697 393 sua
713 354 912 401 electione,
925 357 1013 392 xvi⁰
1026 354 1160 392 calen-

224 414 290 450 das
309 412 541 457 novembris,
556 420 778 457 supremum
796 408 896 445 diem
915 408 1022 453 obiit,
1038 407 1161 445 vitia-

222 470 282 502 tae
302 465 419 501 tibiae
441 463 651 505 doloribus,
672 473 772 499 anno
794 461 935 498 aetatis
957 461 1021 498 46.

277 518 315 554 [n
336 518 416 554 eius
437 517 562 554 locum
581 515 751 552 calendis
767 514 990 552 novembris
1011 514 1159 552 electus

220 571 296 607 fuit
323 570 499 607 Iulianus
528 569 731 606 Roboreus
748 598 758 614 ,
779 568 902 617 Ligur
919 598 927 613 ,
948 567 1158 604 cardinalis

219 624 417 672 episcopus
446 622 648 668 Ostiensis,
669 623 734 670 qui
757 633 895 658 nomen
918 620 1008 658 Iulii
1027 620 1063 657 II
1084 632 1152 658 as·-

218 677 377 724 sumpsit
406 676 593 724 seditque
602 686 725 723 usque
741 675 788 712 ad
805 687 866 712 an.
886 675 999 712 1513.
1016 674 1053 711 Is
1068 686 1156 711 con-

218 730 356 776 stituit,
378 732 419 767 ut
439 729 572 767 electio
593 727 922 774 Pontificis,facta
934 727 1156 774 simoniace,

218 783 429 820 haberetur
447 783 581 828 irrita,
602 781 832 826 cardinales,
852 781 963 819 istius
983 780 1157 818 criminis

217 836 299 882 rei,
335 836 589 885 dignitatibus
622 836 702 873 suis
737 837 776 873 et
809 834 1007 872 beneficiis
1027 833 1157 872 forent

218 889 372 937 privati,
407 889 565 935 caeteri,
581 889 653 926 hac
670 888 760 926 labe
790 888 888 937 puri,
920 890 1154 936 potestatem

215 943 404 980 baberent
431 943 641 992 peragendi
673 954 811 979 novam
844 941 1086 987 electionem,
1117 944 1156 978 et

216 996 247 1033 si
277 1008 431 1034 necesse
472 999 586 1042 esset,
607 996 768 1044 eogendi
802 995 1010 1032 concilium
1023 1006 1156 1043 ⁴gene-

217 1049 296 1086 rale
327 1052 366 1087 et
396 1050 514 1087 etiam
534 1049 766 1098 implorandi
788 1049 991 1086 brachium
1013 1060 1156 1085 saecu-

216 1103 307 1140 lare.
331 1103 555 1141 Certamina
576 1102 805 1152 singularia,
826 1114 926 1150 quae
948 1102 1156 1150 appellan-

216 1159 281 1193 tur
301 1157 444 1203 duella,
465 1157 502 1193 in
524 1156 668 1194 ditione
690 1155 952 1193 ecclesiastica
972 1156 1042 1192 sub
1064 1167 1154 1204 poe-

215 1222 265 1246 na
284 1209 697 1248 excommunicationis
718 1209 943 1258 prohibuit3
964 1209 1152 1246 Ordinem

214 1263 483 1309 Minimorum,
503 1276 526 1301 a
545 1275 575 1300 s.
596 1263 804 1301 Francisco
826 1263 872 1299 de
893 1262 1016 1299 Paula
1036 1262 1155 1299 insti-

214 1319 362 1363 tutum,
382 1317 494 1354 sicuti
515 1317 696 1362 diximus,
718 1316 984 1362 confirmavit3
1006 1315 1154 1352 Henri-

215 1382 258 1407 co
288 1371 382 1407 VIII
413 1371 494 1419 regi
531 1370 695 1419 Angliae
728 1381 798 1418 per
827 1368 1155 1417 dispensationem

213 1423 384 1468 indulsit,
406 1428 449 1460 ut
470 1423 734 1468 Catharinam,
755 1422 992 1460 Ferdinandi
1009 1426 1048 1459 et
1069 1423 1155 1460 Isa-

214 1477 336 1514 bellae
366 1477 576 1525 Hispaniae
598 1477 814 1525 principum
833 1476 970 1522 filiam,
992 1475 1152 1514 fratris-

213 1542 286 1577 que
316 1531 373 1568 sui
402 1531 568 1568 Arthuri
599 1530 768 1575 viduam,
792 1541 951 1566 uxorem
973 1530 1154 1577 duceret3

211 1583 444 1621 Vaticanam
466 1584 666 1621 basilicam
688 1595 710 1620 a
731 1594 873 1631 magno
895 1583 1151 1621 Constantino

211 1637 300 1674 olim
323 1637 580 1683 aedificatam,
598 1639 797 1675 vetustate
812 1636 1083 1681 collabentem,
1099 1637 1152 1674 in-

211 1692 465 1729 staurandam
499 1692 671 1740 suscepit
705 1690 997 1739 magnificentia
1011 1719 1020 1735 ,
1054 1702 1152 1739 quae

211 1744 382 1793 principe
412 1744 699 1793 Apostolorum,
720 1744 838 1781 totius
859 1743 1058 1781 Ecclesiae
1078 1755 1150 1781 ca-

210 1799 288 1846 pite
305 1804 344 1835 et
358 1798 431 1835 loci
447 1799 649 1836 maiestate
670 1798 786 1846 digna
799 1799 912 1843 esset,
924 1796 1152 1845 cunctisque

210 1852 257 1888 ad
286 1852 324 1888 id
345 1864 438 1900 opus
458 1853 596 1900 stipem
618 1851 906 1888 conferentibus
928 1850 1143 1899 Indulgen-

210 1904 284 1942 tias
305 1905 471 1953 largitus
493 1909 552 1942 est
576 1903 597 1942 ¹.

263 1958 434 1995 Factiosi
456 1959 504 1996 ab
524 1958 748 1996 Alexandro
777 1957 832 1994 VI
853 1956 1016 2006 repressi
1034 1986 1044 2003 ,
1066 1959 1153 2005 post

209 2012 322 2048 buius
342 2016 504 2049 mortem
526 2024 647 2049 novos
676 2011 869 2048 tumultus
890 2011 926 2048 in
950 2011 1151 2049 territorio

209 2065 412 2102 Romanae
446 2065 644 2102 Ecclesiae
674 2065 918 2111 excitarunt;
942 2063 1147 2102 feudatarii

208 2118 350 2167 aliique
383 2121 585 2167 magnates
618 2130 811 2156 summum
841 2121 880 2155 et
901 2130 922 2155 a
942 2118 1150 2166 temporali

209 2172 408 2209 Pontificis
449 2172 682 2209 auctoritate
724 2172 984 2219 independens
1025 2165 1150 2208 domi-

209 2225 312 2262 nium
336 2228 592 2274 usurparunt:
609 2225 802 2263 Balliones
818 2223 1065 2274 (Baqlz'om‘),
1082 2225 1151 2262 Pe-

207 2279 352 2323 rusiae,
385 2279 671 2324 Bentivoli,seu
689 2278 981 2328 (Bentz'vosslio)
996 2308 1004 2323 ,
1017 2279 1148 2316 Bono-

206 2332 305 2377 niae,
327 2332 391 2369 alii
414 2332 505 2369 alibi
525 2332 844 2377 dominabantur3
865 2331 1006 2368 Veneti
1028 2332 1147 2370 etiam

206 2387 318 2434 plura
352 2386 399 2422 R.
437 2386 633 2423 Ecclesiae
664 2385 803 2434 oppida
823 2387 860 2421 et
880 2387 1009 2423 castra
1029 2397 1147 2423 occu-

205 2440 358 2488 pabant.
374 2439 497 2477 Iulius
509 2439 639 2488 Pp.II,
652 2439 713 2476 cui
733 2451 756 2476 a
774 2440 914 2475 natura
932 2438 1059 2476 inerat
1078 2439 1148 2476 cel-

203 2492 298 2529 sitas
328 2493 459 2537 animi,
488 2493 638 2530 labores
668 2492 824 2540 quosvis
845 2492 1089 2540 despicientis
1109 2494 1148 2530 et

205 2548 251 2583 ad
275 2546 502 2583 dislicillirna
523 2546 676 2596 negotia
706 2545 968 2594 aggredienda
988 2557 1146 2594 compa-

205 2600 292 2645 rati,
314 2600 582 2637 fortitudinem
600 2599 856 2637 necessariam
873 2598 943 2635 sibi
960 2610 1043 2636 esse
1064 2612 1148 2636 een·

203 2653 280 2690 suit
309 2654 355 2689 ad
378 2654 616 2700 superandas
637 2652 885 2691 turbulentas
906 2652 962 2689 sui
988 2652 1146 2700 pontifi-

205 2709 316 2743 catus
336 2709 599 2756 tempestates,
620 2710 659 2744 et
679 2706 726 2743 ad
749 2706 1052 2753 recuperandam
1076 2717 1145 2743 ec-

204 2759 461 2797 clesiasticam
484 2760 687 2805 ditionem,
708 2759 789 2796 fere
806 2762 926 2796 totam
950 2759 1142 2796 amissam.

204 2813 244 2850 In
269 2813 402 2860 primis
420 2813 612 2851 Bulliones
630 2813 806 2858 Perusia,
822 2812 1044 2849 Bentivolos
1065 2812 1143 2849 130-

204 2867 686 2915 nonia,aliosquciniustos
706 2867 911 2904 civitatum
924 2866 1144 2903 detentores

202 2922 283 2956 tum
317 2922 487 2958 censuris
520 2923 601 2957 tum
637 2932 832 2958 armorum
873 2922 978 2956 metu
1017 2918 1140 2955 eiecit.

203 2974 346 3009 livinii.»
366 2974 536 3011 Venetos
553 2975 715 3019 monuit,
731 2978 771 3011 ut
790 2973 986 3011 Ecclesiae
1005 2972 1143 3020 oppidu

201 3033 235 3062 ct
260 3031 388 3063 castra
404 3028 669 3073 restituerent,
691 3029 766 3065 illis
783 3027 910 3064 faeere
931 3026 1141 3063 abnuenti-

203 3081 284 3124 bus,
297 3080 438 3117 bullam
455 3082 640 3119 adversus
661 3081 940 3130 rempublicam
954 3080 1142 3117 Venetia-

203 3145 285 3170 rum
302 3134 452 3172 indixit.
469 3135 523 3171 Illi
547 3139 676 3173 autem
698 3136 745 3173 ad
767 3135 944 3172 futurum
963 3133 1143 3183 generale

245 3217 249 3237 ¹
271 3220 360 3257 iilum,
379 3221 415 3250 :ul
434 3230 480 3251 an.
505 3220 643 3251 isus-13.

773 130 927 157 EPOCHA
955 130 993 157 X.
1023 130 1075 156 AB
1102 130 1264 158 EXCIDIO
1292 132 1451 159 IMPERII
1479 133 1626 161 GRAECI

1205 197 1410 235 concilium
1422 199 1648 247 petulanter
1662 202 1922 251 appellarunt.
1934 204 2078 243 Iulium
2087 218 2152 244 ve·

1207 262 1248 287 ro
1279 251 1480 289 brachium
1517 254 1718 292 saeculare
1757 256 1946 296 adversus
1978 259 2146 298 rebelles

1204 304 1444 352 imploravit,
1457 306 1496 342 et
1510 305 1600 343 belli
1620 307 1847 346 societatem
1859 310 1948 348 iniit
1966 323 2054 349 cum
2069 312 2149 349 im-

1203 359 1386 405 peratore
1414 358 1685 397 Maximiliano
1706 361 1723 398 Ι
1743 364 1784 399 et
1803 363 1959 412 regibus
1995 365 2149 403 Galliae

1204 411 1321 458 atque
1330 411 1554 460 Hispaniae:
1570 425 1672 462 quae
1687 415 1852 453 societas
1863 417 2030 455 an.1508
2041 418 2150 466 inita,

1203 475 1342 501 nomen
1364 465 1550 504 Foederis
1570 467 1860 506 Cameracensis
1882 471 2041 519 accepit.
2063 472 2148 511 Ve-

1201 517 1279 554 neti
1300 518 1418 556 armis
1446 519 1636 557 Ludovici
1665 520 1744 558 XII
1773 522 1876 571 regis
1903 523 2065 571 Galliae,
2084 525 2148 563 cui

1201 569 1291 607 belli
1313 583 1408 609 cura
1419 571 1550 610 fuerat
1567 574 2024 620 demandata,Ecclesiae
2041 579 2148 616 stati-

1200 623 1272 661 bus
1283 624 1397 662 eiecti
1409 628 1448 663 et
1459 627 1506 664 ad
1519 629 1649 664 tantas
1662 628 1863 677 angustias
1874 630 2035 676 redacti,
2048 633 2092 669 ut
2101 632 2148 670 de

1200 679 1491 717 conservatione
1507 680 1743 729 reipublicae
1759 682 2023 730 desperarent,
2040 684 2147 722 Pon-

1201 730 1318 768 tificis
1344 733 1513 781 gratiam
1544 733 1813 782 implorarunt.
1837 735 1959 773 Iulius
1983 736 2033 784 II,
2057 748 2146 775 cum

1198 784 1276 820 iam
1297 788 1423 823 terras
1444 799 1467 824 a
1486 786 1647 825 Venetis
1677 787 1903 837 aliquandiu
1923 791 2146 839 occupatas,

1198 843 1480 887 recuperasset,
1509 842 1702 890 probeque
1729 841 1861 888 sciret,
1892 847 2040 891 quanta
2066 855 2143 882 au-

1199 891 1293 929 xilia
1321 892 1578 931 Venetiarum
1607 895 1828 944 respublica
1848 895 1896 933 ad
1915 897 2144 945 propulsan-

1199 945 1266 982 dos
1286 945 1504 984 Turcarum
1525 947 1692 997 impetus
1714 948 1889 986 conferre
1919 952 2059 998 posset,
2079 963 2142 988 an.

1202 998 1301 1036 1510
1335 1001 1581 1038 concordiam
1610 1013 1698 1039 cum
1726 1002 1804 1039 illis
1841 1002 2038 1050 sancivit,
2057 1005 2098 1042 et
2117 1016 2141 1043 a

1197 1053 1370 1090 censuris
1387 1054 1580 1092 absolutos
1600 1055 1637 1092 in
1659 1056 1830 1105 gratiam
1851 1057 2014 1105 recepit.

1250 1106 1397 1143 Verum
1419 1108 1641 1146 Ludovicus
1670 1109 1759 1155 XII,
1788 1121 1858 1147 rex
1889 1109 2053 1156 Galliae,
2075 1112 2140 1160 qui

1198 1159 1371 1197 Venetae
1391 1162 1629 1210 reipublicae
1646 1163 1970 1210 destructionem,
1988 1175 2141 1213 suaque

1198 1213 1236 1249 in
1258 1213 1374 1251 Italia
1404 1215 1678 1253 dominationis
1707 1216 1950 1254 incrementa
1978 1228 2141 1264 quaere-

1196 1267 1276 1311 bat,
1297 1266 1392 1306 inita
1420 1269 1493 1306 hac
1521 1270 1626 1306 inter
1656 1270 1886 1308 Pontificem
1907 1272 1948 1308 et
1965 1270 2137 1309 Venetos

1198 1322 1402 1360 concordia
1432 1323 1487 1361 ita
1516 1323 1689 1361 offensus
1713 1323 1804 1368 fuit,
1832 1326 1875 1361 ut
1900 1324 2029 1372 copias
2049 1335 2140 1362 suas

1197 1373 1236 1410 in
1256 1374 1371 1413 Italia
1403 1375 1612 1414 consistere
1646 1376 1828 1423 iusserit,
1858 1377 2065 1415 nonnullas
2086 1378 2135 1416 R.

1198 1427 1394 1466 Ecclesiae
1420 1432 1546 1468 terras
1576 1430 1786 1479 occuparit,
1808 1432 1846 1468 et
1867 1431 2063 1480 Alphonso
2083 1434 2140 1469 A-

1196 1481 1338 1518 testino
1360 1482 1523 1532 principi
1545 1483 1800 1529 Ferrariensi,
1830 1484 1972 1522 iniusto
1993 1485 2137 1522 Coma-

1197 1535 1386 1572 clensium
1408 1537 1637 1583 salinarum,
1667 1549 1766 1586 quae
1782 1537 1830 1575 ad
1851 1538 1899 1575 R.
1921 1537 2137 1576 Ecclesiam

1197 1588 1456 1636 pertinebant,
1473 1591 1683 1635 detentori,
1699 1590 2022 1639 patrocinaretur.
2041 1591 2140 1633 Qua-

1196 1645 1354 1690 propter
1387 1643 1508 1681 Iulius
1538 1644 1573 1681 II
1613 1644 1857 1682 Ludovicum
1896 1644 2000 1690 XII,
2028 1645 2138 1694 prius

1196 1696 1437 1734 admonitum
1467 1700 1506 1735 et
1533 1699 1678 1736 monita
1705 1701 1953 1747 spernentem
1981 1709 2140 1735 excom-

1198 1749 1450 1788 municationi
1478 1751 1658 1798 subdidit,
1679 1756 1719 1790 et
1739 1752 1786 1789 ad
1817 1750 2016 1801 pellendas
2036 1763 2085 1789 ex
2106 1752 2141 1790 I-

1195 1803 1292 1840 talia
1326 1804 1569 1842 Francorum
1605 1806 1734 1854 copias
1771 1805 1908 1843 foedus
1941 1804 2029 1842 iniit
2048 1817 2137 1843 cum

1196 1857 1370 1904 Venetis,
1392 1858 1596 1906 Helvetiis,
1617 1859 1850 1909 regibusque
1868 1858 2080 1908 Hispaniae
2096 1862 2136 1897 et

1195 1911 1374 1958 Angliae.
1411 1913 1633 1950 Ludovicns
1666 1913 1745 1951 XII
1778 1912 2048 1959 exacerbatus,
2072 1924 2136 1950 an.

1197 1963 1297 2001 1510
1327 1965 1522 2015 episcopos
1551 1969 1590 2004 et
1610 1967 1785 2004 doctores
1815 1964 1926 2015 regni
1955 1965 2015 2002 sui
2045 1977 2136 2003 con-

1195 2018 1348 2056 vocavit
1363 2019 1552 2067 Turones;
1564 2020 1628 2069 qui
1640 2021 1688 2058 ad
1706 2019 1922 2069 propositas
1936 2018 2006 2056 sibi
2023 2030 2137 2067 quae-

1192 2071 1336 2109 stiones
1365 2074 1574 2110 secundum
1606 2074 1708 2122 regis
1738 2075 1830 2110 vota
1858 2072 2136 2120 respondentes

1194 2125 1392 2172 dixerunt,
1404 2126 1635 2164 Pontificem
1652 2127 1776 2176 primo
1793 2137 1862 2175 per
1890 2125 2040 2175 legatos
2052 2137 2135 2164 esse

1194 2180 1442 2227 monendum,
1463 2184 1505 2218 ut
1525 2193 1547 2217 a
1567 2180 1712 2229 coeptis
1740 2180 1947 2217 desisteret
1975 2181 2014 2217 et
2042 2191 2135 2217 con-

1192 2233 1346 2271 cordiae
1375 2234 1481 2271 viam
1510 2234 1794 2282 ingrederetur,
1824 2233 1923 2282 quod
1953 2232 1986 2270 si
2015 2233 2132 2270 audi—

1193 2297 1232 2322 re
1254 2286 1386 2333 nollet,
1405 2299 1486 2325 esse
1507 2287 1832 2335 interpellandum
1854 2287 1900 2324 de
1919 2296 2134 2323 convocan-

1191 2339 1238 2376 do
1259 2341 1428 2389 generali
1442 2341 1606 2378 concilio
1622 2340 1742 2378 libero
1758 2339 2134 2378 secundumdecreta

1192 2393 1454 2440 Basileensia3
1493 2395 1633 2442 quibus
1669 2395 1839 2443 peractis
1873 2395 1913 2431 et
1952 2405 2133 2442 responso

1193 2447 1393 2485 Pontificis
1414 2449 1589 2496 accepto,
1618 2447 1900 2497 providendum
1921 2458 2006 2484 esse
2025 2447 2127 2495 quod

1191 2500 1263 2537 iuri
1286 2504 1588 2538 consentaneum
1620 2501 1729 2538 foret.
1760 2500 1972 2538 Confestim
2000 2500 2132 2538 Ludo-

1192 2553 1301 2590 vicus
1317 2566 1402 2591 eum
1423 2555 1688 2592 Maximiliano
1708 2555 1944 2603 imperatore
1965 2553 2133 2592 contulit

1191 2608 1236 2644 de
1258 2608 1430 2656 cogendo
1458 2609 1619 2645 concilio
1647 2608 1821 2657 generali
1840 2637 1850 2653 ,
1870 2619 1892 2645 a
1913 2619 1987 2656 quo
2007 2605 2131 2644 Iulius

1190 2661 1227 2697 in
1258 2661 1431 2698 ordinem
1453 2662 1716 2710 redigeretur,
1738 2663 1803 2699 sed
1824 2659 2132 2706 Maximilianus‚

1190 2715 1366 2761 quamvis
1388 2716 1510 2763 primo
1540 2719 1755 2753 commotus
1784 2717 1822 2752 in
1854 2714 2007 2760 Iulium,
2026 2714 2129 2763 quod

1190 2768 1303 2805 misso
1326 2768 1479 2806 foedere
1500 2769 1767 2807 Cameracensi
1785 2799 1794 2815 ,
1815 2779 1959 2806 novum
1978 2766 2129 2805 iniisset

1190 2821 1324 2858 foedus
1344 2834 1433 2859 eum
1454 2823 1626 2867 Venetis3
1647 2822 1757 2860 brevi
1779 2825 1863 2871 post
1882 2817 2023 2859 melius
2041 2819 2128 2858 edo-

1189 2878 1286 2919 rtus,
1307 2888 1328 2913 a
1348 2876 1605 2913 schismaticis
1622 2876 1809 2914 Ludoviei
1839 2874 2040 2913 conatibus
2061 2885 2126 2912 re-

1188 2929 1314 2966 cessit.
1337 2930 1558 2967 Ludovicus
1580 2940 1672 2968 vcro
1694 2942 1769 2967 non
1790 2931 1940 2968 tantum
1961 2926 2125 2977 quodvis

1187 2985 1460 3020 commercium
1500 2996 1586 3021 cum
1626 2985 1806 3021 Romana
1849 2981 1958 3019 curia
2001 2980 2125 3018 Gallis

1189 3037 1395 3083 probibuit,
1416 3038 1481 3075 sed
1503 3050 1526 3074 a
1546 3037 1671 3074 tribus
1704 3035 1972 3079 cardinalibus,
1993 3034 2031 3070 in
2056 3034 2124 3072 Iu-

1164 3078 1166 3091 '
1188 3090 1278 3126 lium
1301 3091 1520 3136 rebellibus,
1550 3091 1729 3136 obtinuit,
1761 3093 1803 3127 ut
1832 3087 2016 3138 postridie
2036 3087 2123 3125 idus

1188 3144 1273 3179 maii
1315 3145 1410 3182 1511
1449 3144 1654 3181 concilium
1691 3143 1872 3193 generale
1893 3141 2121 3187 indicerent,

1187 3198 1356 3236 valendis
1372 3199 1600 3247 septembris
1614 3197 1712 3235 Pisis
1727 3196 2002 3239 inchoandum,
2015 3205 2122 3245 prae-
