2241 3473
753 140 880 171 VSQVE
911 142 962 167 Al)
993 141 1271 167 INNQ'ENTHM
1303 140 1359 167 111.

85 208 147 244 est
166 216 310 253 magna
326 215 466 254 pompa
483 205 696 251 t'une1·is,et
715 205 753 242 in
775 204 871 243 aede
892 205 931 243 S.
953 205 1032 242 Pe-

84 258 134 296 tri
155 256 363 307 sepultum.

142 310 204 349 39.
240 310 434 347 Crucium
464 311 670 358 empeditio
690 311 737 347 Il
749 331 797 338 —-
815 311 856 347 In
891 310 1033 348 Orien-

83 365 122 400 te
136 362 447 401 Christianorum
469 375 530 401 res
551 375 624 400 non
652 374 790 411 parum
820 362 1032 399 inclinatae

81 418 196 461 sunt,
215 415 318 464 quod
341 416 452 453 multi
474 416 668 464 crucigeri
690 416 728 452 in
749 415 947 463 Europam
968 426 1030 451 re.-

81 467 257 513 diissent,
267 468 365 505 varii
379 469 570 517 principes
581 470 709 506 essent
721 468 878 513 mortui,
892 471 931 504 ct
942 480 1032 504 non-

81 520 178 558 nulli
198 521 351 569 privata
370 522 494 570 magis
515 532 630 569 quam
653 520 808 568 publica
828 520 1031 556 commoda

80 577 328 621 quaerentes.
346 574 448 611 inter
463 586 503 611 se
519 575 566 610 de
583 573 804 622 principatu
823 572 1031 608 contende-

80 630 179 663 rent.
197 626 347 668 Quibus
364 627 509 665 factum
526 629 598 671 est,
618 628 660 663 ut
676 624 938 662 mahometani
956 636 1030 661 non

79 679 201 716 semel
216 680 456 717 Christianos
476 678 721 727 superarint,
742 679 782 714 et
804 689 905 714 anno
931 677 1030 713 1144

81 731 280 777 Edessam,
297 732 506 770 Christiani
529 731 769 780 principatus
786 730 823 766 in
846 730 1028 777 Mesopo-

82 785 203 822 tamia
223 784 483 833 metropolim,
505 783 690 832 ceperint,
710 783 747 819 in
765 794 841 831 qua
862 782 1030 818 horren-

79 837 168 874 dam
185 837 402 874 incolarum
419 837 728 874 Christianorum
746 836 904 872 caedem
922 835 1028 872 fece-

80 893 174 927 runt
208 890 379 938 aliosque
410 890 447 925 in
478 889 711 927 servitutem
742 889 981 935 redegerunt
1004 887 1027 924 ¹.

80 942 150 979 His
180 943 361 980 omnibus
391 944 590 991 permotus
611 940 812 990 Eugenius
836 942 905 988 Pp.
928 952 1028 977 anno

83 995 183 1033 1146
213 1007 352 1032 novam
383 995 670 1044 expeditionem
693 1004 843 1030 sacram
874 993 1028 1038 indixit,

78 1048 255 1084 omnibus
293 1059 447 1085 crucem
477 1046 778 1096 suscipientibus
811 1045 1027 1095 plenariam

77 1100 361 1149 indulgentiam
381 1100 583 1146 concessit,
600 1111 734 1136 eorum
756 1110 910 1144 uxores,
927 1099 1026 1135 libe-

78 1164 141 1191 ros
162 1159 202 1190 et
221 1154 322 1190 bona
341 1154 414 1191 sub
435 1152 621 1202 peculiari
642 1152 754 1189 Sedis
775 1151 1026 1199 Apostolicae

76 1206 318 1254 protectione
338 1206 510 1255 suscepit·
526 1205 553 1252 ²,
576 1209 615 1243 et
644 1217 672 1242 s.
691 1204 892 1242 Bernardo
914 1215 1026 1252 prae-

77 1258 231 1296 dicandi
264 1258 353 1296 belli
387 1259 487 1296 sacri
525 1258 725 1307 negotium
759 1257 1024 1294 demandavit.

75 1311 300 1348 Bernardus
321 1311 416 1349 illud
438 1314 521 1348 tum
544 1311 582 1348 in
605 1311 733 1348 Gallia
752 1313 837 1348 tum
858 1310 897 1346 in
920 1310 1023 1346 Ger-

74 1365 206 1401 mania
233 1367 342 1402 tanto
372 1365 511 1402 ardore
535 1367 574 1401 et
603 1364 754 1412 eloquio
784 1363 962 1412 peregit,
984 1365 1026 1399 ut

73 1416 298 1454 Ludovicus
310 1417 383 1454 VII
401 1429 469 1454 rex
483 1416 647 1462 Galliae,
660 1417 861 1454 Gonradus
877 1415 935 1453 III
956 1427 1023 1452 rex

74 1469 322 1515 Germaniae,
342 1470 458 1507 multi
478 1470 691 1518 principes,
712 1470 843 1515 duces,
864 1468 1025 1506 comites

73 1525 113 1559 et
144 1522 282 1571 ingens
309 1523 551 1560 Francorum
588 1526 706 1570 atque
736 1523 1024 1560 Germanorum

75 1574 285 1613 multitudo
306 1588 464 1613 crucem
485 1576 744 1624 susceperint.

126 1628 352 1666 Ann01147
369 1630 481 1666 ambo
498 1640 622 1676 reges,
635 1628 854 1665 Ludovicus
871 1631 910 1666 et
920 1629 1023 1667 Con-

73 1680 191 1718 radus
206 1692 292 1718 cum
307 1681 484 1730 plurimis
500 1682 671 1718 virorum
687 1680 857 1717 millibus
870 1681 1023 1719 diverso

73 1732 213 1771 itinere
228 1734 267 1770 in
284 1733 483 1771 Orientem
503 1733 663 1781 profecti
680 1737 782 1770 sunt.
797 1734 923 1774 Quum
936 1736 1020 1783 pri-

73 1797 180 1822 mum
202 1787 401 1824 Conradus
422 1788 460 1823 in
482 1786 690 1824 Graeciam
710 1786 900 1834 pervenit,
923 1788 1020 1824 insi-

72 1838 156 1876 dias
188 1839 456 1877 Emmanuelis
494 1839 742 1886 imperatoris
780 1839 1020 1877 Graecorum

72 1893 260 1939 expertus
280 1897 357 1938 est;
379 1896 418 1930 et
438 1896 522 1929 tum
544 1893 784 1929 Graecorum
806 1892 916 1938 dolis,
937 1900 1021 1930 tum

71 1944 289 1981 'Parcarum
307 1945 440 1990 armis,
453 1946 546 1982 item
564 1944 679 1990 fame,
691 1945 837 1982 morbis
853 1945 1018 1994 aliisque

70 1999 269 2035 aerumnis
289 2009 472 2047 magnam
492 1998 689 2035 exercitus
718 1998 776 2034 sui
807 2001 958 2045 partem
979 2011 1019 2037 a—

70 2049 188 2088 misit.
219 2051 346 2088 Ambo
378 2063 490 2100 reges
521 2054 787 2088 convenerunt
815 2050 1018 2098 Nicaeam,

74 2103 176 2139 unde
205 2103 406 2141 Conradus
435 2104 611 2141 exercitu
644 2115 715 2141 sno
745 2104 1017 2142 commendato

69 2155 151 2204 regi
168 2155 424 2202 Francorum,
435 2156 591 2194 transiit
612 2156 918 2205 Hierosolymas.
933 2158 1015 2195 Lu—

70 2207 230 2246 dovicus
259 2209 333 2246 VII
355 2209 618 2258 pertransiens
648 2209 780 2246 Asiam
810 2209 1016 2257 minorem,

69 2260 311 2299 Graecorum
341 2274 385 2299 ac
405 2263 622 2299 Turcarum
654 2273 764 2299 arma
784 2262 854 2299 sibi
874 2263 1015 2302 infesta

70 2313 221 2359 habuit3
241 2326 331 2351 cum
350 2315 593 2364 pervenisset
614 2315 876 2361 Antiochiam,
895 2317 1012 2354 etiam

69 2366 362 2414 Raymundum,
379 2368 492 2405 huius
509 2368 679 2405 civitatis
701 2368 926 2417 principem,
943 2370 1012 2407 sibi

71 2420 311 2457 contrarium
341 2423 528 2468 expertus
547 2424 618 2467 est3
640 2424 881 2470 quapropter
901 2423 1014 2471 petiit

69 2470 372 2521 Hierosolymas.
386 2473 574 2511 Posthaec
590 2485 713 2522 reges,
730 2474 935 2523 principes,
947 2476 1014 2512 du-

69 2535 144 2570 ces,
154 2524 296 2573 aliique
312 2537 489 2574 proceres
502 2526 755 2563 ecclesiastici
771 2538 815 2563 ac
828 2526 916 2565 laici
928 2540 1012 2565 con·

68 2577 200 2614 cilium
222 2578 443 2615 babuerunt
465 2579 705 2617 Ptolemaide
719 2608 728 2624 ,
750 2580 1011 2629 convenitque

67 2629 171 2667 inter
187 2642 322 2668 omnes
342 2631 388 2668 de
405 2632 668 2680 expugnanda
688 2632 845 2669 civitate
862 2633 1010 2672 Dama-

67 2694 143 2720 sco.
166 2685 278 2720 Anno
298 2684 398 2721 1148
419 2684 516 2722 hanc
537 2684 736 2722 civitatem
760 2685 1010 2733 obsederunt,

67 2735 287 2773 Turcarum
322 2736 490 2785 impetus
529 2736 685 2774 sortiter
721 2743 1011 2787 represserunt3

67 2799 234 2838 cumque
263 2789 340 2826 iam
363 2789 485 2837 captis
505 2789 626 2827 muris
655 2790 931 2836 exterioribus,
952 2792 1011 2829 ci-

67 2840 169 2879 vitas
199 2842 309 2879 brevi
330 2845 433 2879 esset
459 2842 697 2890 occupanda,
718 2846 876 2891 propter
895 2844 1012 2882 dissi-

67 2893 169 2931 dium
192 2894 238 2932 de
253 2895 427 2932 civitatis
443 2895 606 2943 imperio
626 2897 821 2941 exortum,
838 2897 1010 2934 obsidio-

65 2957 153 2983 nem
170 2947 426 2996 ignominiose
444 2947 657 2984 solverunt.
674 2947 784 2984 Tunc
804 2960 1014 2988 consense-

65 3001 160 3037 runt
175 3000 222 3037 de
239 3001 452 3038 obsidenda
469 3000 674 3046 Ascalone3
691 3001 757 3038 sed
776 3001 1015 3050 principibus

65 3051 434 3102 Hierosolymitanis
446 3058 583 3091 contra
596 3053 819 3091 condictum
833 3065 907 3092 non
920 3067 1016 3092 con-

105 3143 116 3164 1
134 3145 212 3176 Guil.
228 3145 298 3184 Tyr.
315 3144 332 3175 l.
352 3145 464 3176 xxvii.

106 3183 121 3206 Ξ
135 3185 234 3226 Epist.
251 3187 272 3217 1.

276 3239 518 3281 WOUTERS
533 3271 541 3288 ,
570 3238 614 3280 11.

1932 136 1980 149 η.)

1931 152 1981 167 oh)

1075 204 1338 250 currentibus,
1355 216 1468 254 reges
1489 205 1643 243 Galliae
1659 211 1699 243 et
1720 206 1962 244 Germaniae
1992 207 2028 244 in

1078 258 1273 305 Europam
1295 258 1497 295 redierunt
1525 256 1547 295 ¹.

1128 310 1165 347 S.
1189 311 1428 355 Beruardus,
1445 310 1509 359 qui
1527 313 1637 348 tanto
1653 311 1794 348 ardore
1815 311 1957 349 bellum
1974 324 2032 350 sa·

1076 374 1187 399 crum
1204 364 1512 410 praedicaverat,
1534 366 1694 413 propter
1713 364 1924 413 inglorium
1947 366 2032 403 eius

1076 415 1227 453 exitum
1244 426 1267 452 a
1284 416 1481 453 nonnullis
1498 417 1739 454 calumniam
1759 429 1907 466 passus,
1924 417 2033 456 iusti-

1075 467 1167 504 tiam
1184 467 1274 504 belli
1299 468 1531 513 vindicavit,
1548 471 1794 519 ostenditque
1814 470 2029 508 infaustam

1075 521 1158 557 eius
1173 523 1317 570 sortem
1332 526 1414 557 tum
1432 521 1619 569 perfidiae
1639 525 1679 560 et
1695 523 1901 561 fraudibus
1913 525 2032 561 Grac·

1075 584 1222 617 corum,
1244 575 1328 609 tum
1358 573 1662 612 dissensionibus
1683 575 1901 626 principum
1920 577 2026 614 chri-

1075 625 1307 670 stianorum,
1322 628 1361 661 et
1382 625 1628 665 inordinatae
1649 629 1943 677 crucigcrorum
1965 630 2028 667 di-

1074 677 1264 724 sciplinac
1286 690 1369 715 esse
1390 679 1636 717 tribuendam
1659 681 1688 719 ².

1128 730 1188 766 40.
1202 730 1428 777 Scriptores
1449 733 1899 771 ecclesiastici—Priori
1916 735 2032 773 huius

1073 783 1217 819 saeculi
1247 783 1325 820 XII
1355 783 1514 820 dimidio
1549 785 1769 825 floruerunt
1798 787 1902 824 inter
1931 788 2030 826 alios

1072 835 1282 883 scriptores
1311 836 1607 883 ecclesiasticos,
1637 840 1701 887 qui
1726 843 1969 888 sequuntur:
1990 840 2028 878 S.

1074 887 1311 933 Bernartius,
1333 889 1380 925 de
1406 901 1481 937 quo
1502 890 1579 926 iam
1600 903 1715 940 saepe
1736 893 1856 930 locuti
1878 905 2028 938 sumus,

1073 951 1120 976 ex
1137 940 1220 977 eius
1240 941 1395 989 scriptis
1410 941 1562 989 potiora
1585 947 1676 981 sunt
1696 945 1784 982 libri
1805 946 1830 982 5
1849 946 1897 982 cle
1920 947 2028 983 Con-

1071 993 1323 1030 sulm-atione
1342 994 1390 1031 ad
1413 995 1635 1043 Eugenium
1658 997 1729 1044 III,
1750 998 1839 1034 libri
1859 999 1907 1036 de
1932 1011 2026 1035 me—

1071 1046 1184 1082 ribus
1212 1051 1252 1082 ec
1278 1047 1410 1094 officio
1431 1048 1718 1097 episcoporum,
1750 1051 1798 1087 de
1822 1053 1968 1098 matta
1990 1057 2028 1089 ec

1071 1098 1195 1135 libero
1224 1100 1417 1144 arbitrio,
1438 1100 1486 1137 de
1505 1101 1716 1149 dz'lejcsendo
1739 1103 1837 1148 Deo,
1858 1104 2023 1141 Sermo·-

1072 1162 1138 1188 nes
1156 1152 1267 1188 multi
1286 1155 1403 1199 atque
1424 1153 1623 1201 Epistolae
1641 1153 1666 1193 ³.
1686 1157 1888 1205 Rupertus
1905 1157 2024 1195 abbas

1073 1205 1298 1241 monasterii
1315 1205 1530 1243 Tuitiensis
1550 1207 1588 1243 in
1606 1208 1775 1246 dioecesi
1790 1208 2029 1251 Coloniensi.

1070 1268 1090 1292 e
1120 1257 1232 1294 cuius
1262 1258 1443 1306 operibus
1471 1262 1761 1308 praestantiora
1794 1264 1888 1299 sunt
1908 1262 2028 1299 Com-

1070 1310 1254 1347 mentarii
1273 1311 1312 1347 in
1335 1311 1462 1359 plures
1482 1324 1510 1349 s.
1534 1313 1762 1362 Scripturae
1788 1314 1923 1360 libros,
1939 1315 2029 1352 libri

1070 1362 1116 1399 de
1136 1374 1184 1400 ss.
1207 1363 1402 1401 Trinitate
1418 1364 1578 1413 eiusque
1599 1367 1797 1415 operibus,
1817 1368 1864 1404 dc
1885 1368 2029 1417 glorifi-

1070 1415 1220 1453 catione
1233 1416 1439 1454 Trinitatis
1459 1420 1498 1455 et
1518 1419 1758 1466 processione
1781 1420 1953 1468 Spiritus
1970 1421 2023 1466 S„

1070 1469 1115 1505 de
1144 1468 1284 1506 divinis
1320 1469 1453 1506 officiis
1475 1470 1499 1507 ⁴.
1522 1471 1636 1520 Hugo
1657 1484 1680 1510 a
1708 1484 1737 1510 s.
1761 1473 1924 1511 Victore
1955 1485 2021 1511 seu

1069 1521 1308 1566 Victorinus,
1325 1524 1539 1559 secundum
1555 1525 1651 1562 alios
1673 1526 1790 1571 Saxo,
1808 1527 1950 1564 secund
1960 1539 2025 1564 11111

1068 1573 1163 1611 alios
1193 1574 1377 1620 Flander,
1407 1576 1568 1614 celebris
1598 1578 1735 1615 doctor
1765 1579 2023 1625 Parisiensis3

1069 1638 1118 1663 ex
1148 1627 1232 1664 eius
1262 1628 1415 1676 scriptis
1445 1631 1772 1668 commendantur
1797 1632 2024 1670 adnotatio-

1071 1690 1137 1716 nes
1153 1680 1189 1716 in
1212 1680 1418 1729 plerosque
1433 1681 1551 1720 libros
1564 1683 1611 1720 V.
1630 1684 1889 1728 Testamenti,
1910 1685 1949 1721 in
1967 1685 2024 1722 IV

1071 1733 1289 1781 Evangelia
1318 1736 1356 1771 et
1376 1734 1413 1770 in
1443 1735 1639 1782 Epistolas
1658 1748 1686 1773 s.
1710 1737 1836 1782 Pauli,
1858 1738 2027 1775 Summa

1068 1784 1362 1823 Sententiarum
1394 1787 1433 1823 in
1470 1791 1618 1835 septem
1653 1792 1847 1827 tractatus
1885 1790 2024 1828 distri-

1068 1837 1173 1883 buta,
1195 1839 1282 1875 libri
1304 1840 1350 1876 de
1371 1839 1650 1886 Saeramentis,
1672 1847 1711 1878 et
1742 1842 1952 1880 Sermones
1975 1844 2022 1880 de

1068 1891 1178 1928 vario
1199 1895 1433 1940 argumento
1450 1892 1476 1930 ⁵.
1498 1894 1727 1940 Guibertus,
1752 1895 1871 1933 abbas
1895 1891 2022 1933 Novi-

1066 1944 1261 1991 gentinus,
1278 1945 1433 1993 scripsit
1449 1947 1643 1984 tractatus
1660 1947 1826 1985 morales
1845 1949 1883 1984 in
1901 1949 2023 1986 Gene-

1067 1996 1152 2042 sim,
1177 1998 1296 2035 Amos
1323 2000 1362 2034 et
1393 1999 1610 2044 Ieremiam,
1636 2004 1675 2037 et
1705 2000 1824 2038 libros
1844 2002 1868 2038 8
1889 2004 2024 2049 gesto-

1063 2059 1149 2085 rum
1170 2050 1239 2087 Dei
1262 2062 1330 2098 per
1349 2051 1534 2097 Francos,
1554 2064 1621 2089 seu
1643 2053 1845 2090 historiam
1868 2055 2026 2102 expedi-

1062 2101 1178 2140 tionis
1198 2103 1580 2152 Hierosolymitanae
1600 2103 1625 2143 6.
1649 2106 1846 2144 Robertus
1868 2107 2024 2153 Pullus,

1062 2155 1223 2203 Anglus,
1253 2157 1479 2194 academiae
1500 2157 1729 2195 Oxoniensis
1756 2159 2022 2205 instaurator,

1062 2208 1198 2245 deinde
1220 2209 1266 2246 R.
1289 2209 1331 2246 E.
1353 2210 1573 2256 cardinalis,
1592 2211 1696 2248 dedit
1725 2212 2019 2250 Sententiarum

1061 2261 1369 2310 theologicarum
1387 2262 1504 2300 libros
1520 2261 1581 2302 8⁷.
1593 2264 1736 2302 Petrus
1765 2276 1787 2302 a
1803 2266 1931 2313 patria
1947 2277 2016 2303 co-

1061 2315 1308 2361 gnominatus
1319 2315 1510 2353 Lombard
1518 2329 1574 2362 us,
1587 2317 1689 2354 inter
1700 2318 1904 2367 theologos
1915 2319 2021 2356 scho-

1059 2366 1215 2404 lasticos
1237 2367 1353 2405 huius
1374 2370 1513 2406 aetatis
1535 2369 1649 2406 facile
1671 2372 1862 2419 princeps,
1882 2382 1902 2407 e
1923 2371 2017 2408 doc—

1058 2422 1144 2456 tore
1173 2420 1385 2458 Parisiensi
1416 2422 1623 2460 canonicus
1652 2423 1916 2469 Carnotensis,
1947 2424 2021 2461 de-

1059 2484 1164 2509 mum
1185 2472 1386 2522 episcopus
1409 2474 1641 2512 Parisiensis
1670 2475 1938 2521 renuntiatus3
1962 2488 2017 2514 re·

1059 2525 1171 2573 liquit
1184 2526 1387 2563 Summam
1404 2527 1662 2576 theologicam
1675 2539 1743 2564 seu
1757 2528 1874 2565 libros
1888 2529 1912 2565 4
1925 2528 2018 2565 Sen-

1058 2579 1280 2624 tentiarum,
1302 2580 1450 2627 glossas
1470 2580 1507 2616 in
1529 2580 1766 2617 Psalterium
1797 2585 1836 2617 et
1864 2581 1902 2617 in
1925 2581 2019 2630 Epi-

1057 2631 1176 2669 stolas
1192 2643 1219 2670 s.
1239 2631 1392 2670 Pauliss.
1411 2633 1591 2682 Algerus,
1608 2633 1819 2669 canonicus
1841 2636 1881 2670 et
1897 2634 2017 2671 scho-

1057 2684 1219 2722 lasticus
1236 2685 1473 2731 Leodiensis,
1486 2686 1532 2722 de
1550 2697 1624 2733 quo
1640 2697 1757 2734 supra
1775 2686 2014 2725 mentionem

1100 2777 1109 2798 ¹
1134 2778 1162 2808 S.
1187 2777 1353 2813 samara,
1378 2777 1420 2808 Dc
1446 2776 1642 2809 Considerat.
1676 2778 1694 2807 l.
1719 2778 1758 2815 ll;
1790 2778 1868 2810 Guil.
1892 2779 1964 2818 Tyr.
1997 2779 2018 2810 l.

1059 2819 1239 2890 ΧζίῐῧζίἕΠς
1257 2819 1326 2850 Otto
1342 2819 1535 2858 Fris-ingens.
1558 2817 1651 2850 Gesta
1673 2818 1850 2856 Friderc'cc‘,
1869 2820 1887 2850 l.
1906 2820 1932 2850 ¹1.

1093 2900 1114 2947 ,3
1130 2885 1231 2931 Edidit
1247 2901 1401 2939 Mabillou,
1419 2901 1514 2951 Pa'ris3
1530 2900 1606 2951 1668
1624 2903 1654 2931 et
1670 2900 1763 2939 1690,
1781 2901 1798 2931 2
1831 2901 1888 2932 vol.
1906 2901 1936 2932 in
1955 2902 2016 2940 l'ol.;

1061 2940 1790 3023 *¹¹5¹‘3231'1’gf'3ssffg‘5⁸·4†⁴&OlsxffnxffilVMignQ
1830 2983 1887 3014 100.
1916 2983 1972 3015 ιϊι.
1997 2987 2016 3014 ι.

1061 3023 1241 3055 CLXVII—X.

1103 3065 1117 3087 5
1133 3062 1442 3103 uothomagxlssfflss
1459 3064 2015 3105 v01.in-s01.:Migne,i.(3txxv-VII.

1102 3106 1116 3127 C·
1133 3103 1234 3135 Edidit
1250 3105 1377 3135 Dacher.
1396 3104 1470 3135 1651
1492 3106 1521 3135 in
1538 3106 1587 3136 sol.
1603 3108 1714 3146 lingue,
1732 3110 1750 3136 t.
1766 3107 1863 3137 Cl-VI.

1104 3145 1117 3167 7
1134 3146 1231 3175 Paris.
1248 3145 1338 3182 1665,
1354 3146 1466 3183 in-l'ol.;
1485 3147 1596 3186 Migne,
1614 3151 1631 3177 t.
1651 3147 1828 3178 CLXXXVI.

1105 3186 1119 3206 ς
1136 3187 1325 3226 Norimbcrg.
1344 3186 1582 3222 marn-ancos.
1601 3188 1690 3220 1585:
1708 3190 1843 3228 Mignc‚t
1862 3188 2011 3220 CXCI-ll.

1779 3245 1802 3281 ,3
