2241 3473
702 205 840 234 VSQVE
859 205 912 232 AD
933 203 1218 231 PRAESENTEM
1238 202 1446 230 AETATEM

145 275 312 311 Romani
339 274 552 313 Pontifices
578 287 600 312 e
626 287 700 323 quo
728 275 765 311 in
784 275 928 322 Anglia
944 274 1040 311 solii-

95 339 182 365 sma
211 329 427 366 excitatum
454 335 542 373 est,
570 340 783 377 numquam
809 329 1042 365 intermissis

96 382 202 418 curis
227 393 390 430 operam
418 389 615 419 navarunt
641 388 684 418 ut
710 383 889 429 religioni
913 382 1043 418 catho-

97 436 196 472 licae
222 437 260 472 in
287 448 335 473 eo
363 449 486 484 regno
510 443 729 474 extremum
749 436 960 472 discrimen
978 435 1039 472 ad-

95 489 236 526 ductae
252 491 438 526 auxilium
455 492 646 527 afferrent
660 501 733 526 nec
743 489 1042 536 haudquaquam

96 541 294 587 deessent,
322 545 384 592 qui
412 545 697 580 catholicarum
724 543 803 578 illic
829 554 963 578 rerum
981 554 1044 579 cu-

97 607 180 633 ram
209 599 471 645 susciperent;
494 599 647 634 interea
663 596 754 632 dum
773 597 809 631 in
829 597 1043 633 continenti

95 651 370 688 adolescentes
396 652 503 698 angli
529 652 809 693 educarentur,
827 650 890 697 qui
919 650 1044 685 sacris

94 705 258 742 subinde
287 705 498 742 Ordinibus
523 704 696 752 insigniti
723 704 761 739 in
789 703 958 751 patriam
985 715 1043 740 re-

94 758 201 794 versi
228 759 482 806 popularibus
506 760 587 795 suis
614 757 733 794 Verbi
754 765 794 793 et
811 758 1045 793 Sacramen-

98 816 228 847 torum
255 813 474 849 ministerio
502 814 697 848 iuvarent.
725 811 856 852 Quum
877 812 1044 857 primum

95 865 314 913 Gregorius
341 867 415 902 XV
445 867 583 915 potuit,
603 866 806 913 praesules
832 865 1046 912 episcopali

97 918 331 957 charactere
357 921 562 968 insignitos
590 920 642 956 ibi
668 919 798 962 misit3
825 925 864 955 et
890 919 1047 955 Guiliel-

96 983 202 1009 mum
234 973 462 1021 Bishopium
508 980 780 1010 consecratum
820 972 1044 1020 episcopum

95 1025 458 1064 Chalcedonensem
478 1027 876 1064 cumOrdinariorum
888 1026 1046 1072 propria

96 1084 291 1126 potestate
319 1081 368 1117 ad
395 1082 564 1128 Angliae
585 1085 626 1118 et
640 1081 796 1117 Scotiae
822 1080 1045 1117 Catholicos

95 1133 371 1180 gubernandos
397 1135 610 1172 destinavit
637 1137 663 1169 ¹.
685 1134 872 1180 Bishopio
891 1138 1043 1169 mortuo

94 1187 542 1225 UrbanusVIIIeasdem
559 1189 711 1236 amplas
727 1188 940 1223 facultates
956 1198 1043 1222 cum

95 1240 336 1289 Episcopatu
361 1243 676 1280 Chalcedonensi
703 1241 900 1277 Richardo
918 1240 1043 1276 Smith

96 1294 231 1331 tribuit
243 1297 271 1328 2.
286 1298 473 1333 Attamen
488 1297 558 1332 sub
576 1295 707 1332 Iacobi
722 1296 753 1331 lI
771 1305 896 1342 regno
914 1295 953 1329 in
967 1295 1044 1329 An-

94 1347 175 1394 glia
192 1348 373 1386 feliciora
393 1355 573 1397 tempora
599 1350 819 1386 obventura
837 1349 924 1383 visa
941 1353 1044 1392 sunt3

95 1411 173 1448 qua
190 1404 485 1449 opportunitate
497 1403 750 1440 Innocentius
769 1402 899 1449 Pp.XI
911 1402 1044 1437 statim

94 1465 202 1498 usus,
217 1455 404 1493 Ioannem
425 1457 693 1504 Leyburnium
713 1455 898 1503 Episcop.
918 1454 1044 1490 Adru-

97 1512 300 1545 metenum
339 1511 458 1546 totius
493 1511 662 1557 Angliae
697 1510 810 1556 regni
843 1508 1044 1544 vicarium

95 1562 363 1607 Apostolicum
381 1575 446 1600 an.
470 1565 563 1601 1685
582 1564 797 1610 deputavit.
826 1563 923 1598 Aliis
950 1572 1044 1598 vero

95 1614 258 1651 Litteris
272 1618 511 1664 Apostolicis
527 1617 589 1653 die
608 1618 653 1655 30
672 1618 822 1653 ianuar.
846 1617 954 1660 1688,
974 1616 1046 1652 Sa-

89 1678 166 1714 ρει*
183 1669 666 1720 Catlzedram,Leyburnis
684 1671 705 1707 3
719 1671 817 1707 alios
831 1671 1045 1718 Episcopos

96 1720 122 1756 i.
141 1734 183 1769 p.
201 1722 228 1758 ι’.
258 1724 381 1761 titulis
406 1725 616 1772 insignitos
641 1725 826 1761 Vicarios
851 1725 1044 1772 Apostoli-

95 1786 162 1812 cos
179 1776 367 1814 adiunxit.
388 1778 499 1819 Quae
527 1780 646 1816 totius
672 1779 844 1826 Angliae
872 1779 910 1813 in
936 1778 959 1814 4
980 1779 1044 1814 Vi-

96 1830 272 1867 cariatus
289 1833 539 1879 Apostolicos
559 1833 734 1881 partitio,
752 1844 776 1869 a
793 1832 1043 1869 Ferdinando

95 1884 322 1921 Amasiensi
343 1886 658 1934 archiepiscopo,
677 1887 716 1922 in
734 1887 879 1933 Anglia
896 1886 1043 1922 Nuntio

95 1938 339 1985 Apostolico,
352 1945 529 1986 peracta,
544 1952 666 1988 usque
685 1940 735 1975 ad
752 1940 938 1986 Gregorii
950 1941 1042 1977 XVI

97 1997 279 2039 tempora
293 1994 613 2042 perduravit3qui
631 1994 692 2030 die
712 1994 733 2030 3
752 1995 835 2030 iulii
856 1994 946 2032 1840
965 1994 1043 2031 Lit-

96 2046 193 2082 teris
211 2046 396 2083 Muneris
407 2048 644 2095 Apostolici,
660 2048 794 2084 habita
809 2048 1043 2095 praesertim

97 2100 251 2137 ratione
277 2101 530 2146 incrementi,
557 2102 657 2149 quod
683 2103 823 2149 religio
849 2103 1045 2139 catholica

98 2153 136 2189 in
164 2165 210 2191 eo
237 2166 361 2203 regno
389 2156 468 2192 iam
497 2164 725 2204 acceperat,
745 2168 924 2205 novaque
940 2158 1045 2194 facta

97 2208 304 2254 regionum
336 2210 620 2246 Ecclesiastica
654 2211 865 2258 partitione
887 2240 895 2256 ,
929 2211 1046 2258 duplo

98 2262 288 2299 maiorem
318 2263 593 2301 Vicariatuum
626 2266 944 2311 Apostolicorum
977 2278 1046 2302 nu-

99 2325 252 2351 merum
269 2317 470 2362 excitavit,
482 2324 521 2355 et
535 2319 719 2366 Angliam
737 2324 859 2355 totam
876 2320 1049 2357 Vicariis

98 2369 335 2414 Apostolicis
353 2371 603 2416 Londinensi,
624 2373 889 2417 Occidet-itali,
913 2373 1049 2409 Orien-

99 2421 200 2461 tati,
231 2422 436 2464 Centrult,
468 2425 702 2466 W'allicnsi,
734 2426 1045 2467 Lancastriensi,

98 2474 354 2517 Ebot-acensi,
385 2482 426 2513 et
450 2478 764 2526 Septentrioncdi
783 2481 822 2516 in
839 2481 1049 2528 spirituali-

100 2529 169 2565 bus
195 2531 491 2577 gubernandum
519 2534 727 2569 commisit.

145 2583 271 2620 Hodie
305 2584 389 2620 fere
420 2585 668 2632 quotidianae
696 2593 786 2624 sunt
812 2589 1052 2635 Anglicano-

99 2647 188 2672 rum
207 2665 216 2679 ‚
248 2639 484 2684 praesertim
511 2650 560 2675 ex
585 2640 748 2676 eruditis
774 2647 815 2677 et
840 2642 972 2681 clero.
998 2635 1050 2679 'ad

100 2689 323 2726 Romanam
343 2691 560 2728 Ecclesiam
577 2694 872 2738 conversiones,
888 2695 936 2730 ad
954 2707 1050 2743 quas

100 2743 329 2780 efficiendas
355 2756 431 2780 non
460 2756 598 2792 parum
626 2748 875 2784 contulerunt
905 2748 1050 2797 Pusey-

100 2802 253 2833 starum
273 2797 414 2834 studia.
438 2799 488 2834 Hi
507 2800 562 2835 sic
581 2801 766 2847 appellati
785 2813 809 2837 a
828 2802 968 2849 Pusey,
986 2803 1048 2839 do-

102 2856 213 2887 ctore
239 2851 476 2893 Oxoniensi,
507 2853 596 2889 inde
621 2855 670 2889 ab
696 2866 761 2890 an.
789 2855 880 2891 1833
907 2856 1049 2892 theolo-

102 2903 208 2950 giam
243 2904 542 2942 instaurandam
578 2913 862 2954 susceperunt,
890 2920 966 2944 non
992 2922 1051 2947 se-

100 2958 270 2993 cundum
301 2964 534 2996 novatorum
566 2971 670 2996 saec.
705 2962 796 2997 XVI
833 2963 1048 3009 trutinam,

102 3011 172 3048 sed
187 3012 401 3048 secundum
417 3011 596 3050 veterum
610 3013 772 3050 Patrum
783 3015 1048 3053 traditionem.

147 3136 158 3157 ¹
186 3137 254 3170 Vid.
281 3137 428 3180 Gregorii
461 3139 513 3172 XV
554 3139 700 3172 Litterae
726 3140 935 3181 Apostolicae
953 3167 960 3179 ,
989 3141 1050 3173 diei

105 3191 195 3262 {xiii
225 3185 332 3216 martii
368 3194 422 3217 an.
459 3194 643 3226 mccxxiii,
674 3188 872 3228 incipientes
902 3187 1052 3220 Ecclesia

135 3238 274 3262 amana.

149 3273 163 3295 ²
187 3274 266 3309 Luc.
290 3274 406 3321 Apost.
431 3278 494 3311 diei
523 3287 556 3311 iv
583 3278 722 3312 februar.
750 3288 804 3312 an.
830 3286 979 3313 mnexxv.

1913 185 1991 224 347

1094 274 1180 315 Quo
1199 274 1383 310 effectum
1401 277 1476 316 est,
1494 275 1536 308 ut
1553 282 1630 307 non
1647 270 1774 306 solum
1788 269 1828 305 in
1843 267 2040 304 nonnullis

1094 327 1270 363 articulis
1296 326 1561 362 controversis
1588 324 1637 360 ad
1655 322 1949 361 Catholicorum
1980 320 2046 355 do-

1094 381 1240 417 ctrinas
1260 380 1418 427 propius
1436 378 1692 421 accesserint,
1710 376 1777 413 sed
1795 386 1933 412 eorum
1961 373 2044 421 plu-

1096 446 1159 470 rcs
1179 463 1187 476 ,
1219 434 1389 469 veritate
1424 436 1635 478 conspecta
1652 460 1660 473 ,
1688 430 1736 466 ad
1762 430 1809 465 R.
1839 427 2042 464 Ecclesiae

1094 487 1290 534 gremium
1316 486 1467 523 reversi
1487 486 1634 522 suerint
1651 493 1690 521 et
1708 483 1891 520 continuo
1911 492 2044 518 rever-

1095 546 1229 577 tantur
1247 542 1272 573 1.

1143 593 1269 630 Scotis
1294 604 1445 640 quoque
1472 603 1699 639 numquam,
1717 595 1760 627 ut
1778 590 1958 631 vidimus,
1976 587 2042 624 de-

1096 647 1170 682 fuit
1196 647 1282 682 RR.
1311 646 1388 681 1³1³.
1419 645 1638 682 sollicitudo
1666 657 1712 680 ac
1745 641 2043 691 provvidentia‚

1095 705 1136 737 ut
1161 700 1317 737 haeresi
1351 704 1585 747 erumpente
1619 699 1776 735 saeculo
1802 697 1896 733 XVI
1921 695 2045 731 fortes

1096 754 1133 789 in
1145 754 1241 791 Fide
1261 758 1577 801 perseverarent,
1590 752 1823 800 praesertim
1839 761 1956 798 quum
1973 748 2042 785 sub

1096 807 1377 844 Puritanorum
1403 807 1494 853 iugo
1520 807 1616 843 satis
1641 805 1853 844 Catholicis
1881 803 2043 840 liberam

1097 861 1273 908 profiteri
1306 861 1542 908 religionem
1570 870 1681 896 suam
1709 858 1960 895 interdictum
1987 867 2045 892 es-

1096 918 1156 951 set
1168 916 1194 948 2.
1214 914 1569 951 Commiseratione
1590 913 1719 960 itaque
1739 910 1921 948 commoti
1938 910 2047 945 Sum-

1097 969 1149 1004 mi
1175 968 1405 1011 Pontifices,
1432 979 1509 1014 qua
1529 967 1684 1003 iteratis
1702 963 2045 1001 Missionariorum

1097 1034 1148 1058 ex
1174 1022 1296 1058 variis
1322 1021 1582 1068 Regularium
1610 1019 1768 1055 familiis
1793 1017 2048 1065 expeditioni-

1099 1076 1184 1119 bus,
1211 1087 1287 1123 qua
1313 1074 1552 1122 Apostolicis
1580 1073 1854 1120 legationibus,
1881 1071 2046 1118 aliisque

1098 1140 1215 1165 omne
1235 1141 1358 1176 genus
1373 1128 1526 1165 collatis
1539 1126 1725 1164 subsidiis
1740 1127 1778 1161 in
1795 1126 1832 1160 id
1850 1124 2045 1160 indefesse

1095 1183 1396 1218 adlaborarunt.
1441 1183 1593 1217 Romae
1631 1180 1789 1217 selectis
1827 1191 1876 1215 ex
1914 1178 2045 1214 Scotia

1098 1240 1215 1283 gente
1236 1235 1564 1278 adolescentibus,
1577 1241 1738 1282 praeter
1755 1232 2044 1274 Urbanianum,

1099 1290 1301 1337 peculiare
1329 1290 1456 1337 patuit
1481 1288 1699 1335 Collegium
1719 1316 1727 1331 ,
1755 1288 1793 1322 in
1820 1297 1894 1334 quo
1920 1284 2045 1321 sacris

1097 1343 1314 1392 disciplinis
1339 1343 1462 1379 imbui
1490 1349 1530 1378 et
1548 1341 1777 1377 Sacerdotio
1795 1339 1942 1376 initiari
1962 1349 2046 1386 pos-

1097 1402 1186 1434 sent
1212 1397 1261 1433 ad
1289 1408 1449 1433 sacrum
1477 1395 1740 1431 ministerium
1767 1394 1906 1430 deinde
1925 1393 1963 1428 in
1982 1402 2046 1439 pa-

1097 1451 1173 1487 tria
1193 1451 1472 1488 exercendum.
1494 1451 1545 1486 Et
1563 1449 1748 1496 quoniam
1768 1449 1833 1484 illa
1852 1446 2048 1483 Dominici

1098 1506 1234 1552 gregis
1262 1516 1354 1552 pars
1381 1505 1460 1540 suis
1484 1504 1616 1540 suerat
1633 1503 1791 1539 viduata
1809 1501 2045 1548 pastoribus,

1097 1561 1315 1606 Gregorius
1341 1559 1417 1594 XV
1445 1558 1615 1594 laudatis
1640 1557 1717 1593 iam
1746 1556 1887 1592 litteris
1912 1555 1958 1590 x⁰
1984 1565 2047 1590 ca-

1096 1613 1199 1649 lend.
1215 1613 1330 1660 april.
1347 1612 1439 1648 1623
1458 1611 1665 1648 Guilielmo
1683 1609 1868 1657 Bishopio
1887 1607 2048 1645 Chalce-

1096 1666 1237 1702 doniae
1266 1666 1463 1713 Episcopo
1490 1665 1592 1701 datis
1619 1675 1690 1712 pro
1711 1663 1859 1710 Anglia
1875 1661 1989 1697 simul
2008 1664 2049 1696 et

1096 1721 1231 1756 Scotia
1258 1719 1468 1755 facultates
1495 1718 1632 1755 tribuit
1654 1747 1663 1762 ,
1689 1728 1788 1765 quae
1818 1714 2046 1752 Ordinario-

1097 1785 1183 1810 rum
1217 1773 1403 1821 propriae
1437 1777 1528 1809 sunt
1548 1801 1556 1814 ,
1585 1773 1694 1807 illum
1725 1770 1896 1807 misisset
1925 1769 2067 1817 etiarn¹

1096 1839 1167 1875 pro
1194 1828 1351 1864 Scotiae
1380 1837 1518 1874 regno,
1540 1831 1583 1863 ut
1599 1826 1865 1873 dispersarum
1888 1823 2043 1859 illarum

1140 1961 1151 1983 1
1179 1957 1326 1991 Doctoris
1353 1957 1490 1989 Eduardi
1511 1955 1627 1998 Pusey,
1647 1956 1703 1998 qui
1723 1959 1857 1988 mortem
1875 1953 1978 1986 obivit
1994 1952 2045 1984 die

1096 2006 1135 2037 17
1164 2003 1356 2046 septembris
1381 2005 1455 2036 anni
1490 2001 1578 2035 1882
1600 2028 1607 2041 ,
1642 2002 1808 2042 octoginta
1832 2001 1913 2032 duos
1942 2006 2044 2030 annos

1096 2055 1204 2090 natus,
1232 2050 1316 2081 vitae
1341 2049 1470 2081 brevem
1496 2049 1717 2080 narrationem
1743 2047 1932 2079 retulerunt
1948 2044 2045 2086 epine-

1097 2096 1257 2136 merides,
1283 2095 1413 2136 saepius
1440 2095 1527 2132 citt.‚
1554 2093 1599 2126 La
1626 2093 1768 2126 Scienza
1795 2102 1812 2123 e
1833 2091 1874 2124 La
1897 2090 1982 2123 Fedc
2001 2089 2048 2131 (cf

1096 2142 1160 2174 vol.
1189 2148 1259 2179 xil,
1287 2150 1318 2182 p.
1348 2140 1410 2179 32,
1437 2139 1554 2181 Napoli
1581 2139 1696 2182 1846).
1727 2140 1771 2171 Eo
1797 2138 1829 2170 in
1859 2138 1929 2169 loco
1956 2140 1989 2167 et
2013 2136 2044 2166 in

1097 2187 1170 2219 aliis
1196 2187 1307 2218 multis
1340 2187 1522 2218 earumdem
1558 2186 1796 2227 epliemeridum
1828 2181 2045 2215 voluminibus

1099 2231 1167 2275 (ex.
1195 2242 1243 2273 gr.
1272 2240 1354 2270 LXi,
1382 2240 1469 2269 an,
1497 2239 1585 2270 LXV,
1612 2230 1745 2273 passim)
1776 2237 1881 2262 sermo
1909 2226 2047 2259 liabetur

1099 2279 1191 2311 illius
1215 2277 1365 2319 religiosi
1391 2278 1530 2315 reditus,
1554 2277 1630 2309 licet
1647 2276 1798 2313 initialis,
1817 2273 1992 2313 Anglorum
2009 2272 2046 2302 ad

1100 2325 1266 2357 veritatem
1285 2347 1293 2362 ‚
1327 2324 1382 2365 qui
1420 2323 1624 2356 Ritualismi
1652 2323 1703 2355 vel
1728 2318 1906 2360 Puseysmz'
1930 2326 2046 2350 nomen

1099 2369 1233 2411 accepit,
1261 2374 1293 2401 et
1319 2369 1412 2401 cuius
1436 2369 1534 2402 duces
1569 2368 1704 2401 fuerunt
1729 2368 1797 2409 ipse
1814 2369 1926 2397 doctor
1946 2363 2046 2404 Pusey

1100 2415 1215 2457 aliiqui
1248 2415 1402 2456 permulti
1429 2415 1533 2454 magni
1562 2414 1642 2455 lycei
1670 2411 1867 2445 Oxoniensis
1900 2411 2047 2442 anteces-

1100 2470 1204 2494 sores.
1230 2460 1320 2492 Inter
1346 2461 1535 2493 innumeros
1561 2469 1597 2492 ac
1615 2458 1810 2499 insigniores
1827 2457 1915 2489 viros
1933 2457 1966 2487 in
1981 2454 2046 2486 An-

1100 2507 1167 2546 glia
1191 2506 1229 2537 ad
1255 2506 1445 2538 catholicam
1472 2506 1708 2547 professionem
1735 2505 1793 2535 hac
1811 2506 1922 2534 nostra
1940 2504 2047 2532 aetate

1099 2553 1252 2585 deductos
1285 2552 1542 2583 adnumerantur
1567 2552 1715 2583 doctores
1741 2548 1934 2580 Euduardus
1959 2546 2047 2578 Man-

1102 2599 1179 2638 ning
1204 2601 1237 2629 et
1261 2597 1399 2629 Ioannes
1425 2598 1583 2629 Henricus
1612 2596 1775 2633 Newman,
1802 2601 1939 2635 quorum
1962 2601 2046 2624 unus

1101 2644 1207 2676 sedem
1241 2642 1522 2685 metropolitanum
1542 2640 1922 2674 Westmunasteriensem
1942 2641 2044 2676 tenet,

1101 2690 1185 2722 alter
1211 2687 1361 2722 Oratorii-
1380 2689 1414 2721 S.
1443 2687 1582 2730 Philippi
1609 2687 1694 2719 Nerii
1721 2685 1925 2718 sodalitatem
1952 2683 2047 2716 deco-

1100 2740 1176 2767 rat:
1204 2734 1293 2766 ambo
1317 2743 1393 2766 vero
1419 2733 1653 2766 Cardinalium.
1686 2732 1846 2764 Romanae
1884 2729 2044 2761 Ecclesiae

1101 2781 1227 2812 senatui
1261 2780 1416 2821 adscripti
1449 2784 1537 2811 sunt.
1570 2779 1727 2811 Henricus
1753 2777 1903 2808 Newman
1925 2800 1933 2815 ,
1961 2784 2045 2806 anno

1102 2826 1183 2859 1841
1210 2851 1218 2864 ,
1254 2835 1323 2858 cum
1356 2825 1495 2857 nondum
1522 2829 1607 2858 essct
1632 2823 1814 2856 catholicus
1831 2845 1840 2862 ,
1870 2825 1916 2853 tot
1941 2824 2047 2851 tanta*-

1100 2881 1235 2913 rumque
1260 2872 1437 2903 animarum
1465 2870 1500 2901 ad
1529 2879 1632 2902 veram
1660 2869 1764 2901 Fidem
1790 2868 1926 2900 reditum
1956 2874 2048 2898 acce-

1103 2918 1218 2949 leravit
1239 2943 1246 2953 ,
1286 2915 1516 2948 conscribendo
1552 2914 1803 2948 Observationes
1843 2913 1880 2945 in
1920 2911 2046 2952 aliquot

1103 2963 1176 2995 loca
1201 2969 1305 2994 xxxix
1330 2961 1566 2994 Articulorum
1591 2961 1748 2995 ecclesiae
1773 2959 1985 3000 anyticanae.
2005 2957 2046 2988 At

1101 3016 1192 3040 nemo
1218 3017 1282 3039 non
1311 3007 1481 3039 miseratur
1495 3012 1612 3040 sortem
1632 3007 1747 3048 Pusey,
1765 3006 1819 3047 qui
1838 3005 1868 3035 in
1888 3007 1977 3034 tanta
1993 3010 2046 3034 ve-

1102 3054 1209 3085 ritatis
1242 3053 1324 3090 luce,
1351 3053 1409 3084 etsi
1437 3062 1521 3084 anno
1552 3053 1639 3086 1843
1658 3052 1835 3084 doctrinam
1855 3048 2045 3082 catholicam

1102 3099 1141 3130 de
1156 3097 1548 3131 Transsubstantiatione
1564 3099 1608 3131 ita
1619 3098 1787 3130 manifeste
1798 3098 2043 3137 propugnasset,

1104 3147 1138 3176 ut
1163 3144 1190 3174 ei
1214 3143 1368 3183 Tribunal
1399 3145 1502 3183 magni
1530 3145 1610 3186 lycei
1641 3143 1837 3176 Oxoniensis
1869 3139 2046 3180 discipulos

1103 3188 1229 3221 erudire
1247 3189 1467 3228 interdixerit,
1485 3195 1630 3223 mortuus
1649 3194 1699 3222 est
1723 3197 1787 3221 non
1813 3187 1958 3218 abiurato
1984 3194 2046 3218 cmi

1101 3235 1234 3276 qlicano
1261 3234 1389 3266 errore!

1147 3278 1159 3299 ²
1185 3280 1253 3313 Vid.
1280 3290 1311 3323 p.
1342 3280 1417 3314 174.
