2241 3473
246 199 323 239 364

189 283 284 320 1855
309 282 449 318 litteris
475 279 700 327 apostolicis
726 278 831 315 Deus
856 279 1055 316 humanae
1078 291 1142 316 sa·

187 337 281 373 lucis
307 335 570 372 confirmavit.

234 388 464 425 Huiusmodi
495 388 714 425 Conventio
733 417 741 432 ‚
769 398 884 435 quam
919 387 1142 426 Cardinalis

186 443 439 480 Viale-Prela
476 442 579 489 apud
619 441 966 478 Vindobonensern
1007 443 1140 478 aulam

186 495 450 531 Pro-Nuntius
480 495 733 543 Apostolicus
763 502 804 531 et
828 496 1015 543 Iosephus
1047 495 1140 531 Oth-

185 561 272 585 mar
298 549 345 585 de
367 549 576 585 Rauscher
593 549 926 597 Archiepiscopus
944 549 1139 585 Vindobo-

185 603 318 638 nensis
335 607 375 638 et
388 603 648 650 Imperatoris
663 602 1038 650 plenipotentiarius
1053 604 1141 639 sub-

183 656 441 703 scripserunt,
462 656 508 693 36
526 657 715 692 articulos
743 657 920 693 continet
936 687 945 702 ,
972 669 1138 705 quorum

183 708 283 746 haec
308 721 462 746 summa
490 715 584 747 estz·
601 711 786 757 «Religio
813 711 1018 748 Catholica
1038 713 1138 758 Apo-

183 764 323 799 stolica
354 764 538 800 Romana
568 765 607 800 in
638 769 720 801 toto
750 766 939 802 Austriae
968 766 1138 813 Imperio

185 824 296 854 sarta
323 822 428 855 tecta
455 820 756 856 conservabitur
790 832 951 868 semper
977 832 1066 856 cum
1092 820 1140 856 iis

186 871 334 908 iuribus
361 877 401 908 et
428 874 735 920 praerogativis,
752 875 891 922 quibus
919 874 996 910 frui
1022 874 1139 911 debet

182 936 232 961 ex
252 926 325 962 Dei
347 926 610 971 ordinatione,
637 934 677 964 et
703 929 905 965 canonicis
927 928 1136 964 sanctioni-

183 979 265 1014 bus.
277 980 750 1027 Episcoporum‚Cleri,et
761 983 889 1030 populi
901 987 1038 1018 mutua
1048 994 1137 1018 cum

182 1032 332 1069 Sancta
355 1033 456 1070 Sede
484 1036 787 1072 communicatio
816 1038 854 1072 in
881 1037 999 1073 rebus
1025 1036 1138 1084 spiri-

181 1087 350 1123 tualibus
372 1093 413 1123 et
430 1089 602 1135 negotiis
621 1090 906 1127 ecclesiasticis
933 1090 1027 1126 nulli
1055 1091 1135 1137 pla-

181 1145 312 1177 cetum
332 1143 487 1189 regium
503 1143 706 1180 obtinendi
724 1145 954 1182 necessitati
971 1145 1135 1188 suberit,

180 1195 249 1230 sed
275 1206 439 1242 prorsus
465 1198 590 1234 libera
616 1199 706 1243 erit,
733 1199 835 1236 sicut
862 1199 984 1235 etiam
1012 1199 1136 1235 libere

181 1250 366 1298 Episcopi
393 1264 481 1288 cum
510 1254 618 1289 clero
645 1259 685 1289 et
712 1253 854 1300 populo
873 1253 1137 1289 communica-

182 1305 288 1350 bunt,
309 1312 348 1342 et
373 1318 465 1344 suas
491 1307 539 1344 de
559 1309 677 1344 rebus
695 1307 978 1344 ecclesiasticis
996 1309 1137 1344 instru-

181 1360 332 1397 ctiones
359 1366 398 1397 et
429 1361 699 1398 ordinationes
731 1362 997 1409 publicabunt.
1029 1363 1137 1398 Libe-

182 1424 269 1449 rum
296 1426 447 1463 quoque
478 1418 554 1452 erit
578 1416 786 1464 Episcopis
811 1416 848 1452 id
878 1428 996 1453 omne
1027 1429 1140 1453 exer-

183 1480 276 1505 cere
304 1469 406 1516 quod
433 1481 503 1517 pro
532 1470 728 1517 regimine
761 1469 1004 1506 dioecesium
1031 1471 1140 1507 iuxta

181 1523 385 1560 Ecclesiae
405 1524 649 1571 disciplinam
671 1524 766 1572 ipsis
786 1524 989 1571 competit,
1004 1525 1060 1561 uti
1076 1526 1138 1562 be-

181 1578 324 1614 neficia
348 1579 504 1614 minora
530 1579 711 1626 erigere,
730 1590 953 1616 convocare
973 1584 1013 1615 et
1039 1580 1138 1616 cele-

183 1632 297 1669 brare
326 1632 375 1668 ad
397 1643 603 1668 sacrorum
624 1643 820 1668 canonum
847 1644 1031 1669 normam
1051 1644 1139 1669 con-

180 1686 270 1722 cilia
298 1686 558 1734 provincialia
584 1696 624 1722 et
654 1686 824 1734 synodos
853 1687 1112 1724 dioecesanas
1130 1717 1138 1733 ‚

179 1751 396 1788 eorumque
423 1745 513 1776 acta
539 1742 730 1787 vulgare,
759 1747 876 1788 atque
904 1741 984 1777 alia
1010 1742 1138 1778 huius-

179 1794 295 1829 modi.
325 1795 509 1842 Episcopi
535 1806 585 1831 ex
612 1795 759 1842 proprii
787 1796 999 1842 pastoralis
1021 1796 1139 1832 officii

180 1859 343 1885 munere
369 1848 542 1896 dirigent
561 1849 787 1895 religiosam
807 1850 1021 1886 iuventutis
1048 1851 1139 1887 edu-

180 1904 375 1939 cationem
404 1903 443 1938 in
475 1904 656 1939 omnibus
690 1903 834 1940 scholis
866 1909 946 1940 tam
975 1905 1140 1952 publicis

179 1967 294 2004 quam
330 1957 522 2004 privatis,
549 1964 589 1993 et
623 1958 824 2005 propriam
859 1960 1138 1995 auctoritatem

180 2012 404 2047 omnimoda
431 2012 612 2048 libertate
639 2013 907 2056 exercebunt,
936 2018 978 2049 ut
1005 2014 1138 2059 libros,

181 2065 377 2113 Religioni
412 2077 643 2114 morumque
670 2067 870 2103 honestati
894 2068 1141 2115 perniciosos

180 2131 348 2156 censura
375 2120 668 2168 perstringunt,
689 2121 924 2167 gubernium
951 2134 1063 2166 vero,
1091 2135 1139 2160 ne

180 2173 370 2211 eiusmodi
398 2175 486 2210 libri
519 2174 771 2222 divulgehtur
791 2204 799 2219 ,
829 2176 966 2223 quovis
1000 2188 1141 2225 oppor-

181 2234 275 2265 tuno
295 2228 470 2265 remedio
490 2229 655 2264 carebit.
673 2230 826 2266 Causas
845 2231 1141 2268 ecclesiasticas

180 2294 343 2327 omnes,
370 2288 505 2330 utpote
543 2282 591 2318 ad
626 2283 831 2320 Ecclesiae
867 2284 996 2320 forum
1031 2285 1140 2332 ipsae

179 2337 294 2373 unice
317 2336 558 2383 pertineant,
579 2343 793 2383 cognoscet
812 2337 929 2373 iudex
948 2339 1140 2376 Ecclesia—

180 2391 314 2427 sticus.
336 2390 391 2426 Ut
419 2390 636 2426 honoretur
662 2390 801 2426 domus
829 2391 913 2435 Dei,
934 2403 1139 2429 sacrorum

181 2446 419 2492 templorum
446 2445 677 2481 immunitas
703 2445 941 2481 servabitur.
963 2448 1143 2484 Semina-

182 2499 240 2535 ria
265 2499 507 2548 episcopalia
528 2499 704 2546 episcopi
725 2498 834 2535 iuxta
851 2511 1058 2536 sacrorum
1079 2514 1141 2538 ca-

181 2565 326 2589 nonum
364 2565 545 2590 normam
579 2553 694 2601 pleno
721 2564 767 2589 ac
802 2553 922 2590 libero
956 2556 1040 2591 iure
1075 2568 1140 2603 gu-

182 2609 400 2645 bernabunt
426 2613 465 2645 et
491 2608 838 2644 administrabunt.
860 2609 900 2644 In
928 2609 1141 2656 seligendis

179 2663 376 2710 episcopis
411 2664 606 2700 catholica
634 2664 826 2700 Maiestas
859 2664 998 2710 vigore
1027 2665 1140 2711 privi-

180 2718 271 2764 legii
292 2719 509 2764 Apostolici
529 2719 847 2756 antecessoribus
865 2719 945 2755 suis
964 2722 1140 2756 concessi

182 2773 453 2819 praesentabit
481 2785 548 2810 seu
578 2773 797 2810 nominabit
824 2774 1012 2810 canonice
1035 2774 1139 2810 insti-

181 2827 345 2862 tuendos
372 2838 396 2862 a
422 2828 460 2863 S.
492 2828 610 2871 Sede,
630 2828 801 2864 adhibito
830 2827 949 2864 etiam
979 2828 1138 2864 Antisti-

180 2886 258 2916 tum
287 2881 324 2916 in
353 2883 490 2928 primis
519 2883 817 2929 provincialium
853 2882 1030 2918 consilio.
1069 2883 1138 2917 Ec-

179 2937 300 2971 clesia
327 2936 412 2972 iure
439 2948 509 2972 suo
539 2938 700 2984 pollebit
727 2948 851 2972 novas
879 2937 977 2972 iusto
1005 2936 1139 2983 quovis

181 2992 289 3026 titulo
321 2992 440 3027 libere
471 2991 700 3039 acquirendi
724 2991 1019 3039 possessioncs;
1041 2990 1139 3026 eius-

177 3058 249 3092 que
270 3047 493 3093 proprietas
512 3047 548 3081 in
568 3046 749 3081 omnibus
776 3045 1010 3081 inviolabilis
1037 3047 1137 3087 erit;

178 3107 292 3147 :itque
336 3103 525 3138 bonorum
568 3101 930 3138 ecclesiasticorum
976 3099 1137 3136 admini-

177 3155 316 3191 stratio
343 3156 445 3203 apud
477 3167 545 3192 eos
574 3155 650 3192 erit
673 3184 680 3198 ‚
707 3154 755 3190 ad
791 3165 886 3201 quos
922 3152 1135 3189 secundum

176 3208 356 3245 Canones
386 3216 551 3256 spectat.
586 3210 757 3246 Caetera
792 3207 838 3243 ad
874 3219 1064 3254 personas
1098 3213 1135 3243 et

534 211 699 238 EPOCHA
719 211 807 238 X111.
834 213 860 237 A
881 210 1065 238 PVBLICA
1086 212 1235 239 RERVM
1257 213 1302 240 IN
1325 212 1496 240 GALLIIS
1516 214 1807 242 SVBVERSIONE

1197 280 1416 326 dirigentur
1433 280 1567 316 omnia
1585 285 1625 317 et
1642 281 2023 318 administrabuntur
2041 280 2152 318 iuxta

1197 334 1403 370 Ecclesiae
1429 334 1666 379 doctrinam,
1694 339 1734 372 et
1760 335 1845 371 eius
1869 336 2070 383 vigentem
2097 334 2153 371 di-

1195 389 1404 435 sciplinam
1432 400 1455 425 a
1481 389 1521 425 S.
1551 389 1653 426 Sede
1679 389 2018 436 adprobataml».

1243 442 1428 479 Pontifex
1454 443 1568 479 nonis
1593 443 1821 480 novembris
1851 443 2028 480 eiusdem
2059 443 2152 480 anni

1194 497 1401 543 epistolam
1415 498 1629 534 universae
1644 497 1880 534 Austriacae
1895 497 2054 534 ditionis
2063 498 2094 534 E
2100 499 2152 545 pi-

1193 551 1323 597 scopis
1348 550 1456 587 dedit
1477 580 1486 595 ,
1513 562 1590 598 qua
1616 551 1859 598 pastoralem
1885 562 2025 587 eorum
2050 552 2156 588 solli-

1194 604 1409 641 citudinem
1448 606 1674 648 excitabat‚
1708 611 1751 641 ut
1785 616 1942 642 omnem
1975 605 2151 652 percipe-

1194 663 1284 694 rent
1309 659 1520 695 utilitatem
1548 671 1597 695 ex
1615 658 1756 695 maiori
1776 659 1843 695 illa
1861 659 2059 702 libertate,
2077 669 2154 706 qua

1193 712 1372 750 Ecclesia
1391 724 1440 749 ex
1458 713 1556 750 inita
1574 713 1846 751 Conventione
1864 713 1943 749 frui
1961 724 2009 749 ac
2027 712 2152 760 potiri

1192 766 1310 813 plane
1338 767 1515 811 deberet,
1536 772 1576 803 et
1601 767 1830 814 gratissima
1856 766 1922 803 illa
1947 766 2051 803 inter
2075 766 2151 803 Ca·

1193 819 1380 856 tholicum
1408 821 1619 867 Imperium
1645 826 1686 857 et
1717 821 1940 857 Ecclesiam
1973 824 2014 856 et
2046 821 2151 868 Apo—

1191 874 1371 910 stolicam
1399 874 1544 911 Sedem
1571 875 1699 922 magis
1725 886 1772 911 ac
1806 874 1934 922 magis
1963 874 2148 910 foveatur

1192 929 1407 964 concordia
1428 958 1436 972 ,
1464 941 1513 965 ex
1539 940 1616 977 qua
1642 930 1679 964 in
1706 929 1963 964 christianam
1991 932 2030 964 et
2056 927 2149 964 civi-

1193 981 1271 1018 lem
1297 983 1583 1030 rempublicam
1602 984 1775 1019 maxima
1793 994 1951 1030 semper
1970 983 2073 1018 bona
2091 993 2151 1018 re-

1190 1035 1377 1072 dundant.
1391 1035 1659 1077 Quamobrem
1672 1036 1789 1073 iidem
1803 1035 1987 1084 Episcopi
1998 1034 2149 1072 Summi

1192 1089 1397 1127 Pontificis
1423 1091 1630 1128 desideriis
1648 1096 1689 1127 et
1707 1090 1883 1127 eiusdem
1903 1089 2027 1137 Regis
2048 1091 2150 1137 Apo-

1189 1144 1319 1180 stolici
1347 1146 1608 1193 obsequentes
1635 1157 1658 1181 a
1685 1145 1746 1181 die
1764 1145 1787 1181 6
1807 1145 1944 1191 aprilis
1960 1155 2084 1192 usque
2102 1143 2152 1180 ad

1192 1198 1236 1233 17
1254 1197 1348 1234 iunii
1368 1199 1460 1236 1856
1478 1199 1671 1247 colloquia
1688 1199 1795 1236 inter
1811 1210 1855 1235 se
1875 1198 2038 1235 civitate
2055 1197 2149 1234 Vin-

1191 1252 1407 1290 dobonensi
1434 1254 1681 1298 habuerunt,
1709 1259 1748 1290 et
1782 1253 1946 1290 consilia
1979 1253 2152 1289 contule-

1191 1313 1302 1351 runt,
1328 1314 1371 1344 ut
1397 1308 1473 1345 rite
1500 1320 1550 1345 ea
1575 1309 1708 1344 omnia
1736 1309 2028 1357 perficerentur
2052 1318 2152 1356 quae

1190 1360 1229 1395 in
1256 1367 1570 1398 commemorata
1595 1362 1869 1399 Conventione
1888 1363 2044 1399 sancita
2068 1361 2154 1398 fue-

1191 1422 1294 1459 rant,
1322 1420 1362 1452 et
1388 1416 1515 1464 quoad
1542 1416 1703 1452 modum
1729 1416 1768 1452 in
1795 1416 2031 1453 eorumdem
2058 1415 2152 1452 arti·

1189 1470 1372 1505 culorum
1392 1471 1625 1506 executione
1646 1481 1764 1506 unam
1789 1470 2048 1518 eamdemque
2069 1481 2154 1506 cer-

1191 1529 1271 1559 tam
1298 1525 1403 1560 viam
1432 1529 1549 1572 atque
1576 1525 1771 1561 rationem
1798 1525 2042 1561 habuissent.
2073 1523 2152 1561 Per

1190 1578 1398 1625 epistolam
1418 1578 1497 1615 diei
1515 1580 1559 1615 17
1577 1579 1710 1615 martii
1729 1579 1824 1616 1856
1841 1577 2052 1626 Singulari
2071 1578 2152 1626 qui-

1189 1631 1276 1668 dem
1303 1632 1397 1680 ipsis
1428 1633 1636 1681 Episcopis
1670 1632 1872 1669 Austriaci
1905 1633 2062 1680 Imperii
2088 1633 2154 1669 da-

1191 1691 1288 1730 tam,
1317 1686 1410 1722 Pius
1431 1686 1502 1735 Pp.
1523 1687 1577 1722 IX
1597 1699 1668 1734 per
1687 1687 1851 1734 singulis
1869 1686 2046 1723 articulis
2064 1697 2154 1723 con-

1187 1740 1414 1776 ventionem
1440 1740 1741 1788 diligentissime
1761 1740 2062 1777 commentariis
2087 1751 2154 1777 ex-

1189 1795 1388 1841 planabat.
1415 1794 1477 1831 Ne
1509 1806 1672 1842 nsquam
1701 1795 1852 1843 periret
1870 1794 2066 1831 memoria
2084 1794 2152 1831 hu·

1189 1849 1248 1885 ius
1275 1849 1515 1886 Concordati
1532 1878 1540 1893 ,
1568 1861 1642 1897 quo
1676 1861 1753 1884 non
1781 1854 1934 1886 tantum
1970 1849 2149 1885 Austria-

1193 1914 1264 1940 cae
1283 1903 1440 1940 ditionis
1458 1903 1595 1940 fideles
1613 1933 1621 1946 ‚
1650 1903 1720 1940 sed
1746 1904 1867 1940 etiarn
1894 1903 2078 1939 catholici
2098 1909 2153 1939 to-

1191 1959 1265 1994 tius
1300 1958 1406 1994 orbis
1442 1969 1687 2005 magnopere
1709 1958 1837 2005 gavisi
1862 1962 1968 2000 sunt,
1985 1967 2150 1993 aureum

1192 2012 1386 2048 numisma
1413 2024 1571 2049 cussum
1600 2012 1693 2055 fuit,
1724 2014 1832 2048 cuius
1860 2023 1910 2048 ex
1926 2022 2014 2056 ‚una
2039 2016 2153 2059 parte

1191 2072 1307 2102 erant
1336 2066 1395 2102 Pii
1424 2067 1494 2114 Pp.
1516 2067 1570 2102 IX
1598 2071 1639 2103 et
1657 2067 1914 2114 Imperatoris
1931 2072 2024 2102 ante
2043 2066 2154 2103 Chri-

1191 2127 1293 2157 stum
1322 2121 1632 2169 Redemptorem
1660 2121 1698 2156 in
1729 2132 1861 2169 genua
1890 2120 2153 2169 procumben-

1194 2176 1288 2211 tium
1308 2175 1472 2222 effigies,
1494 2176 1579 2222 ipso
1598 2176 1808 2212 Salvatore
1827 2186 1894 2212 eos
1914 2174 2149 2212 benedicen-

1194 2238 1246 2272 te,
1272 2235 1312 2265 et
1331 2230 1460 2266 altera
1479 2229 1679 2265 referebat
1705 2229 1962 2276 imperatoris
1979 2228 2103 2265 verba
2119 2230 2147 2272 ²,

1194 2283 1298 2319 facta
1316 2295 1404 2318 cum
1421 2283 1732 2330 Archiepiscopo
1747 2283 1978 2326 Viennensi,
1994 2281 2149 2331 quando

1193 2337 1237 2381 is,
1265 2348 1364 2384 quae
1392 2337 1428 2372 in
1458 2337 1654 2373 anteactis
1671 2337 1881 2385 Colloquiis
1907 2336 2149 2384 Episcopali-

1194 2392 1262 2427 bus
1289 2396 1439 2427 statuta
1465 2392 1638 2434 fuerant,
1668 2392 1705 2427 ei
1733 2392 1883 2438 scripta
1908 2391 2132 2428 exhibebat.

1237 2445 1298 2482 62.
1327 2445 1377 2481 In
1403 2445 1499 2481 aliis
1528 2445 1768 2481 Germaniae
1801 2444 2014 2482 ditionibus
2035 2467 2076 2472 ——
2103 2446 2144 2482 In

1194 2499 1400 2547 provincia
1442 2499 1715 2536 ecclesiastica
1756 2499 1884 2536 Rheni
1927 2499 2145 2548 superioris

1193 2555 1380 2602 pleraque
1397 2554 1590 2601 gubernia
1606 2555 1719 2602 plura
1732 2554 1904 2591 libertati
1916 2554 2142 2602 iuribusque

1239 2675 1246 2695 1
1266 2672 1329 2704 Viti.
1346 2672 1390 2705 La
1407 2671 1547 2705 Scienza
1563 2683 1579 2705 e
1593 2674 1734 2711 laFede,
1747 2674 2143 2716 v01.xxx‚Nap01i1855.

1235 2718 1250 2739 ‘2
1269 2719 1313 2750 En
1334 2720 1425 2752 verba
1446 2719 1663 2760 imperatoris:
1685 2719 1924 2753 «Concordiam
1941 2720 2058 2753 Sancta
2073 2730 2145 2755 cum

1191 2767 1270 2799 Sede
1291 2765 1428 2798 ineundo
1447 2790 1454 2804 ,
1473 2769 1505 2797 et
1521 2765 1696 2798 Christiani
1718 2772 1749 2799 et
1769 2766 1929 2809 Principis
1947 2771 2054 2809 partes
2073 2777 2146 2809 per-

1191 2814 1238 2853 egi
1259 2838 1265 2851 ‚
1288 2812 1378 2844 sideni
1405 2817 1435 2843 ct
1459 2821 1546 2852 spem
1575 2813 1604 2844 in
1642 2813 1747 2851 Eum,
1774 2821 1831 2855 per
1848 2822 1941 2855 quom
1966 2812 2070 2854 Reges
2096 2823 2147 2847 re—

1189 2864 1300 2897 gnant,
1317 2859 1409 2890 sactis
1429 2858 1570 2900 profiteri
1588 2860 1724 2898 glorior,
1740 2868 1800 2892 nec
1818 2860 1930 2900 ignoro
1943 2868 2037 2901 quam
2052 2868 2145 2900 egre-

1191 2906 1238 2943 :zic
1250 2905 1415 2937 societatis
1428 2904 1536 2938 civilis
1550 2905 1714 2938 vinculum
1729 2906 1840 2937 intimo
1853 2905 2036 2946 Religionis
2045 2914 2143 2939 sensu

1190 2952 1414 2983 confirmetur.
1436 2950 1523 2989 Quae
1543 2951 1700 2991 promisi,
1718 2961 1754 2985 ca
1773 2977 1781 2991 ,
1799 2961 1883 2994 quae
1900 2952 2003 2984 virum
2023 2956 2055 2984 et
2082 2952 2145 2985 lm-

1191 3002 1370 3038 peratorcin
1391 2997 1496 3035 «lecet,
1517 2996 1670 3030 fidelitate
1688 2998 1875 3031 executioni
1895 2997 2069 3037 mandabo;
2087 2999 2141 3032 sed

1191 3048 1313 3075 tantuin
1334 3053 1414 3084 opus
1435 3052 1496 3075 non
1523 3043 1584 3075 nisi
1604 3045 1703 3076 unitis
1722 3044 1844 3078 viribus
1867 3045 1904 3078 ad
1929 3044 2051 3077 exitum
2081 3054 2142 3077 un-

1189 3090 1356 3131 dequaque
1376 3089 1507 3130 perduci
1527 3094 1645 3129 potest.
1668 3089 1815 3123 Vestrum
1834 3092 1907 3131 crit,
1929 3090 2141 3124 neven—endis-

1189 3136 1257 3166 suni
1278 3136 1452 3167 Antistitcs
1470 3162 1477 3174 ‚
1499 3135 1620 3168 Mecum
1640 3142 1672 3168 et
1691 3138 1775 3169 inter
1792 3147 1846 3170 vos
1870 3137 1957 3179 ipsos
1975 3137 2141 3177 conspira-

1190 3190 1235 3218 γυ,
1254 3186 1287 3212 ut
1306 3182 1383 3213 tides
1402 3187 1434 3213 et
1453 3181 1558 3213 onmis
1575 3184 1652 3214 recti
1673 3183 1865 3225 honestique
1880 3184 1969 3223 vigor
1981 3183 2063 3224 apud
2080 3192 2139 3216 nos

1189 3228 1314 3265 noi-eat,
1337 3227 1516 3268 ulmi-esque
1535 3227 1651 3261 salutis
1669 3238 1705 3261 ac
1724 3230 1810 3270 pacis
1829 3230 1956 3262 fructus
1974 3227 2067 3260 serat.
2088 3229 2140 3262 Fi-

177 3274 239 3295 ¹'‘r¹⁵
257 3264 551 3299 O‘JVlCSiaSLi‘fssS
572 3262 823 3310 PCFffllssUiist,
841 3273 1008 3308 quorum
1030 3261 1136 3297 ”Ulla
1187 3274 1309 3305 [lucit-un
1330 3282 1360 3304 ιιι
1390 3273 1436 3303 Mu
1463 3273 1602 3310 habete,
1629 3280 1722 3315 prout
1753 3275 1781 3306 in
1810 3275 1903 3308 Vobis
1929 3274 1992 3315 ssgo
2025 3274 2137 3308 liabeo.

178 3316 212 3349 in
241 3318 522 3353 Conventionis
550 3316 725 3352 articulis
753 3316 900 3352 mentio
930 3317 1033 3351 tarta
1061 3322 1134 3357 est,

1189 3318 1270 3350 llrus
1290 3317 1453 3349 nobiscum
1472 3319 1533 3349 crit
1553 3332 1582 3348 ι».
