2241 3473
765 109 889 142 VSQVE
916 111 969 138 An
998 110 1167 140 scmsMA
1196 111 1424 140 OCCIDENTIS

116 181 200 225 tus,
217 177 258 216 in
286 176 429 214 itinere
459 175 592 213 morbo
613 177 816 225 correptus
835 178 916 223 est,
935 178 975 215 et
994 188 1053 214 an.

119 230 277 270 1274111
305 229 539 268 monasterio
567 229 811 268 Cisterciensi
841 230 1008 268 decessit
1030 229 1053 267 ¹.

115 285 189 323 Vir
207 283 428 327 sanctitate,
448 282 680 328 eruditione,
702 283 844 332 ingenii
866 283 1055 321 subtilita-

115 341 154 377 te
172 339 213 375 et
232 336 494 374 foecunditate
514 337 626 385 plane
646 335 829 380 eximius,
851 336 1054 385 theologo-

114 401 199 429 rum
219 389 333 427 facile
354 390 544 438 princeps,
564 389 722 438 reliquit
741 389 908 438 plurima
924 401 1055 437 opera,

114 443 218 482 inter
245 454 344 492 quae
363 443 555 480 eminent:
576 443 849 480 Commentarii
872 443 906 479 in
937 443 1054 480 libros

114 496 359 541 Aristotelis,
384 496 552 534 Summa
572 496 679 534 Fidei
708 498 843 533 contra
868 495 1054 544 gentiles,

113 549 392 588 Commentarii
413 551 451 587 in
471 560 622 587 sacram
645 548 890 597 Scripturam
911 551 950 586 et
969 548 1006 585 in
1030 550 1052 585 4

113 602 231 641 libros
249 603 540 641 Sententiarum
562 632 571 648 ,
603 602 764 640 Summa
793 602 825 639 Τ
829 601 1029 651 lieologiae
1045 631 1054 647 ,

114 655 371 699 Quaestiones
389 655 673 705 quodlibeticae
691 657 731 692 et
753 654 983 704 disputatae,
1004 654 1051 692 O-

114 710 274 759 puscula
293 710 340 755 de
360 709 478 747 variis
497 708 736 758 argumentis
760 706 787 746 ².

169 763 248 802 Leo
282 763 352 812 Pp.
374 762 488 806 XIII,
516 764 545 810 f.
567 774 624 807 r.,
653 760 824 810 Epistola
853 761 1053 810 encyclica

115 816 192 854 diei
212 819 236 854 4
255 818 411 865 august.
431 815 543 860 1879,
563 816 738 852 Aeterni
755 816 917 861 Patris,
937 826 1050 863 quam

114 869 228 908 enixe
243 870 422 908 hortatur
438 872 480 906 ut
492 868 538 906 ad
551 868 766 906 catholicae
782 867 871 905 fidei
887 868 1051 906 tutelam

113 926 153 961 et
172 923 312 968 decus,
332 923 380 960 ad
401 921 596 959 societatis
616 921 781 968 bonum,
801 921 850 959 ad
869 921 1052 959 scientia-

114 988 203 1014 rum
237 976 409 1014 omnium
447 974 728 1012 incrementum
767 986 928 1013 auream
962 975 1051 1012 Divi

113 1029 287 1067 Thomae
307 1029 438 1078 sapien
448 1028 543 1065 tiam
556 1028 801 1074 restituatur,
815 1031 853 1066 et
869 1040 983 1076 quam
1003 1028 1054 1065 la-

113 1083 262 1120 tissime
282 1083 544 1132 propagetur3
573 1082 785 1120 doctrinam
814 1082 975 1130 ideoque
995 1082 1050 1118 A-

113 1136 283 1185 quinatis
302 1135 483 1175 studeant
502 1135 681 1184 magistri
708 1134 746 1172 in
775 1135 1050 1184 discipulorum

111 1190 262 1227 animos
289 1189 502 1227 insinuare.
533 1189 679 1226 Postea
709 1199 777 1237 per
797 1190 924 1226 Breve
951 1189 1050 1226 Cum

113 1242 200 1288 hoc,
221 1242 294 1280 diei
311 1244 335 1280 4
351 1246 506 1290 august.
532 1241 645 1289 1880,
663 1242 848 1280 Summus
869 1242 1051 1280 Pontifex

113 1296 163 1333 ad
183 1307 425 1334 communem
453 1295 650 1334 societatis
679 1295 872 1333 humanae
899 1295 1051 1333 utilita-

111 1352 193 1387 tem
206 1379 216 1397 ‚
236 1361 266 1387 s.
288 1349 478 1387 Thomam
510 1349 715 1386 Doctorem
742 1349 971 1398 Angelicum
991 1349 1052 1386 U·-

114 1402 390 1441 niversitatum
410 1403 643 1449 studiorum,
657 1403 967 1449 Academiarum,
981 1403 1053 1451 Ly-

115 1468 272 1494 ceorum
287 1485 296 1501 ,
329 1457 558 1494 Scholarum
592 1456 867 1494 catholicarum
900 1457 1052 1494 Patro-

111 1521 214 1548 num
234 1509 459 1548 solemniter
475 1510 702 1548 declaravit.

162 1563 225 1601 37.
240 1563 680 1602 S.Bonaventm·a—D.
694 1564 866 1601 Thomae
879 1563 1052 1611 aequalis

112 1615 186 1654 fuit
205 1628 235 1655 s.
251 1616 541 1671 Bonaventura,
557 1617 622 1665 qui
643 1628 703 1654 an.
728 1617 826 1655 1221
848 1616 1051 1654 Balneore-

112 1669 165 1719 gii
185 1670 224 1707 in
252 1670 441 1708 Hetruria
460 1674 574 1708 natus
594 1672 634 1707 et
653 1681 714 1708 an.
738 1670 840 1708 1243
866 1670 1049 1708 Ordinem

112 1735 141 1761 S.
168 1723 363 1761 Francisci
391 1724 608 1772 ingressus,
629 1723 790 1761 Parisiis
818 1724 1050 1772 magistrum

111 1776 250 1814 habuit
286 1777 552 1815 Alexandrum
592 1778 638 1814 de
673 1777 803 1815 Hales.
840 1778 1051 1826 Postquam

111 1829 288 1869 Doctoris
308 1831 443 1868 laurea
463 1830 693 1880 insignitus,
713 1842 864 1868 sacram
891 1830 1047 1867 theolo-

110 1883 215 1931 giam
235 1883 273 1921 in
292 1884 557 1922 Universitate
578 1883 791 1921 Parisiensi
811 1883 1051 1929 tradidisset,

109 1947 211 1974 anno
229 1937 330 1976 1256
345 1937 490 1975 electus
505 1937 578 1975 fuit
593 1937 794 1974 Generalis
812 1937 967 1974 Ordinis
983 1937 1051 1974 mi-

111 1989 246 2038 nister3
267 1990 408 2028 deinde
428 2002 451 2027 a
472 1991 660 2040 Gregorio
677 1990 748 2039 Pp.
764 1990 803 2028 X
819 1990 1052 2029 constitutus

109 2043 317 2082 cardinalis
346 2044 544 2094 episcopus
572 2044 826 2090 Albanensis,
855 2043 951 2081 obiit
979 2056 1050 2082 an-

110 2108 158 2134 no
182 2096 281 2134 1274
301 2095 328 2135 ³.
352 2097 468 2135 Vitae
487 2097 692 2135 sanctitate
712 2109 757 2135 ac
777 2097 951 2136 doctrina
970 2098 1051 2136 cla-

110 2161 200 2197 rus,
219 2151 377 2200 reliquit
396 2151 660 2200 expositiones
687 2151 725 2188 in
747 2151 883 2188 Libros
904 2163 1050 2197 sacros,

110 2203 398 2242 Commentaria
425 2205 464 2241 in
485 2205 718 2254 Magistrum
740 2204 1028 2243 Sententiarum
1042 2235 1051 2251 ,

109 2256 337 2331 Sermones,
370 2257 567 2308 Opuscula
596 2257 759 2296 moralia
786 2261 902 2307 atque
939 2270 1050 2296 asce-

109 2310 190 2350 tica
227 2339 236 2348 .

162 2362 225 2401 38.
252 2364 432 2402 Clemens
452 2365 522 2402 IV
534 2366 734 2413 Pontifex
752 2364 840 2415 (an.
865 2365 981 2415 1265)
999 2387 1050 2393 -

108 2416 306 2455 Mensibus
325 2417 404 2455 fere
424 2418 596 2467 quinque
624 2421 709 2468 post
728 2421 893 2456 mortem
917 2419 1048 2457 Urba-

109 2470 148 2508 ni
173 2469 249 2518 IV,
286 2482 386 2508 anno
421 2471 522 2510 1265
557 2473 754 2510 communi
783 2471 1047 2511 Cardinalium

149 2565 161 2587 ¹
178 2566 210 2596 Α,
226 2565 361 2603 Touron,
383 2563 434 2597 Vde
445 2564 482 2596 de
493 2574 516 2596 s.
532 2565 667 2598 Thomas
679 2565 829 2606 d’Aquin,
851 2567 936 2597 Paris
960 2567 1048 2605 1737,

108 2607 139 2638 111
155 2606 207 2645 4Ο;
226 2607 267 2637 De
283 2606 406 2642 Rubeis,
432 2607 503 2638 Vita
518 2610 549 2638 et
563 2609 652 2647 qesta
668 2617 692 2640 s.
713 2607 852 2639 Thomae
867 2608 1050 2649 Aquinalis,

107 2648 211 2680 Venet.
229 2647 319 2684 1750,
335 2648 435 2679 in·sol.

147 2690 162 2712 ²
176 2691 291 2721 Romae
310 2689 408 2727 1570,
436 2688 473 2719 18
500 2694 583 2726 tom„
613 2693 642 2721 et
669 2690 764 2721 Paris.
793 2690 886 2729 1636,
908 2690 948 2722 23
975 2695 1045 2723 tom.

107 2731 211 2762 in-fol.
227 2749 264 2754 —
279 2732 337 2762 Leo
362 2732 414 2770 Pp.
431 2730 518 2768 XIII,
533 2730 555 2770 f.
572 2740 610 2765 r.,
627 2741 687 2771 quo
711 2732 802 2762 latius
830 2733 1046 2764 disseminetur

107 2773 247 2814 Angelici
263 2773 403 2803 Doctoris
419 2773 584 2812 sapientia,
596 2773 697 2803 omnia
710 2773 777 2804 eius
791 2773 893 2812 Opera
910 2774 947 2805 de
964 2776 1046 2806 inte-

107 2821 166 2854 gro
178 2815 352 2854 nuperrime
368 2814 398 2844 in
413 2813 512 2844 lucem
525 2813 615 2844 edere
628 2815 741 2845 Romae
761 2816 930 2852 constituit,
947 2821 1046 2848 motu-

107 2857 246 2895 proprio,
257 2855 387 2888 Placere
401 2854 508 2894 Nobis,
524 2854 582 2885 diei
597 2853 634 2885 18
652 2855 769 2886 ianuar.
785 2855 878 2893 1880;
893 2865 983 2896 quae,
995 2867 1045 2888 su-

107 2905 163 2936 per
178 2898 365 2937 exemplaria
381 2897 466 2928 iussu
483 2906 507 2927 s.
524 2895 568 2926 Pii
586 2897 606 2925 V
623 2896 780 2936 evulgata,
799 2898 921 2936 optimis
939 2899 1044 2930 formis

107 2939 280 2970 litterarum
297 2947 444 2979 expressa
461 2937 632 2974 (voantur,
654 2937 692 2968 iis
714 2938 806 2968 etiam
822 2938 967 2970 adhibitis
990 2949 1045 2971 co-

108 2980 208 3011 dicum
230 2981 510 3019 manuscriptorum
526 2978 688 3015 subsidiis,
704 2988 783 3019 quae
796 2983 895 3011 aetate
912 2981 970 3012 hac
987 2990 1045 3013 no-

107 3025 173 3054 stra
187 3023 218 3053 in
233 3022 332 3053 lucem
348 3026 377 3053 et
392 3030 478 3052 usum
496 3020 617 3060 prolata
633 3025 712 3051 sunt.

150 3063 165 3086 3
179 3064 208 3094 Ρ.
225 3062 330 3099 Boule,
352 3062 492 3095 Histoire
514 3061 646 3101 abreyee
668 3060 705 3092 de
727 3061 758 3093 Ia
782 3062 839 3098 vie,
862 3061 915 3094 des
937 3065 1044 3096 vertas

107 3107 138 3137 el
152 3104 196 3136 du
210 3104 295 3136 cutte
310 3104 348 3136 de
363 3114 387 3135 s.
405 3103 642 3139 Beneventum,
663 3104 743 3143 Lyon
761 3102 854 3139 1747,
871 3105 900 3134 in
917 3103 959 3135 8⁰.

147 3147 292 3219 ῗβοῐιιίἐιε
315 3145 412 3185 1588,
433 3145 452 3177 8
476 3145 534 3176 vol.
557 3146 587 3177 in
611 3145 677 3184 sol„
700 3145 804 3177 Venet.
829 3144 982 3186 1751-56,
1006 3146 1045 3178 14

109 3195 146 3219 vo
161 3212 167 3219 .
183 3197 216 3219 111
272 3212 278 3219 .

1932 101 1983 138 73

1097 176 1283 226 suffragio
1304 175 1484 215 Pontifex
1510 175 1657 214 electus
1675 173 1750 213 fuit
1768 173 1892 212 Guido
1911 174 2034 212 Gros-

1097 242 1179 276 sus,
1192 229 1567 277 Gallus,cardinalis
1586 228 1785 277 episcopus
1802 227 2034 265 Narbonen-

1097 284 1161 329 sis,
1182 285 1341 329 absens,
1362 283 1466 321 vitae
1487 283 1702 332 probitate,
1722 281 1816 319 iuris
1837 280 1977 330 peritia
1997 284 2037 318 et

1098 337 1133 374 in
1156 338 1273 375 rebus
1303 337 1483 386 gerendis
1512 335 1667 374 solertia
1697 334 2035 380 commendandus,

1098 390 1161 438 qui
1182 391 1253 428 sub
1274 390 1427 427 nomine
1441 389 1648 428 Clementis
1665 388 1718 426 IV
1735 387 1948 425 Ecclesiam
1969 399 2034 435 gu-

1096 444 1276 481 bernavit
1303 444 1327 480 3
1348 443 1456 480 annis
1478 446 1516 480 et
1535 443 1559 480 9
1580 441 1772 479 mensibus
1797 439 1818 478 ¹.
1841 440 1941 482 Quid
1970 440 2034 477 hic

1099 495 1278 533 Pontifex
1298 507 1366 545 pro
1382 495 1655 545 componendis
1671 495 1784 532 rebus
1795 493 1936 532 Siculis
1950 505 2036 542 ege-

1096 549 1165 594 rit,
1185 549 1353 598 quidque
1374 560 1442 597 pro
1471 548 1714 587 terminanda
1740 547 1807 585 lite
1836 547 1940 585 inter
1959 547 2033 584 Ri-

1095 603 1280 640 chardum
1301 603 1340 639 et
1360 602 1540 639 Iacobum
1563 602 1609 638 de
1630 601 1790 650 imperio
1806 600 2034 638 contenden-

1095 658 1152 692 tes
1190 667 1235 693 ac
1273 666 1342 704 pro
1380 655 1617 692 concilianda
1661 654 1802 691 unione
1839 653 2034 691 Ecclesiae

1095 709 1267 746 Graecae
1282 720 1367 746 cum
1380 708 1522 746 Latina
1541 707 1768 753 tentaverit,
1784 718 1902 756 supra
1917 707 2031 756 signi-

1094 761 1310 800 ficavimus.
1339 761 1476 799 Carolo
1507 760 1779 809 Andegavensi
1809 760 2031 809 gratulatus

1093 817 1153 853 est
1171 815 1375 852 victoriam
1392 815 1439 852 de
1452 814 1670 859 ManfredO,
1685 814 1750 862 qui
1769 813 1806 850 in
1825 813 1959 851 Sicilia
1975 816 2034 862 ty-

1094 868 1299 906 rannidem
1321 870 1581 916 occupaverat
1599 865 1626 912 ²,
1647 870 1686 904 et
1706 867 1964 904 Conradinum
1987 879 2031 903 u-

1093 925 1320 971 surpantem
1340 921 1499 959 titulum
1517 920 1636 969 Regis
1653 919 1811 957 Siciliae
1831 920 2034 957 innodavit

1095 976 1356 1014 anathemate.
1378 975 1516 1012 Iacobo
1537 973 1760 1022 Aragoniae
1781 976 1819 1010 et
1838 973 2033 1022 Alphonso

1094 1029 1285 1066 Castellae
1309 1029 1464 1078 regibus
1486 1028 1534 1065 ad
1555 1026 1861 1076 prosequendum
1893 1027 2032 1064 bellum

1093 1086 1229 1120 contra
1240 1082 1398 1120 Mauros
1414 1081 1660 1119 centesimam
1677 1082 1825 1129 partem
1837 1080 2032 1117 redituum

1094 1136 1445 1173 ecclesiasticorum
1467 1135 1506 1172 in
1528 1146 1658 1171 eorum
1680 1133 1812 1182 regnis
1833 1133 2031 1171 concessit.

1095 1191 1127 1226 A
1146 1190 1242 1227 Bela
1262 1201 1353 1239 rege
1375 1188 1603 1237 Hungariae
1625 1188 1812 1225 adversus
1833 1186 2033 1233 Tartaros,

1095 1243 1162 1291 qui
1182 1243 1380 1292 Hungaris
1407 1245 1447 1280 et
1465 1241 1621 1279 Polonis
1649 1240 1948 1286 minitabantur,
1968 1240 2032 1277 in-

1095 1296 1348 1345 terpellatus,
1377 1295 1590 1334 Colociensi
1621 1296 1661 1332 et
1689 1293 1945 1342 Strigoniensi
1965 1304 2032 1331 ar-

1094 1349 1346 1398 chiepiscopis
1383 1350 1617 1398 potestatem
1656 1347 1747 1385 fecit
1786 1346 2035 1396 praedicandi

1095 1403 1309 1441 cruciatam
1339 1403 1532 1440 militiam.
1559 1402 1619 1439 Ad
1648 1401 1925 1439 restituendam
1962 1412 2035 1448 pa-

1095 1468 1176 1494 cem
1198 1457 1239 1494 in
1264 1456 1400 1503 Dauia,
1419 1456 1484 1494 ubi
1505 1455 1666 1492 iunioris
1685 1454 1790 1503 regis
1810 1453 1915 1491 Erici
1933 1453 2034 1491 iner-

1093 1510 1149 1548 tia
1169 1510 1384 1548 discordiae
1405 1510 1658 1554 fovebantur,
1679 1510 1718 1545 et
1746 1507 1948 1556 praesules
1969 1519 2036 1545 ec-

1095 1563 1302 1601 clesiastici
1322 1563 1456 1602 multis
1476 1563 1587 1600 vexis
1615 1563 1727 1598 erant
1752 1560 1927 1606 obnoxii,
1946 1560 2037 1597 illuc

1094 1617 1307 1654 destinavit
1323 1617 1541 1654 Guidonem
1563 1614 1815 1659 cardinalem,
1833 1614 1944 1662 eique
1964 1613 2037 1651 Se-

1096 1670 1152 1708 dis
1174 1670 1422 1719 Apostolicae
1442 1670 1677 1718 legationem
1707 1680 1774 1717 pro
1796 1667 1920 1705 Dania
1947 1667 2036 1704 fini-

1095 1723 1275 1772 timisque
1305 1724 1529 1773 regionibus
1558 1721 1735 1759 credidit.
1764 1722 1805 1758 In
1832 1720 2036 1769 Angliam,

1095 1777 1132 1814 in
1157 1789 1232 1826 qua
1251 1777 1439 1814 baronum
1461 1776 1499 1813 in
1523 1776 1731 1813 Henricum
1753 1786 1884 1823 regem
1905 1774 1960 1811 III
1979 1786 2035 1811 re·

1095 1830 1325 1868 bellionibus
1343 1842 1405 1868 res
1426 1829 1601 1879 publicae
1631 1828 1873 1877 deperibant,
1891 1828 2038 1876 legavit

1095 1884 1331 1921 Ottobonum
1357 1884 1559 1921 diaconum
1580 1881 1815 1919 cardinalem
1829 1911 1838 1927 ,
1863 1880 1927 1928 qui
1947 1892 2037 1918 coa-

1095 1939 1158 1974 cta
1175 1937 1349 1976 311.1267
1368 1937 1469 1986 apud
1486 1935 1787 1974 Nortantoniam
1804 1935 2038 1985 synodo‚re-

1095 1990 1213 2028 belles
1251 1989 1644 2028 excommunicationi
1675 1989 1864 2033 subdidit,
1887 1989 1924 2025 et
1952 1987 2036 2037 regi

1093 2056 1162 2093 per
1181 2045 1204 2081 7
1225 2056 1346 2082 annos
1366 2044 1557 2081 decimam
1581 2042 1928 2080 ecclesiasticorum
1949 2053 2036 2090 pro-

1095 2101 1284 2135 ventuum
1316 2097 1528 2143 concessit,
1558 2096 1590 2133 si
1627 2095 1837 2133 necessitas
1875 2094 2036 2145 gerendi

1095 2154 1230 2189 contra
1250 2150 1415 2189 rebelles
1435 2151 1526 2188 belli
1546 2150 1583 2187 id
1613 2149 1809 2198 exigeret3
1829 2150 1878 2187 ad
1907 2147 2035 2186 refor-

1094 2205 1276 2242 mandam
1299 2216 1394 2242 vero
1415 2204 1656 2253 disciplinam
1678 2203 1717 2240 in
1739 2202 1860 2249 clero,
1881 2202 1920 2239 in
1948 2213 2034 2239 mo-

1094 2259 1226 2296 nachis
1246 2261 1285 2295 et
1305 2257 1447 2307 populo
1469 2269 1569 2295 anno
1590 2258 1776 2305 sequente
1798 2255 2035 2293 nationalem

1093 2312 1286 2360 synodum
1306 2323 1354 2349 ex
1377 2311 1532 2361 Anglia,
1554 2311 1688 2348 Scotia
1712 2312 1751 2346 et
1768 2308 1952 2347 Hibernia
1971 2308 2034 2345 in-

1094 2365 1195 2403 dixit
1208 2365 1387 2410 Londini,
1398 2364 1435 2401 in
1455 2376 1530 2413 qua
1541 2364 1591 2401 54
1604 2363 1774 2413 capitula
1789 2363 1891 2400 edita
1903 2359 2034 2412 suntflss.

1146 2418 1289 2468 Magno
1309 2418 1444 2456 dolore
1473 2418 1635 2455 affectus
1664 2418 1722 2454 est
1741 2416 1917 2454 Clemens
1936 2414 1992 2452 IV
2013 2426 2033 2451 e

1093 2472 1432 2521 progressionibus
1454 2472 1675 2509 Turcarum
1696 2470 1734 2506 in
1756 2468 1872 2518 Syria
1892 2471 1932 2505 et
1952 2467 2033 2505 Pa-

1092 2525 1286 2571 laestina;
1321 2525 1554 2563 christianos
1583 2523 1777 2573 principes
1805 2521 1974 2559 maxime
2004 2532 2032 2559 s.

1092 2579 1334 2617 Ludovicum
1360 2590 1494 2627 regem
1515 2578 1666 2615 Galliae
1681 2605 1690 2622 ,
1709 2576 1756 2613 ad
1786 2587 1895 2624 opem
1917 2573 2032 2612 Chri-

1092 2632 1227 2670 stianis
1247 2632 1384 2682 Syriae
1405 2631 1605 2669 ferendam
1623 2628 1824 2675 excitavit,
1842 2627 1953 2676 eique
1973 2627 2034 2665 de-

1092 2685 1232 2723 cimam
1252 2686 1449 2731 redituum
1479 2683 1832 2722 ecclesiasticorum
1853 2681 1891 2718 in
1911 2691 2032 2729 regno

1091 2750 1160 2776 suo
1190 2751 1259 2787 per
1288 2738 1497 2776 triennium
1527 2748 1594 2786 pro
1622 2735 1723 2773 bello
1744 2746 1855 2772 sacro
1876 2734 1981 2772 dedit
2002 2733 2028 2772 ⁴.

1090 2791 1269 2830 Mortuus
1290 2796 1348 2830 est
1367 2790 1532 2828 Viterbii
1549 2801 1647 2827 anno
1667 2788 1767 2826 1268
1786 2799 1873 2825 cum
1895 2789 2030 2826 extre-

1090 2857 1196 2882 mum
1218 2844 1438 2883 novembris
1459 2846 1578 2890 esset3
1600 2841 1728 2890 ibique
1749 2841 1944 2891 sepultus,
1965 2840 2028 2878 ubi

1130 2938 1141 2958 ¹
1159 2939 1218 2970 Nec
1239 2938 1316 2969 diem
1335 2946 1390 2968 nec
1406 2944 1542 2966 mensem
1560 2933 1719 2966 electionis
1747 2934 1812 2966 eius
1839 2933 1920 2974 apud
1943 2937 2030 2965 vetu—

1088 2980 1200 3011 stiores
1226 2980 1399 3018 Scriptores
1428 2978 1590 3008 invenitur.
1618 2978 1750 3008 Litterae
1781 2985 1853 3006 vero
1881 2984 1959 3015 quas
1992 2977 2029 3007 de

1088 3025 1173 3052 tanto
1202 3023 1346 3059 suscepto
1377 3028 1470 3050 onere
1502 3018 1637 3049 Pontifex
1664 3018 1806 3058 scripsit,
1833 3017 1925 3048 datae
1957 3022 2028 3049 sunt

1088 3067 1198 3093 octavo
1217 3062 1363 3132 calengas
1380 3061 1507 3091 martias
1525 3069 1574 3091 an.
1592 3059 1678 3092 1265.

1128 3104 1141 3125 '2
1159 3103 1224 3133 Vid.
1264 3128 1268 3132 .
1286 3102 1304 3133 6

1127 3145 1141 3166 3
1158 3112 1268 3181 Labbg,
1289 3141 1406 3175 Concil.
1424 3147 1443 3174 t.
1458 3140 1513 3180 XI,
1528 3152 1557 3182 p.
1573 3142 1630 3174 857
1649 3146 1680 3173 et
1695 3141 1754 3172 866

1128 3186 1141 3208 ⁴
1158 3184 1334 3225 Raynaldus
1350 3188 1379 3216 ct
1394 3185 1590 3225 Spondauus,
1606 3184 1644 3215 ad
1661 3193 1710 3216 an.
1723 3182 1870 3215 1265-68.
