2241 3473
739 155 865 186 VSQVE
895 154 948 180 Ao
978 152 1119 180 ORTVM
1148 153 1353 181 ISLAMISMI

69 221 216 262 stantia
229 219 469 258 obstiterunt
488 221 527 258 in
552 221 686 269 primis
705 219 924 269 Eutychius
945 229 1015 267 pa-

71 274 247 313 triarcha
258 273 367 322 Cp.et
379 274 610 311 Anastasius
620 273 898 316 Antiochenus,
910 270 1015 308 mul-

69 327 196 374 tisque
224 326 557 364 cohortationibus
585 327 633 363 ad
666 324 929 363 revocandum
969 324 1017 360 ab

70 389 201 417 errore
238 378 516 426 imperatorem
541 379 611 423 usi,
633 377 900 421 ostenderunt,
921 376 1018 413 eius—

68 430 169 469 modi
189 430 403 467 doctrinam
425 431 730 478 Scripturarum,
747 429 1016 477 Apostolorum

69 483 310 530 Patrumque
339 483 570 521 testimoniis
599 482 811 520 adversari.
843 481 1019 517 Iustinia-

68 547 141 573 nus
160 535 219 572 his
239 535 673 584 offensus,Entycliium
695 535 761 582 Cp.
784 534 961 582 deposuit
982 536 1020 569 et

70 587 274 636 relegavit.
305 588 401 624 Cum
441 600 534 624 vero
572 588 747 624 eamdem
783 586 1019 623 sententiam

69 645 208 678 contra
244 641 493 677 Anastasium
533 640 820 676 Antius-henum
859 641 898 675 et
928 638 1022 674 alios

69 692 322 737 dictaret,an.
343 692 421 729 ¹565
436 695 559 728 morte
588 692 764 729 sublatus
795 694 854 728 est
875 690 900 728 ¹.
923 691 1021 727 Eum

69 745 294 794 priusquam
325 753 554 790 moreretur,
571 745 618 781 ab
639 756 770 781 errore
801 743 1023 792 resipuisse,

71 797 193 835 credit
210 797 400 834 Baronius
421 795 447 833 ².

124 849 365 887 Iustinianus
400 848 610 896 plurimum
641 849 807 886 contulit
836 848 930 886 iuris
959 848 1023 884 in-

70 900 444 949 staurationi.Opera
459 902 561 937 enim
576 901 808 939 selectorum
823 903 954 938 decem
970 901 1024 936 iu-

71 953 352 1003 risperitorum,
371 954 510 1001 quibus
541 961 723 1002 praeerat
752 953 1029 997 Tribonianus,

72 1008 342 1059 Romanorum
363 1006 579 1054 principum
610 1007 716 1055 leges
737 1007 775 1044 in
799 1018 916 1043 unum
939 1017 1028 1042 cor-

71 1071 155 1109 pus,
181 1058 361 1096 Codicem
383 1059 706 1105 Iuste'm'aneum,
726 1059 901 1107 collegit3
922 1058 1027 1094 iudi-

72 1123 174 1158 cum,
190 1113 230 1148 et
249 1110 549 1159 magistratuum
568 1116 746 1149 veterum
776 1122 961 1160 responsa
990 1112 1030 1147 et

73 1165 227 1202 decreta
255 1163 292 1200 in
322 1164 441 1200 libros
469 1164 521 1201 50
547 1165 755 1213 congessit,
777 1176 875 1213 qnae
905 1164 1028 1211 De'ye-

73 1222 138 1254 sta
167 1227 236 1253 seu
266 1215 498 1253 Panda-tae
536 1218 806 1261 nominantur;
835 1217 873 1253 in
918 1227 1027 1252 usum

73 1269 269 1307 studiosae
290 1268 507 1305 iuventutis
529 1268 648 1307 libros
666 1271 689 1306 4
711 1270 1027 1307 Inste'tutionmn

73 1321 205 1367 edidit,
225 1321 406 1370 legesque
426 1333 447 1358 a
468 1333 507 1357 se
528 1322 663 1369 editas,
676 1324 867 1360 Not-ellac
878 1326 917 1358 et
937 1322 1028 1358 Au-

79 1375 291 1419 thentz'cas,
312 1374 350 1410 in
373 1385 489 1410 unum
505 1374 685 1412 volumen
707 1376 869 1424 redegit.

127 1426 190 1464 43.
213 1427 407 1463 Iustinus
436 1426 486 1463 II
505 1429 729 1475 imperator
759 1430 845 1478 (cm.
867 1425 1029 1475 565).—

76 1479 290 1517 Iustiniano
306 1478 389 1516 vita
409 1478 556 1525 functo,
573 1480 706 1530 imperi
714 1493 777 1518 um
795 1482 956 1530 adeptus
972 1482 1031 1515 est

76 1532 249 1570 Iustinus
278 1531 338 1576 ΙΙ,
368 1531 608 1579 vigilantiae
644 1534 851 1570 Iustiniani
890 1532 1030 1570 sororis

74 1584 199 1630 filius,
219 1585 283 1632 qui
316 1595 438 1632 usque
468 1585 515 1620 ad
544 1597 690 1624 annum
712 1587 789 1624 578
809 1585 1029 1635 imperavit.

76 1637 168 1675 Fuit
187 1637 220 1674 is
239 1636 316 1673 fide
337 1636 549 1675 catholicus
563 1669 571 1683 ,
592 1641 659 1676 sed
682 1640 858 1676 moribus
879 1638 1031 1682 foedus3

75 1701 210 1739 pacem
242 1689 416 1727 ecclesiis
436 1691 644 1729 conciliare
665 1694 825 1729 conatus
845 1696 920 1736 est3
942 1702 1031 1727 exu-

75 1745 131 1780 les
151 1742 347 1790 episcopos
373 1744 592 1791 revocavit3
613 1745 661 1781 ad
684 1745 886 1782 universos
906 1744 1030 1791 impe-

76 1795 125 1832 rii
144 1795 205 1832 sui
225 1794 464 1831 Christianos
484 1796 652 1834 edictum
674 1798 799 1844 dedit,
820 1809 892 1845 quo
916 1796 1032 1833 fidem

77 1859 189 1885 suam
211 1851 348 1884 contra
368 1848 547 1886 haereses
567 1850 778 1898 professus,
795 1862 928 1887 omnes
949 1850 1034 1885 hor-

76 1904 185 1938 tatus
215 1903 284 1946 est,
306 1902 349 1936 ut
369 1900 417 1936 ad
438 1900 544 1938 Fidei
567 1906 607 1939 et
626 1903 821 1940 Ecclesiae
843 1902 1032 1939 unitatem

76 1952 343 1991 convenirent.
366 1953 534 2000 Imperio
561 1956 797 1993 moderando
818 1956 972 2003 ineptus
994 1956 1034 1990 et

77 2006 297 2044 dementiae
313 2016 383 2053 per
405 2006 614 2045 intervalla
647 2009 848 2053 obnoxius,
879 2020 939 2045 an.
957 2007 1033 2044 574

79 2057 280 2096 Tiberium
308 2057 461 2107 im'perii
489 2060 679 2109 collegam
718 2061 895 2099 adscivit.
926 2060 1034 2097 Bello

79 2110 310 2160 gravissimo
344 2111 544 2159 impetitus
582 2113 655 2151 fuit
684 2125 707 2150 a
735 2115 905 2151 Chosroe
942 2124 1034 2161 rege

80 2164 307 2207 Persarum,
327 2164 393 2210 qui
414 2164 492 2201 iam
514 2176 537 2202 a
565 2166 771 2204 Iustiniani
795 2165 1036 2215 temporibus

79 2215 223 2254 bellum
243 2215 404 2252 Graecis
431 2217 620 2256 intulerat
639 2221 678 2256 et
697 2219 875 2257 civitates
895 2217 1035 2267 Syriae

80 2271 121 2306 et
156 2267 460 2317 Mesopotamiae
505 2271 831 2320 depraedabatur.
870 2270 1036 2319 Saepius

79 2321 239 2370 quidem
250 2320 352 2358 inter
366 2332 480 2370 reges
492 2323 704 2361 Persarum
721 2328 761 2362 et
777 2324 1036 2362 Iustinianum

79 2373 272 2421 huiusque
292 2373 333 2410 in
354 2374 518 2422 imperio
539 2388 782 2415 successores
802 2389 880 2426 pax
901 2380 968 2414 aut
984 2376 1037 2412 in-

81 2426 216 2463 duciae
245 2425 366 2463 initae
385 2432 476 2466 sunt
489 2458 498 2475 ,
518 2430 586 2466 sed
607 2430 750 2468 Persae
781 2430 966 2467 continuo
986 2429 1036 2465 fi-

80 2479 168 2517 dem
197 2477 426 2526 firegerunt,
454 2484 494 2518 et
523 2482 764 2520 Graecorum
793 2482 1038 2531 provincias,

82 2531 313 2580 praesertim
332 2532 531 2580 Syriacas,
551 2535 707 2572 tristem
727 2536 766 2572 in
787 2536 946 2572 modum
967 2535 1037 2572 de-

83 2587 302 2621 vastarunt.

136 2637 198 2672 44.
215 2635 610 2688 Monoplz-ysz'tarum
630 2646 765 2679 status
782 2642 941 2679 —Haec
962 2641 1042 2689 qui-

83 2689 170 2726 dem
181 2688 323 2746 Persas
342 2689 445 2727 inter
464 2695 503 2729 et
518 2693 688 2730 Graecos
708 2694 811 2731 bella
831 2693 1040 2731 haereticis

84 2740 370 2789 Monophysitis
399 2745 637 2782 occasionem
666 2747 932 2794 praebuerunt
952 2759 1039 2784 sec-

84 2797 166 2830 tam
185 2805 312 2839 suam‚
333 2794 610 2844 imperatorum
630 2799 868 2836 Graecorum
888 2799 1040 2848 legibus

85 2847 320 2905 depressam,
341 2846 380 2883 in
397 2848 515 2897 Syria
531 2853 571 2888 et
591 2851 872 2900 Mesopotamia
887 2853 1039 2890 instau-

86 2899 208 2936 randi.
243 2899 285 2935 In
324 2900 427 2937 hunc
464 2902 580 2939 finem
614 2903 785 2942 Severus
801 2934 811 2950 ,
845 2906 1039 2953 quondam

87 2951 481 3000 pseudo-patriarcha
515 2956 779 2993 Antiochenus
808 2957 952 3005 aliique
973 2958 1038 2994 Ia-

88 3006 228 3043 cobum
257 3008 489 3055 cognomine
519 3007 766 3046 Baradaeum
794 3021 862 3047 seu
890 3010 1038 3048 Zanza-

132 3138 143 3159 ¹
161 3137 440 3179 Evagr.Hist.eccl.
456 3138 474 3169 i.
489 3138 568 3177 1V‚c.
580 3136 628 3176 39;
642 3138 804 3178 Nicephor.
821 3138 839 3169 1.
857 3138 1041 3179 xv11‚c.29.

133 3177 149 3200 2
163 3180 273 3211 Bai-on.
290 3180 329 3210 ad
345 3187 394 3211 an.
404 3178 474 3211 565.

1886 141 1960 178 157

1062 218 1156 263 lum,
1176 218 1412 255 monachum
1432 216 1601 264 Syrum,
1621 225 1724 252 anno
1752 213 1827 252 541
1850 214 2014 252 ordina-

1061 274 1152 307 runt
1180 272 1401 319 episcopum
1424 269 1667 306 Edessenum
1688 268 1728 305 et
1749 266 2014 304 universalem

1063 323 1426 372 Monophysitarum
1475 320 1773 369 metropolitam.
1806 320 1844 357 Is
1881 322 2013 357 autem

1062 376 1135 412 huc
1165 376 1256 412 illuc
1276 375 1470 423 dispersos
1490 373 1851 422 Monophysitarum
1873 374 2011 409 coetus

1063 427 1236 464 visitavit
1265 427 1510 475 collegitque,
1532 426 1743 474 episcopos,
1763 425 2014 474 presbyteros

1064 483 1104 516 et
1130 480 1330 524 diaconos,
1351 480 1490 527 quibus
1518 479 1595 516 iam
1629 489 1764 515 carere
1794 478 2018 526 coeperant,

1066 532 1206 579 ubique
1227 531 1437 576 ordinavit,
1453 531 1609 568 diversa
1629 530 1838 568 sentientes
1858 530 1906 567 ad
1927 540 2018 566 mu-

1064 587 1172 621 tuam
1201 584 1340 621 saltem
1370 595 1504 631 pacem
1533 583 1742 630 permovit,
1772 594 1917 619 nexum
1949 593 2017 620 ar-

1066 637 1226 673 ctiorem
1263 636 1366 672 inter
1395 647 1526 672 omnes
1555 635 1711 672 induxit
1740 637 1780 672 et
1817 634 2019 672 meliorem

1067 689 1241 725 ordinem
1276 688 1584 725 ecclesiasticum
1619 687 1815 724 nonnullis
1846 687 2022 725 coetibus

1067 742 1231 778 invexit.
1244 740 1352 781 Quae
1372 752 1460 777 cum
1478 741 1685 788 praecipue
1701 740 1739 776 in
1757 740 1873 787 Syria
1888 742 1927 777 et
1943 740 2021 777 Me-

1067 792 1282 842 sopotamia
1302 793 1577 840 praestitisset,
1598 792 1898 840 lelonophysit-ae
1919 793 1957 829 in
1979 792 2022 829 il-

1070 847 1114 883 lis
1135 845 1250 882 terris
1270 857 1291 881 e
1312 848 1426 893 grata
1448 855 1542 890 erga
1572 856 1661 881 eum
1682 845 1872 882 memoria
1894 857 1934 882 se
1954 845 2020 882 Ia-

1071 899 1216 935 cobitas
1237 898 1433 941 dixerunt,
1454 897 1523 942 iis,
1544 897 1609 944 qui
1638 897 1677 933 in
1698 897 1876 946 AEgypto
1897 903 2024 943 erant,

1071 952 1203 999 Coptis
1224 949 1442 998 appellatis.

1125 1004 1264 1040 Iisdem
1285 1002 1525 1050 temporibus
1546 1001 1720 1046 Armeni,
1741 1001 1804 1048 qui
1826 1013 1849 1038 a
1867 1004 2022 1050 tempo-

1072 1068 1114 1093 re
1134 1068 1162 1093 s.
1185 1055 1362 1103 Gregorii
1385 1053 1666 1091 illuminat-oris
1687 1053 1726 1089 in
1756 1053 1829 1090 fide
1859 1054 2024 1091 catholi-

1072 1121 1117 1146 ca
1151 1110 1376 1145 constanter
1395 1110 1692 1155 perseverarant
1722 1105 1734 1126 ¹
1769 1106 2024 1155 eutychianos

1076 1173 1228 1198 errores
1256 1162 1522 1207 susceperunt.
1536 1160 1647 1196 Anno
1664 1158 1741 1195 536
1760 1158 1934 1204 Nierses,
1955 1171 2024 1196 eo-

1077 1226 1162 1251 rum
1177 1213 1417 1263 patriarcha,
1447 1210 1750 1248 conciliabulum
1770 1211 1817 1248 lO
1836 1211 2028 1260 episcopo-

1076 1279 1159 1303 rum
1191 1266 1319 1314 coe'git
1347 1265 1386 1301 in
1417 1265 1512 1301 urbe
1542 1264 1685 1309 Trevi,
1715 1264 1751 1300 in
1782 1275 1856 1311 quo
1891 1265 2025 1300 decre-

1077 1323 1161 1356 tum
1193 1322 1273 1364 est,
1314 1329 1431 1355 unam
1459 1317 1498 1353 in
1532 1317 1684 1354 Christo
1717 1327 1801 1353 esse
1831 1318 2024 1354 naturam.

1077 1371 1258 1409 Haeresis
1279 1383 1324 1407 eo
1345 1370 1470 1418 magis
1491 1370 1798 1406 interArmenos
1812 1370 2028 1417 propagata

1076 1428 1146 1469 est,
1166 1424 1268 1472 quod
1289 1435 1402 1471 reges
1423 1424 1647 1471 Persarum,
1676 1422 1747 1459 sub
1768 1433 1932 1469 quorum
1955 1433 2027 1470 po·-

1074 1480 1258 1514 testatem
1279 1476 1335 1512 illi
1355 1479 1562 1521 venerant,
1583 1487 1603 1512 e
1624 1474 1754 1512 causis
1783 1474 1963 1522 politicis,
1986 1476 2028 1511 ut

1075 1542 1213 1579 nempe
1261 1529 1571 1565 communionem
1616 1528 1720 1564 inter
1758 1528 1950 1564 Armenos
1989 1529 2029 1563 et

1075 1585 1244 1620 Graecos
1264 1584 1504 1630 rumperent,
1516 1580 1722 1618 haereticis
1741 1579 1935 1625 faverent,
1951 1579 2028 1617 Ca-

1075 1636 1238 1673 tholicos
1257 1646 1349 1671 vero
1366 1633 1638 1682 opprimerent.
2037 1662 2039 1664 .

1130 1689 1173 1725 In
1194 1687 1372 1736 AEgypto
1393 1686 1707 1735 Monophysit-ae,
1727 1685 1796 1722 sub
1817 1684 2029 1732 Coptorum

1079 1741 1243 1784 nomine,
1256 1752 1328 1776 non
1351 1739 1597 1776 obstantibus
1612 1738 1893 1786 imperatorum
1912 1738 2031 1774 Grae-

1078 1806 1207 1831 corum
1230 1792 1441 1829 reducendi
1462 1804 1526 1828 eos
1557 1791 1604 1828 ad
1624 1790 1840 1827 Ecclesiam
1860 1790 2030 1827 catholi-

1078 1858 1162 1884 cam
1183 1846 1400 1890 conatibus,
1420 1857 1460 1881 se
1480 1844 1606 1891 magis
1626 1843 1828 1891 magisque
1849 1843 1896 1880 ab
1917 1854 1964 1880 ea
1984 1854 2030 1879 a-

1078 1899 1295 1941 lienarunt,
1315 1900 1462 1934 sectam
1482 1908 1594 1933 suam
1614 1897 1904 1943 propagarunt,
1925 1897 1963 1932 et
1983 1895 2032 1931 ad

1079 1951 1256 1989 eamdem
1274 1949 1497 1987 Homeritas
1517 1951 1557 1985 et
1585 1947 1795 1996 AEthiopes
1823 1947 1863 1984 in
1883 1947 2035 1984 hodier-

1081 2016 1130 2041 na
1151 2003 1285 2041 Nubia
1305 2005 1345 2040 et
1363 2001 1575 2051 Abyssinia
1594 2000 1867 2049 perduxerunt
1881 1998 1908 2037 ².

1131 2056 1193 2093 45.
1215 2055 1479 2103 Longobardz·
1498 2056 1543 2091 2'72
1563 2052 1693 2091 Italia
1705 2053 1811 2089 —In
1834 2052 1950 2089 Italia
1969 2052 2032 2089 de-

1077 2109 1156 2146 leta
1176 2109 1391 2146 Gothorum
1422 2107 1690 2144 dominatione
1705 2104 1719 2127 3
1733 2135 1742 2151 ‚
1762 2117 1824 2142 res
1854 2105 2028 2153 publicas

1080 2174 1147 2211 pro
1176 2162 1414 2209 imperatore
1444 2160 1597 2196 Graeco
1625 2159 1903 2195 moderabatur
1921 2157 2032 2195 Nar-

1078 2226 1140 2252 ses
1159 2215 1252 2259 dux,
1272 2214 1339 2250 sed
1362 2213 1610 2250 aemulorum
1632 2211 1820 2248 invidiam
1842 2210 1973 2255 subiit,
1994 2211 2033 2247 et

1079 2279 1140 2304 an.
1163 2267 1239 2304 567
1259 2278 1283 2303 a
1302 2266 1454 2303 Iustino
1475 2265 1510 2302 II
1532 2277 1582 2301 ex
1602 2264 1718 2301 Italia
1737 2266 1923 2300 evocatus
1943 2262 2031 2300 fuit.

1079 2321 1190 2357 Tunc
1210 2318 1468 2368 Longobardi,
1487 2320 1629 2355 natura
1657 2317 1765 2354 saevi
1787 2318 1826 2353 et
1845 2315 2034 2364 religione
2073 2354 2076 2357 Α

1080 2372 1226 2417 ariani,
1247 2372 1459 2409 multorum
1488 2370 1628 2407 iudicio
1653 2382 1676 2407 a
1696 2369 1863 2407 Narsete
1884 2380 1904 2405 e
1925 2368 2033 2404 Pan-

1080 2425 1195 2462 nonia
1216 2424 1407 2470 arcessiti,
1422 2435 1484 2461 an.
1503 2423 1580 2461 568
1596 2422 1633 2459 in
1651 2422 1806 2459 Italiam
1821 2421 2033 2458 irruerunt.

1081 2478 1284 2523 Alboinus,
1313 2488 1447 2514 eorum
1468 2477 1562 2521 dux,
1584 2475 1850 2512 Mediolanum
1878 2473 2032 2521 ingres-

1082 2543 1158 2576 sus,
1179 2541 1249 2568 rex
1269 2529 1407 2567 Italiae
1427 2528 1692 2578 proclamatus
1713 2529 1781 2564 est.
1804 2525 1951 2562 Deinde
1973 2536 2036 2561 ce-

1081 2583 1154 2620 leri
1174 2582 1433 2620 victoriarum
1453 2593 1567 2619 cursu
1589 2591 1742 2617 omnem
1761 2578 1841 2615 fere
1863 2577 2034 2624 Italiam,

1083 2637 1227 2681 Roma,
1248 2636 1440 2672 Ravenna
1469 2636 1507 2671 et
1533 2633 1684 2681 aliquot
1712 2631 1807 2668 locis
1828 2630 2035 2667 maritimis

1084 2689 1274 2737 exceptis,
1289 2687 1456 2736 subegit,
1471 2686 1658 2735 regnique
1675 2685 1804 2721 sedem
1821 2682 1947 2719 Ticini
1963 2683 2037 2719 col-

1083 2741 1240 2779 locavit.
1269 2740 1332 2777 Sic
1371 2751 1510 2777 rursus
1547 2738 1757 2774 barbarum
1794 2739 1834 2772 et
1853 2735 2035 2772 arianum

1082 2795 1217 2843 iugum
1238 2793 1355 2830 subiit
1374 2792 1499 2829 Italia.
1517 2790 1675 2827 An.574
1696 2787 1891 2825 exstincto
1907 2787 2036 2825 Alboi-

1084 2859 1131 2884 no
1152 2845 1339 2884 successit
1359 2844 1526 2892 Clephis,
1559 2841 1625 2890 qui
1654 2853 1795 2878 saevus
1827 2840 1976 2878 exstitit
1995 2841 2036 2877 in

1084 2899 1216 2945 Italos,
1235 2897 1465 2947 praesertim
1482 2897 1520 2932 in
1538 2891 1688 2931 nobiles
1709 2895 1750 2930 et
1769 2893 1934 2939 divites3
1954 2892 2036 2930 suis

1084 2952 1203 2989 etiam
1229 2950 1378 2987 invisus
1407 2950 1493 2998 post
1524 2947 1572 2984 18
1593 2958 1744 2984 menses
1764 2948 1926 2984 necatus
1946 2945 2034 2983 fuit.

1126 3056 1141 3118 i
1155 3053 1332 3131 XZ‘Z'essffaiss'
1345 3092 1493 3125 Biblioth.
1515 3090 1665 3124 orientaz.
1680 3094 1699 3123 t.
1717 3092 1786 3131 1-113
1800 3089 1973 3129 nerianum,
1986 3088 2037 3121 Hi-

1086 3141 1164 3170 stor.
1179 3135 1356 3175 patriarch.
1374 3132 1531 3165 Alexand.

1128 3179 1142 3202 3
1157 3177 1231 3209 vid.
1246 3186 1276 3216 p.
1297 3175 1364 3207 150.
