2241 3473
195 146 276 185 440

143 227 217 272 cia,
244 229 410 265 iniurias
427 257 435 271 ‚
465 226 724 263 contumelias
743 255 751 270 ‚
777 237 877 273 quae
908 225 1027 262 etiam
1054 226 1093 260 in

141 283 231 318 aula
258 283 470 319 Oratorum
499 280 639 327 Populi
666 280 916 315 continenter
954 284 1096 314 contra

140 336 402 372 humilitatem
439 335 627 370 Nostram
662 333 930 369 effunduntur.
965 333 1097 368 Velle—

142 401 229 425 mus
255 401 322 425 eos
349 393 472 424 testes
497 399 584 423 esse
613 387 847 434 probrorum
877 393 916 422 et
950 388 1094 422 calum-

142 443 310 485 niarum,
338 443 476 489 quibus
505 446 583 476 tum
615 441 882 487 amplissimus
909 440 1005 476 ordo
1032 451 1096 475 ve-

141 500 238 536 ster,
260 503 350 531 tunc
377 498 480 530 sacri
507 494 713 530 Ecclesiae
740 494 999 539 magistratus
1018 505 1098 528 om-

140 549 250 584 nibus
278 548 402 584 modis
429 549 688 594 impetuntur,
716 551 827 583 tanto
856 559 944 583 eum
976 547 1097 582 admi-

140 602 382 638 nistrationis
408 613 548 637 eorum
574 601 833 644 detrimento;
862 605 983 637 testes
1011 612 1097 637 esse

141 656 278 691 irrisus
305 667 351 691 ac
380 655 554 699 ludibrii,
574 666 647 702 quo
674 655 831 701 augusti
859 655 958 690 ritus
978 665 1024 690 ac
1044 655 1097 690 in-

140 709 362 746 stitutiones
380 709 601 745 catholicae
617 708 820 744 Ecclesiae
837 708 1100 744 dehonestan-

140 767 216 806 tur,
240 763 490 810 petulantiae,
511 774 588 810 qua
613 762 866 799 sanctissima
894 762 1096 809 religionis

139 817 327 865 mysteria
361 817 622 864 profanantur
645 844 653 859 ‚
680 828 727 852 ac
763 816 995 863 conspicere
1030 828 1097 862 pu-

140 871 250 906 blicis
280 871 439 906 honoris
472 870 828 917 significationibus
862 875 901 906 et
939 871 1094 918 pompis

138 924 367 961 decoratam
394 925 642 972 impietatem
669 929 708 961 et
735 924 874 960 atheos
902 924 1095 967 homines,

137 978 228 1014 dum
274 984 413 1015 eontra
456 979 666 1025 religiosae
708 979 1017 1026 supplicationes
1058 983 1098 1014 et

140 1044 309 1080 pompae
336 1037 538 1076 vetantur,
557 1044 654 1079 quas
682 1032 788 1068 avita
807 1033 994 1068 Italorum
1016 1032 1094 1079 pie-

142 1092 199 1122 tas
220 1087 341 1123 libere
357 1099 515 1134 semper
530 1088 736 1133 celebrare
747 1086 989 1122 solemnibus
1002 1090 1098 1122 tem-

139 1141 297 1186 poribus
315 1142 531 1177 consuevit.
553 1141 759 1177 Vellemus
778 1141 897 1176 etiam
916 1142 1009 1188 ipsis
1029 1153 1092 1177 no-

139 1199 198 1231 tas
217 1206 304 1231 esse
324 1195 604 1242 blasphemias,
621 1206 720 1242 quae
738 1195 909 1241 impune,
927 1197 1093 1232 auctori-

140 1253 220 1285 tate
242 1249 396 1296 publica
413 1249 700 1292 dissimulante,
720 1254 860 1285 contra
875 1250 1095 1287 Ecclesiam

139 1304 177 1338 in
205 1304 511 1350 legumlatorum
537 1308 736 1339 conventu
763 1304 1039 1349 coniiciuntur,
1060 1306 1097 1340 in

139 1369 213 1405 quo
253 1359 454 1395 Ecclesiae
491 1358 563 1405 ipsi
596 1358 850 1394 subvertendi
885 1365 923 1395 et
956 1370 1095 1406 aggre—

138 1412 266 1449 diendi
301 1414 526 1450 criminatio
561 1417 623 1450 est
647 1413 785 1456 illata,
822 1413 986 1449 libertas
1014 1415 1098 1450 eius

139 1468 332 1505 nefarium
348 1480 395 1504 ac
414 1469 534 1505 fatale
555 1468 791 1516 principium
813 1472 999 1503 vocatum
1020 1475 1096 1513 est,

137 1521 341 1560 doctrinae
370 1523 454 1560 eius
491 1534 704 1570 perversae
727 1552 735 1567 ,
763 1533 810 1558 ac
836 1522 1018 1558 societati
1060 1528 1099 1559 et

139 1577 311 1614 moribus
331 1578 593 1614 adversantes
613 1578 834 1625 appellatae
860 1581 965 1620 sunt,
984 1577 1044 1613 vis
1059 1582 1099 1613 et

138 1633 355 1668 auctoritas
382 1633 465 1668 eius
487 1661 494 1675 ‚
525 1638 728 1679 tamquam
755 1631 862 1666 civili
895 1631 1097 1666 consortio

139 1687 362 1732 perniciosa
403 1687 584 1722 incusata
626 1686 710 1722 fuit.
753 1686 891 1732 Neque
936 1690 1098 1732 possent

138 1740 253 1777 iidem
282 1743 474 1778 confictae
502 1742 675 1777 Nostrae
706 1739 902 1776 libertatis
938 1751 1097 1786 praeco-

137 1806 207 1830 nes
234 1795 402 1832 inficiari
430 1802 487 1832 tot
514 1795 750 1842 multiplices
780 1793 987 1829 continuas
1007 1804 1096 1840 gra-

139 1860 206 1885 ves
221 1851 462 1892 occasiones,
483 1851 519 1884 in
540 1849 576 1884 id
597 1852 920 1895 comparatas‚ut
938 1847 1098 1883 incauta

137 1902 316 1939 iuventus
336 1904 594 1940 inflammatis
622 1902 899 1950 cupiditatibus
919 1912 1097 1936 corrum-

137 1962 266 2003 patur,
289 1969 335 1993 ac
363 1970 411 1994 ex
438 1959 523 1994 eius
550 1956 682 1992 animo
703 1955 901 1992 catholica
920 1954 1016 1990 fides
1037 1966 1095 1990 ra-

139 2009 282 2046 dicitus
302 2013 536 2058 extirpetur.
555 2012 594 2047 Si
616 2011 685 2057 ipsi
706 2010 862 2046 demum
879 2009 964 2043 vias
984 2009 1098 2044 liuius

137 2062 271 2108 Urbis,
303 2076 402 2112 quae
431 2077 500 2112 per
526 2065 572 2100 B.
602 2063 710 2100 Petri
741 2061 969 2099 cathedram
998 2062 1101 2098 Reli-

138 2117 265 2163 gionis
292 2120 406 2155 sedes
433 2124 471 2155 et
498 2124 616 2166 caput
642 2123 703 2154 est
722 2118 892 2159 obirent,
922 2116 1097 2152 iudicare

139 2173 418 2217 percommode
447 2179 603 2220 possent
625 2178 756 2208 utrum
776 2172 922 2218 templa
938 2171 1097 2206 acatho-

140 2225 199 2261 lici
227 2227 353 2263 cultus
380 2227 439 2263 his
468 2227 710 2274 temporibus
730 2226 916 2268 excitata,
936 2225 1095 2261 scholae

139 2281 400 2327 corruptionis
426 2292 722 2329 quaquaversus
739 2280 927 2324 diffusae,
949 2280 1005 2315 tot
1031 2279 1096 2314 do·

139 2345 224 2370 mus
241 2335 469 2383 perditionis
490 2336 636 2383 passim
653 2335 904 2376 constitutae,
925 2334 1099 2370 obscena

140 2394 177 2426 et
204 2390 318 2426 foeda
344 2391 573 2438 spectacula
591 2400 691 2437 quae
710 2388 835 2424 oeulis
857 2388 985 2435 populi
1005 2390 1098 2424 ot't'e-

141 2452 292 2489 runtur,
323 2447 440 2482 talem
470 2456 603 2481 rerum
631 2443 897 2479 conditionem
934 2442 1095 2485 faciant,

140 2512 238 2548 quae
268 2500 485 2536 tolerabilis
511 2501 560 2534 sit
579 2499 628 2540 ei,
650 2497 713 2545 qui
736 2509 804 2545 pro
824 2497 881 2532 sui
901 2499 1097 2543 apostola-

143 2561 200 2590 tus
225 2555 352 2590 officio
381 2555 496 2591 debet
523 2552 677 2601 quidem
706 2557 744 2587 et
763 2551 883 2587 vellet
903 2556 959 2587 tot
980 2551 1093 2587 malis

140 2620 353 2646 occurrere
367 2639 374 2653 ‚
395 2615 436 2644 at
463 2614 603 2644 contra
620 2606 802 2642 omnibus
822 2604 961 2640 mediis
977 2610 1015 2640 et
1037 2616 1096 2640 ra-

143 2664 336 2708 tionibus,
363 2664 470 2698 omni
500 2661 707 2710 potestatis
743 2659 933 2695 exercitio
969 2659 1096 2706 priva-

142 2722 217 2760 tur,
237 2729 308 2764 quo
340 2718 459 2765 possit
487 2717 547 2753 vel
576 2715 641 2751 uni
663 2719 816 2750 tantum
836 2725 883 2749 ex
903 2718 961 2748 tot
982 2713 1095 2747 malis

141 2771 368 2807 necessaria
398 2770 573 2807 remedia
599 2769 801 2812 adbibere,
821 2776 862 2803 ct
888 2767 1096 2802 animabus

144 2827 179 2860 in
207 2826 368 2861 exitium
394 2825 595 2861 ruentibus
613 2834 728 2870 opem
749 2823 869 2858 ferre·
890 2821 961 2856 His
982 2821 1034 2856 ita
1055 2832 1095 2856 se

144 2879 389 2919 habentibus,
410 2890 539 2914 nonne
569 2889 670 2913 nova
697 2876 947 2912 amarulenta
966 2874 1096 2910 irrisio

144 2940 182 2968 et
212 2932 416 2968 ludibrium
444 2931 749 2969 existimandum
778 2937 837 2966 est
858 2929 963 2971 illud,
996 2927 1095 2974 quod

144 2998 260 3033 saepe
288 2987 444 3028 dicitur.
473 2998 614 3033 nempe
642 2985 784 3021 debere
812 2983 894 3019 Nos
913 2981 1096 3018 com-ilia-

146 3040 260 3075 tionis
287 3046 326 3077 et
344 3041 581 3076 concordiae
602 3039 766 3075 consilia
790 3050 879 3073 cum
900 3037 1012 3072 novis
1031 3035 1095 3070 do-

148 3095 402 3129 minatoribus
430 3096 542 3136 inire,
573 3105 658 3128 cum
690 3093 784 3127 hacc
811 3090 1098 3126 conciliatimtis

148 3149 246 3182 ratio
277 3162 348 3183 non
378 3149 480 3183 alind
509 3161 556 3184 «fx
588 3154 696 3194 pai-te
717 3147 865 3181 Nostra
885 3151 1002 3188 essct,
1026 3145 1094 3179 nisi

148 3202 304 3236 omnino
335 3203 499 3249 prodere
520 3215 594 3238 non
618 3201 730 3236 niodo
750 3211 904 3235 summa
924 3202 1097 3235 Sanctae

147 3254 258 3290 liuius
285 3255 396 3292 Sedis
416 3258 501 3292 iura
515 3285 522 3299 ‚
543 3265 642 3303 quae
665 3258 861 3301 tamquam
882 3264 1040 3289 sacrum
1060 3258 1100 3288 et

484 155 651 183 EPOCHA
673 130 761 180 ΧΙΙΙΙ.
789 155 814 179 Α
837 153 984 179 RERVM
1007 150 1188 178 PVBLICA
1210 151 1251 176 IN
1273 150 1442 178 GALLIIS
1463 150 1756 178 SVBVERSIONE

1150 224 1376 260 inviolabile
1408 224 1631 271 depositum
1665 224 1714 260 ad
1743 224 1846 261 hanc
1878 235 2108 272 supremam

1154 279 1384 315 cathedram
1419 279 1548 314 evecti
1588 278 1842 315 custodienda
1879 291 1925 315 ac
1963 279 2110 316 tuenda

1156 333 1394 379 recepimus,
1416 332 1483 368 sed
1511 333 1629 368 etiam
1650 337 1691 368 et
1710 334 1919 380 praecipue
1939 333 2108 381 prodere

1156 387 1330 422 divinum
1359 387 1621 422 ministerium
1647 386 1771 422 Nobis
1791 398 1861 433 pro
1881 388 2006 425 salute
2025 387 2106 424 ani-

1160 451 1315 475 marum
1345 440 1615 482 commissum,
1635 439 1795 476 tradere
1822 440 2109 477 haereditatem

1158 493 1303 530 Christi
1338 495 1375 529 in
1412 505 1552 530 manus
1584 494 1831 529 auctoritatis
1857 494 2110 539 huiusmodi,

1158 547 1269 582 cuius
1295 559 1417 593 opera
1443 548 1492 583 ad
1518 549 1644 594 ipsum
1665 547 1885 584 catholicae
1906 548 2110 595 religionis

1158 612 1316 645 nomen,
1346 602 1376 637 si
1403 602 1491 638 fieri
1519 606 1664 648 posset,
1691 601 1912 645 delendum,
1939 602 2111 649 dirigun-

1156 660 1293 691 tura...
1317 656 1631 704 Haudquaquam
1659 661 1781 697 certe,
1810 656 2111 704 haudquaquam

1155 709 1359 746 Romanus
1399 710 1584 746 Pontifex
1623 714 1683 746 est
1721 716 1789 745 aut
1827 711 1902 746 erit
1935 721 2112 758 unq-uam

1157 763 1297 810 plenae
1324 763 1520 815 libertatis
1553 774 1738 810 compos,
1767 774 1814 799 ac
1848 774 1944 800 suae
1969 765 2112 811 plenae

1157 817 1369 863 potestatis
1386 846 1394 861 ,
1422 817 1547 853 donee
1574 817 1661 853 aliis
1689 817 1726 852 in
1752 817 1862 853 Urbe
1894 828 1966 854 sua
1994 817 2114 853 domi-

1156 871 1341 906 nantibus
1369 871 1612 906 subiiciatur.
1634 871 1723 906 Alia
1749 870 1835 906 eius
1853 882 1940 906 sors
1959 871 2113 907 Romae

1158 936 1247 961 esse
1276 936 1352 959 non
1382 929 1512 971 potest
1538 925 1610 960 nisi
1632 929 1699 960 aut
1725 925 1900 971 supremi
1920 924 2116 972 Principis

1158 983 1226 1014 aut
1254 979 1415 1025 eaptivi;
1435 989 1508 1014 nec
1534 989 1719 1025 umquam
1739 979 1959 1014 catholicae
1979 979 2117 1014 Eccle-

1157 1032 1239 1068 siae
1268 1033 1480 1068 universae
1508 1043 1598 1079 pax,
1620 1032 1828 1074 securitas,
1850 1031 2116 1079 tranquillitas

1158 1090 1343 1122 constare
1365 1087 1524 1133 poterit,
1545 1087 1669 1122 donec
1688 1085 1921 1122 exercitium
1941 1085 2115 1132 supremi

1156 1141 1362 1187 apostolici
1384 1140 1592 1176 ministerii
1611 1141 1820 1175 obnoxium
1840 1140 1960 1176 fuerit
1978 1139 2116 1176 studiis

1161 1195 1348 1241 partium,
1370 1195 1536 1230 arbitrio
1564 1194 1865 1237 dominantium,
1883 1194 2034 1230 vicibus
2053 1205 2117 1241 po-

1155 1248 1358 1283 liticarum
1387 1249 1642 1290 electionum,
1665 1248 1837 1283 consiliis
1864 1252 1905 1284 et
1929 1248 2116 1294 operibus

1154 1303 1355 1338 hominum
1386 1303 1617 1338 callidorum
1645 1314 1691 1338 ac
1710 1303 1922 1339 utilitatem
1941 1302 2116 1338 iustitiae

1155 1357 1465 1402 praeferentium
1485 1370 1520 1391 ».

1201 1411 1278 1446 Tot
1305 1411 1501 1458 tantisque
1529 1411 1634 1447 curis
1660 1410 1851 1447 distentus
1870 1439 1878 1453 ,
1912 1418 1993 1446 tam
2021 1422 2112 1458 gra-

1154 1465 1266 1501 vibus
1305 1465 1498 1512 angustiis
1538 1476 1780 1512 oppressus,
1821 1464 1915 1501 Pius
1953 1464 2025 1511 Pp.
2052 1465 2107 1500 IX

1153 1520 1350 1555 constanti
1378 1520 1525 1562 animo,
1544 1519 1580 1554 in
1608 1519 1769 1555 aedibus
1787 1519 2006 1561 Vaticanis,
2033 1520 2108 1554 sol-

1154 1574 1392 1610 licitudinem
1422 1575 1624 1610 Ecclesiae
1651 1574 1862 1610 universae
1890 1584 2108 1621 numquam

1153 1628 1378 1664 intermisit.
1399 1629 1638 1664 Luctuosum
1668 1639 1802 1664 rerum
1827 1628 2107 1674 religiosarum

1153 1683 1190 1718 in
1219 1683 1332 1719 Italia
1359 1683 1497 1719 dolens
1523 1682 1760 1730 significavit
1780 1694 1857 1718 non
1877 1682 1991 1718 modo
2012 1681 2116 1718 litte-

1155 1737 1205 1773 ris
1233 1737 1362 1773 missis
1398 1749 1435 1772 in
1466 1738 1596 1772 forma
1628 1737 1771 1773 Brevis
1805 1737 1853 1772 ad
1888 1748 2009 1772 unum
2045 1737 2109 1773 vel

1153 1791 1323 1827 alterum
1344 1791 1447 1827 inter
1463 1790 1746 1827 eminentiores
1763 1791 1968 1827 Ecclesiae
1990 1791 2112 1827 Prae-

1155 1845 1267 1888 latos,
1288 1845 1355 1881 sed
1383 1845 1503 1881 etiam
1532 1845 1783 1880 Allocutione
1812 1845 1860 1880 ad
1878 1845 2114 1882 Cardinales

1154 1899 1288 1935 habita
1315 1899 1375 1935 die
1403 1899 1447 1935 27
1475 1899 1648 1934 octobris
1678 1899 1768 1936 1871
1797 1905 1836 1935 et
1856 1899 2009 1935 Littera
2035 1899 2112 1934 En-

1154 1954 1305 2001 cycliea
1331 1953 1378 1988 ad
1411 1965 1550 1989 omnes
1586 1953 1844 1989 patriarchas
1866 1982 1874 1997 ,
1909 1952 2113 1998 Arehiepi-

1152 2020 1293 2055 scopos
1320 2013 1359 2043 et
1385 2008 1603 2055 Episcopos
1630 2008 1735 2043 orbis
1767 2007 1948 2044 catholici
1976 2007 2038 2043 die
2066 2006 2110 2043 21

1154 2062 1378 2098 novembris
1398 2061 1703 2098 1573«E0dem
1724 2062 1927 2103 anno,v11⁰
1943 2061 2027 2096 idus
2045 2061 2107 2096 de-

1154 2116 1338 2158 cembris,
1352 2116 1529 2151 Litteras
1547 2116 1797 2162 Apostolicas
1815 2115 1934 2156 dedit,
1956 2114 2033 2154 Qui
2052 2115 2111 2150 at-

1153 2170 1282 2216 cingsit,
1305 2170 1442 2217 quibus
1469 2171 1711 2206 sententiam
1731 2170 1779 2205 ab
1800 2169 2111 2216 Archiepiscopo

1155 2224 1446 2260 Mediolanensi
1463 2224 1657 2270 prolatam
1674 2234 1795 2270 super
1808 2223 2012 2259 identitate
2028 2233 2112 2258 cor-

1154 2289 1292 2325 porum
1327 2278 1461 2318 Sancti
1495 2277 1694 2313 Ambrosii
1734 2276 1920 2323 Episcopi
1959 2281 1998 2312 et
2037 2277 2109 2312 Ec-

1151 2332 1293 2367 clesiae
1323 2331 1520 2374 Doctoris,
1541 2344 1587 2366 ac
1615 2331 1856 2366 Sanctorum
1884 2329 2109 2377 Martyrum

1152 2385 1333 2421 Gervasii
1363 2390 1403 2420 et
1430 2384 1615 2426 protasii,
1646 2383 1863 2419 Mediolani
1889 2383 2110 2430 recognito-

1151 2450 1254 2480 rum,
1283 2438 1548 2480 conlirmavit‚
1578 2440 1744 2473 Sacrum
1775 2438 1986 2474 Iubilaeum
2014 2437 2110 2473 indi—

1149 2493 1218 2534 xit,
1248 2493 1361 2527 Bulla
1398 2492 1595 2527 Gravitas
1624 2492 1829 2527 Ecclesiae
1864 2492 1941 2528 diei
1967 2491 2012 2527 24
2045 2491 2107 2528 de-

1150 2547 1319 2583 cembris
1347 2547 1451 2588 1574,
1473 2547 1570 2593 quod
1601 2547 1672 2583 etsi
1703 2547 1853 2582 Romae
1879 2547 2109 2582 solemniter

1148 2601 1308 2648 aperire
1337 2601 1440 2635 haud
1469 2602 1612 2646 potuit,
1641 2608 1772 2636 tamen
1801 2612 1889 2635 cum
1916 2600 1954 2636 in
1981 2600 2104 2644 Urbe,

1150 2662 1231 2690 tum
1260 2655 1297 2690 in
1325 2655 1513 2690 universa
1547 2655 1755 2697 Ecclesia,
1783 2666 1928 2702 magno
1959 2657 2104 2691 anima-

1150 2721 1232 2744 rum
1263 2710 1408 2749 fructu,
1437 2710 1679 2745 celebratum
1709 2709 1902 2745 intellexit
1927 2711 1954 2742 ¹.

1200 2763 1434 2809 Multiplicia
1475 2764 1632 2799 interim
1673 2763 1893 2800 devotionis
1931 2774 2027 2800 suae
2069 2763 2105 2798 in

1195 2890 1201 2910 ¹
1223 2889 1296 2920 Pius
1319 2889 1371 2929 l'p.
1395 2888 1433 2919 lx
1455 2893 1596 2929 tenuiore
1615 2890 1664 2920 sui
1684 2889 1893 2931 pontificatus
1921 2891 1995 2920 octo
2021 2885 2108 2918 lubi-

1152 2935 1218 2965 lewa
1241 2935 1356 2966 indixit
1381 2943 1506 2975 urnipe:
1522 2935 1656 2967 Litteris
1685 2938 1799 2977 Apost.
1818 2933 1950 2967 Arcano
1969 2932 2107 2966 divinae

1152 2981 1391 3012 l'roritlenliae
1412 2982 1453 3010 2⁴1
1473 2990 1549 3011 nov.
1574 2980 1655 3012 184ss
1677 2992 1684 3017 ς
1705 2985 1723 3012 2
1742 2982 1803 3013 inl.
1828 2981 1913 3011 1851»
1934 2978 2107 3013 occasione

1148 3036 1195 3057 sui
1219 3027 1340 3057 rrtlitus
1359 3028 1387 3056 in
1411 3026 1505 3064 U1·bt·;
1527 3026 1658 3068 lCncyttl.
1676 3027 1729 3060 Ex
1747 3027 1823 3059 aliis·
1840 3026 1970 3059 Nocti-is·
1990 3025 2028 3058 ⁶21
2049 3035 2106 3058 no-

1149 3073 1266 3103 vembr.
1286 3072 1383 3104 1851:
1414 3072 1546 3112 lincycl.
1574 3073 1781 3114 Apris-lulittae
1812 3073 1950 3105 Nostrae
1978 3073 1992 3104 1
2031 3080 2105 3112 aug.

1155 3118 1232 3147 18Ἂὶ
1254 3129 1258 3149 ;
1284 3119 1429 3149 Allotnt.
1454 3118 1537 3149 (lum
1559 3129 1709 3159 primum
1733 3120 1773 3149 :¹5
1797 3124 1880 3160 sept.
1906 3119 2015 3156 ¹857;
2045 3117 2108 3148 En-

1149 3166 1213 3203 ι·)ι·Ι
1262 3167 1395 3202 Quanta
1427 3164 1516 3196 Curat
1538 3167 1554 3191 δ’
1585 3166 1724 3197 ιΙι·ι;ι·ιῐι1»,
1753 3166 1865 3204 181ἳ.ἱ.;
1895 3166 1972 3197 ΜΗ.
1993 3164 2105 3205 Aposl.

1153 3209 1255 3241 Nemo
1275 3213 1362 3240 atri-112
1382 3211 1514 3248 iglnortll
1536 3212 1566 3242 ll
1587 3212 1684 3251 april.
1707 3212 1804 3250 131303
1823 3215 1853 3243 (tl
1871 3210 1999 3253 Encycl-
2023 3207 2107 3242 Gra-

1151 3255 1242 3287 vilius
1264 3256 1433 3287 Ecclesiae
1451 3256 1494 3287 ἬἸ
1511 3256 1654 3288 deci-inl».
1677 3257 1736 3290 187
1752 3258 1774 3289 l.

2227 3156 2231 3166 ’
2226 3036 2241 3127 *129¹*
2239 2981 2241 3002 „.
2238 2941 2241 2950 -
