2241 3473
246 153 328 195 400

195 238 343 276 Verum
370 239 433 276 ubi
460 240 682 286 Imperator
708 238 762 273 illi
779 238 967 286 imposuit
984 239 1145 276 ultimas

191 291 316 329 lineas
332 292 762 340 praetergredi,quibus
779 292 879 328 ritus
894 294 1144 339 graeco-uni-

193 350 253 383 tus
286 357 310 382 a
341 346 593 382 schismatico
634 350 872 392 separatur,
912 351 1145 384 constanter

190 400 334 442 renuit,
363 404 402 434 et
428 399 570 435 relicta
596 399 781 442 dioecesi,
812 410 915 435 anno
945 401 1050 443 1871,
1079 412 1144 437 au-

187 453 286 499 fugit
310 453 510 488 Gallitiam
531 482 539 496 ,
571 453 663 500 quin
691 453 746 488 illi
782 464 902 489 curae
936 453 1143 490 Vicarium

189 512 467 554 praeponeret.
504 506 616 542 Tunc
652 507 773 542 abbas
814 507 1032 543 Marcellus
1072 508 1144 544 Po-

186 560 284 607 piel,
310 559 356 596 de
386 560 648 596 schismaticis
676 561 968 602 benemeritus,
996 561 1045 596 ab
1072 562 1145 597 Im·

187 618 373 661 peratore
410 613 584 650 dioecesi
611 615 856 661 praeficitur.
888 615 962 650 Hic
990 626 1060 661 pro
1090 616 1145 651 vi-

189 667 250 703 rili
280 672 393 714 parte
428 678 642 714 aggressus
676 672 737 704 est
769 668 991 705 Dioecesim
1031 670 1142 707 Chel-

188 733 363 758 mensem
390 722 438 757 ad
465 722 640 758 schisma
666 722 863 759 adducere
888 752 896 767 ‚
923 724 989 760 sed
1022 736 1141 772 quum

189 776 327 813 Clerus
358 781 398 812 et
431 776 568 812 fideles
602 777 638 812 ei
678 777 839 813 fortiter
878 778 1140 823 resisterent,

185 828 270 875 ipse
304 829 472 877 undique
508 830 667 876 collegit
701 830 889 876 exiguum
930 843 1139 868 nnmerum

182 882 434 918 sacerdotum
470 882 698 930 ioseplzismi
729 884 815 920 labe
844 884 1030 921 infectum
1054 915 1062 929 ,
1097 890 1140 922 ut

185 936 375 972 beneficia
403 941 442 972 et
468 936 599 972 officia
627 937 782 972 illorum
804 938 1053 983 invaderent,
1074 940 1138 987 qui

180 989 252 1024 sibi
279 989 558 1036 obtemperare
586 991 749 1026 nollent.
768 991 880 1028 Datis
901 993 1057 1036 litteris,
1076 994 1137 1029 die

179 1042 225 1079 20
252 1043 425 1079 octobris
446 1043 549 1086 1873,
571 1043 707 1091 Popiel
734 1045 934 1090 monebat,
963 1051 1007 1082 ut
1024 1047 1140 1083 Dioe—

179 1097 280 1132 cesis
305 1097 551 1134 Chelmensis
586 1103 703 1134 vetus
737 1099 881 1136 rituale
915 1111 938 1136 a
965 1101 1005 1137 S.
1034 1102 1136 1139 Sede

179 1153 427 1197 recognitum
447 1151 680 1195 dimitteret,
702 1153 915 1189 substituto
935 1155 1014 1198 illo,
1035 1158 1136 1204 quod

178 1203 401 1251 Imperator
428 1210 704 1252 proposuerat.
731 1207 1003 1245 Ecclesiastici
1030 1211 1132 1255 viri,

178 1259 240 1305 qui
279 1259 492 1296 noluerunt
534 1261 861 1297 reformationem
907 1262 1133 1311 liturgicam

177 1317 317 1360 aperte
343 1314 639 1350 schismaticam
659 1319 787 1351 ratam
811 1316 971 1361 habere,
994 1319 1032 1355 in
1054 1320 1134 1355 vin-

177 1367 274 1403 culis
290 1369 456 1406 coniecti
472 1374 577 1414 sunt,
595 1371 657 1407 vel
674 1372 788 1408 domo
803 1373 985 1417 exsulati,
999 1375 1132 1423 eisque

176 1423 329 1460 suffecti
348 1427 576 1464 sacerdotes
596 1429 789 1475 gallitiani
806 1429 1062 1466 schismatica
1082 1432 1133 1468 la-

176 1475 222 1513 be
250 1480 452 1517 maculati.
486 1483 632 1519 Coetus
656 1483 830 1520 fidelium
866 1485 958 1531 pagi
985 1484 1133 1523 Siedle-

176 1530 239 1574 cii,
264 1536 487 1583 exemplum
518 1538 613 1573 cleri
644 1537 769 1574 fidelis
797 1537 987 1582 imitatus,
1008 1541 1132 1576 sacri-

175 1583 319 1632 legium
347 1588 508 1637 impium
550 1591 743 1639 impedire
783 1596 948 1629 conatus
975 1598 1056 1637 est;
1093 1599 1133 1631 et

173 1638 236 1674 ubi
262 1643 492 1681 sacerdotes
518 1645 762 1682 schismatici
790 1646 967 1682 calendis
998 1647 1132 1685 ianua-

173 1693 220 1728 rii
239 1694 342 1739 1874,
373 1699 585 1735 ecclesiam
609 1701 834 1748 petierunt,
855 1705 992 1748 portas
1018 1702 1131 1737 obfir-

176 1752 304 1785 matas
323 1751 560 1789 invenerunt
581 1783 589 1797 ,
619 1754 884 1802 populumque
911 1756 1130 1801 custodem,

173 1802 253 1848 qui,
282 1815 350 1841 eos
378 1818 426 1842 ne
454 1807 669 1852 intrarent,
700 1808 943 1854 prohibebat.
963 1809 1131 1846 Pseudo-

171 1862 352 1900 pastores
369 1861 449 1896 vim
469 1868 510 1898 et
528 1873 642 1898 arma
660 1862 936 1906 adhibuerunt,
957 1868 995 1900 et
1012 1864 1132 1911 impe-

176 1912 259 1945 tum
286 1911 479 1951 facientes
513 1916 550 1951 in
589 1916 745 1963 plebem
782 1916 993 1960 inermem,
1032 1930 1131 1965 quae

176 1961 336 2001 brachia
355 1967 392 2002 in
409 1970 538 2005 crucis
557 1970 724 2006 formam
747 1976 994 2015 consererat,
1009 1973 1131 2009 eccle-

176 2015 276 2052 siam
297 2018 466 2067 ingressi
486 2028 586 2059 sunt.
618 2023 685 2067 Ibi,
714 2023 852 2059 fractis
879 2023 1021 2069 ianuis,
1047 2038 1131 2072 pro-

177 2072 394 2120 stratisque
431 2077 637 2121 altaribus‚
664 2089 763 2124 quac
791 2077 839 2112 ad
858 2078 1006 2113 cultum
1035 2079 1132 2115 schi-

179 2126 387 2163 smaticum
409 2131 687 2177 pertinebant,
715 2131 1026 2176 substituerunt,
1055 2145 1134 2170 ma-

172 2193 251 2227 gno
265 2187 540 2225 Ruthenorum
563 2185 713 2229 dolore;
728 2185 792 2232 qui
813 2196 882 2232 pro
903 2185 1131 2233 viriliparte

178 2243 435 2285 restiterunt;
463 2240 531 2276 sed
554 2239 710 2275 tandem
738 2239 853 2274 fracti
881 2240 1128 2286 verberibus,

173 2300 213 2332 et
238 2296 378 2332 ictibus
404 2295 551 2332 concisi
569 2294 694 2329 victas
711 2304 848 2328 manus
868 2293 1127 2332 tradiderunt.

227 2350 476 2387 Schismatici
512 2350 592 2385 vim
629 2349 664 2384 in
700 2347 917 2383 catholicos
943 2348 1130 2386 adhibere

173 2404 275 2441 haud
294 2405 649 2448 destiterunt,nam
671 2402 821 2448 plebem
843 2412 1035 2448 pagorum
1065 2415 1128 2450 pe-

171 2460 287 2496 cunia
303 2461 530 2501 multarunt,
560 2457 634 2493 nisi
653 2456 824 2493 decretis
844 2456 1046 2503 Petropoli
1066 2457 1130 2493 da-

173 2512 220 2549 tis
231 2511 714 2562 acquies‹:eret.Qu0niam
730 2521 826 2546 vero
839 2510 1046 2546 multitudo
1058 2523 1130 2548 nec

172 2579 332 2605 censum
361 2569 540 2611 solvere,
584 2577 709 2613 neque
747 2564 907 2601 obedire
936 2565 1131 2602 mandatis

172 2623 344 2667 valebat,
362 2623 541 2658 omnibus
574 2621 647 2657 sibi
670 2619 906 2657 necessariis
935 2618 983 2654 ad
1011 2619 1129 2656 vitam

170 2678 381 2724 expoliata,
411 2677 534 2725 equis,
564 2687 721 2722 nempe,
741 2674 885 2717 bobus,
907 2673 1128 2719 pecoribus,

172 2733 334 2780 aliisque
363 2731 685 2779 supellectilibus,
707 2730 744 2765 in
763 2733 987 2765 extremum
1017 2728 1130 2765 mise-

174 2789 321 2824 riarum
349 2785 676 2823 adduciturHinc
695 2785 841 2819 factum
868 2786 994 2825 est,ut
1021 2783 1129 2818 multi

173 2843 340 2890 patriam
361 2842 595 2888 aufugentes
614 2840 650 2874 in
671 2848 837 2874 nemora
855 2841 894 2872 et
912 2847 1053 2883 specus
1073 2848 1128 2871 rc-

172 2900 391 2939 cesserunt,
403 2895 465 2931 ubi
481 2895 606 2941 frigus
622 2895 847 2938 famemque
863 2889 1014 2936 experti
1033 2890 1131 2924 lilios

172 2955 211 2988 et
238 2954 428 2997 cognatos
461 2949 692 2985 amiserunt.
730 2947 803 2987 Qui
835 2944 973 2991 reliqui
1003 2948 1130 2986 erant,

172 2995 418 3041 autocratem
453 3002 643 3044 adivere,
676 3005 718 3036 ut
747 2999 1028 3047 promissiones
1064 3008 1129 3032 an.

174 3059 264 3095 1865
291 3059 360 3093 sibi
389 3058 501 3092 (latas
531 3055 771 3091 meminerit.
807 3056 879 3089 Ast
914 3054 1131 3099 Imperator

173 3112 423 3147 nihilominus
456 3110 649 3158 placatior
680 3109 844 3144 effectus
864 3136 871 3150 ,
906 3105 1131 3154 postulatio-

175 3177 242 3201 nes
264 3165 414 3208 reiecit,
435 3168 552 3211 atque
575 3164 659 3198 illas
682 3162 816 3209 plenas
836 3159 1050 3197 mendaciis
1069 3158 1131 3194 de-

175 3219 354 3254 claravit.

222 3273 321 3309 Dum
357 3272 536 3309 catholici
571 3271 644 3307 liae
680 3281 826 3318 magna
854 3267 1128 3317 persecutione

538 169 700 195 EPOCHA
723 168 809 194 XIII·
834 170 860 194 A
882 167 1065 196 PVBLICA
1086 167 1236 194 RERVM
1261 168 1302 195 IN
1325 169 1497 197 GALLIIS
1517 172 1805 201 SVBVERSIONE

1192 241 1456 285 iactabantur,
1485 242 1686 278 Romanus
1706 242 1890 279 Pontifex
1916 254 2054 280 eorum
2081 254 2145 291 pa-

1194 295 1406 332 trocinium
1426 296 1715 344 suscepit,data
1729 296 1906 343 Epistola
1920 297 1970 334 ad
1988 297 2150 336 Archie-

1194 349 1397 396 piscopum
1427 349 1643 397 Leopolien
1670 349 1945 387 Ruthenorum
1973 351 2150 398 aliosque

1193 403 1409 449 Episcopos
1428 403 1604 439 eiusdem
1634 404 1732 439 ritus
1746 432 1754 447 ,
1780 404 1841 440 die
1869 405 1913 441 13
1933 405 2025 441 maii
2044 405 2150 443 1874.

1193 456 1304 497 Quae
1321 456 1458 504 Popiel
1473 457 1511 492 in
1532 457 1749 494 catholicos
1768 464 1950 504 gesserat
1963 459 2153 496 damnata

1194 515 1234 546 et
1265 510 1417 547 reiecta
1443 512 1617 555 fuerunt,
1637 518 1677 547 et
1694 511 1872 548 fidelibus
1892 512 2013 548 animi
2030 513 2150 549 additi

1192 568 1307 606 sunt,
1334 569 1375 600 ut
1402 565 1440 600 in
1468 564 1551 601 dies
1577 565 1701 601 fortes
1728 565 1766 600 in
1791 565 1867 602 fide
1902 565 2147 602 resisterent·

1193 617 1344 653 Verum
1365 619 1454 666 quia
1473 619 1609 655 fideles
1620 618 1803 655 Siedleeii
1817 619 2060 666 provinciae,
2079 631 2150 656 seu

1193 671 1412 716 coioodiae,
1425 673 1618 709 maiorem
1639 684 1818 709 amorem
1836 684 1936 720 erga
1952 673 2068 709 fidem
2087 683 2150 709 ca—

1193 724 1380 761 tholicam
1408 726 1749 773 praeseferebant,
1775 726 1849 773 ipsi
1868 727 1984 774 primi
2011 727 2060 763 ad
2086 726 2151 763 de-

1194 778 1408 815 fectionem
1436 781 1544 815 omni
1562 780 1760 824 studio,ac
1786 785 1868 816 toto
1887 785 2031 817 conatu
2058 792 2145 817 coa-

1195 833 1247 868 cti
1280 838 1384 869 sunt.
1415 833 1701 880 Imperatoriae
1729 833 1945 870 voluntatis
1977 835 2145 872 ministri

1193 887 1230 921 vi
1246 891 1285 922 et
1300 887 1527 923 carceribus
1542 888 1676 930 50‚000
1690 887 2002 935 subscriptiones
2020 893 2149 925 extor-

1192 945 1330 976 serunt
1361 941 1409 976 ab
1429 941 1605 985 Uniatc'S,
1633 941 1830 988 paroeciis
1857 941 2055 989 inscriptis
2087 943 2149 987 45,

1191 994 1329 1041 quibus
1368 995 1556 1041 petebant
1596 995 1644 1030 ab
1671 995 1917 1041 Imperatore
1952 996 2147 1033 ecclesiae

1191 1047 1436 1084 orthodoxae
1464 1048 1645 1084 adscribi.
1666 1049 1890 1095 Imperator
1909 1053 2042 1085 tamen
2076 1050 2149 1087 hoc

1191 1102 1246 1137 eis
1273 1103 1441 1149 amplius
1468 1102 1641 1146 indulsit,
1669 1107 1709 1138 et
1727 1106 1868 1138 sancta
1887 1103 2068 1151 Synodus
2085 1104 2148 1141 de-

1191 1156 1341 1202 legavit
1359 1156 1704 1203 archiepiscopum
1727 1155 2021 1192 schismaticum
2049 1158 2146 1194 Var-

1190 1210 1325 1247 saviae
1344 1222 1415 1257 pro
1434 1211 1673 1247 admissione
1689 1211 2146 1257 graecorum-unitorum

1190 1267 1226 1302 in
1254 1266 1380 1300 sinum
1400 1265 1605 1301 Ecclesiae
1627 1265 1820 1309 russicae3
1838 1264 1940 1313 quod
1958 1266 2146 1302 effectum

1189 1321 1259 1357 fuit
1293 1320 1354 1356 die
1387 1319 1433 1359 24
1463 1320 1633 1356 ianuarii
1662 1319 1767 1355 1875.
1797 1319 1976 1356 Defectio
2011 1320 2146 1361 50,000

1192 1377 1567 1421 Unicctorum,brevi
1583 1388 1624 1413 se
1640 1375 1817 1413 extendit
1833 1376 1881 1411 ad
1898 1380 2021 1412 totam
2033 1376 2146 1414 Chel-

1188 1446 1365 1471 mensem
1385 1433 1608 1470 Dioecesim
1633 1433 1694 1476 (25
1715 1431 1848 1467 martii
1868 1431 1987 1475 1875),
2008 1431 2145 1468 iisdem

1186 1488 1312 1525 ferme
1341 1489 1561 1531 effectibus,
1588 1498 1684 1535 quos
1710 1497 1831 1534 supra
1856 1485 2052 1522 doluimus
2069 1488 2096 1519 l.

1234 1544 1372 1591 Neque
1391 1543 1454 1579 hic
1472 1543 1592 1579 finem
1620 1541 1939 1589 persecutionem
1958 1540 2146 1577 schisma-

1187 1599 1253 1635 tici
1272 1598 1465 1635 fecerunt.
1484 1597 1670 1633 Pontifex
1688 1607 1807 1643 saepe
1837 1596 1875 1631 in
1901 1594 2145 1632 allocutioni-

1186 1653 1257 1689 bus
1274 1656 1314 1688 et
1332 1651 1494 1689 Litteris
1516 1650 1730 1699 encyclicis
1761 1650 1846 1685 orbi
1867 1653 2067 1686 terrarum
2084 1660 2134 1697 pa

1186 1706 1323 1743 tefecit
1342 1705 1654 1753 persecutioneS,
1669 1715 1765 1751 quas
1791 1702 1974 1739 catholici
1993 1703 2031 1738 in
2047 1702 2145 1739 Rus-

1186 1761 1244 1797 sia
1271 1760 1596 1806 experiebantur,
1619 1762 1659 1794 et
1677 1757 1806 1794 studia
1824 1758 1863 1792 S.
1886 1757 1998 1794 Sedis
2023 1759 2062 1793 in
2081 1768 2144 1793 eo-

1186 1825 1274 1850 rum
1293 1814 1494 1850 doloribus
1520 1811 1784 1850 sublevandis.
1805 1811 1933 1852 Quum
1951 1823 2062 1856 vero,
2081 1823 2145 1848 oc-

1186 1869 1345 1905 casione
1371 1868 1608 1917 episcopalis
1636 1866 1794 1903 Iubilaei
1823 1865 1882 1901 Pii
1910 1866 1979 1910 IX,
2007 1877 2142 1903 mense

1187 1922 1280 1958 iunii
1308 1933 1411 1958 anno
1430 1922 1537 1966 1877,
1559 1932 1707 1968 magna
1724 1919 1837 1967 copia
1855 1919 2046 1955 Polonum
2067 1920 2142 1956 Ro-

1187 1987 1275 2012 mae
1315 1976 1362 2012 ad
1390 1976 1509 2024 pedes
1541 1975 1693 2011 Summi
1722 1972 1924 2009 pontificis
1953 1973 2142 2017 venisset,

1186 2031 1368 2077 princeps
1405 2029 1616 2066 Ourussofs
1633 2057 1641 2071 ,
1682 2027 1802 2075 regiis
1844 2038 1915 2073 per
1957 2026 2142 2063 Russiam

1187 2084 1353 2131 negotiis
1378 2083 1481 2131 apud
1501 2084 1541 2119 S.
1562 2083 1704 2119 Sedem
1726 2080 1983 2129 praepositus,
2003 2080 2144 2117 arden-

1187 2143 1247 2174 ter
1275 2138 1401 2175 ideam
1420 2149 1531 2173 suam
1553 2137 1755 2185 patefecit,
1776 2148 1824 2173 ne
1845 2135 2033 2171 Pontifex
2052 2146 2141 2171 con-

1186 2198 1344 2240 questus
1370 2203 1462 2229 suos
1489 2192 1535 2227 de
1564 2192 1679 2227 rebus
1707 2189 1899 2237 religiosis
1927 2189 2049 2224 inille
2070 2189 2140 2225 lm-

1188 2247 1295 2295 perio
1316 2247 1469 2293 publice
1488 2247 1654 2288 faceret,
1675 2245 1742 2281 sed
1764 2244 1891 2292 potius
1910 2254 1993 2279 rem
2013 2242 2141 2289 ipsam

1187 2301 1439 2348 diplomatica
1465 2300 1528 2335 via
1555 2307 1711 2347 ageret.
1739 2298 1832 2334 Pius
1851 2297 1920 2345 Pp.
1946 2297 1999 2333 IX
2035 2296 2141 2333 mitis

1186 2356 1317 2391 animo
1345 2355 1599 2391 libentissime
1626 2353 1780 2396 annuit,
1800 2351 2042 2388 Mcmoriale
2071 2351 2141 2386 Im-

1188 2409 1361 2457 peratori
1389 2409 1562 2450 inscribi,
1591 2419 1664 2455 quo
1697 2406 2017 2454 persecutiones,
2051 2416 2142 2453 poe-

1186 2475 1259 2500 nae
1287 2465 1335 2500 ab
1363 2465 1544 2500 Ecclesia
1570 2462 1764 2498 catholica
1792 2462 1829 2497 in
1848 2461 1990 2497 Russia
2007 2465 2047 2497 et
2068 2460 2138 2495 Po-

1186 2518 1291 2554 lonia
1318 2530 1530 2566 perpessae
1549 2523 1589 2554 et
1610 2518 1734 2553 libera
1753 2517 1855 2553 inter
1873 2517 2082 2564 episcopos
2097 2518 2138 2551 et

1185 2573 1407 2609 Romanum
1436 2573 1668 2608 Pontificem
1697 2571 1965 2607 comunicatio
1998 2574 2138 2606 coacta

1184 2627 1474 2664 ostenderetur.
1513 2628 1684 2675 Itemque
1726 2626 1906 2663 Pontifex
1943 2625 2135 2673 efflagita-

1186 2681 1264 2724 bat,
1291 2687 1331 2717 ut
1361 2683 1484 2728 leges,
1501 2683 1637 2729 quibus
1656 2681 1880 2718 Seminaria
1907 2681 1954 2716 ab
1981 2681 2131 2728 episco-

1187 2735 1262 2781 pali
1282 2735 1547 2772 iurisdictione
1564 2736 1769 2780 subducta,
1786 2734 1985 2772 Gubernio
2005 2733 2130 2782 quoad

1184 2788 1428 2836 disciplinam
1447 2795 1486 2826 et
1508 2790 1554 2825 ad
1574 2790 1703 2826 studia
1723 2790 1942 2836 pertineret
1957 2789 2135 2825 subiicie-

1185 2843 1567 2887 bantur‚—cultuum
1596 2848 1635 2880 et
1653 2843 1870 2879 studiorum
1899 2842 2133 2878 Moderato-

1184 2909 1266 2931 rum
1297 2897 1529 2944 Collegium,
1549 2909 1618 2945 pro
1639 2897 1802 2933 Polonia
1817 2899 2010 2939 erectum,
2032 2895 2135 2943 prin-

1184 2951 1296 2996 cipiis
1324 2951 1532 2987 Ecclesiae
1553 2952 1768 2987 catholicae
1792 2954 1833 2986 et
1847 2949 2053 2986 conventis
2071 2960 2135 2996 pa-

1183 3005 1256 3040 ctis
1286 3016 1526 3051 repugnans,
1561 3006 1866 3052 abrogarentur.
1898 3003 2133 3051 Expetebat,

1185 3066 1220 3093 ut
1245 3059 1386 3095 iterum
1400 3060 1434 3094 iu
1448 3059 1626 3096 ordinem
1640 3060 1931 3105 redigerentur,
1952 3057 1999 3093 ad
2020 3068 2133 3104 prae-

1229 3177 1234 3197 ¹
1267 3179 1307 3209 lle
1336 3179 1392 3210 linc
1419 3179 1648 3220 persecutione
1673 3179 1865 3211 documenta
1897 3177 2031 3215 legenda
2051 3183 2127 3209 sunt

1183 3225 1211 3256 in
1239 3224 1363 3266 eplicin.
1391 3224 1434 3256 La
1465 3225 1605 3257 Scicnza
1639 3235 1654 3256 c
1679 3226 1712 3258 Ia
1739 3224 1850 3264 mute,
1884 3224 1947 3256 vol.
1971 3230 2038 3255 nvn
2058 3248 2065 3260 ,
2095 3232 2127 3265 p.

1187 3270 1246 3302 123
1272 3280 1328 3313 sqq
1356 3275 1388 3303 ct
1414 3271 1479 3303 ²295»
1504 3281 1590 3313 sqq..
