2241 3473
551 150 678 181 VSQVE
707 150 760 177 AD
788 143 1092 176 PON'HFICATVM
1120 143 1151 171 S.
1173 141 1367 169 GREGORII
1396 140 1467 167 vlt.

1859 123 1937 161 249

52 229 142 257 men
161 214 387 264 Hungariae
407 213 644 250 indiderunt.
667 213 791 250 Erant
810 211 836 248 ii
858 213 1000 248 natura
1045 218 1194 261 ser-unt,
1214 216 1338 265 ipsum
1359 212 1531 263 potentia
1550 209 1792 254 Theodorae,
1811 217 1923 254 quae,
1945 207 1989 242 ut

53 270 204 308 feroces
219 270 258 304 et
274 266 467 304 idolorum
483 265 773 303 cultuiaddicti.
787 261 1000 311 Postquam
1045 269 1235 313 diximus,
1255 268 1336 304 eius
1358 276 1489 303 amore
1512 263 1718 312 flagrabat,
1739 261 1777 297 in
1798 258 1907 296 Petri
1928 269 1989 295 ca.

51 323 90 360 in
109 319 319 370 praedictis
334 319 558 367 regionibus
571 319 621 355 im
629 318 776 366 perium
790 328 903 354 snum
918 326 1002 351 con-

53 373 284 417 stituissent,
307 374 537 419 veteresque
558 370 716 414 incolas,
733 372 896 412 Avares,
914 367 1002 404 Bul-

51 437 182 476 garos,
201 425 352 469 Slavos,
372 425 514 472 partim
537 422 882 463 exterminassent,
906 431 1000 467 par-

50 479 122 516 tim
143 479 182 516 in
204 477 446 516 servitutem.
458 475 706 523 redegissent,
719 485 780 510 an.
796 473 874 510 900
896 472 1000 520 pira-

50 531 149 569 ticas
185 530 435 568 excursiones
474 528 510 564 in
541 527 782 570 Mor-aviam,
812 524 1001 563 Macedo-

51 582 400 629 niam,Thraciam,
412 578 904 625 Bavariam,Germaniam,
917 576 1002 613 Hel-

51 637 202 674 vetiam
216 666 225 681 ,
246 635 398 672 Italiam
412 663 421 678 ,
442 633 612 670 Galliam
639 631 891 675 inchoarunt,
912 640 1000 665 eas-

53 700 131 737 que
152 700 218 737 per
238 698 361 725 annos
381 685 536 723 circiter
556 684 607 720 7⁶2
626 683 909 732 repetiverunt,
931 691 1000 717 ur-

52 742 122 779 bes
143 745 182 778 et
201 751 320 789 pagos
340 740 558 781 vastantes,
578 735 762 773 ecclesias
792 737 831 771 et
861 745 1001 770 mona-

52 793 178 831 steria
197 792 495 841 depraedantes,
515 789 668 837 aliaque
698 786 873 835 ingentia
902 785 1004 823 mala

51 845 351 883 committentes.
671 841 675 845 “

108 898 170 935 75.
187 896 434 934 Anastasius
453 894 527 931 III
544 893 735 940 Pontifex
757 890 1002 941 (an.9ll)—

60 951 158 988 Post
179 961 297 987 unum
318 950 387 985 aut
407 947 571 983 alterum
593 945 694 982 diem
716 956 739 981 a
759 946 885 981 morte
906 944 1004 980 Ser-

53 1003 108 1051 gii
128 1002 196 1047 111,
225 999 406 1039 Pontifex
436 999 562 1036 factus
581 1000 640 1035 est
668 997 900 1034 Anastasius
931 996 1001 1041 ΙΙΙ,

54 1055 267 1099 Romanus,
279 1063 430 1090 morum
446 1050 673 1099 integritate
691 1049 917 1098 dignus,qui
936 1048 1001 1084 diu

55 1107 268 1145 Ecclesiam
288 1107 442 1154 regeret
458 1103 467 1125 ¹
485 1117 493 1148 ς
511 1104 577 1141 sed
594 1106 679 1151 post
695 1103 791 1139 duos
807 1112 930 1139 annos
945 1103 1003 1138 to-

55 1159 251 1208 tidemque
279 1157 360 1195 sere
387 1168 538 1194 menses
568 1168 588 1193 e
619 1155 720 1192 vivis
745 1154 920 1192 discessit
940 1165 1001 1190 an.

54 1212 145 1258 913,
157 1211 316 1249 dimidio
331 1210 473 1247 mensis
484 1206 686 1247 octobris‘2.
699 1207 880 1256 Sigonius
897 1206 1002 1251 dicit,

55 1276 162 1310 eum,
192 1263 410 1312 postulante
438 1260 678 1307 Berengario
707 1260 845 1297 Italiae
874 1260 1003 1307 Rege,

53 1316 248 1354 Ticinensi
268 1312 456 1364 Episcopo
487 1315 546 1352 ius
574 1313 782 1350 indulsisse
811 1312 1003 1349 adhiben—

57 1370 129 1406 dae
160 1368 367 1414 umbellae,
398 1379 497 1416 equo
527 1367 614 1404 albo
650 1365 836 1411 vehendi,
871 1364 1006 1401 Crucis

55 1420 349 1470 praeferendae,
377 1422 416 1458 et
436 1422 475 1457 in
496 1418 668 1456 Concilio
689 1431 712 1455 a
732 1419 845 1455 laeva
865 1415 1004 1454 Ponti-

57 1473 143 1511 ficis
163 1473 354 1511 assidendi
375 1471 401 1510 ³.

110 1526 282 1564 Landus
304 1526 499 1573 Pontifex
513 1546 561 1553 —
578 1525 623 1561 In
653 1523 779 1560 locum
807 1521 1007 1560 Anastasii

57 1579 295 1628 subrogatus
323 1580 382 1615 est
411 1578 568 1615 Landus
590 1606 599 1622 ,
627 1588 696 1614 seu
726 1576 873 1621 Lando,
901 1575 1007 1611 filius

53 1629 172 1668 Trani
187 1661 196 1677 ,
224 1629 439 1676 Sabinus⁴,
460 1631 568 1667 cuius
597 1628 846 1678 pontificatus
876 1628 1007 1691 bregis

55 1683 160 1730 fuit,
174 1684 270 1721 obiit
284 1684 389 1721 enim
410 1694 540 1720 mense
560 1682 672 1730 aprili
693 1693 753 1718 an.
774 1681 863 1717 914.
886 1681 939 1717 De
961 1692 1005 1717 eo

54 1749 104 1774 ex
121 1736 359 1784 Luitprando
375 1736 531 1780 dieitur,
547 1736 660 1782 quod,
677 1736 870 1771 annuente
886 1733 1007 1769 Theo-

55 1789 168 1836 dora,
188 1788 335 1826 femina
354 1788 552 1826 senatoria
572 1790 612 1824 et
632 1787 670 1824 in
691 1787 785 1823 urbe
817 1786 1006 1834 potentis-

54 1842 170 1888 sima,
198 1841 384 1879 Ioannem
415 1841 713 1890 presbyterum,
734 1839 844 1876 cuius
875 1849 1006 1874 amore

54 1895 122 1932 illa
150 1895 370 1943 deperibat,
389 1894 514 1943 primo
543 1892 846 1937 Bononiensem,
867 1891 1006 1928 deinde

54 1948 397 1985 Ravennatensem
415 1946 628 1984 antistitem
647 1944 1004 1982 creaverit.Verum

55 2012 77 2038 e
96 1999 360 2038 monumentis
389 1998 540 2036 idoneis
570 2001 744 2043 constat,
765 1997 949 2034 Ioannem
969 1996 1005 2032 i-

56 2055 162 2090 stum
182 2054 259 2090 iam
279 2053 329 2089 ab
350 2065 411 2090 an.
433 2052 510 2090 905
530 2051 649 2088 fuisse
672 2047 1007 2098 archiepiscopum

58 2106 277 2143 Ravennae
292 2104 318 2142 ⁵.
335 2105 580 2142 Flodoardus
596 2115 690 2141 vero
708 2103 754 2140 de
771 2103 904 2139 Lando
921 2102 1008 2138 sim-

57 2158 219 2206 pliciter
233 2157 382 2203 scribit,
399 2158 501 2206 quod
523 2161 608 2205 post
628 2155 882 2193 Anastasium
902 2166 1007 2191 sum-

57 2221 162 2248 mam
191 2211 325 2248 ordine
354 2210 526 2247 tenuerit
545 2210 688 2254 sedem,
707 2220 794 2245 eam
814 2208 838 2244 6
859 2207 1006 2244 mensi-

58 2263 132 2300 bus
147 2266 186 2300 et
198 2263 246 2301 10
260 2263 396 2300 diebus
408 2263 584 2308 coluerit,
597 2266 636 2298 et
647 2261 834 2298 emeritus
851 2262 1007 2308 patrum

62 2315 235 2363 priorum
255 2315 338 2352 fata
357 2318 515 2353 secutus
534 2315 585 2353 sit
604 2313 629 2351 ὃ.

116 2367 179 2405 76.
199 2367 377 2405 Ioannes
395 2370 436 2406 X
453 2369 653 2415 Pontifex
669 2365 754 2415 (an.
776 2365 871 2414 914)
886 2366 1008 2402 —De-

59 2419 193 2457 functo
221 2420 377 2465 Laudo,
398 2422 534 2458 eodem
565 2432 626 2457 an.
647 2420 743 2465 914,
765 2431 787 2455 a
813 2419 901 2455 sede
922 2418 1006 2454 Ra-

57 2473 290 2510 vennatensi
328 2473 376 2510 ad
415 2474 635 2510 Romanam
672 2471 887 2508 translatus
935 2470 1009 2507 fuit

58 2525 223 2563 Ioannes
242 2525 294 2570 X,
305 2525 515 2563 Romanus.
525 2526 582 2562 De
598 2526 669 2561 hoc
686 2523 876 2561 Pontifice
893 2519 1007 2559 Lui't-

59 2577 231 2626 prandus
250 2575 281 2623 ⁷,
301 2580 341 2614 et
360 2589 407 2615 ex
430 2590 474 2615 eo
495 2578 607 2615 multi
634 2576 872 2614 recentiores
888 2575 1010 2624 scrip-

100 2696 111 2717 ¹
128 2697 169 2726 De
186 2697 263 2735 ipso,
281 2694 325 2725 ait
340 2693 459 2725 platina
473 2719 480 2731 ‚
497 2694 579 2734 quod
603 2695 764 2725 «modeste
783 2698 812 2724 et
827 2695 946 2734 integre
964 2694 1010 2724 vi-

57 2737 175 2774 xit,nec
188 2738 217 2767 in
234 2746 267 2768 se
279 2736 446 2775 quidquam
464 2737 580 2772 habuit,
593 2745 652 2775 quo
666 2735 851 2773 reprehendi
866 2737 1008 2774 posset».

58 2778 124 2808 Vid.
142 2787 262 2817 quoque
279 2778 389 2807 Baron.
406 2781 435 2806 et
451 2777 524 2812 Pagi
541 2777 578 2805 ad
595 2786 644 2806 an.
664 2775 764 2816 910,ss
784 2776 808 2806 ¹1.

78 2858 83 2864 .
99 2817 114 2839 ²
136 2818 301 2849 Flodoard.
325 2816 368 2847 De
385 2816 472 2847 Rom.
490 2816 630 2878 Pogliss
654 2818 772 2847 Platina
786 2842 793 2855 ,
816 2815 904 2849 Vitae
919 2817 1011 2848 Pon-

116 2868 122 2874 ,
207 2860 213 2865 .
286 2859 290 2863 .
313 2858 316 2863 .
501 2858 512 2875 4

60 2857 122 2920 ἰζ’
132 2857 572 2940 gffiegssg‘²1⁶f};lf¹adeftff·ssf¹311·
589 2907 638 2928 an.
651 2898 686 2928 91
696 2898 721 2935 t,
738 2907 767 2937 p.
775 2897 846 2929 ⁶247.

79 2971 82 2974 .
100 2940 114 2962 ⁴
131 2940 235 2971 Lando
259 2941 342 2971 circa
359 2940 438 2969 diem
457 2940 517 2969 xvi
539 2939 677 2969 octobris
695 2948 743 2969 an.
759 2939 832 2975 913,
850 2948 902 2969 seu
927 2940 1008 2979 quod

61 2980 144 3012 haud
167 2982 308 3021 cuiquam
332 2982 361 3011 in
387 2980 478 3010 dubio
502 2979 560 3018 sit,
584 2983 653 3010 ante
670 2988 804 3010 mensem
822 2979 1009 3010 februarium

60 3022 342 3095 {npignsequentis
359 3021 497 3052 Pontifex
514 3021 613 3051 sactus
631 3023 685 3051 est.
699 3020 863 3052 Baron.ad
880 3021 1010 3062 an.912,

101 3103 117 3125 ⁵
132 3103 267 3141 nubens,
281 3102 361 3135 Hist.
377 3102 517 3134 Ravenn.
534 3102 551 3133 l.
568 3103 599 3132 V.

103 3144 118 3166 ⁶
135 3142 160 3175 0
183 3168 190 3174 .
206 3143 259 3175 cit.

101 3183 117 3206 ⁷
161 3185 297 3225 a‘st.1.11‚
315 3194 340 3217 c·
367 3184 415 3217 13.

1044 322 1224 358 thedram
1253 320 1372 357 fuisse
1392 319 1589 355 intrusum
1615 314 1637 352 ¹.
1659 314 1808 351 Verum
1828 311 1906 348 iam
1928 310 1991 347 vi-

1044 374 1191 419 dimus,
1214 371 1496 420 Luitprandum
1519 368 1644 406 multa
1672 365 1812 404 leviori
1843 363 1992 400 calamo

1044 426 1254 474 scripsisse:
1267 427 1472 473 praeterea
1487 422 1635 459 fatetur
1651 419 1744 467 ipse,
1760 429 1800 455 se
1820 428 1877 461 ea,
1894 427 1994 464 quae

1045 478 1091 515 de
1114 479 1256 515 Ioanne
1278 477 1316 513 X
1337 472 1777 521 narrat,deprompsisse
1798 482 1819 507 e
1834 469 1933 506 libro
1945 467 1992 504 de

1046 531 1127 567 vita
1147 529 1389 572 Theodorae,
1411 537 1526 574 quem
1547 524 1794 562 doctissimus
1813 521 1993 559 Murato-

1045 582 1077 618 ri
1098 581 1269 630 appellat
1289 592 1348 617 un
1371 581 1529 627 infame
1545 588 1742 614 romans-o
1763 575 1788 612 ².
1809 573 1993 612 Flodoar-

1046 634 1117 670 dus
1138 636 1256 677 certe,
1277 632 1444 680 scriptor
1464 630 1654 678 aequalis,
1675 631 1855 671 testatur,
1877 626 1994 663 Ioan—

1045 698 1133 723 nem
1149 686 1199 731 X,
1211 687 1415 733 postquam
1430 685 1773 720 Ravennatensem
1789 678 1993 718 ecclesiam

1045 738 1255 786 prudenter
1284 737 1470 782 rexisset,
1489 736 1538 774 ad
1566 734 1841 771 moderandam
1866 731 1993 768 eccle-

1044 791 1140 828 siam
1162 791 1379 827 Romanam
1396 788 1513 825 suisse
1531 787 1783 836 postulatum,
1802 795 1889 822 eam
1905 795 1992 820 mu-

1045 842 1168 880 nificis
1188 842 1392 879 ornatibus
1412 842 1627 885 decorasse,
1646 842 1685 877 et
1706 841 1790 887 post
1811 838 1859 874 ψ14
1880 836 1988 884 paci-

1043 895 1103 932 fici
1127 895 1324 943 regiminis
1345 905 1464 930 annos
1484 893 1670 930 aetherea
1684 890 1879 928 scandisse
1895 887 1994 926 sedi-

1044 948 1098 985 lia
1118 945 1144 985 3.
1167 948 1276 984 Alter
1304 947 1469 995 scriptor
1497 945 1667 982 eiusdem
1690 943 1891 990 temporis,
1917 953 1989 978 au-

1045 1003 1128 1038 ctor
1144 1012 1280 1049 nempe
1293 999 1483 1037 Carminis
1502 996 1732 1046 panegyrici
1753 997 1798 1032 de
1813 994 1992 1032 laudibus

1045 1053 1275 1101 Berengarii
1297 1052 1466 1100 augusti,
1482 1050 1619 1087 laudat
1641 1049 1821 1086 Ioannem
1843 1047 1881 1084 X
1899 1049 1991 1084 tan-

1045 1117 1160 1154 quam
1182 1105 1403 1154 pontificem
1424 1103 1545 1141 officio
1574 1102 1722 1139 clarum
1745 1103 1784 1138 et
1804 1099 1994 1147 sapientia

1045 1158 1233 1207 repletum
1255 1157 1281 1195 ⁴⁴.

1099 1206 1324 1248 IoannesX
1343 1209 1381 1246 in
1410 1209 1545 1257 primis
1575 1207 1763 1245 sollicitus
1792 1206 1837 1242 de
1868 1204 1994 1252 repri-

1046 1263 1194 1301 mendis
1214 1262 1442 1308 Saracenis,
1463 1261 1527 1309 qui
1557 1260 1644 1297 urbi
1664 1260 1816 1296 Romae
1844 1257 1995 1305 totique

1048 1317 1185 1353 Italiae
1206 1319 1395 1352 terrorem
1416 1315 1643 1352 continuum
1665 1311 1914 1355 iniiciebant,
1935 1321 1998 1346 an.

1047 1369 1124 1406 916
1144 1369 1183 1405 in
1204 1368 1303 1406 festo
1325 1367 1528 1405 Paschatis
1545 1363 1843 1412 Berengarium,
1858 1373 1994 1410 regem

1048 1421 1186 1459 Italiae
1206 1433 1273 1458 seu
1304 1420 1619 1468 Longobardiae,
1641 1418 1853 1465 imperator
1882 1426 1996 1452 coro-

1050 1474 1171 1511 navit.
1190 1474 1233 1510 In
1251 1473 1432 1510 eumdem
1448 1472 1563 1509 finem
1583 1472 1684 1508 inter
1699 1467 1999 1506 Constantinum

1048 1527 1327 1575 imperatorem
1366 1526 1608 1562 Graecorum
1628 1554 1636 1568 ,
1683 1519 1968 1569 Berengarium
1990 1548 1999 1564 ,

1049 1579 1243 1628 principes
1264 1578 1512 1627 Capuanum,
1536 1575 1838 1618 Salernitanum,
1869 1573 1998 1610 Bene-

1051 1634 1264 1669 ventanum
1283 1634 1323 1668 et
1335 1631 1602 1679 Spoletanum,
1613 1628 1748 1665 foedus
1764 1625 1999 1662 conciliavit.

1052 1685 1238 1723 Concordi
1254 1685 1393 1721 horum
1414 1683 1631 1732 principum
1651 1692 1722 1729 ope
1742 1677 1998 1716 fortissimam

1051 1749 1179 1774 arcem
1210 1737 1462 1781 Garilianam,
1481 1747 1598 1783 quam
1621 1732 1807 1770 Saraceni
1829 1731 1876 1768 ad
1896 1730 1999 1767 Liris

1051 1790 1194 1827 ostium
1224 1794 1264 1826 et
1294 1789 1397 1826 Latii
1426 1789 1524 1825 fines
1544 1788 1622 1824 iam
1644 1786 1695 1822 40
1715 1784 1827 1822 annis
1855 1794 1999 1831 magno

1049 1843 1170 1880 totius
1191 1842 1328 1879 Italiae
1350 1841 1582 1878 detrimento
1605 1838 1860 1886 occupabant,
1880 1848 1999 1884 oppu-

1051 1895 1201 1943 gnavit,
1219 1895 1450 1939 Saracenos,
1466 1905 1512 1930 ex
1531 1905 1578 1930 ea
1594 1903 1681 1929 cum
1700 1889 1850 1938 ingenti
1871 1899 2003 1925 eorum

1051 1948 1158 1984 clade
1180 1947 1346 1994 fugavit,
1366 1948 1499 1984 urbem
1520 1947 1560 1982 et
1578 1943 1821 1982 territorium
1850 1943 2004 1978 Roma-

1052 2012 1144 2037 num
1166 2012 1209 2037 ac
1229 2000 1414 2037 finitimos
1435 1999 1674 2047 principatus
1701 2008 1724 2034 a
1743 1996 2001 2034 barbarorum

1050 2052 1366 2090 infestationibus
1387 2052 1572 2089 liberavit
1594 2051 1618 2087 ⁵.

1106 2106 1210 2143 Idem
1228 2105 1412 2145 Pontifex
1443 2103 1783 2152 Theophylactum
1812 2101 1851 2137 et
1879 2099 2000 2137 Caro-

1050 2158 1133 2195 lum
1164 2158 1363 2207 episcopos
1392 2157 1541 2205 legavit
1578 2152 1927 2202 Costantinopolim
1954 2152 2001 2188 ad

1051 2212 1356 2260 componendam
1369 2210 1610 2255 divisionem,
1622 2208 1663 2244 in
1675 2207 1840 2244 ecclesia
1851 2206 2002 2242 Graeca

1050 2266 1177 2302 ortam
1196 2276 1216 2300 e
1237 2263 1386 2312 quartis
1409 2262 1556 2311 nuptiis
1572 2261 1709 2298 Leonis
1719 2260 1775 2297 VI
1802 2258 1829 2305 6;
1849 2258 1998 2295 Hildui-

1052 2329 1145 2354 num
1165 2320 1204 2353 et
1224 2316 1476 2361 Richarium,
1498 2316 1543 2352 de
1573 2313 1799 2362 episcopatu
1816 2311 1999 2349 Leodien-

1050 2369 1081 2406 si
1102 2370 1392 2413 contendentes,
1413 2369 1579 2405 Romam
1602 2365 1780 2411 vocavit,
1800 2368 1839 2401 et
1859 2363 2002 2400 Richa-

1051 2423 1106 2459 rio
1120 2452 1128 2467 ,
1148 2434 1171 2459 a
1201 2423 1304 2459 clero
1326 2420 1529 2459 Leodiensi
1561 2419 1684 2456 electo
1706 2420 1744 2455 et
1764 2429 1787 2454 a
1806 2428 1900 2464 rege
1920 2415 1997 2452 Ca-

1051 2475 1133 2512 rolo
1151 2475 1327 2523 Simplici
1348 2473 1559 2518 nominate,
1575 2472 1705 2510 sedem
1725 2470 1876 2507 addixit
1893 2466 1926 2514 ⁷3
1947 2469 1995 2504 ab

1051 2527 1237 2576 episcopis
1266 2527 1488 2576 provinciae
1509 2522 1776 2563 Narbonensis
1805 2520 1995 2569 interpel-

1049 2580 1152 2617 latus
1173 2581 1212 2616 in
1233 2592 1353 2616 causa
1373 2579 1540 2616 Gerardi
1561 2580 1600 2615 et
1620 2576 1723 2624 Agii,
1740 2575 1786 2611 de
1806 2574 2002 2623 episcopa-

1051 2635 1095 2670 tu
1117 2632 1365 2671 Narbonensi
1385 2631 1634 2675 certantium,
1655 2627 1882 2665 divisionem
1902 2637 2002 2663 com-

1091 2734 1102 2755 1
1121 2736 1281 2772 Baronius,
1299 2735 1337 2766 ad
1361 2744 1410 2765 an.
1427 2734 1496 2771 915,
1512 2733 1526 2774 ἕ
1543 2733 1570 2770 3,
1584 2733 1705 2763 scribit:
1723 2731 1836 2769 «Quod
1853 2731 1894 2761 ad
1912 2732 2006 2762 loan-

1051 2786 1120 2807 nem
1138 2778 1191 2815 Pp.
1208 2780 1418 2815 nuncupatum
1443 2778 1571 2814 spectat,
1593 2775 1688 2812 potuit
1706 2773 1887 2811 contigisse,
1904 2775 1936 2803 ut
1953 2773 2004 2811 qui

1050 2818 1176 2848 invasor
1201 2818 1361 2856 ingressus
1385 2821 1469 2851 erat,
1488 2815 1653 2845 accedente
1677 2814 1754 2844 Cleri
1772 2822 1937 2850 consensu,
1956 2815 2007 2843 ha-

1052 2859 1116 2889 beri
1133 2860 1271 2897 coeperit
1292 2858 1446 2897 legitimus
1456 2858 1610 2887 Romanus
1621 2855 1863 2890 Pontifex;cuius
1879 2854 2004 2894 quidem

1051 2899 1094 2929 rei
1113 2903 1294 2938 argumento
1318 2902 1387 2928 sunt
1406 2898 1578 2936 legationes
1594 2904 1630 2926 ex
1651 2895 1782 2925 diversis
1799 2895 1885 2925 orbis
1902 2896 2002 2934 parti-

1051 2941 1110 2971 bus
1138 2941 1176 2970 ad
1193 2949 1261 2969 eum
1279 2940 1406 2975 missae;
1431 2938 1529 2977 magis
1554 2945 1626 2967 vero
1643 2936 1742 2967 cultus
1760 2936 1832 2975 fuit,
1848 2945 1916 2967 cum
1935 2937 2000 2966 eius

1051 2990 1147 3020 opera
1164 2980 1310 3010 Saraceni
1329 2983 1399 3009 sunt
1415 2979 1548 3008 extincti.

1091 3022 1105 3042 2
1120 3021 1240 3052 Annali
1255 3019 1399 3057 (snalla,
1415 3019 1453 3049 ad
1470 3017 1605 3050 31].914.

1093 3063 1107 3085 3
1123 3062 1210 3092 Libr.
1229 3062 1278 3091 cit.

1091 3104 1104 3125 4
1122 3103 1210 3141 Apud
1227 3102 1312 3141 Pagi,
1330 3100 1456 3138 (Ινίίῖεα,
1473 3101 1511 3130 ad
1529 3109 1578 3130 an.
1595 3099 1664 3131 915.

1092 3144 1106 3166 5
1122 3144 1206 3183 Pagi,
1223 3143 1359 3173 ibid—6
1377 3142 1440 3172 Vid.
1459 3150 1490 3180 p.
1505 3140 1574 3171 248.

1091 3185 1106 3207 ⁷
1121 3182 1241 3217 Concu.
1261 3182 1341 3217 Gall.
1358 3186 1377 3215 t.
1393 3183 1440 3222 ΙΙΙ,
1456 3192 1486 3222 p.
1503 3181 1572 3214 575.
