2241 3473
622 143 1059 302 HisTORnE
1108 194 1783 283 Eccmsnsncffl

821 388 1175 457 EPOOHA

1224 387 1559 455 DECIMA

791 591 859 629 AB
888 590 1099 629 EXCIDIO
1129 589 1341 627 IMPERII
1371 589 1568 627 GRAECI

696 676 867 720 VSQVE
896 676 965 714 AD
996 675 1167 713 ΙΝΙΤΙΑ
1199 673 1453 721 LVTHERI,
1481 673 1566 712 AN.
1599 673 1714 712 1517.

556 938 864 966 PROOEMIVM

290 1036 454 1073 Veteres
470 1035 676 1084 scriptores
693 1038 732 1072 et
743 1046 790 1072 ex
802 1033 895 1081 ipsis
908 1032 1069 1069 Graecis
1081 1043 1181 1080 pru-

238 1091 433 1127 dentiores
459 1089 655 1126 excidium
684 1087 833 1135 imperii
854 1085 985 1135 graeci
1006 1085 1181 1133 imputa-

238 1146 329 1180 runt
341 1144 579 1180 Graecorum
597 1142 794 1179 discordiis
809 1139 999 1188 religiosis
1015 1141 1054 1175 et
1065 1138 1180 1176 schis-

240 1197 331 1233 mati
364 1197 410 1232 al)
437 1195 624 1232 Ecclesia.
646 1196 704 1232 Ex
733 1207 806 1243 quo
835 1196 1008 1241 tempore
1039 1192 1177 1229 Graeci

239 1251 286 1286 ab
317 1249 489 1286 Ecclesia
519 1249 784 1292 desciverunt,
811 1257 945 1283 eorum
966 1257 1026 1282 res
1047 1257 1178 1282 sacrae

240 1307 280 1340 et
308 1302 441 1339 civiles
471 1302 595 1350 magis
619 1301 816 1350 magisque
836 1299 1044 1336 inclinatae
1066 1303 1177 1345 sunt3

239 1362 276 1392 et
296 1368 370 1403 quo
392 1354 628 1401 pertinacius
649 1367 670 1391 a
691 1355 892 1391 Romanae
913 1351 1099 1389 ecclesiae
1116 1352 1180 1388 iu-

239 1421 286 1457 go
308 1407 550 1452 deficiebant,
572 1419 616 1443 eo
640 1407 805 1444 celerius
831 1417 961 1442 eorum
989 1405 1179 1453 respubli-

239 1473 284 1498 (να
302 1461 587 1497 Saracenorum
606 1463 646 1497 et
662 1460 878 1496 'Parcarum
895 1458 1181 1495 incursionibus

239 1513 490 1561 victoriisque
521 1513 847 1550 imminuebatur:
875 1516 914 1548 et
955 1511 1112 1548 tandem
1147 1523 1181 1547 e-

240 1578 352 1603 versa
382 1566 469 1602 fuit.
502 1566 602 1602 Hinc
631 1565 775 1603 factum
808 1568 870 1608 ut,
893 1564 956 1612 qui
978 1565 1180 1601 Romanae

238 1619 425 1657 ecclesiae
445 1619 580 1666 iusque
598 1619 802 1657 Pontificis
818 1617 1097 1655 auctoritatem
1117 1629 1181 1654 ex-

237 1675 462 1719 cusserunt,
492 1672 712 1709 Turcarum
748 1671 927 1710 servituti
957 1671 1180 1708 subderen-

221 1722 223 1725 Ι
239 1731 313 1764 tur.

292 1781 348 1818 Ex
375 1779 448 1816 hac
469 1778 620 1827 imperii
642 1779 772 1827 graeei
799 1779 913 1816 ruina
934 1778 1034 1815 haud
1056 1789 1179 1826 parva

238 1834 399 1871 Latinae
413 1832 600 1870 ecclesiae
614 1833 777 1870 accessit
790 1832 951 1869 utilitas:
962 1843 1050 1868 cum
1063 1832 1180 1868 Grae-

236 1899 366 1924 corum
390 1885 614 1931 doctissimi,
635 1886 864 1923 Theodorus
885 1886 1001 1930 Gaza,
1019 1886 1176 1933 Agyro-

238 1941 369 1988 polus,
393 1940 557 1976 Ioannes
578 1939 776 1984 Lascaris,
798 1938 1028 1976 Emmanuel
1048 1939 1178 1986 Chry-

238 1994 407 2035 solares,
438 1992 628 2040 Georgius
666 1992 1002 2041 '1¹rapezuntinus,
1031 1991 1177 2027 Hemo—

240 2046 366 2083 nimus
386 2044 614 2093 Spartensis,
632 2046 843 2094 Gregorius
863 2045 1073 2094 Tiphenas,
1086 2044 1173 2081 alii-

240 2111 314 2147 que
335 2111 355 2135 e
377 2098 504 2146 patria
524 2110 593 2135 sua
616 2098 729 2146 pulsi,
749 2099 786 2136 in
811 2098 960 2136 Italiam
984 2098 1177 2143 venerint,

240 2152 441 2189 volumina
470 2162 610 2199 graeca
630 2163 744 2189 sacra
764 2157 802 2188 et,
823 2152 984 2200 profana
1004 2151 1040 2187 in
1063 2151 1181 2189 Occi-

239 2206 394 2243 dentem
416 2204 710 2249 transtulerint,
731 2216 829 2253 quae
852 2205 1000 2253 ingenti
1024 2204 1178 2242 littera—

239 2271 324 2296 rum
349 2259 445 2295 bono
468 2259 503 2293 in
526 2257 691 2294 latinum
714 2270 828 2296 versa
849 2262 950 2295 sunt.
975 2258 1093 2295 Iidem
1116 2258 1179 2295 vi-

240 2313 269 2348 ri
291 2312 390 2349 (loeti
415 2323 437 2348 a
460 2311 544 2348 ΚΗ.
568 2311 824 2349 Pontificibus
839 2314 877 2348 et
893 2324 916 2349 a
933 2311 1179 2360 principibus,

239 2365 409 2403 maxime
443 2376 464 2401 a
495 2364 680 2401 Mediceis
702 2366 741 2401 et
761 2365 927 2402 Valesiis
945 2395 953 2409 ,
976 2364 1178 2401 humanis-

239 2419 335 2456 sime
358 2421 398 2455 et
418 2417 637 2455 liberaliter
657 2418 809 2466 excepti
823 2447 832 2462 ,
853 2418 1006 2454 litteras
1028 2418 1180 2466 praeci-

244 2485 315 2520 pue
342 2483 502 2521 graecas
528 2483 677 2509 summo
698 2483 781 2507 cum
803 2472 941 2520 plausu
964 2474 1003 2508 et
1027 2471 1180 2508 audito-

243 2538 326 2562 rum
362 2524 584 2573 frequentia
619 2524 836 2561 doeuerunt
853 2555 861 2570 ,
896 2528 935 2561 et
968 2536 1016 2561 ex
1047 2535 1180 2561 eorum

240 2579 379 2616 scholis
412 2578 641 2627 prodierunt
671 2577 742 2614 viri
764 2577 918 2625 ingenio
934 2607 942 2622 ,
964 2577 1181 2614 eruditione

241 2636 281 2669 et
309 2632 529 2680 eloquentia
558 2631 890 2679 praestantissimi,
920 2643 1084 2679 quorum
1113 2630 1180 2667 alii

243 2686 289 2722 ad
321 2685 608 2723 academiarum
632 2685 851 2730 cathedras,
873 2684 937 2720 alii
959 2685 1005 2720 ad
1029 2685 1179 2732 episeo-

244 2738 348 2787 pales
369 2738 523 2784 infulas,
545 2737 611 2775 alii
632 2738 678 2775 ad
700 2737 1003 2787 purpuram,alii
1021 2738 1067 2774 ad
1085 2737 1181 2773 I'on-

244 2792 400 2829 tificiam
422 2792 649 2840 dignitatem
672 2791 796 2829 evecti
817 2794 918 2829 sunt.

295 2846 494 2882 Mahomct
523 2846 571 2883 11.
594 2845 740 2893 imperii
765 2849 803 2881 et
825 2844 1021 2892 radigionis
1043 2843 1180 2880 maho-

242 2899 403 2935 meticae
433 2900 522 2935 sede
545 2898 872 2946 Constantinopoli
897 2897 1109 2940 collocata,
1135 2908 1180 2932 u-

242 2952 435 2989 niversum
468 2952 714 2989 (weidentem
745 2951 882 2989 Corani
918 2951 1065 2998 legibus
1085 2950 1178 2985 sun-

244 3006 397 3041 mittere
420 3005 597 3042 tentavit.
620 3007 715 3042 Cum
740 3006 944 3051 l'teligione
966 3003 1180 3041 christiana

245 3063 383 3095 nutare
421 3059 623 3096 videbatur
657 3059 807 3107 publiea
828 3059 933 3096 salus
954 3058 987 3094 in
1012 3058 1181 3094 univcr-

246 3126 288 3149 sa
319 3113 488 3160 Europa.
518 3114 568 3149 At
597 3113 919 3160 quemadmodum
951 3111 1027 3148 xl⁰
1057 3115 1096 3148 et
1116 3123 1179 3147 se-

244 3166 448 3214 quentibus
478 3165 642 3203 sacculis
673 3166 754 3215 ipsa
780 3166 1089 3204 mahometanam
1112 3169 1179 3212 ty-

1226 926 1429 964 rannidem
1458 923 1608 970 evasit,
1635 923 1864 970 praesertim
1885 923 1971 960 RR.
1993 923 2161 962 Pontifi-

1224 993 1311 1017 cum
1333 978 1606 1022 sollieitudine,
1627 977 1684 1014 ita
1704 977 1822 1014 etiam
1843 977 2011 1014 durante
2031 977 2104 1014 hac
2119 990 2162 1015 e-

1223 1034 1346 1083 pocha
1362 1031 1560 1070 NicolaiV
1574 1031 1734 1079 eiusque
1755 1030 1791 1067 in
1815 1029 2049 1068 Pontificatu
2070 1042 2164 1068 suc-

1223 1098 1418 1124 cessorum
1449 1084 1551 1122 curis
1573 1085 1737 1121 audacia
1758 1085 1979 1121 Turcarum
1999 1083 2076 1121 fuit
2093 1096 2162 1121 re-

1224 1152 1372 1188 pressa,
1402 1142 1442 1177 et
1472 1139 1648 1186 Europae
1678 1138 1856 1187 regiones
1876 1149 1900 1175 a
1919 1137 2161 1184 vastatione,

1223 1194 1377 1242 Religio
1399 1205 1422 1230 a
1443 1191 1678 1236 discrimine,
1698 1193 1860 1241 populus
1882 1190 2119 1229 christianus
2138 1204 2162 1230 a

1221 1249 1414 1285 servitute
1434 1246 1624 1282 liberatus
1645 1244 1730 1282 fuit.

1279 1301 1308 1337 l.
1332 1300 1504 1349 Imperii
1512 1299 1657 1345 yraeez'
1670 1299 1874 1336 excidium
1890 1297 1973 1348 (an.
1989 1295 2161 1348 1453)-

1223 1354 1423 1391 Mahomet
1445 1353 1492 1396 II,
1513 1352 1666 1399 imperii
1687 1353 1815 1400 graeci
1839 1354 2069 1396 destructor,
2088 1367 2163 1392 an-

1224 1419 1270 1444 no
1293 1407 1390 1444 1451
1416 1405 1514 1454 patri
1534 1416 1603 1441 suo
1620 1405 1798 1442 Amurati
1818 1407 1853 1443 II
1870 1407 1906 1442 in
1924 1405 2085 1454 imperio
2099 1411 2163 1445 ot-

1224 1461 1444 1497 tomannico
1475 1458 1686 1504 successit3
1715 1459 1894 1507 imperii,
1925 1459 1995 1496 sub
2025 1459 2164 1498 deres-

1224 1513 1373 1550 soribus
1394 1512 1475 1550 suis
1498 1523 1574 1565 per„
1585 1511 1717 1548 Asiam
1741 1512 1854 1561 longe
1870 1513 2028 1561 lateque
2044 1514 2163 1560 aucti,

1222 1566 1316 1603 fines
1345 1565 1533 1614 protulit3
1562 1576 1622 1602 an.
1649 1565 1750 1603 1452
1769 1565 2024 1616 eumjngenti
2044 1579 2165 1604 exer-

1224 1620 1303 1656 citu
1334 1617 1706 1665 Constantinopolim
1738 1629 1875 1657 versus
1903 1620 2041 1665 movit,
2069 1620 2164 1659 fusis

1228 1672 1368 1720 ubique
1389 1673 1629 1709 Graecorum
1650 1671 1768 1720 copiis
1790 1673 1925 1710 urbem
1947 1673 2110 1720 obsedit,
2125 1676 2166 1712 et

1226 1738 1325 1763 anno
1346 1729 1530 1775 sequente
1551 1728 1636 1773 post
1655 1725 1889 1774 gravissima
1911 1726 1959 1763 10
1975 1727 2163 1765 mensium

1225 1780 1440 1817 certamina
1482 1791 1565 1817 eam
1601 1779 1852 1827 expugnavit.
1887 1779 2164 1818 Constantinus

1224 1832 1456 1881 imperator,
1479 1833 1570 1870 dum
1599 1832 1728 1868 animo
1754 1832 1902 1870 fractus
1921 1832 2055 1881 fugam
2076 1845 2164 1871 me·-

1225 1887 1436 1933 ditabatur,
1465 1886 1504 1922 in
1537 1885 1641 1923 urbis
1670 1888 1783 1933 porta
1811 1885 1975 1924 obtritus
1993 1885 2076 1924 fuit.
2098 1886 2162 1924 Sic

1226 1939 1428 1987 imperium
1466 1940 1531 1987 Cp.
1562 1937 1702 1976 abhinc
1735 1939 1848 1976 annis
1880 1939 1979 1976 1123
2008 1951 2031 1976 a
2059 1939 2162 1977 Con-

1225 1993 1394 2030 stantino
1415 1993 1466 2030 M.
1488 1992 1704 2033 fundatum,
1726 1992 1763 2028 in
1793 1991 1915 2029 altero
1936 1992 2163 2031 Constanti-

1225 2058 1272 2083 no
1302 2057 1484 2083 eversum
1514 2045 1598 2090 fuit,
1621 2047 1660 2082 et
1676 2044 2029 2094 Constantinopolis
2048 2050 2164 2085 antea

1224 2099 1369 2148 graeci,
1399 2111 1501 2136 nunc
1523 2097 1774 2135 ottomanniei
1799 2097 1948 2146 imperii
1972 2099 2080 2148 regia
2100 2098 2164 2137 fa-

1224 2156 1286 2190 eta
1307 2157 1375 2190 est.
1398 2152 1565 2189 Tristem
1588 2152 1691 2187 urbis
1711 2162 1733 2187 a
1754 2151 1927 2189 barbaris
1947 2157 2084 2200 captae
2098 2152 2164 2191 fa-

1224 2207 1322 2243 eiem
1352 2205 1454 2242 vivis
1482 2205 1673 2241 coloribus
1695 2204 1958 2252 depinxerunt
1978 2205 2162 2255 Iosephus

1223 2259 1424 2307 episcopus
1467 2257 1755 2302 Methonensis,
1784 2257 1928 2306 aliique
1957 2258 2165 2307 scriptores

1223 2311 1416 2359 aequales.
1447 2312 1507 2348 Ab
1537 2311 1596 2348 his
1625 2310 1843 2357 accepimus
1872 2311 2018 2361 templa
2045 2311 2164 2351 fuisse

1223 2376 1362 2402 eversa
1379 2394 1387 2408 ,
1431 2364 1571 2402 altaria
1614 2365 1813 2402 destructa
1829 2395 1838 2411 ,
1872 2369 2162 2404 sacrosanctum

1223 2417 1366 2455 Christi
1397 2419 1544 2466 Corpus
1575 2417 1836 2466 profanatum,
1854 2418 2048 2467 Imagines
2066 2431 2164 2457 con-

1224 2470 1381 2516 fractas,
1398 2483 1492 2508 vasa
1512 2482 1624 2509 saera
1644 2471 1806 2520 direpta,
1823 2472 1956 2510 Ssrum
1978 2471 2164 2521 reliquias

1225 2523 1497 2570 conculcatas,
1529 2524 1698 2573 virgines
1740 2524 1928 2571 violatas,
1960 2525 2064 2563 viros
2093 2538 2162 2564 ec·-

1225 2577 1474 2624 clesiasticos,
1492 2578 1700 2615 monachos
1721 2577 1891 2626 aliosque
1910 2579 2048 2616 acerbe
2061 2590 2162 2617 exa-

1225 2630 1368 2675 gitatos
1388 2660 1396 2675 ,
1428 2631 1603 2668 venditos
1621 2661 1630 2677 ,
1659 2634 1727 2668 aut
1754 2631 2004 2678 interfectos,
2034 2633 2164 2671 omnia

1224 2685 1450 2732 perturbata
1471 2696 1623 2733 pessum
1646 2685 1761 2723 ivisse
1784 2684 1809 2722 ¹.

1276 2738 1399 2778 Quum
1424 2738 1623 2776 Mahomet
1644 2739 1679 2776 II
1697 2739 1828 2776 urbem
1851 2737 2166 2788 Constantinopo-

1224 2789 1288 2826 lim
1311 2793 1588 2839 propemodum
1609 2792 1760 2829 civibus
1782 2803 1947 2830 vacuam
1969 2795 2164 2840 cerneret3

1223 2855 1354 2881 omnes
1372 2844 1553 2894 profugos
1569 2848 1608 2883 et
1628 2846 1794 2883 latentes
1815 2845 1862 2882 ad
1884 2845 2050 2882 reditum
2072 2845 2164 2883 alle-

1225 2897 1292 2942 xit,
1309 2898 1408 2935 farta
1422 2899 1558 2946 cuique
1572 2902 1763 2948 potestate
1782 2898 1938 2936 vivendi
1954 2899 2163 2936 seeundum

1225 2951 1399 2999 propriae
1422 2952 1619 2998 roligionis
1641 2952 1871 2990 ritus.'l'unc
1888 2951 2163 2989 Constantino-

1223 3005 1491 3051 politani,‹·nm
1515 3006 1730 3051 Gregorius
1761 3005 1813 3043 IV
1843 3005 2067 3054 patriarcha
2097 3017 2159 3043 an.

1225 3058 1318 3095 111711
1343 3062 1381 3095 et
1404 3060 1485 3095 urbi
1518 3061 1556 3097 et
1575 3061 1656 3098 sedi
1679 3072 1770 3098 suae
1788 3058 1967 3096 nuncium
1985 3057 2162 3097 remisis-

1264 3175 1271 3197 ¹
1290 3178 1406 3217 (hiperi,
1424 3176 1501 3208 llis-e.
1519 3176 1695 3217 patriarch.
1714 3175 1767 3216 Cp.
