2241 3473
264 178 338 216 166

208 254 299 291 bros
318 252 395 301 legi
416 251 615 301 prohibuit
630 251 702 288 sub
717 249 850 298 poenis
866 248 1000 285 ecclesi
1008 246 1154 293 asticis3

211 307 446 344 Societatem
468 305 553 341 Iesu
575 302 822 340 confirmavit
841 301 1048 349 multisque
1069 300 1153 348 pri-

209 359 362 407 vilegiis
391 358 574 403 ornavit3
605 357 756 394 Romae
785 355 1018 392 clericorum
1052 353 1152 390 Ger-

208 423 409 449 manorum
426 410 628 458 collegium
647 409 831 454 condidit,
842 408 903 445 cui
920 406 1152 456 s.Ignatium

208 463 414 513 praefecit,
435 464 478 500 ut
506 463 659 500 edueati
683 462 724 499 in
752 474 796 499 eo
817 460 1002 498 Germani
1032 460 1153 496 bonae

207 517 344 554 indolis
387 516 670 561 adolescentes,
709 527 754 552 ae
800 515 937 552 deinde
982 514 1153 550 Germa-

209 571 296 607 niae
327 569 510 607 Ecclesiis
535 568 769 618 praepositi,
796 568 994 605 labantem
1022 567 1061 603 in
1086 565 1154 604 illa

207 623 363 671 regione
379 622 609 660 catholicam
625 622 760 659 Fidem
778 622 1030 666 sustinerent,
1044 631 1154 657 ever-

206 688 366 725 samque
385 676 648 714 restituerent.
667 675 882 712 Ecclesiam
904 674 1007 712 rexit
1029 685 1151 721 usque

205 730 253 766 ad
269 741 410 766 annum
426 729 538 773 1555,
555 741 674 778 quum
687 732 731 766 x⁰
745 728 893 766 calend.
906 727 1039 777 aprilis
1060 727 1149 763 anni

205 783 322 820 huius
342 782 629 820 obiisset.Vixit
649 794 772 820 annos
793 782 958 830 amplius
974 781 1038 826 67,
1054 780 1152 817 Pon-

207 836 304 874 tifex
326 835 400 873 fuit
421 847 540 873 annos
559 835 597 882 5,
618 847 801 882 mensem,
821 838 860 872 et
877 835 957 872 dies
975 834 1023 872 16
1045 832 1070 871 ¹.

257 889 321 927 35.
345 890 522 927 Concilii
542 889 776 927 Tridentini
785 885 985 937 periodus
1005 887 1052 925 Il
1064 886 1150 938 (an.

209 941 411 993 1551-52)
433 942 626 980 —Iulius
656 943 735 988 ΙΙΙ,
762 942 983 991 postulante
1013 940 1151 978 Carolo

205 996 441 1045 imperatore
456 997 506 1043 V,
527 996 574 1034 ad
596 996 800 1034 concilium
821 995 1006 1044 generale
1027 995 1067 1031 in
1089 1006 1152 1031 ur-

205 1050 252 1087 be
271 1050 458 1087 Tridento
478 1050 775 1088 instaurandum
797 1049 969 1086 calendis
995 1048 1151 1085 decem-

203 1102 283 1140 bris
294 1103 395 1142 1550
412 1104 564 1141 Romae
584 1103 729 1140 bullam
750 1102 870 1149 dedit3
884 1114 959 1151 qua
976 1102 1149 1151 patriar-

204 1157 660 1206 chas,archiepiscopos,
691 1157 910 1205 episcopos,
940 1167 1150 1204 omnesque

205 1209 302 1248 alios
321 1210 386 1259 qui
407 1211 455 1248 de
476 1212 558 1248 iure
580 1211 641 1247 vel
668 1210 951 1248 consuetudine
979 1209 1042 1246 vel
1071 1209 1150 1258 pri-

205 1263 351 1312 vilegio
381 1264 553 1302 conciliis
582 1263 829 1313 generalibus
859 1263 1049 1301 interesse
1078 1263 1148 1300 de-

205 1317 544 1362 bent,Tridentum
560 1318 792 1355 convocavit
807 1318 856 1355 ad
872 1317 1149 1354 resumendum

204 1370 257 1408 ibi
284 1371 455 1408 calendis
483 1371 575 1408 maii
599 1371 696 1409 1551
719 1371 904 1420 generale
931 1370 1147 1408 concilium.

204 1425 289 1461 Hac
307 1424 390 1473 ipsa
411 1424 470 1461 die
487 1424 586 1462 Sess.
601 1423 695 1470 XIa,
717 1436 816 1473 quac
836 1427 896 1462 est
912 1424 950 1461 Ia
960 1425 1032 1462 sub
1053 1423 1151 1461 Iulio

204 1478 283 1523 III,
303 1478 500 1515 celebrata
527 1477 600 1515 fuit
620 1478 929 1526 praesidentibus
950 1478 1033 1514 vice
1052 1478 1152 1514 Pon-

202 1530 320 1569 tificis
340 1531 527 1569 Marcello
557 1531 743 1569 cardinali
764 1531 983 1569 Crescentio
996 1561 1005 1577 ,
1027 1530 1149 1568 Seba-

203 1585 328 1622 stiano
348 1585 514 1633 Pighino
527 1615 536 1631 ,
557 1585 848 1634 archiepiscopo
867 1584 1070 1634 Sipontino
1086 1615 1094 1631 ,
1111 1588 1151 1621 et

204 1638 363 1687 Aloysio
385 1639 638 1688 Lippomano,
660 1639 837 1688 episcopo
859 1638 1089 1676 Veronensi.
1106 1638 1149 1675 In

203 1704 250 1729 ea
269 1691 438 1729 sessione
459 1693 560 1730 lecta
590 1695 648 1730 est
668 1692 872 1729 Pontificis
893 1692 1002 1730 bulla
1023 1692 1069 1729 de
1089 1704 1149 1729 re-

203 1746 392 1784 sumendo
413 1746 588 1792 coneilio,
611 1747 759 1795 hocque
792 1746 966 1795 legitime
995 1757 1148 1783 resum-

203 1802 314 1848 ptum
346 1811 427 1837 esse
456 1799 716 1846 declaratum,
738 1801 874 1838 deinde
904 1800 1047 1837 indicta
1076 1799 1151 1837 fuit

203 1854 321 1890 sessio
342 1853 474 1890 futura
494 1865 562 1902 pro
583 1853 755 1892 calendis
783 1854 1023 1902 septembris.
1047 1853 1148 1891 Sess.

205 1904 319 1952 XIIa,
332 1906 466 1943 habita
485 1907 685 1955 praedicta
700 1907 774 1953 die,
793 1908 998 1945 concilium
1014 1907 1151 1945 laudes

204 1959 286 1996 Deo
298 1959 467 1998 reddidit
480 1961 526 1997 de
543 1961 920 2010 archiepiscoporum
937 1961 1150 1998 electorum

204 2012 424 2061 Moguntini
441 2017 480 2051 et
491 2014 740 2052 Trevirensis
759 2015 1000 2063 aliorumque
1020 2015 1150 2063 incly—

205 2069 269 2103 tae
299 2067 467 2104 nationis
495 2068 751 2105 Germanicae
780 2069 1047 2118 episcoporum
1077 2068 1150 2105 ad-

206 2121 347 2166 ventu,
369 2132 536 2169 cumque
558 2121 712 2169 plurimi
734 2122 801 2159 alii
837 2125 916 2159 tum
940 2122 1148 2159 Germani-

204 2185 284 2219 cae,
304 2176 385 2211 tum
408 2173 573 2211 aliarum
597 2175 801 2212 nationum
833 2176 1001 2224 episcopi
1031 2187 1148 2224 expe-

203 2229 408 2265 ctarentur
425 2257 434 2273 ,
461 2228 667 2265 sessionem
691 2229 920 2278 prorogavit
949 2241 1071 2277 usque
1102 2229 1149 2266 ad

204 2288 261 2317 vm
276 2281 360 2318 idus
380 2281 560 2318 octobris.
573 2281 673 2319 Sess.
691 2282 826 2328 XIIIa,
843 2283 946 2320 dicta
967 2284 1025 2319 die
1046 2283 1150 2320 habi-

203 2335 258 2380 ta,
279 2334 384 2372 edita
403 2337 495 2372 sunt
513 2335 538 2372 2
553 2335 723 2381 decreta,
745 2347 909 2383 quorum
926 2336 1030 2385 prius
1049 2348 1144 2373 eon-

202 2388 304 2425 tinet
331 2388 355 2425 8
385 2388 514 2436 capita
544 2391 590 2425 de
621 2389 718 2425 reali
760 2389 870 2426 1›.N.
898 2390 984 2427 Iesu
1006 2390 1148 2427 Christi

203 2441 240 2478 in
264 2453 313 2478 ss.
335 2441 603 2479 Eucharistiae
625 2442 880 2480 Sacramento
916 2443 1148 2491 praesentia,

204 2495 249 2532 de
275 2495 521 2532 institutione
550 2495 664 2533 huius
693 2496 961 2542 Sacramenti,
984 2497 1030 2533 de
1065 2497 1146 2534 eius

203 2548 448 2595 excellentia,
465 2549 511 2586 de
527 2549 978 2594 transsubstantiatione,
997 2551 1043 2587 de
1060 2550 1148 2587 cul-

203 2604 245 2639 tu
267 2604 306 2639 et
322 2603 571 2640 veneratione
588 2603 700 2640 huius
720 2602 981 2648 Sacramenti,
998 2604 1043 2641 de
1064 2604 1148 2641 eius

204 2655 467 2693 asservatione
484 2659 523 2693 et
543 2657 589 2693 ad
612 2656 784 2693 infirmos
805 2657 1011 2701 delatione,
1028 2658 1073 2694 de
1094 2657 1148 2693 di-

204 2720 282 2758 gna
297 2709 465 2746 eiusdem
487 2709 733 2758 perceptione
754 2712 794 2747 et
813 2710 1033 2747 admirabili
1057 2721 1144 2757 usu;

205 2763 342 2800 deinde
358 2762 542 2800 contrarii
559 2763 843 2801 haereticorum
861 2775 1011 2801 errores
1031 2764 1074 2802 11
1091 2776 1148 2801 ca·

205 2816 366 2853 nonibus
381 2828 468 2854 cum
485 2817 734 2854 anathemate
750 2817 1004 2862 damnantur3
1027 2820 1147 2865 postc-

205 2870 286 2907 rius
302 2870 501 2907 decretum
519 2871 565 2907 ‹le
581 2870 856 2908 reformatione
878 2870 1148 2919 complectitur

205 2923 228 2961 8
250 2923 389 2972 capita,
411 2924 638 2971 praesertim
659 2924 706 2961 de
735 2924 963 2961 clericorum
994 2927 1033 2961 et
1061 2924 1147 2972 epi—

205 2988 409 3024 scoporum
431 2977 568 3029 causis.
588 2978 800 3015 Praeterea
820 2989 908 3015 cum
931 2980 1150 3027 protestan-

203 3033 262 3068 tes
271 3030 505 3068 Germaniae
522 3043 702 3068 securum
719 3032 766 3068 ad
784 3032 990 3069 concilium
1010 3043 1146 3068 acces-

203 3095 302 3130 sum,
328 3087 366 3122 et
389 3084 552 3121 liberam
574 3085 610 3121 in
631 3097 675 3122 eo
702 3085 940 3122 audientiam
962 3084 1148 3134 postulas-

203 3140 309 3184 sent,
330 3137 483 3175 concilii
503 3138 666 3186 Patres,
688 3138 754 3188 qui
776 3151 911 3176 corum
933 3140 1146 3177 adventum

249 3253 256 3274 ¹
278 3254 428 3294 ltaynald.
447 3259 475 3285 el
491 3254 650 3294 Spondau.
673 3256 710 3285 ad
730 3264 779 3287 an.
801 3254 947 3287 1550-55,

858 183 1014 211 EPOCHA
1042 183 1095 209 XI.
1126 181 1177 207 AB
1206 180 1338 208 1N1‘r11s
1365 181 1543 209 LVTHERI

1195 248 1284 283 ante
1304 245 1448 283 multos
1480 257 1632 283 menses
1652 257 1793 294 magno
1808 246 1998 286 desiderio
2017 259 2137 298 expe-

1197 300 1363 340 etarant,
1375 311 1434 335 om
1443 298 1558 336 nibus
1574 302 1614 336 et
1628 298 1792 347 singulis
1812 301 2017 339 universae
2036 302 2138 339 Ger-

1195 352 1348 389 maniae
1364 351 1557 400 personis,
1573 351 1746 389 cuiusvis
1766 356 1890 391 status
1905 358 1945 392 et
1960 354 2141 392 conditio-

1199 404 1279 451 nis,
1300 416 1482 443 securum
1516 417 1714 443 accessum
1743 405 1790 442 ad
1810 407 2014 445 concilium
2033 410 2074 445 et
2091 407 2141 445 li-

1197 458 1389 496 bertatem
1418 459 1456 496 in
1485 470 1530 496 eo
1561 457 1784 496 conferendi
1801 488 1811 505 ,
1836 460 2074 508 proponendi
2101 462 2142 498 et

1197 512 1392 549 tractandi
1422 512 1691 549 decreverunt.
1714 512 1814 550 Sess
1836 513 1951 551 XIV‘*
1967 542 1976 560 ,
2006 514 2140 552 habita

1196 567 1270 602 V11⁰
1291 565 1470 603 calendas
1499 565 1715 603 decembris
1728 595 1738 611 ,
1757 565 1878 613 primo
1905 566 1931 604 9
1950 567 2140 616 capitibus

1197 618 1374 667 exposita
1402 619 1477 657 fuit
1495 619 1694 656 Ecclesiae
1724 619 1899 657 doctrina
1927 619 1975 657 de
2002 632 2140 659 neees-

1197 673 1310 709 sitate
1347 672 1591 710 Saeramenti
1634 672 1894 721 poenitentiae
1907 703 1917 719 ,
1950 673 1998 711 de
2033 673 2141 711 illius

1197 737 1283 762 cum
1306 725 1509 774 Baptismo
1530 725 1764 772 differentia,
1785 726 1832 763 de
1853 726 1936 764 eius
1965 726 2141 775 partibus

1197 781 1237 815 et
1255 778 1400 825 fructu,
1417 780 1464 817 de
1484 779 1731 825 contritione,
1747 778 1999 826 confessione,
2020 780 2137 818 mini-

1199 834 1280 869 stro
1311 836 1350 870 et
1379 832 1650 879 absolutione,
1680 833 1726 870 de
1763 844 1924 870 casuum
1957 845 2140 871 reserva-

1197 886 1313 931 tione,
1331 886 1377 923 de
1398 886 1644 935 necessitate,
1665 885 1796 923 fructu
1817 889 1857 925 et
1875 887 2055 936 operibus
2083 899 2144 926 sa-

1197 938 1431 977 tisfactionis
1448 953 1457 987 ς
1487 944 1623 989 postea
1656 940 1680 977 3
1713 940 1905 988 capitibus
1942 941 2143 978 declarata

1196 992 1271 1029 fuit
1289 993 1465 1030 doctrina
1494 994 1540 1030 de
1569 995 1815 1031 sacramento
1831 994 2046 1032 Extremae
2066 993 2146 1031 Un-

1196 1046 1334 1084 ctionis
1347 1077 1356 1093 ,
1375 1047 1420 1084 de
1442 1047 1549 1084 illius
1569 1046 1828 1094 institutione,
1845 1047 1986 1085 effectu
2005 1050 2047 1085 et
2064 1047 2142 1085 mi-

1195 1101 1342 1146 nistr03
1372 1100 1662 1138 haereticorum
1691 1112 1785 1138 vero
1816 1112 1968 1139 errores
2004 1102 2141 1139 contra

1196 1154 1416 1191 doctrinam
1433 1154 1665 1191 catholicam
1683 1154 1730 1191 de
1746 1157 1910 1203 utroque
1927 1165 2141 1192 sacramen-

1193 1210 1233 1244 to
1256 1207 1305 1244 19
1325 1208 1539 1245 canonibus
1561 1207 1735 1245 damnati
1764 1212 1865 1246 sunt.
1887 1208 2035 1246 Deinde
2055 1208 2142 1245 edi-

1194 1264 1278 1297 tum
1299 1260 1376 1298 fuit
1397 1261 1598 1298 decretum
1621 1261 1912 1299 reformationis
1940 1261 2142 1299 continens

1200 1314 1247 1351 14
1269 1314 1411 1363 capita,
1442 1326 1540 1363 quae
1569 1315 1618 1352 ad
1646 1314 1856 1353 initiandos
1884 1315 2006 1353 saeris
2034 1315 2144 1353 Ordi-

1200 1368 1330 1414 nibus,
1346 1368 1578 1406 clericorum
1595 1368 1786 1415 habitum,
1806 1369 1996 1407 beneficia
2016 1369 2142 1407 eccle-

1195 1421 1369 1466 siastica,
1397 1422 1458 1459 ius
1488 1423 1730 1471 patronatus,
1757 1422 1910 1472 aliaque
1943 1424 2133 1472 spectant.

1196 1475 1323 1516 Quum
1345 1478 1479 1512 autem
1495 1475 1660 1513 Ordines
1688 1478 1949 1525 protestantes
1973 1477 2140 1514 Germa-

1196 1529 1286 1566 niae
1307 1529 1471 1566 concilio
1491 1526 1796 1577 supplicassent,
1822 1532 1867 1567 ut
1895 1529 2140 1568 decretorum

1196 1582 1242 1619 de
1262 1582 1328 1619 SS.
1351 1582 1603 1620 Eucharistia
1631 1583 1934 1632 publicationem
1969 1583 2144 1621 differret

1196 1647 1317 1684 usque
1348 1636 1397 1673 ad
1426 1636 1699 1685 theologorum
1729 1648 1887 1674 suorum
1916 1637 2141 1680 adventum,

1196 1688 1350 1727 concilii
1371 1690 1512 1727 Patres
1533 1689 1741 1727 sessionem
1752 1690 1841 1737 XV,
1856 1690 2029 1728 habitam
2048 1689 2142 1728 vi11⁰

1196 1742 1380 1780 calendas
1401 1743 1591 1781 februarii
1606 1743 1719 1791 1552,
1739 1746 2002 1794 prorogarunt
2021 1742 2143 1792 usque

1196 1797 1244 1834 ad
1265 1806 1369 1834 xivm
1394 1797 1575 1834 calendas
1607 1797 1758 1847 aprilis,
1789 1802 1829 1835 et
1856 1809 1998 1835 novum
2026 1799 2143 1847 atque

1195 1850 1425 1899 ampliorem
1446 1850 1859 1889 salvum—conductum
1888 1851 2066 1889 omnibus
2093 1851 2143 1888 ad

1193 1902 1406 1942 concilium
1431 1905 1609 1942 venturis
1628 1905 1865 1944 confidentes
1884 1904 1967 1943 fore
1989 1907 2032 1943 ut
2051 1916 2143 1954 pro-

1193 1961 1384 1995 testantes
1414 1958 1633 2007 propediem
1656 1959 1906 2006 advenirent,
1933 1970 2052 2008 seque
2071 1958 2142 1996 de-

1192 2012 1308 2049 cretis
1321 2011 1481 2049 Concilii
1498 2012 1741 2050 subiicerent.
1751 2012 1848 2062 Spes
1865 2013 2070 2050 concilium
2091 2010 2142 2049 fe·

1192 2064 1303 2103 fellit.
1321 2064 1833 2112 Sess.XVI,celebrata1v⁰
1852 2066 2037 2104 calendas
2057 2076 2143 2103 ma-

1193 2118 1353 2164 ias,cum
1370 2122 1530 2167 propter
1545 2123 1705 2157 enatum
1717 2120 1755 2156 in
1768 2120 1981 2157 Germania
1996 2118 2142 2157 bellum

1192 2173 1358 2221 episcopi
1381 2173 1579 2219 Germani,
1602 2173 1829 2221 praesertim
1851 2174 2046 2222 principes
2066 2172 2141 2210 ele-

1192 2230 1318 2263 ctores
1334 2225 1565 2263 Tridentum
1582 2227 1856 2273 deseruissent,
1867 2226 2023 2265 concilii
2039 2226 2143 2264 cele-

1191 2279 1318 2316 bratio
1339 2279 1386 2316 ad
1408 2279 1606 2317 biennium
1628 2292 1814 2330 suspensa
1829 2279 1924 2327 fuit,
1943 2291 2044 2330 quae
2069 2291 2143 2318 su-

1194 2332 1346 2381 spensio
1367 2332 1413 2369 10
1430 2344 1546 2381 prope
1563 2335 1675 2371 annis
1695 2334 1853 2372 duravit
1870 2333 1896 2372 ¹.

1243 2386 1305 2423 36.
1329 2386 1557 2424 Marcellus
1578 2387 1644 2435 II,
1681 2389 1841 2426 Paulus
1865 2387 1940 2436 IV,
1970 2387 2144 2437 Pontifi-

1191 2448 1253 2476 ces
1275 2439 1359 2488 (an.
1380 2439 1496 2489 1555)
1513 2462 1564 2468 —
1578 2442 1692 2479 Anno
1712 2441 1813 2480 1555
1832 2441 1877 2478 v⁰
1901 2441 1988 2479 idus
2009 2440 2143 2490 aprilis

1190 2493 1230 2529 in
1253 2493 1377 2529 locum
1396 2493 1484 2530 Iulii
1507 2494 1562 2532 111
1579 2495 1765 2541 defuncti,
1781 2495 2036 2534 concordibus
2055 2493 2140 2532 suf-

1192 2544 1328 2594 fragiis
1350 2546 1574 2596 ingentique
1595 2549 1783 2587 bonorum
1799 2548 1971 2587 omnium
1985 2547 2141 2598 gaudio,

1193 2599 1375 2637 Pontifex
1400 2600 1545 2639 electus
1566 2604 1626 2640 est
1645 2603 1855 2641 Marcellus
1874 2603 1924 2650 ΙΙ,
1941 2606 2058 2640 antea
2077 2601 2142 2640 di-

1193 2654 1278 2690 ctus
1313 2653 1525 2692 Marcellus
1555 2656 1743 2694 Cervinus
1755 2655 1783 2702 ²,
1811 2656 2039 2707 prudentia,
2066 2655 2138 2693 do-

1193 2706 1320 2744 ctrina
1342 2719 1388 2744 ac
1408 2719 1558 2746 morum
1576 2710 1806 2759 integritate
1823 2709 2138 2760 spectatissimus,

1192 2758 1346 2808 fulgens
1363 2761 1491 2799 adhuc
1521 2763 1717 2812 legatione
1737 2764 1785 2801 ad
1807 2762 2025 2802 Concilium
2045 2761 2140 2817 Tyi-

1194 2813 1395 2851 (lentinum
1418 2816 1530 2853 Pauli
1551 2817 1607 2854 111
1629 2818 1793 2855 nomine.
1815 2817 1867 2855 At
1894 2827 2139 2855 communem

1195 2866 1386 2905 laetitiam
1415 2881 1675 2919 magnamque
1704 2882 1825 2920 spem,
1855 2881 1971 2921 quam
1999 2869 2139 2908 electio

1193 2920 1274 2957 eius
1296 2922 1474 2960 omnibus
1509 2924 1665 2970 fecerat,
1699 2924 1858 2974 abrupit
1877 2933 2139 2974 praepropera

1196 2986 1310 3020 mors,
1331 2987 1458 3023 quarn,
1475 2978 1679 3027 apoplexia
1699 2980 1913 3026 correptus,
1932 2976 2056 3026 pridie
2072 2987 2139 3015 ca-

1194 3026 1329 3065 lendas
1354 3030 1476 3067 maias
1497 3032 1625 3069 subiit.
1647 3031 1797 3070 Nomen
1818 3043 1893 3069 non
1914 3031 2136 3068 mutaverat

1199 3081 1338 3118 ductus
1358 3083 1503 3131 pietate
1525 3097 1620 3135 erga
1640 3083 1835 3135 inclytum
1855 3082 2083 3122 Pontificem
2099 3084 2140 3121 et

1239 3212 1247 3233 ¹
1264 3213 1375 3251 Labbe,
1388 3213 1533 3246 Conciti.
1545 3212 1841 3254 xiv‚p.793-1133';
1854 3212 2142 3251 ΡειὶΙανὶεἰηο,8Ιον.

1199 3254 1248 3285 del
1267 3255 1356 3286 Coun
1372 3255 1404 3286 di
1422 3256 1544 3288 Tremo.
1563 3273 1601 3279 —
1616 3256 1629 3277 2
1645 3256 1762 3288 Montis
1775 3254 1926 3288 Politiam'
1945 3255 1976 3287 in
1992 3253 2144 3287 netruria.
