2241 3473
330 79 409 117 232

276 151 510 200 Kenulphus
529 164 599 190 rex
621 152 859 190 Merciorum
881 154 920 189 et
947 153 1063 189 multi
1084 164 1222 201 proce-

274 215 348 241 res.
371 205 473 241 Editi
496 212 587 242 sunt
620 205 664 240 11
688 215 856 241 canones
877 205 925 242 de
946 206 1223 244 conservandis

276 257 496 293 orthodoxa
525 257 600 292 fide
622 259 661 292 et
698 256 894 294 canonicis
922 259 1155 305 praeceptis,
1175 259 1222 295 de

272 309 348 345 ritu
371 308 618 345 consecrandi
643 308 846 355 ecclesias,
866 311 911 346 de
945 310 1132 347 electione
1153 312 1223 347 ab·

272 361 409 398 batum
437 362 477 397 et
496 360 802 407 abbatissarum,
824 362 872 399 de
893 363 990 399 aliis.
1012 364 1125 399 Anno
1146 364 1223 400 827

271 424 401 449 rerum
417 414 544 450 status
564 425 638 449 non
657 413 751 450 nihil
768 415 997 452 immutatus
1018 418 1089 461 est,
1102 427 1221 464 quum

270 465 487 513 Egbertus,
512 476 586 503 rex
606 466 871 514 KVestsaxiae,
901 468 1114 515 Britannis,
1143 470 1224 505 An—

271 517 343 565 glis
359 519 399 553 et
414 517 632 556 Saxonibus
665 520 849 566 subactis,
878 520 1112 568 rejectisque
1147 522 1222 558 Da-

270 570 328 606 nis
349 581 417 606 seu
438 570 676 608 Normannis
694 601 702 617 ,
723 572 829 610 solus
866 574 1052 610 universa
1080 574 1223 622 Anglia

269 623 417 670 potitus
433 625 505 667 est,
527 626 566 660 et
586 625 837 662 monarchiae
867 626 1110 674 Anglicanae
1131 626 1222 663 fun-

269 676 450 712 damenta
479 677 618 724 posuit.
641 678 701 714 Ab
723 690 823 715 anno
844 679 921 716 838
938 690 1059 726 usque
1078 680 1127 716 ad
1148 691 1221 717 an-

269 739 361 763 num
390 728 469 764 857
505 730 690 776 regnavit
719 731 1023 779 Ethelwulphus
1057 733 1219 780 Egberti

265 779 391 826 filius,
420 781 597 830 princeps
627 794 794 831 magnae
824 784 991 832 pietatis.
1030 784 1066 821 Is
1095 785 1223 823 Danos

264 844 331 869 seu
350 833 614 880 Normannos,
632 836 815 883 Angliam
837 836 1222 883 infestantes,debel-

263 885 379 932 lavit;
401 887 503 935 piam
525 888 879 935 peregrinationem
909 890 957 926 ad
980 891 1116 926 urbem
1138 891 1223 927 Ro-

263 949 367 975 mam
389 939 571 985 instituit,
589 941 655 977 ubi
675 953 697 978 a
717 941 847 978 Leone
865 942 995 990 Pp.lV
1012 943 1224 986 honorifice

261 992 679 1041 exceptus,Anglorum
697 994 869 1031 scholam
882 998 922 1031 et
934 996 1219 1036 xenodochium

263 1043 510 1091 instauravit,
532 1047 740 1083 denarium
780 1058 803 1083 a
842 1047 1005 1095 singulis
1044 1049 1220 1087 domibus

260 1100 472 1135 secundum
492 1098 600 1146 leges
621 1100 713 1135 Inae
736 1102 775 1135 et
796 1099 904 1137 Offae
926 1112 1063 1149 regum
1085 1102 1132 1138 R.
1149 1114 1217 1139 ec-

260 1149 401 1187 clesiae
419 1152 626 1199 quotannis
643 1153 902 1199 pendendum,
917 1154 988 1190 toti
1006 1166 1129 1202 regno
1146 1166 1216 1192 suo

259 1202 482 1251 imperavit3
503 1216 563 1241 an.
588 1204 665 1242 853
686 1207 819 1242 coacto
841 1207 943 1254 apud
965 1207 1214 1245 VVintoniam

259 1257 546 1305 episcoporum,
566 1258 752 1295 abbatum
791 1261 831 1295 et
862 1262 1092 1308 magnatum
1115 1273 1209 1297 con-

260 1311 392 1356 ventu,
413 1310 589 1347 ecclesiis
611 1313 651 1347 et
670 1312 918 1349 monasteriis
939 1313 1130 1350 concessit
1151 1315 1211 1351 de-

257 1362 398 1398 cimam
420 1362 533 1411 regni
554 1375 620 1400 seu
653 1364 908 1402 haereditatis
942 1377 1036 1402 suae
1056 1367 1209 1414 portio-

256 1426 358 1460 nem,
379 1415 427 1451 ab
466 1415 571 1452 omni
608 1418 802 1454 servitute
831 1418 1022 1465 liberam,
1042 1419 1209 1468 episcopi

255 1470 387 1504 autem
408 1468 711 1516 constituerunt,
734 1472 775 1506 ut
795 1470 951 1519 singula
971 1472 1069 1508 feria
1091 1484 1208 1520 quar-

255 1522 293 1556 ta
316 1520 354 1556 in
376 1521 547 1558 ecclesiis
569 1524 608 1558 et
631 1524 877 1560 monasteriis
895 1535 966 1572 pro
983 1536 1074 1573 rege
1095 1528 1134 1562 et
1150 1537 1210 1573 op-

253 1572 467 1619 timatibus,
487 1576 569 1611 tum
610 1574 713 1611 vivis
741 1578 826 1612 tum
861 1576 1068 1623 defunctis,
1090 1590 1209 1615 cane-

251 1628 391 1663 rentur
410 1626 461 1664 50
491 1627 643 1675 psalmi,
673 1630 712 1664 et
747 1640 769 1664 a
801 1629 975 1676 quolibet
1008 1632 1209 1668 sacerdote

251 1678 392 1716 missae
412 1680 651 1717 sacrificium
671 1680 883 1718 offerretur
905 1681 928 1719 ¹.

302 1733 365 1769 44.
386 1730 620 1770 Ludovicus
636 1733 688 1770 II
699 1735 925 1781 imperator
938 1757 986 1762 —-
1002 1736 1115 1773 Anno
1131 1736 1209 1775 855

248 1784 457 1823 Lotharius
479 1787 688 1835 augustus,
710 1787 889 1824 abdicata
909 1799 1040 1825 rerum
1063 1790 1207 1827 huma-

248 1848 386 1874 narum
407 1850 574 1885 summa,
595 1841 634 1876 et
654 1839 859 1887 dispertito
881 1840 984 1878 inter
1005 1845 1084 1879 tres
1106 1843 1207 1880 filios

247 1901 338 1927 suos
359 1902 493 1938 regno,
513 1891 552 1927 in
575 1892 757 1929 coenobio
779 1894 1001 1931 Prumiensi
1022 1896 1206 1933 monasti—

246 1954 336 1980 cum
355 1943 531 1980 habitum
552 1944 690 1991 induit,
714 1945 777 1981 ubi
795 1949 880 1994 post
895 1946 919 1983 6
936 1947 1017 1984 dies
1033 1948 1141 1985 obiit.
1160 1949 1204 1985 Ei

245 1995 283 2031 in
312 1996 474 2044 imperio
496 2000 535 2033 et
556 2008 676 2046 regno
698 1998 835 2036 ltaliae
856 2001 1043 2037 successit
1064 2001 1203 2038 Ludo-

245 2048 355 2089 vicus
377 2050 426 2095 II,
448 2050 525 2086 iam
547 2061 608 2086 an.
630 2050 707 2087 850
737 2063 760 2087 a
780 2052 912 2088 Leone
928 2053 997 2102 Pp.
1016 2053 1072 2090 IV
1089 2066 1202 2091 coro-

243 2104 379 2148 natus,
409 2102 448 2138 in
478 2104 685 2139 Austrasia
713 2104 947 2150 Lotharius,
977 2117 1000 2142 a
1030 2118 1104 2154 quo
1134 2107 1202 2144 illa

242 2153 522 2202 Lotharingiae
544 2167 682 2191 nomen
702 2157 862 2204 accepit,
880 2158 972 2194 etin
992 2159 1202 2196 Provincia

241 2206 416 2245 Carolus.
434 2207 476 2243 In
493 2207 610 2244 Italia
623 2208 842 2251 Ludovicus
860 2210 895 2246 Π
912 2211 1110 2247 variorum
1128 2212 1148 2248 d
1158 2225 1200 2248 u-

241 2271 328 2296 cum
351 2271 421 2308 pro
441 2271 513 2297 sua
532 2260 836 2308 independentia
854 2264 1089 2299 certantium
1112 2276 1198 2301 mo—

239 2311 378 2350 limina
397 2313 589 2358 cohibuit,
612 2313 834 2362 bellumque
864 2314 942 2351 sere
972 2316 1198 2353 continuum

239 2365 360 2412 gessit
378 2368 514 2403 contra
534 2365 748 2402 Saracenos
769 2378 834 2403 seu
853 2367 1013 2404 Mauros
1032 2397 1041 2412 ,
1058 2366 1126 2416 qui
1149 2381 1198 2406 cx

237 2417 372 2455 Africa
388 2421 427 2455 et
441 2419 631 2466 Hispania
647 2418 684 2454 in
702 2420 922 2466 provincias
940 2420 1098 2457 Italicas
1115 2433 1197 2458 eru-

238 2474 399 2519 perant,
421 2471 644 2519 multasque
676 2473 791 2508 urbes
811 2476 850 2509 et
871 2476 1003 2510 castra
1024 2485 1194 2523 occupa—

236 2527 388 2561 verant.

287 2577 350 2614 45.
373 2577 583 2614 Ecclesiae
601 2581 735 2613 status
757 2578 799 2614 in
823 2578 1027 2615 Gallz'a—
1044 2579 1084 2616 In
1103 2580 1194 2617 Ger-

232 2629 410 2676 maniae,
439 2630 590 2667 Frisiae
618 2633 657 2666 et
685 2629 837 2666 Galliac
859 2631 1069 2678 provinciis
1090 2633 1194 2670 mala

234 2681 411 2730 ingentia
429 2682 714 2720 ecclesiasticae
732 2693 776 2719 ac
792 2683 897 2719 civili
914 2684 968 2720 rei
981 2684 1091 2722 illata
1104 2689 1193 2723 sunt

232 2734 407 2781 piraticis
437 2735 755 2773 Normannorum
776 2735 1074 2774 incursionibus.
1112 2740 1191 2774 Ac-

231 2790 434 2824 cesserunt
464 2788 636 2836 ipsorum
667 2799 805 2837 regum
826 2788 1068 2826 Francorum
1091 2790 1192 2827 inter

229 2850 270 2876 se
287 2840 502 2877 discordiae
519 2845 558 2877 et
574 2840 676 2878 bella
691 2841 828 2877 civilia
843 2841 932 2878 inde
950 2846 1095 2882 secuta:
1113 2844 1192 2890 qni-

228 2892 301 2929 bus
322 2893 557 2930 durantibus
577 2893 829 2930 ecclesiarum
850 2905 926 2942 pax
948 2897 1190 2943 perturbata,

227 2945 496 2982 immunitates
517 2948 557 2982 et
577 2946 664 2982 iura
685 2949 919 2994 contempta,
940 2948 1047 2996 leges
1069 2948 1185 2985 viola-

227 2999 303 3043 tae,
324 2999 425 3035 bona
446 2998 710 3035 ecclesiastica
737 3011 760 3036 a
781 2999 889 3037 laicis
911 3003 1114 3049 occupata,
1135 3002 1191 3038 di-

226 3050 391 3098 sciplina
412 3051 596 3099 collapsa,
615 3063 744 3088 mores
765 3052 970 3100 depravati
990 3056 1092 3091 sunt.
1114 3054 1189 3091 Be-

270 3129 279 3151 ¹
297 3108 411 3170 talum,
433 3131 552 3164 concil.
571 3136 590 3164 t.
607 3133 669 3173 vu,
685 3142 711 3172 p.
733 3132 821 3167 1482.
839 3137 868 3164 et
887 3137 903 3166 ι.
923 3133 997 3171 vin,
1015 3143 1041 3173 μ.
1060 3133 1129 3165 w.

963 90 1126 117 EPOCHA
1153 91 1208 118 VI.
1238 93 1266 118 A
1293 92 1449 119 CAROLO
1478 95 1520 120 M.

1267 154 1448 192 nedictus
1473 155 1543 203 Pp.
1564 156 1622 194 III
1651 157 1869 206 episcopos,
1887 157 1925 195 in
1955 170 2076 207 regno
2094 159 2226 199 Caroli

1268 206 1380 244 Calvi
1401 209 1645 255 constitutos,
1655 209 1800 247 litteris
1819 208 2027 260 increpuit,
2040 214 2142 260 quod
2162 214 2227 251 in-

1266 259 1380 295 iustis
1408 260 1596 297 bonorum
1631 262 1979 300 ecclesiasticorum
2009 266 2226 313 occupatio-

1267 310 1402 357 nibus,
1432 312 1595 361 aliisque
1624 314 1812 352 abusibus
1831 327 1872 352 se
1893 328 1961 364 pro
1981 317 2130 355 viribus
2149 330 2226 355 non

1269 367 1523 412 opponerent.
1554 366 1734 415 Episcopi
1754 379 1815 404 an.
1837 368 1914 406 856
1933 370 1970 406 in
1993 370 2158 408 comitiis
2178 382 2225 408 a-

1268 417 1344 464 pud
1363 417 1569 454 Bonoilum
1590 430 1708 467 prope
1728 419 1900 457 Parisios
1919 421 2074 459 litteras
2092 422 2225 460 Ponti-

1267 468 1350 506 ficis
1370 470 1455 517 regi
1476 471 1755 517 exhibuerunt,
1775 484 1942 520 eumque
1957 474 2104 512 hortati
2119 479 2224 522 sunt,

1269 525 1313 558 ut
1332 522 1587 560 ecclesiarum
1609 527 1650 561 et
1669 525 1997 562 monasteriorum
2013 527 2226 575 depraeda-

1270 574 1394 625 tiones
1423 576 1636 622 cohiberet,
1667 577 1799 614 ablata
1827 577 2073 616 restituenda
2102 591 2223 617 cura-

1270 630 1344 673 ret,
1368 630 1408 663 et
1427 629 1639 665 secundum
1664 629 1852 677 capitula,
1869 630 2043 678 suprain
2064 633 2224 680 synodis

1267 681 1468 717 communi
1488 693 1675 718 consensu
1695 681 1813 726 edita,
1825 682 1982 720 ordines
1995 685 2108 732 regni
2123 696 2224 722 com-

1268 737 1442 779 poneret.
1466 734 1614 779 Verum
1636 735 1925 772 coniurationes
1945 737 1986 772 et
2005 736 2121 783 bella,
2140 737 2222 775 bre-

1267 784 1306 821 vi
1334 788 1421 833 post
1450 790 1587 824 contra
1616 787 1798 824 Carolum
1830 787 1996 824 Calvum
2025 789 2220 837 excitata,

1266 838 1537 884 obsteterunt,
1567 841 1774 887 quominus
1803 840 1842 877 id
1873 841 2108 879 efficeretur.
2143 843 2221 880 An.

1266 890 1343 927 858
1365 890 1587 929 Ludovicus
1608 903 1675 929 rex
1700 893 1947 939 Germaniae,
1968 905 1992 930 a
2007 894 2221 932 coniuratis

1264 947 1399 980 contra
1428 944 1612 981 Carolum
1640 945 1679 981 in
1708 945 1940 982 Neustriam
1979 947 2220 994 advocatus,

1265 995 1379 1032 fratri
1406 1007 1475 1033 suo
1505 997 1649 1034 bellum
1678 997 1823 1035 intulit.
1853 999 1897 1035 In
1933 998 1992 1036 his
2026 1001 2220 1048 angustiis

1265 1048 1432 1097 episcopi
1463 1049 1599 1086 Carolo
1630 1050 1710 1098 regi
1741 1062 1852 1099 opem
1873 1051 2069 1098 tulerunt,
2089 1056 2221 1091 aucto-

1262 1101 1380 1138 ritate
1401 1114 1473 1139 sua
1489 1102 1686 1151 armisque
1702 1103 1971 1151 spiritualibus
1987 1105 2162 1143 subditos
2177 1105 2218 1142 in

1262 1154 1445 1202 obsequio
1467 1155 1549 1192 eius
1576 1156 1832 1192 continentes.
1863 1156 2040 1194 Tandem
2060 1169 2120 1194 an.
2139 1158 2218 1195 860

1261 1208 1363 1254 apud
1385 1207 1670 1245 Confluentiam
1691 1209 1739 1245 ad
1761 1209 1948 1246 Rhenum
1969 1210 2074 1247 inter
2092 1210 2218 1248 Ludo-

1259 1259 1388 1296 vicum
1410 1261 1658 1307 Germaniae,
1670 1261 1851 1298 Carolum
1867 1261 2033 1300 Calvum
2046 1263 2216 1310 Galliae,

1258 1312 1490 1350 Lotharium
1523 1314 1805 1362 Lotharingiae
1834 1317 1874 1351 et
1903 1315 2087 1353 Cas-olum
2116 1316 2215 1353 Pro-

1260 1365 1411 1402 vinciae
1434 1377 1546 1415 reges
1565 1378 1642 1415 pax
1663 1367 1879 1416 composita
1899 1366 1974 1405 fuit
1995 1365 2019 1405 1.

1310 1419 1415 1455 Pace
1444 1419 1548 1456 inter
1578 1419 1771 1468 principes
1796 1419 2024 1466 conciliata,
2045 1420 2215 1471 episcopi

1256 1472 1485 1518 reparandis
1520 1472 1718 1509 Ecclesiae
1752 1472 1862 1509 malis
1896 1484 2054 1521 operam
2087 1486 2214 1511 nava-

1256 1525 1362 1560 runt.
1384 1525 1458 1561 An.
1481 1524 1558 1561 860
1579 1525 1775 1562 antistites
1796 1537 1816 1561 e
1838 1526 1884 1562 14
1900 1526 2113 1574 provinciis
2128 1538 2216 1564 con-

1256 1579 1448 1613 venerunt
1467 1576 1627 1613 Tullum
1647 1578 1685 1613 in
1706 1577 1964 1626 Lotharingia
1984 1579 2050 1616 ubi
2071 1579 2214 1617 consti-

1254 1630 1430 1675 tuerunt,
1454 1632 1496 1666 ut
1523 1641 1754 1678 pervasores
1784 1642 1916 1667 rerum
1936 1632 2214 1670 ecclesiastica-

1254 1692 1339 1717 rum
1369 1682 1617 1720 anathemate
1647 1683 1941 1731 plecterentur,
1969 1684 2043 1721 nisi
2071 1685 2212 1734 poeni-

1252 1734 1419 1771 tentiam
1449 1740 1612 1783 agentes
1643 1739 1832 1783 usurpata
1862 1737 2137 1785 restituerent3
2167 1739 2212 1775 ut

1255 1786 1430 1835 virgines
1459 1792 1498 1824 et
1527 1788 1680 1834 viduae,
1701 1789 1782 1825 Deo
1812 1793 2068 1827 consecratae
2088 1793 2129 1828 et
2148 1791 2212 1828 in-

1255 1840 1502 1877 continenter
1522 1841 1715 1887 viventes,
1736 1842 1775 1878 in
1797 1842 2008 1890 ergastulis
2023 1844 2071 1880 ad
2091 1854 2210 1892 agen—

1254 1893 1345 1929 dam
1363 1894 1642 1941 poenitentiam
1662 1895 1973 1942 recluderentur;
1989 1898 2034 1932 ut
2048 1896 2208 1944 periuri,

1252 1948 1444 1993 raptores,
1466 1947 1710 1991 incendiarii,
1731 1947 1948 1984 homicidae
1978 1959 2208 1986 excommu-

1251 1998 1492 2044 nicarentur,
1513 2002 1632 2048 utque
1649 1999 1781 2036 clerici
1799 2003 1839 2036 et
1853 2001 2034 2038 monachi
2050 2001 2142 2050 vagi
2158 2001 2207 2039 ad

1249 2051 1447 2100 episcopos
1469 2056 1510 2088 et
1532 2053 1692 2089 abbates
1713 2053 2009 2091 remitterentur
2029 2052 2056 2091 2.

1303 2103 1365 2140 46.
1390 2105 1430 2141 S.
1454 2105 1653 2142 Nz‘colaus
1675 2105 1697 2141 I
1716 2106 1916 2153 Pontz's'eoe
1937 2105 2025 2156 (an.
2046 2106 2140 2158 858)
2157 2131 2208 2137 -

1249 2155 1464 2194 Benedicto
1486 2158 1559 2205 Pp.
1583 2158 1638 2194 ΠΙ
1661 2169 1722 2195 an.
1745 2158 1823 2195 858
1843 2158 2038 2204 defuncto,
2054 2171 2208 2200 summa

1247 2209 1418 2245 omnium
1441 2210 1647 2247 voluntate
1675 2222 1856 2258 supremo
1879 2211 2076 2249 Ecclesiae
2095 2215 2207 2263 regi-

1248 2261 1349 2297 mine
1380 2266 1419 2298 et
1449 2274 1593 2299 corona
1625 2262 1826 2310 pontificia
1858 2262 2067 2312 insignitus
2096 2264 2173 2304 fuit
2192 2265 2207 2287 ³

1244 2323 1272 2349 s.
1297 2313 1486 2351 Nicolaus
1507 2315 1536 2359 I,
1554 2315 1770 2360 Romanus,
1785 2318 1902 2353 antea
1921 2316 2122 2365 diaconus,
2137 2319 2205 2368 qui

1242 2366 1344 2403 sedit
1364 2378 1487 2414 usque
1505 2368 1553 2404 ad
1574 2379 1635 2404 an.
1658 2368 1746 2405 867.
1770 2368 1807 2406 Is
1829 2380 1971 2417 magno
1987 2370 2130 2418 gaudio
2151 2371 2206 2409 af-

1242 2417 1370 2456 fectus
1394 2419 1470 2456 fuit
1491 2431 1512 2456 c
1533 2421 1786 2458 conversione
1811 2421 2088 2469 Chazarorum,
2103 2423 2204 2462 Bul-

1240 2482 1424 2518 garorum
1457 2474 1496 2509 et
1517 2473 1792 2518 Moravorum;
1825 2475 1893 2511 sed
1922 2485 2108 2523 magnum
2130 2488 2202 2514 ne-

1239 2524 1389 2571 gotium
1411 2526 1445 2561 ei
1471 2525 1716 2563 facesserunt
1737 2527 1902 2564 Photius
1918 2527 1957 2564 in
1978 2528 2141 2567 Oriente
2162 2531 2203 2567 et

1280 2604 1443 2636 ¹A1211alps
1460 2605 1595 2642 Berlin„
1609 2605 1770 2646 Fuldens„
1780 2607 1973 2645 Normann.,·
1985 2606 2100 2640 Concil.
2115 2606 2199 2642 Gall.

1237 2646 1440 2684 t.111‚p.117
1459 2651 1487 2676 et
1509 2647 1572 2677 131.

1278 2686 1292 2707 '²
1311 2686 1428 2719 Concil.
1447 2687 1527 2719 Gall.
1545 2687 1618 2718 ibid.
1635 2698 1662 2727 p.
1682 2688 1749 2719 707.

1277 2728 1290 2749 3
1312 2740 1322 2754 «
1335 2729 1414 2758 llaec
1432 2733 1477 2758 esi
1495 2730 1603 2767 prima,
1619 2731 1648 2759 ni
1665 2730 1754 2760 valde
1772 2730 1932 2768 fallor-(ait
1944 2729 2131 2762 Franciscus
2145 2731 2197 2762 Pa-

1237 2769 1305 2807 gius
1324 2769 1352 2798 in
1377 2768 1445 2799 l‘ila
1463 2771 1551 2800 buius
1569 2771 1738 2808 pontificis,
1756 2770 1772 2811 ἓ
1787 2771 1828 2808 ΕΖ),
1846 2772 1883 2803 de
1900 2773 2102 2803 coronatione
2115 2780 2198 2802 sum-

1238 2818 1355 2839 mou-nm
1376 2811 1554 2841 Pontificum
1574 2813 1698 2842 mentio.
1715 2813 1780 2842 Non
1797 2813 1877 2843 enim
1897 2813 2020 2843 memini
2038 2821 2086 2843 me
2102 2812 2200 2853 legis-

1236 2858 1288 2885 se,
1313 2851 1447 2889 aliquem
1471 2861 1505 2881 ex
1525 2853 1671 2883 Romanis
1691 2853 1888 2883 Pontificibus
1904 2857 1995 2883 antea
2013 2857 2197 2884 coronatum

1236 2889 1341 2921 fuisso.
1362 2892 1442 2922 llaec
1460 2894 1620 2923 coronatio
1638 2894 1719 2924 sacia
1736 2898 1784 2924 est
1801 2895 1830 2924 in
1849 2894 1990 2924 Ecclesia
2008 2895 2196 2925 Lateranen-

1235 2933 1276 2967 si,
1301 2933 1372 2962 licet
1396 2937 1522 2971 postea,
1542 2937 1572 2964 nt
1595 2935 1624 2964 in
1650 2935 1792 2965 l’aschali
1810 2934 1848 2971 ll,
1867 2935 1895 2964 in
1915 2934 2078 2966 caelestino
2096 2934 2151 2973 111,
2166 2938 2197 2966 et

1234 2973 1305 3002 alibi
1332 2974 1523 3011 videbimus,
1549 2975 1683 3005 Pontifex
1709 2984 1833 3015 semper
1849 2980 2017 3006 coronatus
2031 2977 2069 3006 sit
2085 2976 2116 3006 in
2132 2976 2194 3006 Ec-

1233 3014 1327 3043 clesia
1347 3015 1506 3051 Vaticana,
1524 3024 1539 3045 c
1556 3025 1617 3054 qua
1635 3016 1755 3046 redibat
1769 3022 1938 3046 coronatus
1952 3016 1982 3046 in
1997 3017 2196 3047 Lateranum.

1233 3055 1315 3085 Unda¹
1341 3054 1485 3094 suspicor
1507 3057 1536 3086 in
1562 3056 1744 3094 Anastasio,
1770 3057 1822 3087 ubi
1845 3057 1974 3097 legitur:
1992 3057 2194 3089 Lateranum

1230 3095 1404 3133 perductus
1424 3099 1613 3136 coronatur,
1631 3098 1797 3137 legendum
1814 3107 1885 3128 csse
1902 3097 2099 3130 Lateranum
2113 3106 2192 3138 per-

1230 3135 1345 3166 sim-lus
1362 3140 1537 3168 rurnnalus
1548 3150 1573 3168 n.
