2241 3473
291 170 317 182 ’,ὅ

240 218 416 258 rentibus
436 217 484 255 ad
504 215 709 254 Paschatis
729 215 872 252 festum
894 215 1033 252 ductus
1055 214 1190 252 Hiero-

240 273 431 321 solymas,
452 270 582 318 ibique
608 269 655 306 iis
682 269 810 305 insciis
833 268 871 305 in
891 268 1038 316 templo
1061 279 1189 304 rema-

242 337 359 370 nens,
379 323 619 372 sapientibus
648 322 729 359 suis
751 321 1048 369 quaestionibus
1069 324 1109 358 et
1129 332 1188 357 re-

240 378 388 428 sponsis
409 375 707 414 admirationem
727 374 931 412 doctorum
952 375 1050 425 legis
1079 374 1188 411 exci-

239 432 352 469 tavit.
373 431 432 468 Ab
453 430 525 466 hoc
544 432 718 477 tempore
736 439 859 476 usque
876 428 923 465 ad
939 427 1186 477 trigesimum

241 484 381 523 aetatis
410 494 503 521 suae
533 493 677 519 annum
698 482 799 530 apud
819 483 998 530 parentes
1019 480 1188 526 delituit,

241 538 489 575 continenter
520 534 725 584 proficiens
755 535 964 583 sapientia,
987 537 1026 572 et
1046 535 1187 580 aetate,

241 594 281 629 et
309 589 437 640 gratia
466 588 568 638 apud
597 588 720 625 Deum
751 590 790 625 et
809 588 985 625 homines
1003 587 1027 625 ¹.
1067 587 1188 624 Plura

243 646 289 682 de
319 644 475 693 privata
504 642 591 680 Iesu
622 641 704 679 vita
734 641 954 690 Scriptores
982 640 1090 679 Sacri
1111 651 1187 677 non

241 697 428 736 referunt.

294 751 330 788 2.
352 750 532 787 Ioannes
551 748 746 798 Baptista
758 769 809 774 —
826 748 1031 786 Caesarem
1050 748 1188 796 Augu-

242 806 345 842 stum
362 802 591 840 defunctum
610 801 650 839 in
670 802 936 839 Romanorum
950 800 1110 850 imperio
1127 812 1189 838 ex-

241 857 344 906 cepit
360 855 552 902 Tiberius,
569 854 634 904 qui
651 854 728 892 iam
743 854 898 892 biennio
913 853 1186 903 proconsulare

242 910 448 959 imperium
468 911 655 958 gesserat.
677 908 802 946 Huius
822 909 1060 957 principatus
1086 919 1188 944 anno

242 964 393 1002 decimo
422 963 556 1011 quinto
585 973 615 1000 s.
636 962 803 999 Ioannes
823 961 1023 1010 Baptista,
1042 960 1188 998 Zacha-

243 1017 326 1055 riae
356 1015 569 1055 sacerdotis
588 1018 628 1052 et
647 1014 894 1052 Elisabethae
913 1014 1037 1061 filius,
1056 1014 1121 1062 qui
1141 1014 1188 1051 ab

246 1069 509 1108 adolescentia
528 1069 567 1106 in
588 1069 741 1106 deserto
761 1067 974 1106 solitariam
995 1070 1035 1105 et
1054 1069 1188 1105 auste-

241 1136 325 1162 ram
353 1123 476 1160 vitam
506 1124 664 1171 egerat,
685 1121 794 1159 venit
813 1121 852 1158 in
873 1133 1024 1159 omnem
1054 1121 1185 1170 regio-

243 1189 330 1215 nem
342 1175 770 1224 Iordanis,praedicans
781 1176 995 1212 adventum
1007 1174 1187 1221 Messiae3

243 1242 378 1269 omnes
408 1230 457 1267 ad
487 1229 613 1266 cordis
643 1229 939 1266 conversionem
977 1228 1187 1277 dignosque

240 1282 504 1334 poenitentiae
533 1282 686 1320 fructus
715 1282 963 1328 hortabatur3
985 1284 1025 1318 et
1052 1293 1186 1319 assen-

240 1338 382 1376 tientes
394 1336 562 1374 sermoni
573 1347 644 1373 suo
661 1335 774 1373 undis
789 1335 966 1372 Iordanis
975 1335 1187 1383 baptizans

241 1392 290 1429 ad
309 1389 511 1439 Evangelii
532 1389 702 1439 gratiam
722 1389 992 1437 praeparabat.
1010 1389 1116 1426 Iesus
1132 1389 1187 1437 ip-

241 1447 381 1490 semet,
404 1455 492 1480 cum
512 1445 614 1480 esset
635 1442 800 1491 triginta
820 1453 1024 1488 annorum,
1045 1442 1093 1479 ad
1112 1442 1187 1479 Ior-

241 1499 381 1536 danem
398 1497 520 1542 venit,
537 1498 580 1534 ut
595 1496 857 1545 baptizaretur
873 1507 895 1533 a
910 1496 1068 1541 Ioanne;
1086 1508 1188 1533 curn-

241 1563 318 1600 que
345 1550 562 1599 baptizatus
590 1549 766 1598 prodiret
785 1561 834 1588 ex
855 1549 990 1597 aquis,
1013 1561 1111 1586 novo
1133 1549 1188 1586 di-

240 1604 324 1643 vini
343 1603 557 1642 testimonii
576 1614 720 1652 genere
735 1602 960 1640 honestatus
976 1606 1046 1649 est3
1062 1603 1187 1651 aperti

241 1658 344 1696 enim
363 1660 453 1695 sunt
474 1656 584 1703 coeli,
606 1655 775 1705 Spiritus
791 1656 828 1694 S.
847 1656 885 1693 in
900 1656 1100 1694 columbae
1117 1656 1188 1694 for-

242 1723 308 1749 ma
326 1711 367 1749 in
388 1722 477 1748 eum
498 1709 711 1755 descendit,
731 1712 772 1747 et
791 1720 868 1747 vox
890 1710 1022 1747 Patris
1042 1710 1088 1747 de
1109 1722 1188 1747 coe·

242 1765 290 1803 lis
309 1764 491 1802 intonuit:
507 1763 588 1800 Hzc
607 1768 666 1801 est
677 1764 794 1812 filius
808 1774 922 1800 meus
936 1763 1123 1808 (Iteectus
1142 1776 1185 1802 272

241 1830 322 1868 quo
342 1816 450 1855 mi'lzz
468 1817 708 1866 complacue.
732 1816 878 1854 Deinde
899 1819 1035 1876 petens
1064 1817 1189 1855 deser-

241 1876 338 1918 tum,
358 1883 398 1909 se
419 1869 684 1919 quadraginta
705 1867 871 1907 diebus
862 1869 1008 1907 ieiunio
1035 1872 1075 1908 et
1095 1882 1187 1908 ora-

242 1925 346 1963 tione
367 1925 414 1962 ad
437 1923 696 1961 ministerium
719 1923 913 1972 publicum
931 1925 1188 1972 praeparavit,

243 1977 407 2024 diaboli,
427 1977 476 2015 ad
506 1977 649 2014 diversi
676 1976 828 2025 generis
856 1976 964 2014 nefas
993 1989 1082 2014 eum
1102 1977 1189 2015 alli-

243 2031 397 2076 cientis‚
418 2030 654 2068 tentationes
682 2029 866 2079 oppositis
894 2029 1120 2080 Scripturae
1149 2031 1186 2069 S.

243 2084 404 2133 eloquiis
422 2083 637 2133 superavit.

295 2138 455 2176 Interim
484 2148 601 2186 quum
621 2136 725 2174 fama
744 2148 893 2183 eorum,
913 2148 1013 2186 quae
1034 2149 1057 2175 a
1077 2137 1180 2175 Ioan-

243 2204 290 2230 ne
320 2190 498 2240 Baptista
517 2189 663 2227 fiebant
682 2190 718 2227 in
740 2190 923 2235 Iordane,
945 2191 1188 2239 pervenisset

243 2244 569 2293 Hierosolymam,
585 2243 804 2281 sacerdotes
834 2246 873 2281 et
901 2244 1041 2282 levitae
1075 2244 1186 2293 lega-

242 2302 302 2336 tos
331 2298 378 2336 ad
409 2309 495 2334 eum
525 2297 717 2334 miserunt
738 2299 937 2346 rogantes,
959 2309 1005 2334 an
1028 2298 1109 2346 ipsc
1130 2310 1187 2336 es-

241 2355 302 2390 set
321 2351 499 2389 Christus
518 2362 585 2388 seu
607 2349 817 2399 promissus
834 2350 1008 2389 Messias.
1026 2351 1186 2389 Ioannes

241 2406 296 2443 eis
318 2404 538 2453 respondit,
558 2415 598 2441 se
620 2415 693 2441 non
715 2415 797 2441 esse
818 2404 1035 2450 Christum,
1056 2405 1122 2442 sed
1143 2405 1187 2442 il-

242 2459 317 2496 lius
346 2468 640 2507 praecursorem
669 2457 717 2494 ab
743 2457 845 2494 Isaia
866 2459 1051 2507 propheta
1071 2470 1187 2507 prae-

242 2513 402 2557 ‹lictum3
423 2510 620 2549 Christum
637 2510 713 2548 iam
730 2510 934 2549 advenisse
951 2515 989 2549 et
1003 2512 1104 2549 inter
1122 2524 1187 2549 eos

242 2565 404 2603 versari.
425 2564 560 2602 Altera
579 2563 638 2601 die
660 2563 796 2601 videns
817 2564 942 2602 Iesum
967 2565 1187 2603 adventan-

241 2622 332 2663 tem,
354 2618 592 2655 inclamavit:
613 2617 717 2655 Ecce
737 2619 883 2664 Assmcs
900 2618 991 2663 Dee}-
1008 2621 1191 2669 ecce‚qm'

244 2673 352 2709 tollit
364 2676 581 2720 peccatum
601 2671 760 2708 mundi.
776 2672 857 2708 Hic
877 2677 947 2716 est,
965 2672 1013 2709 (lc
1032 2684 1112 2721 quo
1132 2674 1189 2709 di-

240 2727 309 2763 mi:
324 2731 420 2774 φας-ί
438 2737 500 2762 me
521 2726 635 2762 rem't
653 2725 738 2769 νίν,
761 2726 836 2774 qm'
855 2731 953 2761 (cnse
972 2737 1033 2762 mc
1052 2728 1189 2774 filetus

242 2785 338 2817 est...
360 2779 395 2816 Is
416 2783 463 2815 ut
481 2778 775 2827 nmm‘festetur
796 2779 839 2815 in
860 2779 1003 2823 Ιεναϋῐ,
1018 2786 1188 2829 propte-

243 2845 315 2870 rea
335 2833 432 2869 veni
449 2844 577 2879 ‘'.‘l⁰···
600 2831 655 2868 Et
677 2833 954 2869 testimonium
969 2832 1188 2881 perhibui,

242 2887 344 2936 quia
366 2885 432 2921 hic
453 2890 512 2921 est
532 2885 668 2921 Filius
689 2885 768 2921 Dei
780 2883 806 2922 ².
891 2895 896 2899 ·

295 2941 330 2978 3.
354 2938 616 2976 Praedz'catz'o
643 2937 800 2975 Christi
817 2936 908 2987 (an.
930 2937 1004 2988 30)
1025 2960 1072 2967 —
1096 2939 1190 2978 Post

243 2992 340 3030 haec
360 2991 543 3029 Salvatm
573 2995 704 3028 noster
729 2991 952 3040 impositum
974 2993 1045 3030 sibi
1067 3006 1188 3031 evan-
1209 3027 1211 3041 ,

291 144 317 170 ⁶)
783 151 941 179 EPOCHA
969 152 996 178 Ι.
1024 151 1052 177 A
1080 148 1331 177 NATIVITATE
1358 147 1447 175 IESV
1477 147 1631 174 CHRISTI

1235 211 1451 249 Galilaeam
1467 241 1476 257 ,
1508 210 1728 248 Samariam
1765 212 1993 260 tractusque
2036 211 2186 251 vicinos

1235 267 1376 303 docens
1395 263 1631 313 peragravit.
1649 264 1808 305 Quanta
1822 277 1937 314 porro
1953 266 1994 303 in
2014 266 2185 304 docendo

1235 319 1434 356 maiestas!
1455 320 1602 366 quanta
1617 316 1825 365 sapientia!
1849 319 1922 356 Dei
1943 319 2106 368 eiusque
2122 332 2189 358 na-

1235 376 1346 410 turae
1375 374 1415 408 et
1444 370 1731 420 proprietatum
1759 371 1938 421 suggerit
1966 373 2184 420 notionem,

1235 425 1387 474 qualem
1419 425 1529 462 nulla
1551 435 1720 471 unquam
1741 435 1850 462 mens
1871 425 2044 464 humana
2063 426 2185 464 effor-

1234 479 1370 517 mavit.
1392 478 1435 515 In
1466 476 1769 515 secretissimum
1791 477 1947 516 divinae
1968 478 2186 528 sapientiae

1234 531 1438 569 consilium
1467 534 1694 580 penetrans,
1714 530 1907 579 mysteria
1935 533 2087 570 revelat
2107 545 2182 571 au-

1233 584 1472 634 gustissima,
1493 596 1594 632 quae
1615 583 1774 632 quidem
1793 583 1967 622 humana
1985 585 2086 623 ratio
2107 598 2182 624 non

1234 638 1350 688 capit,
1370 637 1437 675 sed
1461 638 1508 675 ob
1530 636 1702 675 docent-is
1723 637 2001 675 auctoritatem
2019 638 2186 677 firmiter

1232 704 1278 729 ac
1297 693 1402 729 recte
1423 691 1556 728 credit.
1575 690 1734 732 Quanta
1755 690 2005 739 simplicitas!
2021 691 2129 730 nulla
2143 692 2185 730 in

1233 756 1411 783 sermone
1427 744 1509 782 eius
1525 743 1658 781 fucata
1669 743 2026 793 eloquentia‚nulla
2040 745 2184 783 iactan-

1233 799 1287 836 tia
1315 799 1383 835 aut
1412 797 1609 843 adulatio,
1629 796 1738 835 nulla
1756 797 1939 836 favorum
1970 799 2041 836 aut
2058 797 2186 837 laudis

1232 851 1409 901 propriae
1425 851 1628 900 cupiditas.
1642 850 1797 892 Quanta
1811 851 2045 890 auctoritas!
2063 864 2185 901 prae-

1231 905 1337 954 cipit,
1358 904 1550 953 prohibet,
1570 905 1762 951 hortatur,
1791 904 1977 952 minatur,
1991 905 2077 943 sine
2098 918 2190 944 cun-

1231 958 1398 996 ctatione
1419 957 1594 996 decernit
1613 969 1712 1005 quae
1731 958 1834 996 bona
1862 958 2062 1005 facienda,
2084 971 2184 1009 quae

1231 1012 1336 1050 mala
1354 1011 1529 1058 vitanda,
1545 1016 1639 1049 erat
1657 1011 1806 1049 docens
1821 1013 1934 1050 sicut
1937 1017 2185 1062 potestatem

1231 1065 1385 1103 habens
1403 1064 1428 1103 ¹.
1450 1065 1607 1106 Quanta
1633 1064 1860 1103 humilitas!
1880 1065 1928 1103 ab
1949 1066 2053 1104 omni
2068 1066 2186 1104 ambi-

1230 1119 1333 1156 tione
1354 1118 1524 1165 alienus,
1544 1118 1719 1156 omnium
1739 1130 1781 1156 se
1801 1130 1956 1156 servum
1977 1118 2086 1167 facit,
2106 1131 2185 1158 me-

1231 1173 1399 1210 ditantes
1427 1183 1516 1209 eum
1545 1172 1784 1210 constituere
1817 1183 1949 1222 regem
1993 1172 2183 1221 declinat,

1230 1226 1352 1264 solam
1386 1225 1456 1263 Dei
1486 1225 1618 1263 Patris
1646 1225 1832 1275 gloriam,
1851 1225 2094 1276 hominisque
2112 1227 2183 1265 de-

1231 1278 1373 1339 perdi-ti
1415 1278 1583 1317 salutem
1615 1278 1781 1327 quaerit.
1817 1278 2044 1317 Doctrinam
2071 1292 2203 1319 suam·

1232 1345 1305 1370 non
1333 1332 1372 1369 in
1403 1334 1618 1382 systemate
1647 1333 1817 1380 quodam
1838 1335 1908 1371 aut
1925 1333 2186 1382 coniunctim,

1231 1386 1297 1424 sed
1317 1386 1528 1435 separatim
1547 1398 1618 1434 pro
1645 1387 1738 1424 data
1753 1386 1957 1424 occasione
1973 1387 2184 1447 proposuit.

1231 1441 1331 1478 Usus
1361 1441 1420 1477 est
1446 1439 1649 1477 sententiis
1670 1439 1912 1490 simplicibus
1932 1440 2183 1490 omniumque

1231 1492 1447 1531 intellectui
1467 1493 1784 1552 accommodatis,
1803 1493 2001 1543 parabolis
2021 1494 2086 1532 vel
2104 1495 2187 1544 pla-

1231 1559 1280 1585 na
1300 1550 1339 1584 et
1359 1546 1564 1596 perspicua
1582 1546 1799 1593 locutione,
1828 1548 1868 1585 et
1890 1546 2043 1585 dicendi
2063 1559 2184 1597 gene-

1231 1613 1273 1638 re
1302 1600 1416 1638 suavi
1435 1600 1585 1638 animos
1606 1600 1816 1638 admodum
1841 1602 2044 1647 movente,
2064 1601 2122 1640 ita
2141 1603 2186 1640 ut

1230 1656 1268 1691 et
1282 1653 1442 1692 docendi
1459 1654 1640 1691 methodo
1656 1653 1837 1692 altiorem
1853 1654 1900 1691 de
1911 1665 1952 1692 se
1963 1653 2184 1702 opinionem

1230 1708 1269 1745 in
1289 1707 1529 1746 auditoribus
1549 1707 1750 1745 excitaret.
1774 1707 1864 1745 Non
1890 1706 2017 1745 solum
2032 1706 2072 1745 in
2088 1709 2186 1746 tem-

1231 1762 1292 1811 plo
1313 1764 1352 1799 et
1370 1761 1410 1798 in
1431 1760 1663 1810 synagogis,
1685 1761 1752 1798 sed
1773 1763 1813 1798 et
1839 1761 1878 1798 in
1904 1760 2082 1799 domibus
2101 1761 2184 1810 pri-

1232 1815 1330 1852 vatis
1359 1818 1398 1852 et
1425 1815 1497 1852 sub
1518 1814 1580 1852 dio
1599 1814 1782 1863 populum
1802 1814 1957 1862 docuit,
1977 1815 2183 1854 occasione

1230 1880 1345 1917 saepe
1365 1868 1570 1917 desumpta
1591 1879 1615 1905 a
1634 1868 1750 1905 rebus
1770 1867 1907 1906 obviis.

1284 1923 1318 1959 4.
1341 1922 1512 1959 Summa
1531 1922 1746 1959 doctrinae
1765 1923 1854 1959 eius
1872 1944 1923 1949 —
1943 1921 2086 1960 Omnia
2111 1922 2182 1960 do-

1232 1975 1381 2012 ctrinae
1402 1975 1484 2013 eius
1510 1975 1638 2023 capita
1657 1975 1923 2023 praescribere
1936 2005 1946 2022 ,
1965 1975 2070 2013 haud
2089 1975 2184 2014 sinit

1233 2028 1465 2078 praestituta
1500 2028 1627 2076 operis
1656 2028 1841 2066 brevitas.
1874 2029 2022 2066 Eorum
2049 2031 2182 2067 tamen

1231 2093 1434 2128 summam,
1454 2081 1546 2131 quia
1565 2081 1721 2119 divinae
1741 2081 1826 2120 eius
1851 2082 2066 2129 doctrinae,
2089 2082 2184 2120 divi-

1233 2147 1382 2184 naeque
1397 2134 1586 2173 missionis
1602 2134 1836 2173 clarissimos
1853 2135 2101 2174 characteres
2121 2135 2183 2174 in-

1233 2189 1376 2234 dicant,
1396 2199 1591 2238 exponere
1611 2188 1770 2237 placuit.

1284 2243 1326 2279 In
1348 2242 1483 2291 primis
1503 2241 1686 2290 seipsum,
1703 2241 1953 2291 divinamque
1969 2253 2082 2280 suam
2097 2241 2184 2281 mis-

1229 2296 1374 2333 sionem
1396 2295 1601 2333 revelavit.
1622 2295 1672 2333 Se
1687 2292 1844 2344 quidem
1859 2295 1984 2334 filium
2003 2295 2180 2343 hominis,

1229 2349 1352 2386 filium
1381 2349 1583 2394 Abrahae,
1612 2349 1680 2387 sed
1709 2349 1824 2387 simul
1853 2349 1977 2387 filium
2007 2349 2100 2397 Dei,
2129 2350 2178 2387 ab

1229 2403 1330 2440 omni
1363 2403 1622 2448 aeternitate,
1643 2406 1854 2451 antequam
1886 2403 2088 2441 Abraham
2107 2402 2179 2441 fie-

1230 2459 1303 2501 ret,
1325 2456 1498 2504 genitum
1519 2455 1722 2505 profitetur
1737 2454 1763 2494 ².
1787 2457 1932 2504 Docet,
1953 2469 1994 2495 se
2020 2457 2058 2494 in
2079 2457 2181 2494 hunc

1231 2510 1414 2547 mundum
1439 2510 1602 2555 venisse,
1625 2512 1668 2547 ut
1688 2509 1806 2547 faciat
1830 2510 2075 2548 voluntatem
2097 2510 2178 2548 Pa-

1230 2564 1300 2600 tris
1319 2563 1393 2608 sui,
1414 2575 1437 2600 a
1457 2575 1533 2611 quo
1551 2563 1691 2601 missus
1707 2567 1793 2601 erat
1804 2561 1831 2610 ³,
1853 2576 1927 2601 non
1944 2566 1986 2602 ut
2001 2564 2180 2602 destruat

1230 2618 1416 2654 mundum
1432 2646 1441 2662 ,
1461 2617 1526 2654 sed
1549 2619 1592 2653 ut
1617 2628 1704 2654 eum
1731 2617 1858 2655 salvet
1878 2616 1908 2664 ⁴¹,
1939 2620 1982 2656 ut
2003 2616 2178 2656 homines

1232 2672 1389 2719 peccato
1411 2672 1594 2716 mortuos,
1616 2671 1663 2707 ad
1685 2670 1804 2708 vitam
1826 2672 2030 2710 resuscitet
2052 2669 2078 2709 ⁵.

1284 2724 1441 2765 Quanta
1462 2735 1552 2760 vero
1569 2723 1722 2762 divinus
1739 2724 1924 2763 Salvator
1938 2723 2177 2775 ingerendae

1233 2777 1455 2814 mortalium
1470 2777 1607 2814 animis
1621 2777 1774 2815 sublimi
1790 2790 1882 2816 suae
1894 2777 2179 2817 sanctissimae-

1232 2842 1303 2879 que
1331 2831 1529 2868 doctrinae
1559 2831 1832 2881 impedimenta
1860 2832 1963 2870 omni
1992 2843 2042 2870 ex
2066 2834 2180 2882 pax-te

1232 2885 1433 2933 repererit,
1463 2896 1510 2922 cx
1531 2883 1588 2933 iis,
1616 2897 1715 2934 quae
1735 2897 1853 2936 supra
1871 2886 1918 2924 de
1937 2885 2120 2937 religioso
2139 2887 2180 2925 et

1274 3012 1281 3033 ¹
1303 3013 1403 3043 Mami.
1422 3012 1479 3047 VII
1495 3011 1544 3043 ⁶20.

244 3045 583 3094 gelizandimunus
596 3044 724 3094 palam
741 3046 1188 3094 adorsuscst.1udaeam‚
1208 3045 1211 3069 ¹
1270 3054 1401 3085 ssiam·
1425 3055 1501 3088 xv!
1526 3054 1627 3092 16-,18
1650 3056 1749 3096 XXVI,
1771 3055 1826 3089 63-
1828 3055 1886 3096 643
1908 3056 1990 3089 Ioan.
2013 3057 2087 3097 VIII,
2109 3056 2172 3098 58,

286 3176 434 3207 ¹Iuc..ll

285 3217 415 3250 ιᾸΜειῑΙΙι.
434 3217 485 3248 ΙΙΙ·
489 3217 541 3255 IV;
558 3217 649 3248 Marc.
668 3217 694 3253 I;
713 3217 781 3248 Luc.
798 3217 849 3248 ΙΙΙ-
852 3217 901 3255 IV,
920 3217 998 3249 Ioan
1018 3219 1036 3249 Ι

1231 3080 1653 3135 xx3127-’8xi8,x‚3'0.

1271 3137 1382 3168 ³Ioan.
1400 3138 1443 3173 LI
1460 3138 1511 3168 38-
1521 3121 1562 3177 so,
1580 3141 1652 3180 XVI,
1667 3139 1715 3172 28.

1270 3179 1400 3209 1ΜιιΙΙΙι.
1420 3180 1502 3210 xvn

1269 3221 1378 3252 5Ιοι,ιιι
1397 3222 1468 3260 XVI,
1484 3221 1531 3253 39.
