2241 3473
593 145 720 176 VSQVE
749 145 801 172 AD
830 143 1127 172 PONTIFICATVM
1155 143 1185 171 S.
1207 142 1403 170 GREGORH
1432 142 1500 169 vn.

81 211 162 258 xit3
186 210 424 259 quapropter
444 209 613 247 Romani
643 209 806 247 eundem
827 209 1024 255 Ioannem,

77 266 276 311 tamquam
298 262 496 299 Ecclesiae
518 256 922 310 liberatorein,inquit
933 261 1025 299 Otto

77 315 362 363 Frisingensis,
390 315 428 351 in
458 326 654 352 summum
677 314 907 351 Pontificem
939 314 1026 351 ele-

78 370 219 416 gerunt
239 369 277 404 et
297 367 529 415 Gregorium
551 367 605 404 VI
623 370 816 403 vocarunt
834 366 858 403 ¹.
877 367 1024 414 Grego-

78 420 159 457 rius
170 419 358 467 VI,quem
372 419 769 467 GlaberRodulphus,
780 419 853 455 hac
871 419 952 466 ipsa
968 430 1028 455 ac-

77 475 159 510 tate
172 471 324 515 florens,
346 471 517 519 appellat
537 472 666 508 virum
692 470 1026 518 religiosissimum

78 526 117 561 et
145 524 355 561 sanctitate
387 524 636 572 perspicuum
653 521 667 544 ²
682 552 691 568 ‚
721 523 822 559 male
842 522 1025 558 ecclesiae

78 577 281 614 Romanae
302 576 410 613 illata
430 587 614 624 reparare
631 577 791 612 conatus
808 576 879 619 est,
892 577 1028 611 contra

81 629 241 666 sicarios
271 632 308 665 et
340 628 572 677 praedones,
606 630 741 664 eontra
780 625 963 663 factiosos
992 628 1031 662 ct

81 681 362 730 possessionum
393 680 745 717 ecclesiasticarum
779 681 1028 726 usurpatores

82 745 128 771 ac
149 734 371 770 detentores
387 732 693 776 exhortationes,
711 730 1029 767 excommunica-

84 786 209 823 tiones
237 789 277 822 et
298 796 408 822 arma
429 796 521 822 usus
553 788 631 830 est3
654 795 723 820 nec
743 786 876 820 tamen
895 782 1030 819 turbas

82 849 311 886 componere
332 836 469 873 valuit.
813 848 820 855 ·

138 889 224 927 130.
251 889 434 927 Clemens
454 888 503 925 II
519 888 715 936 Pontifex
738 886 826 938 (an.
851 885 1031 934 1046)-

84 942 276 980 Henricus
297 941 351 978 111
371 952 443 978 rex
465 941 699 977 Germaniae
718 969 727 985 ,
750 940 906 988 cognito
926 937 1031 976 tristi

88 995 194 1032 urbis
220 994 370 1030 Romae
399 995 438 1029 et
467 993 603 1030 Italiae
633 994 762 1038 statu,
783 993 886 1030 circa
915 991 1032 1028 finem

87 1048 175 1085 anni
196 1046 296 1083 1046
312 1056 400 1082 cum
418 1045 583 1094 coniuge
597 1056 666 1082 sua
678 1044 1034 1093 Agnete,pluribus

83 1098 271 1148 episcopis
287 1100 325 1135 et
337 1097 513 1134 exercitu
526 1097 565 1133 in
579 1097 734 1134 Italiam
752 1096 950 1144 profectus
962 1097 1033 1132 est.

86 1151 212 1189 Ticini
234 1161 303 1188 rex
319 1149 455 1186 Italiae
475 1151 683 1186 coronatus
700 1178 709 1195 ,
725 1149 773 1186 ad
796 1150 929 1185 urbem
947 1148 1032 1184 Ro-

85 1215 186 1241 mam
207 1202 454 1252 properavit3
470 1213 635 1249 cumque
658 1202 828 1238 venisset
840 1200 1034 1245 Sutrium,

86 1256 343 1305 plurimorum
365 1253 646 1302 episcoporum,
663 1255 864 1298 abbatum,
881 1253 1033 1290 clerico-

84 1319 173 1346 rum
194 1310 233 1344 et
252 1307 529 1344 monachorum
561 1307 751 1355 synodum
773 1306 936 1351 indixit,
966 1317 1034 1354 pro

88 1360 363 1409 componendis
381 1359 549 1407 negotiis
565 1358 1034 1404 ecclesiasticis,maxime

86 1414 288 1450 Romanae
305 1412 509 1457 ecclesiae,
525 1423 626 1459 quae
642 1412 666 1448 3
683 1411 798 1448 simul
820 1410 1035 1459 pontifices,

87 1465 341 1503 Benedictum
353 1464 423 1509 IX,
435 1464 672 1502 Silvestrum
682 1465 737 1501 III
751 1468 790 1501 et
799 1463 963 1512 Gregori
970 1474 1034 1500 um

86 1518 166 1564 VI,
181 1517 327 1554 habere
348 1516 569 1554 videbatur.
591 1517 713 1554 Addit
733 1517 812 1553 Leo
833 1515 1035 1560 Ostiensis,

88 1570 152 1618 qui
171 1569 244 1607 hoc
260 1569 341 1618 ipso
362 1571 537 1617 tempore
556 1569 703 1615 floruit,
724 1568 959 1617 Gregorium
979 1568 1035 1605 VI

90 1623 138 1660 ab
158 1622 392 1671 imperatore
413 1621 532 1659 fuisse
552 1622 762 1659 invitatum
781 1651 790 1668 ,
812 1623 857 1658 ut
888 1621 1036 1669 synodo

89 1675 352 1725 praesideret3
374 1677 491 1722 atque
512 1685 638 1723 aequo
667 1674 796 1711 animo
817 1673 944 1711 ferret
960 1703 969 1720 ,
992 1675 1036 1710 ut

89 1727 170 1765 eius
185 1738 303 1764 causa
325 1730 526 1775 ageretur,
545 1739 666 1775 quum
687 1728 766 1775 ipse
786 1729 917 1764 tamen
938 1737 1039 1763 sum-

90 1791 177 1817 mus
194 1780 312 1816 iudex
329 1781 430 1817 esset
439 1777 513 1816 ³.In
530 1780 604 1816 hac
618 1781 766 1828 synodo
779 1779 971 1815 Silvester
982 1778 1037 1815 III

90 1832 262 1869 reiectus
278 1831 378 1878 fuit,
399 1843 521 1880 aeque
542 1844 587 1869 ac
606 1832 845 1869 Benedictus
864 1831 944 1877 IX,
970 1830 1035 1878 qui

93 1884 170 1922 iam
193 1887 311 1922 antea
327 1884 553 1932 pontificatu
572 1887 757 1931 cesserat,
778 1884 834 1921 uti
856 1883 1035 1921 vidimus.

93 1937 305 1986 Gregorius
325 1936 380 1973 VI
401 1948 614 1986 agnoscens
628 1966 636 1982 ,
656 1948 696 1975 se
727 1949 803 1974 non
823 1936 1035 1974 secundum

93 2000 259 2027 canones
288 1989 406 2027 fuisse
435 1991 712 2035 constitutum,
733 1993 772 2026 et
803 1988 1036 2026 electionem

92 2052 205 2079 suam
228 2053 251 2079 a
272 2042 409 2079 multis
425 2042 545 2079 veluti
567 2042 822 2079 simoniacam
840 2041 1036 2090 improba-

94 2095 143 2142 ri,
160 2097 403 2132 contestatus
418 2099 565 2141 tamen,
577 2106 617 2132 se
635 2096 737 2132 bona
750 2094 965 2131 intentione
982 2105 1041 2142 pe-

96 2147 254 2184 cuniam
283 2147 436 2184 dedisse
456 2148 680 2193 Benedicto,
708 2149 844 2196 sponte
872 2146 1041 2194 insignia

95 2199 345 2248 pontificatus
360 2200 549 2248 deposuit.
566 2200 637 2237 His
658 2200 771 2237 factis
786 2229 795 2246 ,
816 2211 949 2236 omnes
965 2199 1041 2235 Ro-

95 2263 199 2289 mam
229 2253 424 2301 progressi
453 2256 556 2299 sunt,
572 2257 612 2289 et
640 2252 887 2301 congregatis
915 2251 953 2288 in
983 2249 1043 2288 ec'-

96 2304 213 2341 clesia
232 2315 260 2342 s.
280 2304 391 2341 Petri
411 2302 527 2352 clero,
547 2306 687 2354 populo
707 2310 746 2342 et
760 2304 963 2354 episcopis,
974 2303 1040 2352 qui

97 2357 244 2404 synodo
259 2356 442 2394 Sutrinae
458 2357 731 2404 interfuerant,
748 2357 940 2395 communi
958 2368 1042 2393 con-

98 2409 273 2445 sensione
310 2409 349 2445 in
383 2410 493 2447 Petri
525 2410 757 2449 Cathedram
793 2414 953 2447 evectus
986 2410 1044 2445 est

98 2460 312 2509 Suidgerus
325 2490 334 2505 ,
354 2461 476 2508 Saxo,
496 2463 695 2512 episcopus
715 2461 1017 2510 Bambergensis
1034 2490 1043 2506 ,

100 2512 168 2560 qui
201 2514 237 2549 in
266 2512 398 2550 Natali
428 2515 580 2552 Domini
609 2517 867 2564 inauguratus
906 2525 1044 2550 nomen

102 2564 311 2602 Clementis
327 2565 363 2601 II
378 2568 603 2616 assumpsit,
618 2569 833 2616 eademque
853 2567 913 2604 die
933 2567 1046 2604 Hen-

100 2617 225 2654 ricum
246 2617 304 2654 III
325 2621 364 2654 et
378 2618 566 2666 Agnetem
592 2621 795 2669 coniugem
815 2620 896 2658 eius
916 2630 1046 2668 augu-

102 2672 182 2706 stos
197 2669 400 2707 coronavit
422 2669 448 2708 ⁴.

145 2761 154 2783 ¹
176 2760 295 2793 Chron.
310 2762 377 2799 1.V1,
394 2771 419 2793 c.
432 2761 480 2792 ⁶23.
492 2762 569 2801 Pagi
586 2762 636 2800 (ad
647 2763 802 2802 audon),
815 2764 906 2796 etalii
920 2764 1050 2794 nonnul-

103 2802 136 2841 li,
164 2804 304 2842 quamvis
331 2804 512 2843 Gregorium
538 2804 570 2833 Vl
593 2805 672 2835 inter
686 2806 848 2836 Pontifices
866 2808 1047 2842 numerent,

105 2844 314 2880 contendunt,
333 2852 400 2873 eum
420 2852 475 2882 per
495 2843 658 2874 simoniam
674 2854 824 2876 summum
842 2846 1049 2876 sacerdotium

106 2885 274 2923 accepisse;
290 2889 320 2915 at
337 2884 548 2920 Baronius(ad
563 2884 716 2924 anslOi—t),
728 2885 943 2923 Thomassin.(
954 2886 1050 2916 Vetus

104 2930 135 2956 et
150 2933 231 2955 nova
241 2923 320 2956 Eccl.
333 2924 495 2964 disciptp.
507 2925 556 2962 ΙΙΙ,
570 2925 590 2956 l.
604 2925 631 2962 1,
648 2935 674 2956 c.
690 2926 750 2963 61).
768 2927 959 2965 papebroch.
977 2925 1052 2963 (Co-

105 2970 174 2996 nat.
189 2965 335 2997 chronol.
355 2966 448 3002 crit),
465 2966 577 3004 aliique
601 2966 680 2996 hunc
696 2967 868 3006 pontificem
886 2976 904 2997 a
920 2968 1051 2998 simonia

106 3006 319 3037 vindicant.—
334 3005 347 3027 ‘²
362 3005 442 3037 llis-t.
460 3006 478 3036 1.
496 3007 527 3043 V,
544 3016 568 3036 c.
587 3005 614 3037 5.

147 3047 161 3068 ³
179 3044 297 3078 Chron.
324 3047 434 3077 Oasin.
460 3047 478 3078 1.
503 3048 536 3084 ΙΙ,
562 3055 588 3078 c.
613 3045 667 3085 79;
690 3047 878 3086 Bellarmin.,
895 3047 939 3079 De
954 3048 1050 3080 Rom.

108 3085 231 3126 Pontis.
248 3088 266 3118 ι.
286 3088 319 3124 ιι,
337 3096 361 3118 c.
379 3087 428 3118 ⁶29.

148 3127 162 3149 ⁴
178 3128 237 3158 Leo
260 3128 390 3159 Ostiens.
403 3152 410 3163 ‚
435 3126 492 3158 loc.
506 3127 557 3158 cit.
570 3152 577 3165 ‚
597 3128 701 3158 Victor
723 3129 776 3168 Pp.
791 3129 830 3160 ΠΙ
849 3128 1015 3169 Dialoyor.
1032 3130 1050 3160 1.

110 3165 165 3207 111;
183 3168 334 3200 Baronius
351 3172 379 3200 et
395 3169 480 3208 Pagi,
496 3169 535 3199 ad
552 3178 600 3200 an.
619 3168 707 3200 1046.

1891 128 1969 167 277

1123 208 1339 257 Imperator
1363 206 1597 255 Gregorium
1626 203 1710 250 VI,
1738 215 1786 242 ne
1807 214 1852 240 eo
1872 203 2022 241 Romae

1071 264 1278 309 praesente
1304 260 1450 308 aliquid
1479 259 1758 303 innovaretur,
1789 255 1954 293 deduxit
1983 255 2022 292 in

1071 312 1345 357 Germaniam,
1367 312 1429 349 ubi
1460 312 1491 349 is
1510 323 1531 348 e
1551 311 1634 355 vita
1655 309 1844 357 migrasse
1865 308 2023 345 dicitur.

1072 366 1142 402 Vir
1175 364 1491 413 religiosissimus
1507 393 1515 409 ,
1541 375 1586 400 ac
1624 362 1835 399 sanctitate
1868 360 2025 408 conspi-

1072 429 1186 463 cuus,
1206 417 1318 454 cuius
1347 416 1530 453 videlicet
1558 417 1658 452 bona
1678 414 1783 451 fama
1800 442 1809 459 ‚
1839 412 2025 462 quidquid

1072 470 1177 517 prior
1205 468 1446 514 foedaverat,
1465 469 1502 504 in
1525 467 1662 504 melius
1683 465 1915 503 reformavit
1931 463 1959 502 ¹.
1978 484 2026 492 —

1071 521 1249 558 Clemens
1266 521 1300 557 11
1318 521 1427 557 initio
1444 520 1534 557 anni
1550 520 1650 558 1047
1668 520 1816 556 Romae
1833 517 2026 566 synodum

1073 573 1310 618 celebravit,
1340 573 1378 609 in
1406 584 1484 620 qua
1513 573 1698 609 damnata
1726 571 1918 616 simonia,
1946 580 2023 617 qua

1071 637 1205 662 sacrae
1225 625 1488 662 ordinationes
1508 624 1545 660 in
1562 625 1694 661 multis
1711 622 1922 672 provinciis
1940 633 2026 658 con-

1072 678 1378 722 taminabantur,
1391 676 1650 714 constitutum
1667 679 1737 722 est,
1750 677 1794 712 ut
1809 675 1874 725 quj
1891 685 2026 712 sacros

1074 731 1228 767 ordines
1243 730 1293 766 ab
1309 729 1486 778 episcopo
1502 729 1712 766 simoniaco
1732 728 1905 765 scienter
1921 737 2030 764 acce-

1074 783 1239 831 pissent,
1259 793 1333 818 non
1365 780 1437 818 nisi
1465 783 1553 829 post
1573 781 1623 817 40
1645 781 1795 817 dierum
1818 780 2027 828 poeniten-

1073 835 1168 872 tiam
1185 833 1331 882 accepti
1351 833 1506 870 Ordinis
1523 832 1740 870 ministerio
1752 832 2022 880 fungerentur.

1073 887 1116 924 In
1139 888 1273 924 eadem
1295 887 1442 935 synodo
1463 884 1733 922 controversia
1748 885 1851 922 inter
1866 885 2024 921 Raven-

1076 942 1278 976 natensem
1302 967 1311 983 ,
1349 938 1679 976 Mediolanensem
1714 939 1769 974 et'
1790 936 2026 985 Aquileien-

1076 1004 1156 1029 sem
1177 991 1393 1036 antistites,
1410 990 1495 1039 quis
1515 1001 1650 1027 eorum
1680 989 1718 1025 in
1741 989 1913 1026 conciliis
1927 1018 1936 1035 ,
1953 989 2027 1025 ab-

1077 1047 1184 1082 sente
1214 1044 1475 1092 imperatore,
1513 1043 1716 1079 dexteram
1735 1041 1940 1078 Pontificis
1967 1043 2030 1077 te-

1077 1100 1213 1143 neret,
1241 1096 1450 1133 secundum
1482 1096 1825 1133 Ravennatensem
1865 1105 2028 1142 compo-

1078 1150 1152 1188 sita
1172 1152 1232 1187 est
1248 1148 1273 1186 ².

1134 1203 1240 1240 Obiit
1259 1201 1435 1239 Clemens
1456 1201 1492 1238 II
1513 1200 1676 1246 Romae,
1693 1199 1757 1236 vel
1782 1198 1820 1235 in
1851 1198 2031 1246 partibus

1080 1255 1290 1300 Romanis,
1310 1252 1386 1290 V11⁰
1408 1254 1494 1291 idus
1516 1253 1684 1290 octobris
1707 1251 1830 1297 1047,
1850 1262 1940 1287 cum
1968 1262 2031 1287 se—

1081 1308 1201 1345 disset
1216 1308 1240 1344 9
1256 1306 1453 1344 mensibus
1469 1308 1507 1343 et
1523 1307 1657 1343 diebus
1672 1304 1731 1342 15.
1752 1303 1873 1341 Cuius
1888 1301 2032 1340 mortui

1080 1373 1220 1409 corpus
1241 1360 1502 1407 Bambergam
1524 1358 1720 1407 perlatum
1740 1359 1811 1403 est,
1824 1355 1953 1404 ibique
1971 1357 2035 1393 tu-

1081 1414 1288 1451 mulatum.

1137 1466 1224 1504 131.
1245 1465 1455 1502 Damasus
1471 1464 1516 1501 II
1530 1464 1731 1512 Pontifex
1747 1460 1832 1512 (an.
1846 1459 1967 1511 1048)
1985 1480 2034 1488 —

1081 1520 1176 1556 Post
1192 1518 1341 1556 obitum
1358 1516 1571 1555 Clementis
1579 1515 1814 1553 Benedictus
1832 1514 1902 1559 IX,
1915 1524 2032 1562 quem

1079 1583 1197 1620 supra
1211 1569 1442 1619 pontificatu
1460 1567 1618 1606 cessisse
1635 1568 1818 1613 diximus,
1831 1577 1971 1603 rursus
1990 1566 2033 1602 in

1082 1624 1191 1662 Petri
1212 1622 1441 1660 cathedram
1460 1621 1614 1669 irrupit.
1632 1619 1802 1658 Romani
1817 1630 1911 1656 vero
1926 1619 2028 1668 lega-

1080 1679 1140 1715 tos
1155 1676 1346 1714 miserunt
1361 1675 1399 1711 in
1411 1674 1658 1711 Germaniam
1675 1674 1724 1710 ad
1740 1673 2029 1720 imperatorem,

1081 1730 1148 1778 qui
1169 1729 1204 1766 ei
1225 1726 1429 1765 Pontificis
1449 1726 1598 1763 obitum
1618 1725 1882 1774 significarent
1906 1735 2027 1773 roga-

1080 1785 1244 1830 rentque
1257 1810 1266 1826 ,
1287 1781 1331 1817 ut
1350 1779 1399 1817 ad
1418 1790 1614 1816 summum
1636 1778 1834 1815 Ecclesiae
1854 1777 2029 1825 regimen

1081 1835 1295 1884 eligeretur
1321 1831 1561 1869 Halinardus
1589 1830 1901 1879 archiepiscopus
1921 1830 2033 1878 Lug-

1082 1886 1274 1925 dunensis.
1288 1884 1614 1932 Chronographus
1628 1895 1656 1921 s.
1667 1883 1850 1931 Benigni,
1865 1882 1966 1918 hanc
1983 1882 2033 1918 le-

1084 1940 1278 1989 gationem
1301 1938 1350 1974 ad
1370 1937 1647 1985 imperatorem
1663 1935 1898 1972 destinatam
1915 1933 2035 1971 fuisse

1081 1990 1341 2039 scribit,quod
1359 1988 1552 2026 Henricus
1569 1989 1625 2025 III
1642 1988 1735 2026 data
1746 1987 1917 2037 pecunia
1928 1986 2036 2024 aRo-

1083 2045 1207 2082 manis
1228 2043 1453 2091 accepisset,
1475 2044 1519 2078 ut
1538 2041 1620 2079 sine
1640 2041 1725 2078 eius
1743 2050 1900 2078 assensu
1925 2040 2036 2087 Papa

1087 2109 1162 2134 non
1193 2097 1408 2145 eligeretur
1424 2092 1450 2132 ³.
1481 2094 1610 2135 Quum
1640 2096 1771 2131 autem
1794 2092 2035 2130 Halinardus

1084 2147 1356 2198 Lugdunensis
1383 2149 1570 2184 honorem
1590 2145 1842 2197 pontificatus
1863 2143 2036 2182 declina—

1086 2205 1159 2248 ret,
1179 2201 1395 2250 imperator
1414 2199 1557 2237 auditis
1579 2199 1851 2248 episcoporum
1871 2199 2035 2234 senten-

1085 2255 1162 2301 tiis,
1172 2255 1399 2303 Popponem
1415 2252 1635 2301 episcopum
1649 2251 1921 2290 Brixinensem
1937 2249 1974 2286 in
1986 2248 2038 2285 lo-

1128 2396 1139 2417 1
1157 2397 1239 2427 Haec
1263 2395 1334 2426 eius
1351 2393 1453 2434 plane
1478 2393 1632 2433 temporis
1653 2391 1801 2432 scriptor,
1825 2394 1858 2422 ut
1885 2390 1928 2421 ait
1943 2390 2041 2420 Baro-

1088 2438 1158 2469 nius
1177 2437 1213 2467 ad
1229 2445 1277 2466 an.
1292 2435 1382 2474 1044,
1398 2436 1471 2473 n.6‚
1484 2439 1513 2466 et
1530 2435 1643 2465 Glaher
1657 2434 1849 2472 RodulphuS,
1866 2429 2039 2462 l.VHisto-

1089 2480 1165 2509 νῑαν.
1183 2487 1208 2509 c.
1225 2477 1255 2508 5.
1272 2477 1341 2508 Otto
1364 2476 1585 2516 Frisingensis,
1610 2476 1660 2514 qui
1685 2474 1759 2504 vixit
1782 2473 1882 2503 medio
1910 2472 2037 2502 circiter

1090 2518 1272 2550 duodecimo
1290 2517 1415 2548 saeculo
1433 2517 1463 2554 (l.
1480 2518 1528 2554 Vl,
1543 2526 1567 2547 c.
1579 2515 1642 2554 3⁹2),
1659 2517 1700 2545 ait
1716 2515 1838 2553 quidem
1856 2513 1940 2543 circa
1957 2512 2039 2542 idem

1090 2564 1210 2599 tempus
1236 2558 1411 2598 pudendam
1435 2558 1646 2588 confusionem
1668 2556 1824 2586 Ecclesiae
1841 2554 1895 2584 Dei
1911 2554 1941 2583 in
1957 2552 2040 2584 Urbe

1090 2603 1187 2632 Roma
1210 2600 1314 2636 fuisse,
1331 2599 1429 2629 tribus
1448 2598 1489 2629 ibi
1507 2597 1702 2628 invasoribus
1717 2606 1723 2626 z
1737 2599 1767 2626 at
1782 2596 1891 2625 horum
1907 2601 2037 2624 numero

1091 2642 1194 2673 eximit
1223 2641 1405 2680 religiosum
1435 2639 1649 2678 presbyterum
1677 2636 1856 2667 Gratianum
1886 2634 2012 2665 nomine
2029 2655 2039 2670 ,

1093 2691 1182 2722 quem
1199 2681 1328 2712 Romani
1341 2682 1423 2711 cives
1433 2689 1469 2710 eo
1487 2688 1588 2710 rerum
1606 2681 1699 2715 statu,
1711 2680 1868 2716 tamquam
1878 2675 2037 2706 Ecclesiae

1094 2723 1147 2754 Dei
1170 2723 1378 2760 liberatorem,
1402 2722 1431 2751 in
1448 2728 1599 2751 summum
1616 2717 1793 2748 Pontificem
1810 2717 1994 2755 elegerunt,
2011 2717 2044 2747 et

1093 2767 1210 2794 mutato
1234 2763 1365 2793 nomine.
1380 2761 1567 2799 Gregorium
1584 2759 1621 2789 VI
1636 2760 1834 2788 vocaverunt.
1851 2757 2039 2796 Frisingen-

1093 2814 1157 2836 sem
1173 2807 1347 2843 sequuntur
1362 2802 1494 2833 Panvin.
1515 2799 1702 2838 (inEpitom
1724 2797 1862 2830 PPRR.
1872 2807 1898 2836 p.
1908 2796 1970 2835 55),
1989 2797 2042 2827 Ba-

1095 2855 1159 2876 ron.
1175 2846 1227 2884 (ad
1246 2853 1293 2874 an.
1313 2843 1392 2874 1044
1407 2843 1479 2879 cit),
1496 2842 1629 2877 ciacon„
1648 2840 1773 2878 aliique.
1789 2855 1830 2860 -—
1846 2838 2041 2869 Christianus

1096 2888 1196 2924 Lupus
1213 2888 1244 2922 (t.
1263 2885 1298 2914 ΙΙΙ
1313 2883 1433 2915 Concil.
1452 2883 1547 2920 antiq.
1564 2880 1647 2918 edit„
1660 2889 1759 2910 novae
1776 2882 1878 2910 autem
1893 2881 1912 2909 t.
1929 2878 1983 2917 IV)
1999 2882 2042 2908 te-

1095 2931 1156 2965 net,
1168 2926 1350 2965 Gregorium
1361 2925 1396 2954 Vl
1405 2925 1562 2955 auctorem
1575 2921 1672 2951 fuisse
1688 2920 1815 2950 militiae
1826 2919 1961 2958 Papalis,
1974 2926 2044 2949 cum

1095 2968 1183 2998 Italia
1207 2966 1378 2997 latronibus
1396 2964 1487 3002 plena
1505 2965 1597 2998 esset,
1615 2960 1684 2992 laici
1705 2970 1811 2991 omnes
1828 2969 1852 2991 s.
1868 2960 1947 2990 Petri
1969 2967 2044 2998 pos-

1096 3008 1253 3038 sessiones
1277 3005 1484 3040 invasissent,
1508 3002 1632 3040 Papalis
1655 3001 1932 3032 excommunicatio
1955 3008 2045 3038 spei·-

1096 3052 1223 3078 neretur
1235 3071 1243 3083 ,
1260 3049 1289 3076 et
1316 3044 1464 3075 Henricus
1479 3042 1524 3073 111
1547 3044 1727 3082 lmperator,
1744 3041 1934 3073 Germanicis
1952 3038 2045 3071 bellis

1097 3091 1278 3126 occupatus,
1293 3086 1440 3115 auxilium
1453 3086 1591 3122 negaret¹

1136 3128 1150 3149 2
1169 3127 1279 3162 Lahbe,
1300 3125 1417 3157 Concil.
1437 3129 1455 3155 t.
1471 3125 1523 3161 lx,
1541 3133 1569 3162 p.
1587 3123 1656 3154 916.

1138 3170 1151 3190 ³
1167 3168 1254 3208 Apud
1271 3166 1356 3208 Pagi,
1376 3165 1498 3198 critica
1514 3165 1555 3197 ad
1570 3174 1618 3196 an.
1640 3164 1725 3197 1019.
