2241 3473
690 187 827 216 VSQVE
848 187 902 214 AD
922 186 1208 215 PRAESENTEM
1232 187 1438 214 ΛΕΤΑΤΕΜ

96 262 202 297 ximo
217 261 338 297 animi
356 260 490 296 dolore
507 261 746 297 lamentatus
760 267 820 297 est
834 272 881 297 ea
895 261 1039 304 omnia,

93 326 192 362 quae
219 315 265 350 ab
294 314 498 350 Ecclesiae
526 314 701 350 hostibus
729 319 808 350 tum
837 315 1037 350 Bononiae

94 373 173 404 tum
200 367 291 403 alibi
319 373 458 403 contra
484 368 639 404 civilem
670 368 970 415 legitimumque
991 370 1039 403 A·

93 421 308 468 postolicae
329 421 440 457 Sedis
458 422 717 468 principatum
736 427 890 468 patrata
909 426 1038 463 erant;

96 475 255 521 insuper
281 475 513 515 d.·cla=·avit‚
533 475 620 510 illos
639 486 776 509 omnes
796 474 833 509 in
854 474 1039 510 ecclesia-

95 528 216 563 sticas
243 539 431 564 censuras
458 533 497 563 et
525 539 669 574 poenas
697 538 718 562 a
738 527 861 563 sacris
881 528 1036 563 canoni-

95 581 166 617 bus
193 582 361 617 inftictus
390 581 585 619 incidisse.
614 586 653 616 et
679 591 816 616 omnes
844 592 978 616 eorum
1001 592 1039 616 a-

94 639 180 670 ctus
208 635 332 670 nullos
360 640 399 670 et
427 635 561 670 irritos
588 645 674 670 esse
695 634 885 670 decrevit.
908 634 976 669 Die
997 635 1042 670 ‘26

92 688 331 734 septembris
359 688 396 723 in
424 689 660 723 allocutione
693 688 955 733 expostulavit
988 687 1034 722 de

94 741 155 783 iis,
183 752 282 788 quae
303 741 350 776 ad
369 741 608 777 divellendas
626 741 673 776 ab
691 741 918 788 Apostolica
937 740 1037 776 Sede

93 795 287 830 Aemiliae
317 795 540 841 provincias
562 823 570 837 ‚
601 805 746 840 easque
775 793 1040 830 adnectendas

92 848 149 884 sic
168 847 272 883 dicto
292 848 424 884 Italiae
445 859 584 894 regno,
607 852 767 894 peraeta
789 848 958 889 fuerant,
977 847 1042 882 illa

94 901 228 937 omnia
253 902 482 949 reprobavit
508 906 547 937 et
574 901 688 948 plane
720 900 833 936 irrita
867 901 1040 936 declara-

97 955 167 996 vit,
196 966 411 1002 omnesque
431 955 493 1002 qui
522 954 748 990 memoratis
776 954 927 991 actibus
953 964 1042 1001 ope-

96 1019 185 1044 ram
215 1019 348 1051 suam,
377 1008 601 1050 consilium,
628 1018 853 1050 assensum,
882 1007 1044 1054 praesti-

98 1066 244 1105 terant,
272 1061 453 1098 incidisse
482 1063 520 1097 in
539 1061 827 1097 ecclesiasticas
855 1071 1043 1097 censuras

92 1119 131 1151 et
147 1125 297 1163 poenas
313 1116 350 1150 in
367 1115 601 1151 allocutione
617 1115 750 1151 habita
766 1115 810 1151 20
830 1115 923 1150 iunii
940 1126 1042 1150 com-

95 1172 352 1205 memoratas.
381 1169 451 1205 Die
478 1170 499 1203 7
525 1168 745 1204 decembris
773 1167 820 1203 ad
847 1168 1039 1203 Oratores

95 1233 342 1258 summorum
379 1222 658 1269 imperantium
696 1221 883 1268 scriptam
926 1232 1041 1268 expo-

93 1275 350 1312 stulationem
376 1279 416 1312 et
441 1275 780 1311 denuntiationem
813 1274 919 1310 dedit
954 1285 1041 1310 con-

96 1333 158 1364 tra
183 1340 232 1366 ea
259 1329 403 1372 onmia,
431 1339 530 1375 quae
557 1339 581 1364 a
607 1328 798 1375 gubernio
825 1328 1044 1364 Pedemon-

93 1386 186 1418 tano
212 1383 250 1418 in
279 1382 450 1418 Aemilia
476 1386 566 1417 acta
581 1381 740 1417 fuerant
773 1383 847 1417 An.
872 1382 962 1419 1860
981 1381 1043 1417 die

94 1435 116 1472 8
141 1436 309 1472 ianuarii
336 1436 519 1472 Pontifex
538 1435 575 1470 in
595 1435 741 1471 litteris
760 1435 808 1470 ad
835 1435 1045 1483 imperato-

94 1500 180 1525 rem
221 1490 466 1526 Francorum
507 1489 680 1525 ostendit
711 1489 904 1525 solemnia
944 1489 1044 1524 iura-

96 1548 246 1588 menta,
273 1554 372 1590 quae
400 1544 670 1590 praestiterat,
700 1542 874 1590 aliasque
895 1542 1044 1589 gravis-

95 1597 215 1633 simas
241 1597 415 1634 rationes
441 1599 616 1640 obstare,
638 1607 685 1632 ne
706 1597 896 1643 gubernio
923 1596 1045 1632 Pede-

95 1655 283 1687 montano
311 1651 427 1688 cedat
453 1652 680 1698 provincias
703 1679 710 1693 ‚
745 1662 842 1698 quas
869 1650 961 1686 illud.
998 1651 1045 1686 ab

93 1705 324 1751 Apostolica
350 1705 453 1742 Sede
473 1706 685 1742 evulserat.
710 1707 786 1741 Eas
806 1705 911 1752 ipsas
930 1704 1047 1740 ratio-

94 1769 164 1794 nes
191 1760 440 1806 consignavit
459 1760 497 1795 in
517 1760 682 1806 epistola
700 1759 903 1806 encyclica
920 1758 986 1794 die
1006 1758 1048 1793 19

96 1812 271 1849 eiusdem
288 1813 435 1849 mensis
452 1813 544 1849 data
561 1813 610 1850 ad
629 1825 767 1850 omnes
782 1811 1047 1860 patriarchas,

102 1865 423 1913 archiepiscopos
449 1871 490 1903 et
515 1867 735 1914 episcopos.
763 1866 834 1901 Die
853 1865 899 1901 26
917 1865 1049 1901 martii

100 1918 208 1955 dedit
244 1920 399 1956 litteras
441 1921 678 1968 apostolicas
718 1921 814 1957 Cum
847 1918 1050 1954 catholica

100 1971 301 2018 Ecclesia,
328 1974 367 2009 in
393 1974 530 2021 quibus
547 1974 780 2016 declaravit,
809 1985 877 2010 eos
895 1983 1048 2016 omnes,

98 2025 164 2073 qui
190 2026 228 2062 in
256 2028 470 2075 provinciis
495 2028 654 2064 ditionis
673 2028 904 2064 Pontificiae
925 2026 1048 2062 rebel-

99 2079 261 2124 lionem,
289 2091 506 2128 earumque
531 2081 855 2129 usurpationem,
884 2090 1051 2127 occupa-

102 2134 264 2178 tionem,
291 2134 537 2171 invasionem
564 2138 873 2182 perpetrarunt,
901 2134 992 2169 item
1022 2133 1049 2168 i-

100 2199 258 2234 psorum
286 2188 533 2231 mandantes,
555 2189 770 2232 adiutores,
791 2187 1050 2231 consiliarios,

99 2241 376 2286 adhaerentes,
388 2243 581 2279 maiorem
597 2242 1049 2279 excommunicationem

100 2295 274 2342 aliasque
300 2307 490 2332 censuras
516 2300 556 2333 et
582 2307 728 2343 poenas
749 2325 756 2338 ‚
783 2296 908 2332 sacris
935 2306 1051 2331 cano-

104 2348 217 2385 nibus
243 2349 414 2386 infiictas
440 2351 666 2393 incurrisse,
688 2351 849 2396 illosque
875 2349 923 2385 de
951 2360 1050 2385 novo

108 2405 467 2440 excommunicavit
491 2408 532 2440 et
556 2403 920 2440 anathematizavit.

151 2455 212 2492 68.
239 2455 448 2492 Ecclesiae
473 2459 600 2493 statas
628 2457 668 2493 in
692 2457 823 2492 Italia
840 2456 1052 2492 —Interim

107 2509 186 2544 iam
215 2510 347 2556 plures
373 2510 514 2546 abhinc
540 2521 664 2546 annos
686 2511 726 2546 in
746 2510 928 2546 Sardinia
949 2510 1054 2546 Reli-

104 2563 168 2609 gio
187 2563 301 2599 malis
319 2565 506 2611 gravibus
521 2569 609 2600 erat
627 2565 786 2600 afflicta.
803 2565 874 2600 Die
891 2564 936 2599 27
950 2575 1053 2599 mar-

105 2616 147 2652 tii
166 2617 255 2654 1841
274 2618 377 2654 inter
391 2617 624 2655 Pontificem
641 2625 680 2654 et
695 2619 859 2665 Regium
880 2619 1054 2664 legatum

108 2670 327 2707 Conventio
353 2672 450 2707 inita
477 2672 562 2715 fuit,
588 2684 702 2719 quam
730 2672 813 2707 sine
833 2682 946 2706 mora
959 2672 1054 2708 Gre-

108 2724 243 2770 gorius
268 2725 362 2760 XVI
389 2730 429 2761 et
454 2726 620 2762 Carolus
645 2727 831 2762 Albertus
850 2725 1054 2763 Sardiniae

109 2787 182 2813 rex
207 2781 337 2813 ratam
364 2778 584 2815 habuerunt
611 2783 650 2815 et
666 2779 981 2823 confirmarunt.
1006 2780 1055 2816 O-

114 2830 268 2866 mnibus
294 2835 428 2867 notum
455 2836 514 2868 est
541 2832 640 2868 hane
672 2832 983 2869 Conventionem
1009 2845 1055 2870 eo

114 2893 276 2929 prorsus
301 2889 501 2931 spectasse
527 2890 571 2921 ut
596 2885 799 2921 Ecclesiae
835 2885 1056 2923 immunita-

113 2941 173 2972 tes
191 2965 200 2980 ,
229 2949 326 2984 quae
352 2939 389 2974 in
415 2939 561 2975 ditione
588 2940 654 2975 illa
680 2951 729 2975 ex
758 2941 964 2976 sanctione
998 2952 1056 2977 sa-

112 3000 269 3026 crorum
297 2993 503 3029 Canonum
530 2993 713 3028 diuturno
740 2993 952 3029 multorum
972 3006 1054 3031 sae-

117 3043 294 3080 culorum
322 3045 491 3082 decursu
517 3046 726 3093 viguerant
749 3074 756 3089 ‚
792 3057 967 3094 quaeque
1000 3060 1058 3085 re-

1910 174 1986 213 371

1091 263 1203 296 Anno
1232 260 1321 298 1848
1350 259 1452 295 idem
1480 256 1721 294 Gubernium
1750 265 1893 291 novam
1921 265 2037 300 expo-

1092 316 1251 351 stulavit
1277 312 1604 353 Coviventionem,
1624 314 1662 346 et
1682 309 1771 345 dum
1792 309 1859 344 illa
1884 319 1948 344 res
1965 312 2043 343 tra-

1093 369 1288 410 ctabatur,
1311 367 1442 413 regius
1470 366 1551 413 ipse
1580 364 1759 399 minister
1786 373 1931 409 paucos
1956 366 2043 409 post

1093 432 1248 457 menses
1268 420 1407 455 detulit
1426 419 1471 454 ad
1489 418 1643 465 publica
1660 416 1770 463 regni
1786 415 1959 453 Consilia
1978 425 2044 450 no-

1095 486 1182 510 vam
1201 476 1346 520 Legem
1367 473 1413 508 de
1433 472 1677 509 Clericorum
1705 476 1745 506 ct
1771 468 2043 506 Ecclesiarum

1094 528 1342 563 immunitate
1379 526 1530 572 penitus
1567 524 1758 560 abolenda
1779 552 1786 567 ‚
1821 523 1868 559 de
1903 522 2044 558 iudicio

1097 582 1215 617 etiam
1231 591 1350 627 supra
1366 578 1629 615 Patronorum
1649 576 1979 613 nominationibus
1995 575 2044 611 ad

1095 635 1295 671 Beneticia
1321 633 1604 669 Ecclesiastica
1629 631 1906 667 Tribunalibus
1932 630 2043 666 laicis

1094 686 1361 729 attribuendo,
1390 697 1462 722 nec
1480 697 1556 721 non
1578 685 1625 721 de
1645 685 1729 720 aliis
1749 684 1942 720 nonnullis
1960 683 2041 719 sive

1095 739 1250 784 eodem,
1278 740 1360 775 sive
1389 739 1595 786 posteriori
1617 743 1795 784 tempore
1813 742 1953 773 contra
1971 737 2045 772 Ec-

1097 794 1240 829 clesiae
1262 793 1334 836 ius,
1351 798 1419 829 aut
1438 804 1512 828 non
1533 793 1617 828 sine
1636 791 1850 838 Religionis
1868 790 2044 838 periculo

1096 847 1326 883 statuendis.
1364 847 1531 883 Frustra
1570 845 1805 882 reclamavit
1841 845 2044 880 Romanus

1100 900 1296 944 Pontifex3
1318 901 1416 936 haec
1444 901 1505 936 lex
1533 900 1750 947 adprobata
1768 899 1854 942 fuit3
1873 898 2045 946 quinimo

1101 954 1390 990 Concordatum
1419 954 1457 988 in
1478 954 1651 1000 pluribus
1669 952 1846 988 articulis
1865 962 1888 987 a
1907 951 2047 998 guber-

1096 1008 1159 1042 nio
1186 1007 1258 1043 fuit
1284 1007 1490 1050 violatum,
1520 1007 1720 1053 multaque
1748 1006 1859 1041 fuere
1885 1005 2048 1041 decreta

1096 1064 1137 1096 et
1157 1064 1246 1096 acta
1260 1061 1464 1096 Ecclesiae
1482 1059 1669 1103 libertati,
1686 1058 1940 1102 immunitati,
1955 1059 2047 1094 iuri-

1097 1113 1241 1161 busque
1261 1114 1456 1161 opposita.
1470 1112 1699 1149 Huiusmodi
1718 1116 1779 1148 est
1797 1113 1858 1148 lex
1876 1111 1982 1148 edita
2000 1112 2047 1148 de

1098 1168 1254 1214 publica
1282 1168 1541 1204 instructione
1566 1171 1606 1203 et
1625 1167 1786 1214 publicis
1804 1165 2044 1213 privatisque

1100 1226 1182 1257 tum
1202 1221 1398 1258 maiorum
1418 1226 1500 1258 tum
1527 1221 1723 1257 minorum
1749 1220 2045 1267 disciplinarum

1098 1275 1263 1318 scholis,
1292 1286 1454 1322 quarum
1485 1274 1665 1321 regimen
1693 1274 1730 1309 in
1757 1273 2047 1321 episcopalibus

1100 1339 1252 1375 quoque
1271 1328 1497 1364 seminariis
1516 1329 1564 1363 ab
1580 1328 1864 1374 Episcoporum
1882 1327 2049 1363 auctori-

1098 1386 1180 1417 tate
1199 1382 1445 1418 subtrahitur
1463 1385 1504 1418 et
1522 1382 1633 1428 regio
1654 1381 1866 1427 Magistro,
1886 1380 2048 1428 eiusque

1099 1434 1352 1471 inferioribus
1366 1434 1555 1471 ministris
1570 1434 1812 1478 attribuitur3
1828 1433 1883 1469 ita
1897 1435 2049 1482 pariter

1098 1487 1160 1524 lex
1186 1488 1233 1524 de
1260 1488 1571 1524 acatholicorum
1599 1487 1816 1523 connubiis.
1843 1487 2050 1534 Archiepi-

1097 1553 1239 1588 scopus
1254 1542 1513 1578 Taurinensis
1527 1541 1710 1590 Aloysius
1725 1541 2051 1588 Fransoni‚prius

1098 1596 1304 1632 caceribus
1322 1596 1682 1643 mancipatus,dein
1702 1595 1889 1642 expulsus
1903 1595 1943 1631 in
1962 1596 2051 1631 Gal-

1099 1649 1191 1684 liam
1218 1653 1307 1696 post
1332 1650 1375 1686 13
1394 1660 1585 1685 annorum
1605 1648 1763 1685 exilium
1782 1648 1918 1696 procul
1937 1660 1960 1684 a
1977 1659 2051 1685 sua

1099 1703 1193 1739 sede
1220 1715 1449 1751 supremum
1476 1704 1578 1740 diem
1606 1703 1730 1746 obiit;
1768 1703 1954 1747 Iesuitae,
1975 1703 2050 1740 Re-

1099 1756 1399 1803 demptoristae,
1418 1758 1559 1804 aliique
1578 1756 1753 1803 religiosi
1774 1767 1898 1803 regno
1917 1757 2052 1804 expul-

1100 1811 1152 1853 si;
1181 1812 1526 1858 Congregationes
1553 1811 1765 1857 religiosae
1792 1815 2064 1858 suppressae,

1100 1864 1203 1899 bona
1230 1865 1503 1901 ecclesiastica
1530 1867 1739 1911 occupata.

1148 1918 1330 1965 Episcopi
1349 1922 1430 1954 tum
1456 1918 1504 1954 ad
1533 1929 1683 1964 regem,
1713 1920 1795 1953 tum
1822 1917 1870 1953 ad
1896 1918 2052 1964 publica

1102 1971 1276 2007 Consilia
1301 1972 1637 2018 expostulationes
1665 1981 1757 2006 suas
1777 1970 1920 2007 iterato
1940 1971 2050 2008 detu-

1102 2024 1248 2066 lerunt,
1265 2030 1383 2071 utque
1404 2025 1609 2061 Ecclesiae
1629 2025 1807 2068 libertas,
1825 2024 1914 2060 iura
1935 2028 2052 2072 atque

1102 2078 1203 2114 bona
1230 2081 1341 2115 sarta
1368 2082 1475 2114 tecta
1501 2082 1837 2115 conservarentur
1863 2079 2053 2125 supplica-

1102 2136 1204 2167 runt.
1227 2132 1320 2168 Pius
1347 2132 1420 2179 Pp.
1449 2133 1503 2167 IX
1531 2132 1651 2168 etiam
1675 2133 1713 2167 in
1733 2132 1969 2169 allocutione
1988 2132 2052 2167 ha-

1104 2185 1188 2221 bita
1213 2186 1259 2223 20
1287 2187 1379 2221 maii
1409 2187 1501 2223 1850
1530 2186 1567 2221 in
1594 2186 1840 2223 Consistorio
1867 2189 2022 2222 secreto
2046 2215 2054 2230 ‚

1103 2238 1193 2274 dum
1214 2240 1348 2276 laudes
1364 2240 1500 2276 tribuit
1517 2240 1717 2287 guberniis
1731 2251 1829 2286 quae
1846 2240 2054 2276 restituen-

1103 2292 1175 2329 dae
1195 2294 1406 2341 temporali
1425 2293 1680 2341 Apostolicae
1697 2293 1809 2329 Sedis
1828 2293 2053 2329 auctoritati

1103 2358 1266 2393 operam
1301 2348 1583 2391 contulerant,
1616 2347 1852 2393 significavit
1877 2346 2052 2383 dolorem

1104 2412 1216 2436 suum
1244 2401 1291 2437 de
1318 2402 1475 2437 violatis
1502 2402 1541 2436 in
1567 2400 1752 2437 Sardinia
1784 2400 1988 2436 Ecclesiae
2015 2404 2056 2436 et

1105 2454 1276 2491 Sanctae
1293 2456 1406 2491 Sedis
1420 2455 1582 2499 iuribus,
1597 2454 1644 2490 de
1659 2453 1896 2501 contemptis
1913 2454 2056 2490 solem-

1104 2508 1217 2544 nibus
1243 2520 1331 2544 cum
1352 2508 1580 2557 Apostolica
1599 2507 1699 2544 Sede
1719 2507 2054 2552 conventionibus,

1104 2572 1151 2597 ac
1169 2562 1216 2598 de
1234 2563 1354 2598 illatis
1373 2562 1683 2608 Archiepiscopo
1703 2561 1939 2597 Taurinensi
1958 2561 2052 2597 iniu-

1105 2616 1188 2651 riis.
1218 2617 1258 2652 ln
1287 2617 1364 2652 alio
1392 2614 1634 2653 Consistorio
1655 2615 1805 2650 calend.
1827 2615 2053 2651 novembris

1104 2671 1247 2705 iterum
1275 2669 1540 2716 expostulavit
1565 2667 1612 2704 de
1639 2667 1705 2710 iis,
1734 2678 1833 2715 quae
1862 2668 1900 2703 in
1929 2680 2054 2715 regno

1105 2723 1401 2760 Pedemontano
1430 2727 1568 2758 contra
1597 2722 1802 2758 Ecclesiae
1830 2722 2054 2759 libertatem

1105 2782 1144 2813 et
1160 2778 1247 2813 iura
1262 2777 1573 2813 attentabantur.
1594 2775 1784 2811 Similiter
1800 2776 1837 2811 in
1853 2776 2056 2812 allocutio-

1107 2843 1170 2875 ne,
1197 2842 1312 2878 quam
1341 2830 1476 2866 habuit
1502 2830 1538 2864 in
1558 2829 1799 2865 Consistorio
1826 2834 1982 2866 secreto
2009 2830 2056 2866 22

1108 2886 1185 2921 ian.
1211 2885 1316 2927 1855,
1335 2884 1510 2919 dolorem
1532 2894 1643 2918 suum
1664 2883 1912 2918 annuntiavit
1929 2883 1976 2919 de
2000 2887 2057 2919 tot

1106 2938 1219 2973 malis
1235 2938 1375 2972 abhinc
1391 2936 1566 2983 pluribus
1580 2936 1693 2971 annis
1707 2936 1744 2970 in
1755 2936 2054 2974 SardiniaChri-

1106 2993 1155 3028 sti
1184 2992 1360 3038 Sponsae
1386 2990 1517 3033 illatis,
1538 2989 1661 3036 deque
1680 2990 1851 3025 decretis
1871 2989 1950 3026 illic
1968 3001 2057 3037 pro-

1110 3045 1295 3092 mulgatis
1323 3047 1462 3080 contra
1489 3054 1692 3078 sacrorum
1715 3043 2001 3088 ministrorum,
2020 3055 2056 3080 e-

118 3096 286 3133 centiori
315 3102 494 3145 tempore
530 3100 655 3147 pactis
688 3101 893 3136 conventis
920 3105 959 3137 et
984 3101 1060 3138 Ro·
1111 3100 1359 3147 piscoporum
1377 3102 1418 3133 et
1434 3096 1760 3132 communitatum
1781 3096 2057 3143 religiosarum

116 3161 323 3187 manorum
352 3152 585 3189 Pontificum
604 3153 844 3200 benignitate
864 3153 994 3201 aliqua
1012 3167 1061 3192 ex
1110 3154 1348 3196 libertatem,
1377 3150 1665 3186 immunitatem
1692 3153 1732 3186 et
1756 3150 1844 3186 iura
1863 3152 1889 3183 1.
1916 3153 1969 3187 At
1993 3162 2059 3187 va-

116 3209 230 3250 parte
257 3206 462 3244 relaxatae
490 3208 677 3250 fuerant,
711 3207 823 3243 novis
857 3207 980 3244 adhuc
1013 3220 1061 3245 ac

117 3257 238 3294 multo
266 3260 503 3297 arctioribus
531 3260 714 3296 limitibus
747 3260 1056 3299 continerentur.

1157 3272 1163 3293 ¹
1193 3273 1261 3305 vid.
1285 3272 1329 3307 La
1350 3271 1490 3304 Scienza
1505 3281 1521 3304 e
1536 3272 1568 3304 la
1587 3272 1687 3312 Fecle,
1703 3273 1782 3305 voll.
1803 3282 1876 3313 xix,
1891 3281 2058 3315 xx,xxix.
