2241 3473
252 157 314 195 34.
336 158 626 195 Pantaenus-
637 156 714 193 Per
732 155 833 191 idem
843 156 998 202 tempus
1010 153 1143 191 floruit

200 211 442 256 Pantaenus,
461 210 522 247 vir
543 208 768 246 eruditionis
790 207 894 244 fama
909 209 948 244 et
963 206 1072 244 Fidei
1089 219 1145 245 ze-

200 264 237 302 lo
272 262 587 313 spectatissimus.
617 262 654 298 Is
680 261 847 309 primum
878 259 1143 308 philosophiae

199 317 350 355 Stoicae
367 318 571 365 praecepta
586 314 759 361 ritusque
772 312 945 349 ethnicos
961 315 1143 359 sectatus,

200 370 336 407 deinde
358 368 568 406 christiana
587 378 697 404 sacra
717 365 910 414 professus
927 368 996 403 est.
1014 366 1057 402 In
1074 366 1145 403 Di-

199 423 300 460 vinis
328 420 538 470 Scripturis
559 418 858 464 versatissimus,
879 418 1144 457 Alexandriae

198 476 237 513 in
258 476 436 524 AEgypto
456 472 672 522 praefectus
693 471 766 509 fuit
785 471 928 508 celebri
949 484 997 509 ss.
1015 472 1143 509 Litte÷

198 541 330 566 rarum
352 527 515 565 scholae.
537 526 679 563 Postea
695 537 718 562 a
734 525 944 571 Demetrio,
961 525 1145 563 ecclesiae

198 581 487 620 Alexandrinae
507 578 694 627 episcopo,
720 579 766 616 ad
788 578 949 627 populos
969 579 1144 616 orienta-

197 634 252 672 les
278 632 521 682 evangelista
545 631 784 676 destinatus,
813 633 860 668 ad
886 632 999 669 Indos
1026 644 1144 680 usque

197 698 426 736 progressus
447 688 517 731 est,
540 685 603 722 ubi
619 697 648 722 s.
665 685 858 722 Matthaei
875 685 1145 734 Evangelium,

199 739 393 777 hebraicis
408 738 552 776 litteris
567 738 840 787 conscriptum,
855 739 1044 787 reperisse
1061 738 1143 776 fer-

196 796 262 831 tur
281 793 381 842 apud
401 792 551 840 aliquot
572 792 823 838 Christianos,
844 792 982 840 quibus
1002 792 1093 829 olim
1114 804 1142 830 s.

197 846 530 892 Bartholomaeus,
551 851 601 882 ut
616 848 733 894 fama
748 851 809 882 est
823 875 832 891 ,
853 845 908 882 ait
928 845 1118 883 Eusebius
1135 876 1144 892 ,

196 900 333 937 Fidem
353 899 645 948 praedicaverat
666 901 706 936 et
725 898 948 947 exemplum
970 899 1145 949 Evange-

195 952 237 990 lii
254 954 463 990 secundum
476 952 721 990 Matthaeum
734 952 956 1000 reliquerat.
970 953 1144 990 Pantae-

196 1018 269 1043 nus
299 1008 385 1055 post
414 1006 537 1044 multa
567 1006 607 1043 in
637 1006 709 1043 hac
736 1006 915 1043 missione
942 1007 1143 1054 praeclare

196 1061 318 1108 gesta,
333 1059 610 1097 Alexandriam
626 1060 762 1104 redux,
778 1059 814 1096 in
833 1059 1066 1107 exponendis
1082 1059 1144 1097 di-

197 1112 376 1150 vinorum
394 1113 619 1162 dogmatum
636 1112 829 1150 thesauris
844 1115 928 1149 tum
945 1112 1038 1150 viva
1050 1124 1144 1151 voce

196 1168 281 1204 tum
304 1166 448 1216 scripto
469 1166 653 1216 perrexit,
676 1166 881 1214 pluresque
897 1165 1071 1204 illustres
1083 1166 1144 1204 di-

194 1219 375 1269 scipulos,
406 1231 498 1269 prae
519 1219 684 1257 caeteris
707 1219 946 1257 Clementem
965 1219 1142 1257 Alexan-

195 1274 364 1320 drinum,
387 1273 534 1311 habuit.
556 1273 707 1322 Scripta
729 1273 814 1310 eius
834 1273 1018 1322 temporis
1038 1273 1143 1311 iniu-

194 1327 252 1364 ria
272 1328 472 1375 perierunt
485 1326 509 1364 ¹.

245 1380 306 1418 35.
331 1380 478 1418 Schola
486 1379 941 1418 Aleoeamlrz'na—Inter
956 1380 1105 1418 scholas
1121 1393 1144 1419 a

192 1432 424 1471 Christianis
444 1434 492 1471 ad
508 1445 555 1471 ss.
577 1433 813 1471 Litterarum
834 1433 1084 1471 traditionem
1105 1438 1144 1472 et

192 1486 492 1536 explicationem
509 1487 726 1535 antiquitus
746 1485 960 1533 institutas,
977 1488 1143 1525 celeber-

191 1540 292 1577 rima
303 1542 389 1578 erat
398 1540 800 1589 Alexandrina,quam
817 1552 839 1577 a
851 1540 986 1589 priscis
1001 1543 1143 1590 tempo-

191 1593 297 1631 ribus
312 1593 512 1631 fundatam
530 1597 568 1631 et
585 1605 607 1630 a
624 1593 717 1631 viris
735 1593 950 1632 illustribus
966 1593 1145 1644 frequen-

190 1648 313 1684 tatam
324 1647 440 1685 fuisse
451 1649 619 1685 testatur
630 1645 899 1685 Eusebius2.1n
912 1659 960 1685 ea
971 1660 1046 1685 non
1062 1651 1144 1686 tan-

190 1701 272 1738 tum
285 1701 483 1738 doctrinae
494 1701 728 1741 christianae
741 1701 932 1738 elementa
942 1702 1144 1739 tradeban-

190 1754 337 1799 tur,sed
349 1754 465 1792 etiam
476 1754 631 1791 erudita
642 1756 681 1791 et
692 1754 954 1803 philosophica
963 1755 1143 1792 methodo

191 1818 239 1844 ss.
257 1806 481 1856 Scripturae
502 1808 814 1855 exponebantur,
842 1809 880 1844 et
909 1808 1142 1846 christianae

191 1860 299 1897 Fidei
320 1861 501 1909 dogmata
521 1860 839 1898 defendebantur,
852 1861 996 1908 Utique
1008 1862 1144 1910 planus

191 1913 254 1950 illc
276 1915 315 1950 et
333 1914 495 1963 simplex
516 1914 652 1951 modus
666 1943 674 1959 ,
695 1925 717 1950 a
736 1913 998 1963 philosophica
1016 1915 1143 1953 subti-

192 1966 303 2004 litate
324 1971 364 2004 et
383 1967 586 2004 dialectica
607 1969 691 2004 arte
716 1967 882 2012 alienus,
905 1969 1142 2016 proponendi

193 2019 300 2057 Fidei
316 2019 498 2069 dogmata
513 2023 552 2057 et
567 2032 715 2057 morum
733 2024 951 2069 praecepta,
964 2021 1029 2069 qui
1046 2033 1142 2059 aevo

193 2073 402 2122 apostolico
422 2074 602 2120 obtinuit,
622 2073 739 2110 etiam
761 2074 831 2110 hac
847 2077 975 2111 aetate
992 2086 1142 2112 conser-

193 2129 309 2164 vatus
329 2129 387 2164 est
407 2127 445 2163 in
463 2127 712 2164 instituendis
730 2126 942 2175 Religionis
958 2128 1140 2165 christia-

193 2192 266 2218 nae
290 2181 507 2218 candidatis
528 2182 567 2218 et
588 2180 876 2217 catechumenis
893 2210 902 2226 ,
929 2181 966 2217 in
987 2181 1140 2219 instru-

191 2233 395 2279 ctionibus,
415 2245 513 2282 quas
532 2233 698 2282 episcopi
718 2234 988 2282 etpresbyteri
1017 2235 1063 2272 ad
1080 2247 1143 2284 po-

191 2286 326 2335 pulum
355 2287 566 2333 habebant;
596 2287 660 2324 sed
691 2286 794 2323 inter
822 2288 996 2324 eruditos
1034 2291 1072 2325 et
1101 2288 1138 2325 in

190 2340 329 2378 scholis
361 2341 450 2378 huic
477 2341 657 2378 methodo
683 2339 845 2388 simplici
874 2341 951 2377 iam
981 2342 1140 2378 accessit

190 2393 282 2439 alia,
302 2394 456 2431 erudita
475 2398 513 2432 et
533 2393 808 2442 philosophica,
828 2406 904 2442 qua
924 2394 1140 2441 Religionis

190 2447 383 2484 institutio
401 2448 562 2485 formam
580 2447 703 2484 induit
720 2447 971 2484 scientifieam
988 2449 1140 2485 ettheo-

190 2500 294 2549 logia
313 2501 528 2539 evasit.Ubi
547 2500 649 2538 enim
667 2499 878 2549 philosophi
898 2501 1040 2537 ethnici
1060 2503 1139 2539 Re-

190 2554 375 2602 ligionem
398 2555 649 2592 christianam
671 2557 967 2602 oppugnarunt,
987 2555 1138 2603 plures-

191 2619 264 2655 que
299 2608 479 2645 haereses
508 2620 556 2645 cx
595 2607 852 2644 immoderata
882 2609 1136 2655 quorumdam

190 2661 481 2709 philosophandi
512 2661 666 2698 libidine
693 2664 800 2697 ortae
826 2663 939 2705 sunt,
961 2662 1138 2699 doctores

190 2714 388 2751 christiani
408 2716 589 2763 dogmata
605 2714 818 2761 Religionis
835 2714 1047 2752 scientifica
1060 2727 1136 2752 me-

190 2767 307 2804 thodo
317 2769 512 2817 explicare
521 2772 560 2806 et
571 2767 776 2805 defendere
790 2770 1135 2817 coeperunt.Cum-

188 2888 262 2919 eccl.
281 2891 297 2918 t,
316 2888 359 2925 11;
376 2889 400 2918 ,1.
418 2888 602 2926 Longueval,
620 2886 695 2918 nist.
713 2885 750 2916 (Ie
765 2874 892 2926 l'li'qylisr»
907 2886 991 2926 pall..
1007 2890 1024 2917 t.
1040 2887 1092 2925 1,1.
1110 2887 1131 2917 1.

715 91 869 121 ΕΡΟΟΗΑ
896 91 938 119 11.
967 92 996 119 A
1023 90 1161 119 MORTE
1188 89 1220 118 S.
1249 88 1410 118 IOANNIS
1438 89 1628 118 APOSTOLI

1186 167 1259 204 que
1288 167 1337 193 ex
1356 154 1416 193 his
1435 155 1567 205 plures
1587 167 1637 193 ex
1663 154 1828 194 ethnicis
1858 156 1906 194 ad
1927 157 2142 198 christiana

1186 220 1298 247 sacra
1316 208 1578 254 transiissent,
1600 208 1733 257 quales
1752 211 1865 248 erant
1886 210 2072 259 Iustinus,
2091 214 2144 250 A-

1185 262 1421 310 thenagoras
1437 292 1446 308 ,
1472 261 1732 310 Theophilus,
1753 263 1989 311 Pantaenus,
2009 265 2051 302 hi
2069 276 2140 314 pro

1185 315 1447 364 philosophica
1476 315 1689 352 disserendi
1709 315 1858 353 ratione
1876 347 1885 362 ,
1911 317 1973 354 cui
1993 317 2142 356 assueti

1186 371 1317 414 erant,
1350 368 1547 406 doctrinas
1576 367 1811 406 christianas
1833 370 2011 408 terminis
2028 400 2038 416 ,
2059 383 2142 409 rem

1187 424 1372 460 accurate
1393 422 1712 471 exprimentibus,
1740 421 1915 470 definire,
1935 435 2142 472 exponere,

1186 475 1438 524 adductisque
1461 475 1676 513 rationibus
1699 476 1948 523 comprobare
1968 478 2008 514 et
2021 477 2140 515 stabi-

1186 528 1256 566 lire
1286 530 1506 578 coeperunt.
1529 528 1687 565 Placuit
1706 527 1784 565 illis
1805 530 1994 567 eclectz'ca
2012 530 2114 568 ratio
2129 561 2140 578 ,

1185 594 1283 630 quae
1304 583 1401 619 nulli
1423 582 1742 631 philosophorum
1763 583 1891 619 sectae
1908 582 2074 631 addicta,
2090 596 2140 622 ex

1186 635 1364 673 omnibus
1380 635 1575 684 deligebat
1592 647 1651 681 ea,
1672 646 1770 683 quae
1787 635 1928 672 rationi
1951 638 2140 674 conveni-

1186 700 1227 726 re
1248 688 1503 736 videbantur3
1524 689 1682 726 Platoni
1704 690 1837 726 tamen
1858 689 2025 737 potiores
2046 701 2140 738 par-

1185 744 1242 780 tes
1259 742 1495 780 tribuebant.
1507 742 1564 779 Ea
1581 742 1761 779 methodo
1774 741 1812 778 in
1825 741 1960 779 schola
1968 742 2141 781 Alexan-

1187 795 1296 833 drina
1315 795 1374 833 usi
1391 797 1482 833 sunt
1501 796 1784 844 Athenagoras,
1800 793 2036 842 Pantaenus,
2049 796 2140 836 Gle-

1187 861 1296 886 mens
1316 849 1619 895 Alexandrinus,
1640 849 1840 897 Origenes.
2134 898 2135 901 Ἰ

1243 902 1484 940 Heterodoxi
1506 902 1664 951 quidam
1685 902 1895 950 scriptores
1923 901 2066 941 iniuste
2085 914 2141 942 as-

1185 958 1403 1002 seruerunt,
1419 955 1606 993 nonnulla
1624 955 1732 993 Fidei
1758 956 1941 1004 dogmata
1960 967 1983 993 a
2003 957 2139 994 Patri-

1185 1011 1256 1047 bus
1265 1009 1379 1047 huius
1389 1012 1428 1047 et
1440 1008 1637 1058 sequentis
1654 1008 1797 1046 saeculi
1809 1009 2020 1046 secundum
2034 1009 2139 1048 ideas

1185 1063 1409 1100 Platonieas
1429 1063 1648 1109 immutata,
1667 1064 1735 1099 aut
1755 1061 1884 1099 varias
1904 1062 2098 1101 doctrinas
2118 1076 2139 1101 e

1186 1116 1428 1166 philosophia
1439 1116 1637 1166 platonica
1650 1116 1688 1152 in
1697 1115 1945 1164 Religionem
1956 1115 2139 1154 christia-

1186 1182 1275 1208 nam
1306 1170 1450 1213 illatas,
1476 1170 1607 1218 sieque
1635 1169 1735 1206 hanc
1763 1168 1885 1217 ipsam
1915 1171 2139 1218 corruptam

1185 1223 1303 1261 fuisse
1323 1223 1346 1262 ¹.
1364 1224 1504 1262 Patres
1520 1222 1621 1260 enim
1643 1222 1748 1260 nulla
1763 1222 1945 1271 dogmata
1961 1234 1984 1260 a
1999 1223 2138 1261 Plato-

1185 1290 1232 1315 ne
1252 1277 1423 1314 mutuati
1444 1278 1557 1322 sunt,
1583 1287 1707 1325 neque
1726 1276 1794 1313 illa
1814 1275 1928 1314 huius
1949 1275 2046 1314 ideis
2067 1289 2137 1315 ac-

1185 1331 1504 1376 commodarunt3
1534 1331 1670 1367 contra
1698 1340 1791 1367 vero
1821 1329 1943 1377 ipsius
1962 1329 2139 1369 Platonis

1184 1385 1340 1433 eiusque
1353 1384 1631 1433 discipulorum
1647 1382 1912 1420 aberrationes
1928 1385 1968 1421 et
1979 1385 2138 1422 contra-

1184 1439 1372 1476 dictiones
1392 1437 1655 1482 confutarunt3
1668 1439 1707 1474 et
1729 1436 1971 1486 philosophia
1987 1437 2140 1476 eclecti-

1184 1504 1229 1530 ca
1241 1492 1301 1530 usi
1316 1493 1406 1529 sunt
1421 1503 1492 1528 non
1507 1493 1550 1528 ut
1561 1490 1668 1528 Fidei
1682 1489 1836 1527 criterio
1853 1490 1920 1527 sed
1938 1492 1981 1528 ut
1991 1489 2140 1529 famula

1184 1547 1231 1583 ad
1249 1545 1449 1583 doctrinae
1468 1543 1705 1582 christianae
1722 1542 2004 1591 expositionem
2020 1546 2136 1593 atque

1184 1599 1445 1637 defensionem
1477 1609 1570 1646 erga
1598 1597 1844 1646 philosophos
1863 1626 1872 1644 ,
1903 1596 2136 1646 quibuscum

1185 1653 1436 1702 disputabant
1451 1650 1478 1689 ².

1237 1707 1298 1745 36.
1332 1705 1469 1743 Ver-sio
1484 1714 1636 1754 θῆκαι
1667 1703 1707 1741 V.
1734 1702 2133 1743 Testamenti—Hoc

1185 1760 1304 1798 etiam
1323 1758 1474 1797 saeculo
1494 1757 1581 1795 libri
1601 1757 1703 1794 sacri
1721 1756 1768 1794 V.
1787 1756 2026 1795 Testamenti
2045 1770 2136 1796 ver·-

1186 1814 1216 1851 si
1244 1815 1337 1850 sunt
1364 1812 1402 1849 in
1431 1812 1605 1860 linguam
1635 1821 1826 1859 graecam.
1850 1810 2022 1848 Extabat
2055 1810 2134 1849 iam

1186 1867 1313 1904 versio
1343 1877 1484 1915 graeca
1513 1864 1624 1902 LXX
1653 1864 1928 1912 Interpretum,
1957 1863 2022 1901 diu
2044 1866 2135 1904 ante

1187 1920 1437 1957 nativitatem
1454 1919 1497 1956 D.
1514 1917 1562 1955 N.
1581 1918 1608 1955 I.
1627 1917 1666 1954 C.
1685 1916 1871 1954 confecta.
1889 1917 2044 1955 Novam
2061 1919 2134 1956 hoc

1187 1973 1340 2010 saeculo
1360 1971 1480 2009 edidit
1499 1970 1652 2019 Aquila,
1672 1970 1869 2017 Ponticus,
1885 1970 1950 2018 qui
1966 1971 2036 2008 sub
2049 1971 2133 2010 Ha-

1186 2027 1319 2063 driano
1339 2025 1572 2074 imperatore
1592 2023 1901 2062 Christianorum
1921 2028 2134 2062 consuetu-

1185 2080 1287 2126 dine,
1300 2078 1494 2116 miraculis
1512 2081 1551 2115 et
1567 2077 1712 2126 pietate
1729 2077 1937 2123 excitatus,
1958 2078 2133 2117 ethnicos

1186 2133 1282 2171 ritus
1319 2131 1461 2170 abiecit
1489 2134 1528 2169 et
1557 2130 1768 2167 christiana
1797 2142 1907 2168 sacra
1936 2131 2132 2180 professus

1184 2190 1263 2233 est3
1284 2187 1349 2223 sed
1377 2197 1513 2234 parum
1535 2184 1606 2221 sibi
1629 2185 1829 2230 constans,
1851 2186 1986 2234 postea
2005 2185 2054 2222 ad
2074 2185 2132 2223 ri-

1185 2242 1247 2277 tus
1263 2239 1434 2277 iudaicos
1450 2238 1618 2275 deflexit.
1635 2237 1745 2274 Tunc
1761 2237 1911 2274 litteras
1930 2238 2134 2277 hebraicas

1184 2294 1320 2331 doetus
1333 2323 1342 2339 ,
1362 2293 1479 2329 libros
1500 2292 1546 2329 V.
1569 2291 1613 2328 T.
1634 2302 1681 2328 ex
1704 2291 1870 2329 hebraeo
1890 2291 1929 2328 in
1948 2303 2131 2340 graecum

1184 2346 1396 2390 transtulit,
1418 2357 1515 2393 quac
1532 2344 1658 2381 versio
1670 2344 1717 2381 ab
1730 2344 1898 2391 antiquis
1910 2344 1947 2381 in
1960 2344 2135 2384 aliislau-

1186 2402 1323 2446 datur,
1344 2400 1380 2436 in
1409 2399 1492 2436 aliis
1514 2410 1624 2443 vero,
1645 2397 1875 2446 praesertim
1896 2398 1933 2434 in
1956 2397 2013 2444 iis,
2034 2410 2133 2447 quae

1184 2454 1359 2503 spectant
1379 2453 1425 2489 ad
1445 2452 1624 2489 Messiam
1639 2480 1648 2496 ,
1668 2451 1966 2499 reprehenditur
1986 2449 2013 2489 ³.
2038 2452 2134 2490 Post

1183 2507 1360 2556 Aquilam
1379 2506 1505 2543 eidem
1523 2505 1576 2542 rei
1593 2516 1748 2553 operam
1761 2505 1951 2541 dederunt
1961 2505 2133 2544 Theodo-

1183 2563 1262 2599 tion
1296 2562 1334 2597 et
1361 2559 1604 2607 Symmaeus.
1636 2557 1762 2603 Prior,
1782 2558 1908 2606 patria
1928 2558 2132 2607 Ephesius,

1183 2615 1349 2664 primum
1384 2612 1457 2650 fuit
1485 2611 1652 2656 'l'atiani,
1675 2611 1812 2648 deinde
1834 2611 2046 2650 Marcionis
2064 2623 2130 2650 se-

1182 2670 1321 2712 ctator,
1337 2669 1530 2715 postremo
1549 2666 1708 2702 iudaeus
1724 2663 2129 2714 p1²oselytus⁴.Poste-

1184 2721 1272 2767 rior,
1294 2731 1434 2770 generc
1454 2719 1735 2766 Samaritanus,
1754 2731 1774 2756 e
1790 2718 1926 2756 iudaeo
1947 2718 2130 2757 christia-

1220 2888 1228 2908 ¹
1248 2885 1407 2923 Mosheim,
1425 2883 1502 2915 mss.
1521 2883 1550 2914 in
1567 2883 1639 2915 hist.
1652 2884 1742 2923 eccl.;
1759 2884 1905 2922 Brucker,
1921 2883 2005 2915 Hist.
2024 2884 2128 2926 critiq.

188 2931 300 2960 Tenus
318 2939 450 2968 graecus
468 2930 571 2968 operis
588 2939 611 2959 s.
631 2929 745 2959 irenaei
764 2930 914 2959 adversus
931 2929 1076 2959 hai-reses
1091 2930 1134 2959 in·
1177 2929 1289 2971 philos.

188 2972 308 3002 teremit
333 2975 454 3011 praeter
481 2972 632 3010 quaedam
658 2971 847 3009 fragmenta,
872 2971 924 3000 sed
950 2975 1132 3001 conservata
1218 2973 1232 2992 2’
1250 2972 1367 3005 velum,
1386 2968 1541 3007 Damnata
1559 2968 1650 2998 theol.
1669 2972 1686 2999 l.
1704 2969 1741 3005 ΙΙ,
1759 2968 1777 2998 l.
1795 2968 1828 3006 13
1852 2968 1968 3006 Rallus,
1991 2966 2125 3007 De'sensc

187 3013 243 3044 suit
266 3014 393 3053 antiqua
417 3014 516 3043 versio
541 3014 650 3048 latina,
668 3016 696 3042 et
714 3022 747 3042 e).
766 3013 811 3042 his
831 3021 938 3042 novum
960 3013 1130 3043 versiouuui
1178 3012 1229 3043 des
1246 3011 1298 3042 NS.
1318 3010 1408 3042 I'rssrvx
1422 3010 1548 3039 accuses
1561 3009 1598 3039 ‹le
1609 3010 1818 3050 plut1›nisrne;
1833 3010 1971 3050 Bergier,
1984 3009 2120 3042 Dioclen.

188 3055 311 3085 latinum
336 3055 431 3085 mium
453 3056 482 3084 l).
510 3056 658 3091 §iussin-1,
678 3055 762 3084 varis
787 3054 878 3090 1710,
896 3054 1010 3092 iii-sol,
1029 3055 1129 3085 Venel..
1177 3054 1214 3085 dr·
1230 3053 1323 3084 thv'nl.
1341 3056 1396 3082 art.
1415 3052 1617 3082 Plutonis-me.

188 3095 282 3131 175st
301 3098 410 3137 migne.
429 3096 547 3127 l'ulrol.
566 3098 613 3125 eil,
633 3100 650 3126 Ι.
670 3096 731 3126 ΠΙ.
1218 3097 1230 3114 ²⁴
1247 3098 1273 3125 S.
1293 3096 1379 3129 lrvu..
1396 3094 1412 3123 l.
1432 3095 1474 3129 11,
1491 3104 1516 3124 c.
1532 3093 1586 3127 fit:
1603 3103 1626 3123 s.
1646 3093 1812 3132 Epiphau.,
1830 3093 1859 3123 1..
1877 3091 2076 3125 clamemur.
2094 3102 2123 3125 n.

230 3137 236 3157 ¹
254 3139 352 3211 [lust-l·
368 3164 374 3175 ,
392 3138 474 3169 Ile'sl.
490 3138 556 3168 eccl
582 3138 587 3167 l
619 3138 650 3174 V,
666 3148 690 3167 c.
712 3137 762 3174 103
778 3147 803 3168 s.
820 3138 950 3174 Hieron,
970 3137 1111 3177 (Julaloy.

226 3179 238 3200 ἵ
277 3191 321 3211 uc.
338 3181 386 3211 cit.

1178 3138 1232 3173 253
1249 3148 1272 3167 s.
1292 3136 1423 3172 llivrou„
1441 3136 1568 3165 l'racl'al.
1587 3135 1619 3165 in
1638 3134 1700 3171 1011,
1716 3137 1745 3164 et
1761 3133 1858 3175 Epist.
1878 3133 1925 3166 33.

1219 3180 1231 3202 ⁴¹
1249 3180 1276 3209 S.
1295 3178 1424 3215 Hieron,
1443 3178 1570 3208 Praestu.
1589 3177 1621 3208 in
1638 3175 1759 3208 Daniel.
