2241 3473
611 154 738 186 vsovn
765 154 819 182 An
848 152 1145 181 ron'rmcmvu
1172 153 1202 182 s.
1231 153 1424 182 enneoan
1452 154 1520 182 v11.
1905 145 1984 184 209

97 219 249 259 obsides
267 217 441 256 tradidit.
463 217 626 255 Carolus
644 229 734 255 eum
753 217 792 255 in
812 217 928 255 fidem
944 228 1047 254 reee—
1089 217 1156 254 vix
1172 217 1259 255 inde
1284 217 1525 264 discesserat,
1537 229 1654 266 quum
1676 217 1855 257 Saxones
1870 218 2038 258 iuratam

98 274 168 324 pit,
195 271 380 319 novisque
411 271 569 308 urbibus
591 275 629 309 et
649 271 820 308 castellis
845 270 884 308 in
905 270 1047 308 Tuscia
1089 269 1204 308 fidem
1224 270 1454 320 fregerunt3
1474 273 1514 308 at
1537 270 1734 320 inopinato
1755 271 1838 310 eius
1868 273 2037 312 adventu

98 330 140 364 et
165 323 374 373 Campania
403 324 667 373 Apostolicam
700 324 840 361 Sedem
869 324 1042 361 donavit.
1088 324 1339 372 perle1·riti,ei
1355 323 1404 360 ad
1421 323 1588 373 Lippam-
1604 325 1752 362 an.776
1767 330 2036 374 occurrerunt,

97 382 172 418 An.
192 377 267 414 781
289 376 413 414 filium
435 389 548 415 suum
571 378 753 427 Pipinum
769 376 970 414 constituit
989 388 1045 414 re—

96 443 185 480 gem
206 429 343 468 Italiae
363 442 432 467 seu
454 429 768 479 Longobardiae,
786 441 914 478 quem,
936 433 977 466 ut
1005 432 1044 466 et

96 484 339 523 Ludovicum
360 513 368 528 ,
385 483 555 521 alterum
582 483 708 521 Caroli
728 482 852 519 filium
874 486 913 518 et
933 493 957 518 a
976 494 1043 530 pa-

94 541 155 576 tre
172 540 349 575 creatum
380 548 511 585 regem
541 535 800 585 Aquitaniae,
819 534 1042 572 Hadrianus

95 591 165 640 Pp.
188 591 337 628 Romae
357 602 467 627 sacro
488 590 570 627 oleo
593 586 709 626 unxit
727 587 750 626 ¹.

147 645 182 681 4.
202 644 368 681 Bellum
392 644 710 681 Saxom‘eum—
727 640 870 678 Eodem
896 642 1044 689 tempo-

94 708 136 734 re
156 697 318 735 Carolus
338 696 388 733 M.
411 696 556 734 bellum
575 695 739 741 gerebat
758 696 895 731 contra
913 693 1040 730 Saxo-

94 762 161 787 nes
179 780 188 796 ,
218 762 312 799 quos
340 749 497 786 tandem
527 748 680 796 subegit
708 749 748 784 et
772 747 821 784 ab
850 746 1039 783 idolorum

92 803 198 841 cultu
229 803 276 840 ad
305 802 566 839 Christianam
592 800 822 850 religionem
843 799 1039 847 perduxit.

93 856 218 894 Erant
249 856 424 894 Saxones
457 854 585 892 indole
616 853 737 891 feroci
763 857 802 890 et
830 852 1013 890 bellicosa
1029 866 1038 899 ;

92 909 206 947 divisi
227 909 264 946 in
286 908 504 957 Ostphalos,
523 908 576 945 W
579 906 775 956 estphalos
794 908 833 942 et·
848 906 1039 954 Angarios

91 974 158 1000 seu
189 962 349 1006 medios,
378 962 620 1010 occupabant
638 967 766 997 terras
785 959 889 996 inter
908 959 1038 996 Albim

91 1019 130 1052 et
164 1015 380 1053 Amasium.
403 1014 599 1051 Idolorum
619 1012 746 1050 cultui
765 1012 1038 1058 addictissimi,

91 1068 211 1106 etiam
242 1067 420 1105 victimas
447 1068 637 1104 humanas
668 1066 715 1102 iis
747 1065 971 1103 offerebant.
994 1066 1039 1103 E-

91 1125 237 1159 xeunte
270 1120 426 1158 saeculo
454 1121 530 1158 VII
560 1120 634 1156 duo
664 1119 807 1156 fratres
827 1118 1011 1156 Edwaldi
1027 1149 1036 1165 ‚

89 1173 324 1212 missionarii
344 1185 392 1210 ex
412 1173 567 1222 Anglia‚
588 1183 723 1210 eorum
745 1171 1036 1209 conversionem

90 1229 361 1273 tentaverant3
381 1227 447 1263 sed
467 1227 581 1263 ambo
597 1225 795 1263 interfecti
811 1224 979 1262 fuerant.
996 1225 1034 1263 S.

89 1280 312 1318 Bonifacius
341 1280 458 1316 etiam
489 1279 607 1327 priori
629 1278 754 1315 medio
775 1277 921 1315 saeculi
942 1278 1035 1316 VIII

86 1333 126 1370 in
147 1344 280 1370 eorum
301 1332 443 1370 finibus
464 1332 599 1370 Fidem
614 1331 858 1380 praedicavit
877 1334 917 1368 et
936 1343 1034 1369 non-

87 1385 213 1423 nullos
233 1386 438 1423 convertit.
461 1385 556 1423 Post
575 1385 659 1422 illos
679 1397 708 1422 s.
726 1385 936 1422 Lebwinus
952 1397 1035 1433 pre-

85 1439 222 1487 sbyter
241 1450 290 1476 ex
311 1439 468 1487 Anglia,
486 1440 534 1476 ad
555 1438 695 1476 Iselam
716 1438 756 1475 in
775 1438 900 1475 Frisia
917 1439 1036 1476 Saxo-

84 1503 178 1529 num
199 1495 238 1529 et
257 1492 499 1529 Francorum
519 1492 745 1537 terminum,
765 1491 870 1529 haud
890 1503 1033 1540 paucos

84 1545 312 1594 baptizavit,
332 1547 372 1582 et
391 1545 430 1582 in
450 1545 534 1594 ipsa
554 1557 691 1582 eorum
706 1548 814 1582 terra
829 1545 1031 1583 ecelesiam

83 1598 274 1644 extruxit,
286 1609 386 1647 quae
397 1601 527 1635 tamen
539 1599 649 1635 brevi
661 1603 746 1647 post
757 1599 805 1635 ab
821 1598 1034 1637 idololatris

86 1651 160 1689 fuit
179 1651 389 1689 destructa.
410 1651 531 1688 Iidem
550 1652 727 1689 Saxones
754 1651 832 1689 iam
860 1663 883 1688 a
903 1663 1034 1689 saecu-

83 1703 120 1741 lo
128 1704 183 1741 VI
202 1704 419 1753 provincias
434 1704 677 1742 Francorum
691 1705 954 1753 praedabundi
969 1706 1032 1743 in-

82 1757 291 1804 vadebant,
311 1760 351 1794 et
365 1759 546 1806 quamvis
562 1770 585 1795 a
600 1758 756 1807 regibus
771 1758 934 1796 Francis
949 1771 1033 1797 sae-

82 1811 170 1859 pius
186 1811 279 1848 victi
296 1812 335 1848 et
349 1811 398 1847 ad
414 1811 657 1859 pendendum
680 1812 874 1848 tributum
894 1813 1030 1860 coacti,

82 1864 219 1911 quavis
245 1864 337 1901 data
365 1865 568 1901 occasione
581 1894 590 1910 ,
610 1876 746 1901 eorum
766 1865 901 1913 iugum
919 1878 1034 1903 excu-

80 1917 249 1961 tiebant,
278 1922 318 1954 et
336 1917 556 1965 provincias
575 1917 760 1955 finitimas
779 1917 1029 1958 infestabant.

79 1971 193 2006 Anno
209 1970 286 2008 772
305 1970 469 2008 Carolus
501 1971 553 2008 M.
583 1972 781 2019 copiosum
815 1973 1031 2011 exercitum

79 2025 217 2061 contra
237 2023 411 2060 Saxones
433 2024 557 2069 duxit,
577 2036 642 2061 eos
662 2028 749 2072 post
769 2028 883 2062 atrox
900 2027 1028 2063 utrin-

80 2087 156 2123 que
190 2076 382 2125 praelium
417 2078 535 2122 vicit,
565 2080 736 2115 castrum
763 2072 1027 2128 Er‘esburgum

78 2129 191 2177 cepit,
206 2133 245 2167 et
257 2128 607 2167 famosumidolum
624 2131 807 2168 Irminsul
823 2132 1027 2180 destruxit,

78 2184 118 2219 et
135 2182 309 2220 Saxones
330 2194 450 2231 usque
470 2184 517 2220 ad
538 2184 740 2232 Visurgim
755 2185 921 2234 subegit.

133 2235 350 2273 Saxonum
369 2239 575 2274 conversio
593 2237 826 2276 —Saxones
847 2239 942 2276 victi
958 2251 1025 2288 pa—

81 2298 165 2324 cem
189 2289 437 2336 postularunt
456 2293 495 2327 et
515 2291 664 2328 obsides
683 2292 883 2329 dederunt.
904 2293 1024 2330 Caro-

80 2339 139 2377 lus
153 2352 290 2388 pacem
305 2354 394 2379 cum
409 2343 464 2380 eis
482 2344 696 2393 composuit
708 2356 754 2382 ea
769 2345 868 2394 lege,
879 2349 922 2383 ut
939 2347 1022 2385 mis-

78 2393 236 2431 sionarii
251 2424 261 2441 ‚
289 2407 384 2443 quos
414 2409 544 2434 secum
566 2398 731 2435 duxerat
751 2401 791 2435 et
810 2399 909 2436 inter
928 2412 1024 2448 quos

78 2449 191 2483 erant
221 2458 270 2483 ss.
291 2447 485 2486 Lebuinus
512 2453 552 2487 et
570 2451 840 2489 Willebardus
866 2454 1022 2502 presby-

78 2499 165 2543 teri,
181 2502 222 2536 et
236 2500 432 2540 Sturmius
446 2503 566 2540 abbas
581 2504 795 2551 Fuldensis,
813 2505 915 2543 inter
935 2506 1021 2545 illos

76 2552 331 2589 christianam
358 2554 474 2591 fidem
501 2556 622 2594 libere
643 2559 926 2606 praedicarent.
949 2560 983 2597 V
987 2573 1022 2598 e-

75 2616 161 2642 rum
182 2617 243 2642 an.
275 2606 372 2650 774,
402 2608 539 2646 Carolo
568 2610 621 2647 M.
652 2614 792 2659 agente
821 2613 859 2649 in
881 2613 1021 2660 Italia,

75 2657 249 2695 Saxones
269 2659 533 2699 missionarios
559 2662 784 2711 eiecerunt,
816 2666 1021 2714 contiguas

76 2710 317 2748 Francorum
338 2715 463 2750 terras
486 2714 736 2763 invaserunt,
757 2729 898 2767 easque
918 2719 1020 2757 ferro

74 2766 113 2800 et
132 2764 220 2812 igne
242 2769 458 2804 vastarunt.
475 2769 588 2805 Anno
603 2771 778 2817 sequenti
799 2772 960 2810 Carolus
971 2785 1019 2811 ex

73 2815 189 2854 Italia
209 2817 349 2863 redux,
371 2819 538 2856 rebelles
560 2833 715 2860 rursum
734 2825 851 2872 vicit;
871 2825 935 2874 qui
958 2827 1018 2863 de-

75 2879 150 2906 nuo
171 2870 288 2907 fidem
310 2882 421 2908 suam
443 2872 480 2908 ei
502 2873 726 2922 obligarunt
744 2906 753 2922 ,
782 2878 934 2916 obsides
954 2880 1019 2916 de-

73 2921 224 2969 derunt,
244 2924 429 2973 nulloque
454 2926 565 2963 modo
585 2939 624 2964 se
643 2928 849 2978 Evangelii
870 2933 1019 2980 praedi-

72 2975 262 3013 cationem
277 2976 530 3027 impedituros
549 2981 846 3029 spoponderunt.
860 2985 1019 3024 Carolus

119 3114 129 3135 ¹
146 3117 250 3147 Anast.
280 3117 379 3149 Vitae
394 3118 470 3148 RR.
494 3118 619 3159 Pontis.
634 3144 642 3157 ‚
664 3121 878 3154 Hadrianus
894 3124 928 3155 I.
947 3126 1018 3165 Egi-

76 3156 186 3187 nhard.
207 3158 289 3190 Vita
306 3159 423 3191 Caroli
436 3159 501 3197 M.;
518 3161 652 3198 Regino,
671 3162 880 3204 Chronico&
897 3165 1016 3199 Anna-

77 3196 123 3227 les
145 3198 340 3238 Fuldenses,
356 3201 538 3240 Herem-es,
554 3203 774 3237 Barcinicmi.

278 3252 527 3303 WOU'I'ERS,
554 3254 580 3295 Ι.

1086 388 1126 413 se
1150 377 1234 414 eius
1261 377 1421 425 imperio
1441 377 1710 424 subiecerunt,
1730 378 1901 417 iuratam
1922 382 2038 418 antea

1085 429 1198 466 fidem
1229 430 1523 476 confirmarunt,
1545 434 1585 468 et
1606 431 1716 469 multi
1738 443 1826 469 cum
1851 433 2036 472 uxoribus

1085 483 1164 520 suis
1183 484 1224 520 et
1244 483 1375 521 liberis
1392 483 1622 531 baptismum
1645 489 1906 534 susceperunt.

1137 535 1266 577 Quum
1290 547 1390 572 anno
1418 539 1603 584 sequente
1635 538 1746 588 (777)
1777 538 1939 578 Carolus
1967 552 2034 578 re-

1083 588 1149 637 gni
1169 588 1326 626 comitia
1341 589 1558 626 celebraret
1575 591 1862 639 Paderbornae,
1886 593 2032 642 princi-

1084 653 1148 690 pes
1167 641 1366 678 Saxonum
1385 642 1434 679 ad
1454 654 1502 679 ea
1520 643 1640 680 etiam
1666 649 1945 693 convenerunt,
1966 648 2036 686 Ca-

1082 694 1163 731 rolo
1200 695 1428 743 obsequium
1467 696 1707 742 praestituri.
1746 698 1860 737 Multi
1892 712 2030 739 eorum

1082 747 1319 795 baptismum
1346 748 1613 796 postularunt,
1638 751 1908 798 promittentes
1925 783 1934 800 ,
1957 755 2030 792 nisi

1080 799 1119 836 in
1135 801 1208 837 fide
1225 800 1352 838 Caroli
1369 801 1527 850 eiusque
1538 801 1705 840 filiorum
1717 810 2027 855 perseverarent,

1079 865 1120 890 se
1140 856 1179 890 et
1198 864 1272 891 sua
1291 855 1418 892 omnia
1438 855 1476 891 in
1502 855 1663 893 arbitrio
1693 858 1797 905 regis
1826 858 1920 898 sore.
1945 861 2028 898 Ve-

1079 908 1298 944 rumtamen
1321 919 1381 945 an.
1401 908 1481 944 778
1501 908 1664 946 rebelles
1684 911 1843 948 excitati
1863 924 1886 949 a
1910 914 2028 952 Witi-

1080 959 1198 997 kindo
1211 989 1220 1005 ,
1242 960 1503 998 missionarios
1522 973 1660 1000 rursus
1679 963 1899 1012 eiecerunt,
1919 972 1958 1004 et
1981 969 2030 1005 ad

1080 1013 1262 1050 Rhenum
1285 1025 1408 1063 usque
1429 1015 1623 1063 progressi
1642 1016 1771 1053 omnia
1792 1017 2027 1058 horrendum

1078 1066 1117 1102 in
1144 1067 1301 1104 modum
1321 1067 1543 1116 depopulati
1571 1070 1675 1106 sunt.
1705 1068 1866 1109 Carolus
1894 1074 2027 1111 rebel-

1078 1119 1133 1156 les
1153 1120 1353 1168 repressit,
1373 1124 1413 1158 et
1441 1134 1501 1158 an.
1531 1121 1608 1158 780
1645 1133 1809 1170 magnus
1830 1126 2028 1164 Saxonum

1078 1184 1262 1211 numerus
1290 1173 1525 1223 baptismum
1553 1177 1737 1224 suscepit.
1767 1178 1854 1216 Rex
1884 1181 2028 1228 optime

1077 1226 1202 1264 sciens
1220 1256 1230 1273 ,
1262 1230 1415 1275 gentem
1449 1228 1659 1266 barbaram
1687 1229 1873 1279 religione
1901 1234 2026 1282 magis

1078 1291 1196 1327 quam
1216 1280 1335 1318 armis
1355 1292 1438 1318 esse
1467 1282 1721 1327 domandam,
1742 1284 1966 1335 priusquam
1987 1287 2025 1324 in

1078 1333 1245 1371 Galliam
1262 1335 1549 1383 regrederetur,
1563 1335 1640 1373 illis
1656 1336 1854 1386 episcopos
1882 1342 1922 1377 et
1935 1352 2027 1389 pre-

1077 1386 1254 1435 sbyteros
1287 1388 1392 1425 dedit
1411 1418 1420 1435 ,
1450 1388 1620 1426 indicato
1653 1389 1814 1438 singulis
1850 1394 1899 1430 ad
1933 1405 2027 1430 eru-

1077 1440 1259 1477 diendum
1284 1441 1471 1489 populum
1491 1445 1596 1479 certo
1617 1443 1786 1492 regionis
1805 1447 1942 1494 spatio.
1966 1448 2027 1485 Ex

1076 1505 1150 1541 quo
1170 1497 1346 1543 tempore
1365 1495 1578 1534 christiana
1605 1496 1700 1534 fides
1728 1498 1891 1538 celerius
1920 1501 2025 1539 inter

1075 1547 1248 1585 Saxones
1268 1551 1486 1597 propagata
1508 1552 1578 1587 est.

1127 1600 1317 1642 Quamvis
1333 1613 1484 1650 semper
1501 1602 1594 1640 victi
1613 1606 1652 1640 et
1670 1616 1950 1655 nonnunquam
1970 1619 2026 1645 se-

1075 1665 1167 1691 vere
1186 1654 1378 1704 castigati,
1396 1667 1517 1694 novas
1534 1657 1661 1695 adhuc
1686 1659 1917 1699 rebelliones
1941 1664 2022 1700 ten-

1075 1709 1222 1744 tarunt.
1243 1709 1357 1745 Anno
1380 1710 1512 1746 autem
1532 1710 1610 1748 785
1629 1712 1885 1752 rebellionum
1906 1716 2024 1753 duces

1074 1761 1321 1799 Witikindus
1349 1765 1389 1800 et
1418 1762 1530 1800 Albio
1555 1764 1792 1804 Attiniacum
1821 1769 1870 1805 ad
1901 1769 2023 1807 Caro-

1073 1814 1155 1851 lum
1175 1818 1381 1863 venerunt,
1397 1827 1438 1852 se
1453 1816 1487 1853 ei
1505 1817 1768 1856 submiserunt
1783 1822 1823 1858 et
1837 1822 2021 1872 baptizati

1073 1870 1176 1905 sunt.
1215 1867 1375 1907 Carolus
1404 1870 1639 1908 christianae
1665 1872 1863 1922 Religioni
1892 1877 2022 1924 potius

1073 1932 1189 1969 quam
1217 1933 1288 1959 suo
1324 1922 1484 1970 imperio
1521 1923 1698 1963 Saxones
1735 1927 1909 1966 subditos
1947 1942 2020 1967 cu-

1073 1974 1196 2023 piens,
1224 1974 1331 2011 illam
1354 1977 1495 2023 ubique
1516 1976 1618 2015 inter
1637 1990 1702 2016 eos
1729 1983 2021 2030 propagandam

1072 2027 1455 2067 curavit.Witikindi
1467 2034 1506 2067 et
1515 2030 1688 2069 Albionis
1708 2035 1885 2084 exemplo
1901 2036 2021 2074 Saxo-

1071 2093 1138 2118 nes
1154 2082 1309 2130 passim,
1333 2094 1512 2131 proceres
1535 2086 1575 2122 et
1589 2085 1742 2133 plebeii,
1767 2087 1926 2126 deorum
1943 2091 2020 2128 cul-

1070 2137 1151 2171 tum
1171 2135 1402 2173 abiecerunt
1427 2140 1467 2174 et
1495 2137 1730 2186 baptismum
1750 2143 2019 2192 postularunt3

1069 2187 1252 2226 ecclesiae
1272 2189 1419 2227 multae
1439 2202 1525 2227 cum
1546 2193 1790 2231 monasteriis
1813 2198 2018 2235 extructae

1069 2243 1169 2287 sunt,
1190 2246 1229 2278 et
1245 2242 1293 2279 ab
1313 2254 1374 2279 an.
1398 2243 1475 2280 780
1494 2246 1533 2280 et
1553 2245 1734 2294 deinceps
1753 2247 1923 2287 instituti
1944 2251 2019 2299 epi-

1065 2295 2018 2346 scopatusOsnabrugensis,Mindensis‚Verdensis

1066 2351 1105 2384 et
1116 2349 1348 2393 Bremensis‚
1359 2350 1499 2397 quibus
1516 2363 1575 2388 an.
1585 2352 1662 2389 795
1671 2354 2016 2405 Paderbornensis,

1065 2403 1104 2438 et
1133 2413 1192 2439 an.
1214 2401 1289 2439 801
1318 2402 1634 2442 Monasteriensis
1654 2407 1774 2445 additi
1796 2411 1896 2447 sunt.

1118 2456 1191 2492 An.
1213 2455 1290 2492 793
1310 2456 1484 2494 Saxones
1514 2458 1617 2495 ultra
1638 2460 1769 2497 Albim
1799 2464 2013 2500 conseden-

1064 2509 1123 2544 tes
1153 2510 1192 2545 et
1220 2509 1346 2546 adhuc
1376 2510 1542 2557 ethnici,
1563 2511 1658 2550 alios
1687 2513 1788 2550 infra
1808 2515 1936 2553 Albim
1966 2518 2014 2555 ad

1066 2561 1314 2599 rebellionem
1334 2563 1506 2601 excitare
1527 2570 1749 2614 coeperunt;
1770 2568 1836 2604 sed
1853 2568 2013 2608 Carolus

1064 2614 1115 2651 M.
1134 2626 1225 2651 mox
1243 2627 1318 2652 non
1338 2619 1491 2654 tantum
1512 2617 1614 2654 inter
1629 2619 1697 2656 hos
1713 2620 1883 2658 ordinem
1904 2625 2014 2661 resti-

1065 2668 1153 2713 tuit,
1169 2680 1306 2705 verum
1323 2681 1383 2707 an.
1402 2670 1478 2707 796
1491 2671 1619 2707 Albim
1636 2675 1917 2721 transgressus,
1929 2688 2013 2714 om-

1065 2732 1131 2758 nes
1149 2722 1267 2759 etiam
1286 2721 1366 2760 illie
1386 2724 1559 2761 Saxones
1577 2725 1738 2771 subegit.
1762 2727 1929 2766 Posthac
1949 2731 2014 2768 ad-

1064 2774 1140 2810 huc
1159 2775 1285 2823 sepius
1305 2777 1483 2822 rebelles,
1507 2777 1569 2813 sed
1597 2777 1798 2816 confestim
1824 2784 2011 2831 repressi,

1064 2827 1217 2864 demum
1247 2840 1309 2865 an.
1339 2829 1415 2866 803
1444 2830 1691 2867 sinceriorem
1720 2832 1837 2870 fidem
1869 2835 2010 2874 Carolo

1062 2880 1255 2918 iurarunt.
1277 2882 1334 2917 Tu
1343 2894 1387 2918 nc
1406 2882 1507 2918 bello
1528 2882 1614 2920 finis
1635 2885 1865 2925 constitutus
1881 2891 1953 2935 est,
1971 2893 2011 2928 et

1062 2933 1235 3006 Saxones
1254 2934 1292 2970 in
1313 2935 1524 2972 christiana
1545 2937 1752 2986 Religione
1773 2951 2006 2988 persevera-

1062 2989 1154 3024 runt
1194 3017 1202 3024 .

1101 3128 1110 3149 ¹
1128 3129 1295 3166 Eginbard.
1319 3128 1393 3161 Vita
1413 3129 1528 3161 Caroli*
1541 3131 1600 3169 M.‚
1617 3135 1646 3163 et
1662 3133 1808 3173 Annal.;
1832 3136 1915 3175 item,
1932 3138 2002 3168 An-

1059 3171 1157 3200 nales
1168 3170 1362 3208 Fuldenses,
1378 3171 1600 3212 Bercinia‘ni,
1612 3174 1858 3208 Lauri-menses
1871 3182 1901 3208 et
1914 3177 2007 3210 Lau-

1059 3212 1300 3243 rislcamenses.
