2241 3473
697 149 833 181 VSQVE
855 150 908 179 AD
930 149 1214 178 PRAESENTEM
1236 150 1441 178 ΑΕΤΑΤΕΜ

97 219 280 267 Bogaris,
308 230 377 256 rex
415 220 629 266 Bulgariac
667 221 901 258 christianus
923 251 931 265 ‚
971 233 1043 269 ope

98 274 340 310 Graecorum
368 274 546 317 effectus,
567 275 803 322 legationem
824 276 1043 324 praeclaro-

101 338 188 363 rum
216 326 391 362 virorum
419 327 468 362 ad
494 328 699 364 Nicolaum
727 330 797 377 Pp.
822 330 833 365 l
855 330 972 371 misit,
992 329 1044 365 in-

99 384 161 417 ter
179 391 275 427 quos
294 381 418 427 ipsum
446 381 580 425 filium,
601 387 810 433 rogaturos
830 384 1044 430 Episcopos

97 437 137 470 et
165 433 356 469 Doctores
381 438 424 469 ut
449 435 510 470 vel
537 436 662 482 magis
681 436 717 471 in
737 436 810 473 fide
830 437 1045 473 solidaren-

96 490 173 523 tur.
202 487 390 523 Nicolaus
418 489 429 523 I
459 494 497 524 et
515 489 713 525 Adrianus
732 490 760 526 11
787 491 979 526 miserunt
997 490 1044 526 ad

98 552 168 578 eos
194 541 400 589 episcopos
426 547 465 578 et
491 543 717 580 sacerdotes
737 573 746 587 ‚
774 544 837 591 qui
864 556 912 580 ex
943 545 1045 580 labo-

98 594 205 631 ribus
232 595 286 631 ita
313 606 499 642 magnum
526 596 696 632 fructum
729 598 945 634 attulerunt
967 627 974 641 ‚
1004 603 1045 634 ut

97 648 310 684 Anastasio
344 649 652 686 Bibliothecario
679 651 876 687 referente
910 663 1044 688 omnes

99 701 290 750 baptismo
305 702 559 739 donarentur.
578 705 651 740 Ast
669 704 785 751 aliqui
805 705 1045 752 posteriores

96 756 268 804 episcopi
295 757 429 803 graeci
457 768 526 803 pro
545 769 586 794 se
612 762 871 804 susceperunt
889 758 1043 795 illorum

95 807 267 845 fidelium
293 810 500 856 imperium
529 816 569 846 et
602 810 776 846 Adriano
804 812 832 847 Il
869 816 908 848 et
937 812 1044 848 Ioan-

99 873 146 897 ne
174 862 260 899 VIII
289 863 422 899 invitis
448 864 626 900 Ecclesia
653 865 914 911 Bulgarorum
943 876 1043 901 anno

94 915 164 953 878
190 916 238 952 ad
273 927 439 964 graecos
472 917 600 961 rediit,
629 918 691 964 qui
719 922 759 954 et
793 918 850 954 ius
877 919 1043 965 eligendi

95 969 301 1018 episcopos
327 971 399 1006 sibi
418 971 682 1014 vindicarunt,
702 971 757 1008 ita
775 976 830 1015 ut,
851 973 1045 1009 Michacle

96 1024 304 1061 Cerulario
320 1024 557 1071 imperante,
575 1025 765 1072 Bulgaria
784 1027 967 1073 prolapsa
985 1031 1046 1063 est

97 1076 135 1112 in
162 1077 347 1113 schisma.
375 1078 482 1114 Urbe
509 1079 844 1126 Constantinopoli
873 1080 942 1115 sub
962 1080 1044 1115 Ma-

97 1129 232 1167 homet
249 1131 280 1167 11
301 1131 464 1168 reducta
483 1142 584 1167 anno
605 1133 708 1174 1550,
730 1133 904 1179 Bulgari,
931 1133 1041 1169 sicuti

95 1184 220 1220 ceteri
245 1184 475 1226 christiani,
504 1185 652 1221 subacti
689 1186 848 1222 fuerunt
879 1187 1042 1234 imperio

96 1236 201 1273 civili
235 1242 275 1274 et
314 1239 498 1285 religioso
525 1238 847 1274 Patriarcharum
882 1251 1043 1287 graeco-

96 1302 210 1335 rum;
236 1302 373 1327 verum
406 1291 601 1328 exarchus
628 1292 909 1339 Bulgarorum,
936 1295 1044 1331 cuius

95 1344 210 1392 sedes
234 1349 324 1381 erat
349 1345 530 1389 Okvida,
566 1346 710 1382 mansit
747 1357 866 1393 usque
902 1347 950 1383 ad
979 1359 1043 1384 an-

96 1409 191 1434 num
211 1399 323 1442 1767,
360 1403 400 1435 et
433 1399 521 1435 hinc
553 1399 811 1436 Patriarchae
839 1401 1044 1449 elegerunt

96 1463 167 1499 per
191 1464 233 1489 se
252 1453 457 1501 episcopos
476 1453 577 1489 illius
595 1452 788 1490 dioecesis
807 1466 855 1490 ex
876 1456 1040 1501 graecis.

95 1505 242 1542 Idioma
269 1507 420 1543 slavum
448 1507 709 1554 proscriptum
737 1507 822 1550 fuit,
842 1513 884 1544 ut
911 1509 1043 1556 lingua

95 1559 292 1607 liturgica,
312 1566 352 1597 et
378 1560 461 1596 eius
487 1560 572 1596 vice
600 1560 756 1596 invecta
775 1561 908 1607 lingua
928 1574 1041 1608 grae-

96 1625 157 1650 ca.
177 1615 332 1651 Interea
356 1615 545 1650 Nicolaus
573 1614 642 1661 Pp.
672 1615 705 1647 V
734 1626 834 1650 anno
863 1615 952 1652 1451
975 1618 1043 1652 mi·

95 1667 147 1704 sit
161 1668 383 1711 Albaniam,
400 1669 642 1716 Bulgariam,
662 1672 701 1704 et
719 1668 928 1705 Thraciam
948 1682 1040 1706 nun-

94 1722 188 1758 tium
205 1723 474 1770 Apostolicum
501 1723 666 1758 fratrem
681 1723 903 1769 Eugenium
933 1724 1039 1759 Som-

96 1786 174 1819 ma,
203 1788 251 1813 ex
280 1777 428 1813 Ordine
455 1789 487 1813 s.
514 1777 732 1820 Franctset,
752 1781 794 1812 ut
813 1777 1041 1824 religionem

93 1830 327 1867 catholicam
346 1835 615 1878 promoveret,
637 1834 676 1866 et
695 1831 932 1867 Benedictus
949 1832 1039 1868 XIV

93 1884 206 1920 Bulla
234 1884 517 1920 Gravissimum
545 1884 683 1920 statuit
708 1885 1042 1931 interrogationes

93 1938 296 1975 faciendas
323 1939 519 1986 episcopis
546 1938 749 1975 catholicis
777 1939 1001 1984 Bulgariae.

140 1992 273 2028 Rebus
312 1992 367 2028 ita
404 1992 631 2038 compositis
663 2003 782 2039 usque
817 1992 865 2027 ad
899 1992 1040 2029 bellum

93 2046 317 2089 Crimaeae‚
343 2045 582 2082 desiderium
611 2045 802 2081 libertatis
828 2047 976 2082 exarsit
1002 2048 1039 2082 in

93 2099 275 2146 Bulgaris
302 2103 340 2136 et
366 2100 404 2135 in
431 2099 610 2134 omnibus
637 2098 862 2135 christianis
880 2101 1040 2137 Sultano

92 2153 269 2197 subditis,
289 2158 329 2190 et
346 2164 483 2189 omnes
509 2153 809 2200 expostularunt
835 2153 1040 2202 episcopos

93 2205 296 2253 indigenos
323 2210 363 2243 et
388 2206 561 2252 linguam
587 2206 739 2241 slavam
766 2206 804 2240 in
824 2206 983 2254 liturgia
1001 2214 1039 2244 et

93 2261 130 2295 in
144 2260 297 2296 scholis.
315 2260 493 2296 Societas
513 2259 654 2307 polona
673 2259 922 2303 Parisiensis,
940 2272 1037 2308 quae

93 2313 274 2350 Russiam
302 2314 540 2349 labefactare
565 2312 771 2355 studebat,
803 2313 1038 2359 significavit

93 2366 140 2403 iis
159 2369 222 2414 qui
238 2368 502 2414 Bulgarorum
521 2372 667 2402 motum
688 2367 892 2414 regebant,
911 2368 942 2404 si
963 2370 1037 2405 vel-

93 2420 174 2457 lent
189 2421 459 2457 autonomiam
474 2420 628 2456 civilem
643 2424 682 2455 et
698 2421 923 2467 religiosam
942 2423 1036 2458 obti·

93 2485 201 2518 nere,
229 2486 326 2522 opus
352 2486 439 2511 esse
457 2485 498 2510 se
518 2474 729 2509 catholicos
749 2479 788 2510 et
807 2474 1034 2512 Pontificem

92 2532 210 2576 caput
222 2528 425 2577 spirituale
440 2527 630 2575 profiteri,
643 2527 704 2574 qui
723 2527 779 2563 eis
797 2532 905 2564 certe
924 2528 1036 2565 daret

92 2584 297 2630 episcopos
322 2582 524 2629 indigenos
549 2585 589 2617 et
607 2581 855 2628 permitteret
873 2593 1034 2620 servare

92 2636 190 2673 ritus
208 2648 366 2673 suorum
388 2640 556 2683 patrum.
577 2635 689 2670 Multi
715 2635 977 2681 Bulgarorum
997 2636 1033 2672 in

92 2691 405 2726 communionem
439 2689 609 2724 Romani
645 2688 846 2724 Pontificis
883 2693 1034 2726 reversi

91 2748 205 2788 sunt,
234 2748 273 2780 et
299 2755 347 2780 ex
381 2743 438 2779 eis
466 2741 704 2778 reverendus
731 2742 868 2788 Ioseph
899 2743 1034 2779 Sokol-

91 2798 169 2842 ski,
187 2798 248 2834 vir
266 2802 396 2834 aetate
415 2801 454 2832 et
473 2795 680 2842 prudentia
697 2795 938 2842 praeclarus,
959 2797 1032 2833 ele-

93 2856 176 2888 ctus
203 2855 263 2888 est
288 2851 508 2898 episcopus.
529 2849 623 2885 Pius
650 2849 718 2895 Pp.
742 2849 794 2884 IX
822 2849 901 2895 ipse
921 2849 1034 2887 bene-

91 2906 288 2942 volentiae
308 2916 403 2952 ergo
423 2909 462 2940 et
479 2902 660 2940 desiderii
686 2903 941 2949 componendi
960 2905 1034 2941 cle-

92 2971 179 2996 rum
206 2961 431 3006 indigenum
459 2958 578 2993 voluit
605 2967 839 2992 consecrare
861 2957 966 2993 illum
994 2958 1031 2993 in

92 3014 254 3061 Capella
280 3013 431 3050 Sixtina
457 3011 517 3047 die
536 3011 558 3046 4
576 3010 688 3057 april.
710 3010 810 3046 1861.
833 3010 1033 3048 Reversus

93 3066 130 3102 in
165 3067 370 3103 OrIentern
406 3064 622 3111 Episcopus
654 3062 836 3098 Sol«›1ski
869 3063 1032 3100 obtinuit

93 3120 203 3156 ber-at
230 3120 446 3166 imperiale,
469 3117 567 3166 quod
594 3128 682 3152 eum
702 3116 920 3162 praesidem
941 3129 1031 3163 gen-

95 3175 144 3211 tis
169 3185 261 3211 suae
288 3172 516 3210 declaravit.
545 3170 621 3207 Sed
648 3174 733 3216 post
758 3180 901 3216 paucos
928 3182 1031 3207 men-

95 3239 159 3265 ses
183 3228 317 3264 furtim
344 3226 556 3262 translatus
581 3224 652 3261 fuit
677 3224 716 3259 in
743 3223 853 3260 Kiew
870 3252 878 3267 ,
906 3227 944 3261 et
971 3235 1031 3262 ar-

1905 137 1983 176 431

1095 221 1193 257 tibus
1221 221 1476 258 Patriarehae
1502 221 1636 269 graeci
1663 219 1783 256 adiuti
1802 219 1849 255 ab
1867 218 2032 266 impera·

1094 279 1178 311 tore
1207 287 1318 311 russo
1350 277 1386 311 in
1421 275 1702 311 monasterium
1735 273 1915 310 detrusus
1948 272 2034 310 fuit.

1095 329 1177 364 Hoc
1213 329 1351 364 minuit
1389 328 1554 365 studium
1586 327 1748 364 unitatis
1782 331 1822 364 et
1851 337 2038 363 numerus

1094 382 1288 425 fidelium,
1315 383 1376 429 qui
1405 387 1523 419 antea
1547 382 1678 424 60‚000
1706 385 1819 424 erat,
1848 380 1945 416 adeo
1976 380 2038 417 de-

1094 436 1236 479 crevit,
1251 440 1294 472 ut
1309 448 1408 483 pene
1427 436 1472 471 de
1493 435 1758 472 catholicitate
1775 435 2039 481 Bulgarorum

1094 489 1350 525 dubitaretur.
1367 489 1582 537 Delegatus
1594 488 1839 536 Apostolicus
1849 489 2037 525 Constan-

1096 543 1253 590 tinopoli
1280 542 1450 589 degens,
1477 544 1539 591 qui
1567 554 1701 579 mense
1727 542 1927 578 decembri
1948 541 2038 579 1860

1095 600 1324 643 susceperat
1350 597 1631 643 professionem
1658 595 1745 632 fidei
1766 595 2040 631 nonnullorum

1096 650 1815 697 haereticorum‚misitAdrianopolim
1827 649 2043 695 Popowsa-

1096 704 1295 740 cerdotem
1316 714 1339 739 a
1353 716 1394 740 se
1411 704 1653 751 sactum,quo
1669 703 1778 739 multi
1798 706 1837 739 et
1850 703 2043 740 Constan-

1098 756 1256 804 tinopoli
1270 761 1309 792 et
1323 757 1359 791 in
1375 756 1568 792 suburbiis
1583 755 1695 791 sidem
1713 755 1943 791 catholicam
1954 766 2043 802 pro-

1096 810 1188 846 fessi
1215 814 1318 846 sunt.
1348 810 1603 856 philippopoli
1631 820 1816 845 numerus
1835 808 2041 845 catholico-

1097 876 1181 899 rum
1201 868 1288 900 erat
1306 864 1352 899 :id
1368 863 1641 904 decemmillia,
1658 863 1721 910 qui
1737 862 1855 898 ritum
1873 863 2038 899 latinum

1097 918 1143 953 ab
1163 917 1435 953 innumerabili
1458 917 1652 959 colebant,
1673 920 1713 952 et
1727 916 1972 952 Vicariatum
1991 917 2041 952 A·

1096 971 1340 1017 postolieum,
1357 970 1563 1017 Capucinis
1581 969 2040 1013 ducibus,esformabant.

1097 1024 1138 1058 P.
1168 1024 1310 1061 Petrus
1336 1023 1596 1070 Arabagi‘schi
1615 1023 1673 1058 his
1693 1027 1892 1069 praeerat,
1913 1027 1952 1060 et
1972 1024 2039 1060 im-

1097 1082 1255 1124 perator
1273 1077 1541 1114 othomanicus
1561 1087 1661 1112 anno
1677 1076 1762 1113 1861
1784 1088 1874 1113 eum
1889 1076 2041 1124 princi-

1090 1143 1178 1178 pem
1205 1132 1358 1168 civilem
1388 1130 1643 1173 renuntiavit,
1670 1129 1769 1177 quod
1795 1131 1919 1166 noluit
1943 1142 2039 1167 vero

1094 1184 1226 1221 facere
1253 1196 1342 1220 cum
1370 1185 1481 1220 istius
1501 1194 1748 1225 successore,
1768 1183 1855 1230 quia
1882 1184 2039 1221 natione

1094 1238 1268 1285 polonus.
1291 1239 1362 1273 His
1379 1249 1455 1273 non
1475 1236 1716 1273 obstantibus
1730 1237 1932 1273 conversio
1952 1237 2039 1273 Bul-

1094 1303 1282 1337 garorum
1301 1292 1443 1339 aliquid
1462 1290 1693 1327 incrementi
1712 1296 1939 1337 acceperat.

1140 1345 1232 1381 Pius
1260 1345 1329 1392 Pp.
1360 1346 1414 1380 IX
1441 1344 1737 1391 Augustinianis
1763 1355 1827 1380 an.
1856 1344 1947 1382 1862
1972 1345 2036 1381 de-

1094 1399 1292 1436 mandavit
1307 1410 1441 1435 curam
1458 1398 1618 1435 docendi
1636 1398 1925 1434 neoeatholiooe
1944 1399 2036 1436 Bul-

1092 1463 1225 1498 garos,
1252 1458 1292 1490 et
1318 1453 1593 1489 Sacerdotibus
1615 1453 1944 1499 Congregationis
1960 1453 2037 1489 Re-

1091 1507 1347 1543 surrectionis
1367 1518 1501 1542 mense
1519 1505 1721 1541 novembri
1738 1506 1828 1542 1863
1845 1507 2037 1543 commisit

1091 1560 1266 1596 scholam
1293 1572 1362 1608 pro
1389 1559 1706 1607 Bulgaris-unitis
1725 1560 1763 1594 in
1782 1560 1878 1596 urbe
1898 1560 2035 1596 AdrIa-

1091 1614 1231 1660 nopoli.
1261 1614 1364 1650 Idem
1391 1615 1573 1650 effectum
1601 1616 1660 1649 est
1679 1624 1749 1660 pro
1769 1613 1952 1659 Bulgaris
1980 1614 2034 1650 la-

1092 1667 1182 1703 tinis
1216 1668 1285 1703 sub
1316 1669 1517 1704 VicarIatu
1543 1666 1767 1714 Apostolico
1799 1667 1966 1714 Sophiae
1996 1672 2034 1704 et

1092 1720 1382 1768 Philippopolis,
1403 1733 1476 1757 nec
1496 1733 1570 1756 non
1590 1732 1612 1756 a
1630 1720 1842 1756 Lazaristis
1862 1732 1931 1767 pro
1952 1721 2034 1757 Mo-

1092 1777 1264 1810 nasterio
1283 1779 1322 1811 et
1338 1775 1572 1811 Salonichio.
1585 1774 1903 1821 Bulgaris-unitis
1921 1785 2032 1821 prae-
2067 1814 2069 1816 ,

1090 1828 1215 1864 fectus
1241 1829 1312 1864 fuit
1330 1829 1506 1876 Raphael
1526 1828 1682 1874 Popow,
1702 1827 1909 1874 episcopus
1926 1839 2035 1864 crea-

1092 1885 1151 1917 tus
1166 1882 1287 1918 die19
1303 1882 1523 1918 novembris
1534 1882 1638 1924 1865,
1650 1885 1689 1917 et
1703 1892 1767 1917 an.
1783 1881 1875 1918 1876
1885 1881 2034 1918 electus

1091 1939 1150 1971 est
1175 1936 1386 1972 eorundem
1414 1936 1708 1972 administrator
1730 1935 1966 1981 apostolicus
1985 1936 2034 1971 E-

1091 1989 1272 2037 piscopus
1297 1990 1409 2026 Nilus
1437 1990 1611 2031 lsvorosf,
1640 2000 1662 2024 e
1688 1990 1857 2024 schisma
1883 1988 1932 2024 ad
1962 1989 2034 2024 Ec-

1092 2042 1253 2078 clesiam
1274 2043 1506 2078 catholicam
1523 2043 1683 2079 an.1874
1700 2043 2032 2089 reversus-Ipsum

1091 2097 1168 2132 Leo
1184 2096 1256 2143 Pp.
1273 2097 1361 2132 XIII
1379 2107 1445 2132 an.
1462 2097 1551 2133 1883
1567 2096 2034 2142 Archiepiscopum‚Con-

1090 2150 1341 2197 stantinopoli
1364 2150 1495 2186 sedem
1513 2150 1736 2193 habentem,
1757 2149 1974 2192 constituit,
1993 2153 2032 2186 et

1090 2203 1272 2250 Bulgaris
1299 2203 1471 2239 eiusdem
1500 2203 1595 2238 ritus
1620 2202 1717 2238 alios
1737 2202 1832 2238 duos
1850 2202 2031 2239 Vicarios

1090 2258 1336 2303 Apostolicos
1361 2258 1526 2304 largitus
1552 2260 1626 2292 est.

1134 2311 1175 2346 In
1193 2311 1314 2347 variis
1328 2312 1502 2358 partibus
1521 2310 1674 2357 imperii
1692 2309 1926 2345 othomanici
1939 2310 2027 2345 Bul-

1088 2364 1174 2409 gari
1199 2365 1295 2401 uniti
1319 2365 1516 2401 habebant
1541 2375 1602 2400 an.
1632 2363 1720 2400 1870
1746 2362 2028 2399 catholicorum

1089 2418 1229 2462 12,000‚
1247 2419 1471 2466 episcopum
1486 2422 1524 2453 et
1545 2418 1588 2453 15
1605 2415 1842 2452 sacerdotes.
1859 2416 2028 2452 Alexan-

1087 2471 1156 2507 der
1182 2472 1212 2508 ΙΙ
1239 2472 1454 2508 Russorum
1481 2471 1708 2517 imperator,
1733 2473 1932 2505 transacto
1954 2470 2027 2506 Da-

1088 2525 1201 2561 nubi0
1220 2538 1309 2562 cum
1327 2524 1586 2567 exercitu‚die
1604 2524 1649 2559 27
1666 2523 1759 2559 iunii
1776 2523 1866 2559 1877
1884 2523 1922 2558 in
1938 2523 2026 2559 Bul-

1086 2580 1238 2626 gariam
1264 2580 1458 2627 pervenit,
1477 2582 1517 2615 et
1533 2579 1571 2614 in
1587 2575 1900 2625 promulgatione
1922 2576 2027 2613 edita

1085 2644 1194 2669 suum
1221 2645 1399 2670 amorem
1425 2644 1522 2680 erga
1548 2631 1759 2667 catholicos
1786 2631 1823 2665 in
1844 2631 2028 2677 peninsu-

1086 2686 1122 2721 la
1148 2687 1409 2724 Balcanorum
1435 2685 1677 2722 ostendebat.
1705 2683 1781 2720 Sed
1807 2683 1867 2719 die
1897 2684 1940 2720 19
1975 2684 2029 2720 fe-

1087 2740 1231 2776 bruarii
1249 2742 1402 2777 sancita
1417 2740 1488 2776 fuit
1498 2737 1714 2776 Conventio
1736 2737 1806 2773 S.ti
1825 2737 2026 2783 Stephani,

1084 2805 1159 2840 qua
1185 2795 1462 2841 promissiones
1483 2792 1619 2827 irritae
1642 2794 1870 2827 evaserunt.
1889 2791 2026 2827 Sortes

1085 2848 1398 2885 Christianorum
1432 2846 1630 2881 slavorum
1672 2843 1744 2878 hoc
1777 2846 1955 2890 tempore
1988 2843 2028 2879 in

1085 2902 1223 2937 molius
1237 2905 1409 2936 mutatae
1422 2900 1634 2935 fueruntex
1644 2897 1813 2933 Berolini
1830 2896 2026 2943 pactione,

1084 2967 1159 3002 qua
1185 2955 1391 3001 imperium
1421 2953 1639 2988 Turcarum
1665 2950 1843 2997 agnoscit
1868 2950 1907 2984 in
1927 2950 2030 2985 cliri-

1083 3009 1220 3044 stianis
1245 3010 1331 3044 iura
1356 3007 1499 3049 civilia,
1526 3005 1758 3047 libertatem,
1787 3003 1946 3045 cultum,
1976 3003 2028 3040 ie-

1086 3063 1279 3097 rarchiam
1306 3065 1345 3097 et
1368 3061 1592 3096 facultatem
1612 3057 2024 3094 communicandicum

1082 3116 1160 3151 suis
1195 3114 1427 3161 praepositis
1456 3115 1495 3148 in
1525 3112 1800 3160 spiritualibus.
1829 3110 1939 3151 Quae
1969 3122 2027 3147 se-

1083 3170 1258 3206 curitatis
1292 3170 1399 3216 leges
1430 3180 1506 3204 non
1540 3168 1665 3202 solum
1698 3165 1930 3212 Bulgariae,
1959 3164 2025 3201 sed

1082 3223 1200 3260 etiam
1218 3221 1474 3268 Montinigro,
1493 3221 1653 3258 Serbiae
1672 3223 1712 3257 et
1729 3218 1941 3256 RumenIae
1959 3218 2024 3254 tri-
