2241 3473
278 90 329 130 52

713 95 866 124 EPOCHA
896 95 980 121 vm.
1010 94 1037 121 Α
1067 90 1332 120 PONTIFICATV
1362 91 1598 119 INNOCENTII
1628 92 1671 119 111
1696 72 1699 75 Ι

227 167 292 205 ubi
313 165 475 204 Alexius
496 163 711 212 imperator
730 161 926 198 salutatus
942 159 1010 196 est.
1026 159 1086 196 Ex
1105 158 1177 195 hoc
1219 168 1308 194 nam
1329 155 1468 205 capitis
1489 157 1528 193 et
1545 156 1812 194 iuramentum
1824 166 1908 194 esse
1927 165 2081 205 semper
2101 154 2173 194 illi-

227 223 399 269 tempore
412 219 650 255 Graecorum
667 214 835 252 schisma
851 215 890 250 et
905 212 1038 250 odium
1052 212 1089 248 in
1107 212 1178 255 La·
1220 209 1309 247 cita.
1337 210 1555 246 Praeterea
1574 209 1871 258 Purgatorium,
1891 208 2088 247 orationes
2106 221 2176 258 pro

226 273 326 311 tinos
348 271 501 308 eulmen
522 268 654 317 attigit
674 268 698 306 ¹.

281 328 317 363 4.
349 324 582 363 Walclenses
603 327 644 359 et
661 321 902 369 Albz'yenses
923 319 1031 356 —In
1062 318 1177 355 Occi-

231 379 347 416 dente
368 379 513 419 autem,
543 374 779 425 praesertim
810 373 848 411 in
880 372 1006 410 Gallia
1024 402 1033 418 ,
1062 370 1178 409 detri-

228 434 360 469 menta
389 429 552 479 grandia
581 427 780 466 Ecclesiae
810 426 1031 464 intulerunt
1059 424 1178 462 Wal-

229 485 408 522 densium
436 485 476 521 et
508 481 779 531 Albigensium
815 482 957 518 sectae.

263 538 496 576 Walclenses
509 548 648 573 nomen
663 546 849 584 accepero
856 535 898 571 nt
910 545 933 570 a
945 530 1181 570 PetroWal-

227 592 288 637 do,
301 590 565 639 Lugdunensi,
581 589 644 639 qui
663 601 727 626 an.
744 587 898 625 circiter
918 586 1018 624 1160
1034 585 1182 623 subita·
1202 621 1204 636 2

1203 637 1204 660 ³
1224 639 1310 675 sent
1340 637 1474 674 variae
1495 636 1706 682 factiones,
1727 639 1766 674 et
1785 635 1887 673 aliae
1908 636 1994 675 aliis
2015 636 2178 686 paucio-

228 657 300 682 nea
311 644 403 681 socii
417 643 477 682 sui
490 649 616 681 morte
631 642 807 686 territus,
820 639 1062 689 perfectioris
1074 639 1181 676 vitae

228 699 421 736 rationem
440 697 510 736 sibi
535 696 743 746 proposuit3
768 707 797 732 s.
815 694 1042 743 Scripturae
1063 692 1181 730 libros

228 752 268 789 in
285 752 460 801 linguam
478 751 682 799 vulgarem
701 749 770 786 sibi
784 748 994 785 vertendos
1011 745 1180 790 curavit,

230 808 269 843 et
289 806 438 854 apicem
456 803 719 853 perfectionis,
737 814 856 851 quam
877 801 1052 839 Christus
1073 802 1113 837 et
1129 800 1182 837 A-

229 859 369 908 postoli
400 857 565 908 professi
596 857 767 902 fuerant,
797 856 833 892 in
875 856 1107 904 paupertate
1139 864 1183 890 ac

229 912 455 950 humilitate
485 911 742 955 constituens,
772 910 872 946 bona
901 921 970 946 sua
1005 903 1185 944 vendidit

232 977 443 1015 eorumque
464 964 630 1014 pretium
659 963 894 1013 pauperibus
920 960 1131 1006 distribuit,
1147 962 1186 997 et

231 1020 407 1057 eamdem
439 1018 714 1068 perfectionem
745 1016 931 1066 Lugduni
961 1014 1209 1064 praedicare*

231 1073 379 1122 eoepit3
400 1085 478 1115 eos,
508 1072 571 1121 qui
593 1071 836 1109 sermonibus
865 1069 945 1107 suis
974 1068 1186 1118 parebant,

232 1127 271 1164 in
293 1127 403 1176 pagis
424 1126 654 1174 colligebat,
676 1137 704 1162 s.
727 1124 955 1171 Scripturae
978 1122 1185 1160 lectionem

232 1181 271 1218 in
292 1180 427 1229 lingua
448 1179 600 1228 vulgari
624 1178 937 1220 commendabat,
954 1180 992 1213 et
1009 1174 1186 1213 omnibus

234 1234 316 1271 sine
336 1245 454 1271 sexus
475 1235 545 1271 aut
565 1231 798 1269 conditionis
815 1230 1039 1268 discrimine
1071 1240 1186 1277 prae-

234 1287 440 1325 dicationis
481 1286 650 1323 officium
690 1284 972 1322 committebat.
1005 1283 1136 1324 Quum
1164 1293 1187 1318 a

234 1342 380 1379 Ioanne
400 1339 688 1389 archiepiscopo
710 1337 963 1386 Lugdunensi
984 1336 1187 1385 praedica-

233 1395 350 1432 tionis
373 1393 591 1431 ministerio
614 1394 744 1430 essent
766 1390 978 1437 interdicti,
1000 1392 1039 1428 et
1060 1390 1107 1427 ab
1128 1390 1189 1426 A·

232 1448 423 1486 lexandro
445 1448 514 1496 Pp.
538 1446 594 1484 III
617 1457 730 1484 usum
752 1457 801 1483 ss.
819 1444 1024 1482 Librorum
1053 1443 1090 1479 in
1112 1442 1188 1479 lin-

233 1514 352 1551 guam
375 1501 580 1550 vulgarem
604 1500 900 1544 translatorum,
923 1502 1040 1545 atque
1061 1495 1188 1533 facul-

234 1557 357 1593 tatem
388 1554 640 1603 praedicandi
661 1553 876 1600 impetrare
908 1551 1056 1588 frustra
1077 1561 1189 1586 cona-

232 1609 263 1646 ti
285 1611 427 1654 essent,
444 1608 483 1645 in
501 1607 649 1656 coeptis
666 1606 747 1644 suis
760 1606 1080 1655 perseverarunt,
1104 1615 1188 1640 con-

232 1663 456 1708 tendentes,
477 1660 780 1711 praedicationis
810 1658 979 1696 officium
1013 1657 1101 1702 sibi,
1123 1659 1187 1693 ut—

234 1719 325 1766 pote
355 1715 611 1765 apostolicam
650 1714 771 1751 vitam
803 1712 1069 1756 sectantibus,
1107 1721 1189 1747 esse

234 1769 448 1819 proprium.
466 1768 613 1807 Celebri
631 1766 923 1810 constitutione,
942 1777 964 1802 a
980 1764 1102 1802 Lucio
1118 1764 1189 1812 Pp.

236 1823 293 1861 III
314 1835 375 1861 an.
401 1823 501 1860 1184
522 1822 701 1860 Veronae
722 1820 987 1868 edita,'atque
1009 1831 1031 1856 a
1052 1818 1189 1856 Conci-

237 1877 288 1914 lio
318 1889 405 1926 gen.
436 1876 621 1914 Lateran.
644 1876 699 1913 IV
719 1887 783 1913 an.
809 1874 910 1912 1215
931 1870 1191 1910 excommuni-

239 1930 329 1977 cati,
349 1931 396 1967 ab
417 1930 591 1967 Ecclesia
613 1930 782 1967 schisma
802 1927 995 1972 fecerunt,
1015 1927 1055 1963 et
1069 1937 1191 1963 seces-

238 1986 373 2022 serunt
392 1983 429 2021 in
452 1983 708 2028 Occitaniam,
730 1981 1006 2031 ubidynastae
1028 1991 1093 2017 eos
1123 1991 1190 2016 ae-
1212 2019 1213 2026 χ

240 2049 313 2086 que
334 2049 379 2074 ac
400 2037 590 2075 Catharos
611 2036 700 2074 tuiti
723 2039 826 2073 sunt.

293 2090 409 2128 Brevi
424 2096 508 2138 post
523 2090 721 2128 schismati
737 2088 929 2131 haeresim
944 2087 1190 2130 addiderunt,

240 2146 281 2181 et
299 2144 443 2182 sensim
464 2144 503 2181 in
525 2143 666 2181 multos
687 2143 910 2180 inciderunt
930 2152 1096 2178 errores.
1128 2140 1191 2176 In-

240 2200 302 2235 ter
317 2198 396 2235 alia
411 2197 709 2234 contendebant:
728 2196 942 2234 Ecclesiam
961 2196 1192 2237 Romanam,

241 2263 290 2289 ex
310 2263 386 2301 quo
408 2254 583 2300 tempore
604 2251 707 2288 bona
736 2249 965 2298 temporalia
997 2248 1192 2297 possidere

242 2305 384 2354 coepit,
407 2316 479 2342 non
502 2304 670 2353 amplius
690 2315 773 2341 esse
796 2314 929 2340 veram
951 2301 1191 2352 Christi-Ec-

242 2358 427 2404 clesia1n3
459 2358 559 2395 lianc
589 2357 693 2406 apud
723 2369 762 2395 se
791 2357 916 2402 solos,
958 2358 1092 2404 utpote
1127 2353 1216 2401 quii

243 2411 389 2451 Christi
411 2413 450 2449 et
470 2411 747 2459 Apostolorum
771 2411 1041 2458 paupertatem
1063 2412 1102 2446 et
1130 2408 1195 2449 hu:

244 2466 452 2503 militatem
476 2465 605 2502 verbis
627 2466 666 2502 et
686 2463 874 2512 exemplis
898 2463 1193 2511 praedicarent,
1215 2462 1216 2494 ἶ

245 2520 478 2566 consistere3
501 2530 624 2567 neque
645 2518 870 2562 Pontifices,
901 2528 1024 2564 neque
1047 2515 1193 2565 episco-

245 2585 312 2623 pos
333 2575 404 2610 aut
424 2572 584 2610 clericos
606 2571 805 2620 possidere
828 2582 938 2619 posse
970 2570 1069 2606 bona
1091 2573 1192 2605 tem-

244 2627 409 2676 poralia,
429 2625 544 2664 feuda
562 2625 624 2662 vel
640 2625 811 2673 regalia3
829 2624 1027 2661 Christum
1049 2622 1194 2659 nullam

244 2680 462 2718 instituisse
483 2679 586 2717 inter
607 2679 742 2716 fideles
766 2676 1040 2721 hierarchiam,
1062 2675 1194 2724 proin-

1221 262 1426 307 defunctis,
1449 262 1730 310 Indulgentias,
1756 263 1991 301 Sanctorum
2017 273 2177 300 eorum-

1220 328 1293 364 que
1310 315 1566 364 reliquiarum
1583 315 1744 360 cultum,
1763 315 2071 353 ecclesiasticum
2092 327 2181 354 can-

1219 371 1326 416 tum,
1352 369 1473 414 ritus,
1496 368 1577 407 dies
1606 369 1749 416 festos,
1773 369 2024 407 ecclesiarum
2048 380 2181 417 usum,

1224 423 1304 460 alia
1325 422 1598 471 repudiabant.

1277 476 1404 517 Quum
1437 478 1569 513 autem
1598 475 1831 513 W'aldenses
1871 488 1947 514 non
1984 477 2033 516 ab
2066 473 2179 514 initio

1224 529 1428 567 docuerint
1448 541 1582 566 omnes
1611 528 1705 566 istos
1732 540 1908 574 errores,
1939 531 2008 569 sed
2036 529 2179 568 sensim

1224 583 1264 620 in
1286 596 1350 621 eos
1371 583 1469 631 lapsi
1489 582 1585 629 sint3
1608 594 1726 631 quum
1748 582 1865 619 etiam
1886 582 1990 621 inter
2019 595 2084 622 eos
2113 595 2178 620 es-

1226 702 1288 727 res
1320 690 1381 727 vel
1413 690 1545 739 plures
1565 701 1720 727 errores
1741 688 2020 738 profiterentur
2036 720 2046 736 ,
2076 690 2179 740 apud

1204 778 1206 789 ,
1225 743 1429 781 historicos
1451 743 1648 792 reperitur
1668 743 1860 792 quaedam
1873 744 2098 782 eorumdem
2115 755 2178 781 er-

1226 809 1358 834 rorum
1379 796 1565 834 confuslo.

1280 850 1329 888 Hi
1351 851 1521 893 sectarii,
1538 850 1601 899 qui
1620 862 1642 887 a
1663 849 1878 897 composita
1898 849 2121 894 humilitate
2138 852 2179 888 et

1206 906 1462 960 ipaupertate
1492 905 1704 953 Pauperes
1733 903 2050 952 Lugsdunenses,
2082 904 2178 941 Hu-

1228 956 1396 1004 milz'cztz‘,
1424 958 1471 994 ab
1506 958 1600 994 urbe
1631 956 1888 1005 Lugdunensi
1909 957 2138 1004 Leom'stae,
2159 969 2182 994 a

1229 1023 1370 1061 genere
1390 1011 1611 1048 calceorum
1631 1011 1848 1048 Sabbatatz·
1866 1012 1907 1048 et
1920 1011 2179 1048 Insabbatatz‘

1229 1065 1322 1103 dicti
1342 1067 1454 1111 sunt,
1476 1076 1516 1102 se
1539 1076 1606 1112 per
1629 1064 1799 1102 Galliam
1819 1064 2114 1102 meridionalem
2139 1065 2180 1101 et

1231 1119 1454 1156 adiacentes
1492 1117 1706 1166 Hispaniae
1733 1120 1850 1166 atque
1872 1117 2009 1155 Italiae
2048 1118 2179 1166 partes

1230 1172 1482 1210 diffuderunt.
1504 1172 1651 1209 Eorum
1673 1171 1935 1221 progressioni
1957 1170 2186 1219 profuerunt

1231 1226 1446 1263 multorum
1469 1225 1599 1272 animi,
1612 1225 1688 1262 iam
1707 1237 1777 1274 per
1794 1236 1915 1263 novos
1931 1224 2185 1262 Manichaeos

1232 1279 1270 1316 in
1291 1279 1374 1317 istis
1395 1279 1619 1327 regionibus
1641 1279 1689 1317 ab
1711 1278 1888 1317 Ecclesia
1903 1277 2098 1316 catholica
2113 1277 2184 1315 ab-

1233 1332 1391 1371 alienati
1406 1362 1415 1377 ,
1436 1331 1640 1381 divulgata
1668 1332 1716 1369 ab
1737 1332 1816 1370 illis
1842 1343 1871 1370 s.
1899 1332 2126 1381 Scripturae
2146 1331 2185 1368 in

1234 1388 1367 1435 lingua
1387 1385 1542 1434 vulgari
1563 1385 1692 1432 lectio,
1713 1385 1972 1435 dynastarum
2001 1397 2069 1422 seu
2099 1396 2184 1422 ma-

1232 1443 1397 1489 gnatum
1418 1439 1688 1488 patrocinium,
1720 1439 1996 1477 nonnullorum
2017 1438 2181 1476 clerico-

1232 1505 1318 1531 rum
1341 1493 1565 1530 inordinata
1587 1493 1670 1530 vita
1697 1491 1718 1530 ¹.

1286 1546 1356 1583 His
1385 1546 1590 1594 nequiores
1618 1546 1780 1584 fuerunt
1809 1547 2068 1594 Albiyenses,
2093 1556 2188 1594 quos

1233 1600 1392 1649 quidam
1413 1599 1624 1648 scriptores
1653 1611 1742 1637 cum
1774 1599 2056 1637 Waldensibus
2085 1598 2186 1636 male

1233 1653 1510 1699 confuderunt,
1527 1654 1706 1701 quamvis
1726 1652 1781 1690 illi
1802 1665 1890 1691 cum
1907 1653 1967 1691 his
1986 1652 2025 1690 in
2046 1652 2133 1690 odio
2150 1654 2190 1690 et

1232 1706 1501 1757 persecutione
1526 1707 1733 1756 ¹Ecclesiae
1771 1706 1990 1746 catholicae
2023 1716 2188 1743 concor-

1234 1762 1385 1798 darent.
1407 1760 1680 1809 Albigensium
1702 1760 1857 1798 nomine
1887 1760 2029 1810 passim
2055 1759 2190 1809 appel-

1234 1815 1304 1857 lati
1325 1817 1418 1853 sunt
1447 1814 1535 1851 novi
1563 1814 1619 1851 ilii
1644 1814 1887 1859 Manichaei,
1904 1812 2078 1860 Cathari,
2099 1812 2191 1850 alii-

1234 1880 1308 1917 que
1339 1868 1404 1916 qui
1436 1867 1593 1905 saeculo
1614 1868 1692 1905 XII
1714 1870 1753 1905 et
1774 1868 1871 1906 XIII
1900 1867 1939 1905 in
1961 1866 2091 1905 Gallia
2109 1866 2189 1903 cir-

1234 1934 1279 1959 ca
1309 1921 1506 1967 Tolosam,
1535 1922 1723 1967 Biterras,
1753 1921 2046 1966 Carcassonem,
2076 1918 2190 1958 Albi-

1235 1987 1337 2025 gam‚
1361 1974 1585 2013 Narbonem
1607 1975 1777 2023 grassati
1808 1978 1919 2019 sunt,
1941 1984 2184 2022 quorumque

1233 2041 1386 2067 errores
1406 2040 1525 2077 supra
1545 2028 1808 2066 indicavimus
1830 2027 1855 2065 ².
1878 2027 1979 2065 Dicti
2000 2030 2093 2064 sunt-
2111 2026 2185 2064 Al-

1234 2083 1412 2132 bigenses
1434 2081 1495 2119 vel
1516 2082 1563 2119 ab
1584 2082 1796 2129 Albigesio,
1817 2092 1893 2130 quo
1915 2080 2070 2118 nomine
2097 2091 2186 2117 ma-

1235 2136 1343 2173 xima
1373 2147 1462 2186 pars
1492 2135 1757 2173 Narbonensis
1787 2134 2014 2184 provinciae
2046 2132 2186 2171 venie-

1234 2191 1314 2233 bat,
1337 2189 1436 2237 quod
1459 2200 1593 2226 eorum
1617 2188 1729 2237 primi
1748 2193 1882 2226 coetus
1903 2187 1940 2225 in
1963 2199 2009 2226 ea
2027 2186 2188 2237 regione

1235 2241 1465 2280 coaluerint.
1488 2242 1555 2279 Isti
1586 2238 1741 2280 sectarii
1771 2242 1987 2280 Ecclesiam
2017 2239 2187 2279 catholi-

1235 2308 1321 2334 cam
1343 2295 1503 2344 eiusque
1525 2295 1771 2342 Pontificem,
1795 2296 1992 2346 episcopos
2011 2297 2051 2333 et
2071 2293 2188 2332 mini-

1235 2352 1336 2388 stros
1364 2349 1598 2398 turpissimis
1629 2349 1779 2398 probris
1809 2352 1849 2387 et
1878 2348 2064 2387 conviciis
2094 2359 2186 2396 pro-

1236 2403 1487 2448 scindebant,
1517 2407 1577 2446 et,
1609 2402 1832 2441 faventibus
1862 2403 1934 2441 sibi
1964 2401 2189 2446 comitibus,

1236 2456 1420 2495 ecclesias
1441 2456 1683 2505 expilabant,
1714 2456 1854 2494 calices
1883 2458 1923 2494 et
1952 2467 2048 2494 vasa
2077 2466 2191 2494 sacra

1236 2509 1544 2559 confringebant,
1558 2510 1720 2548 clericos
1732 2510 1892 2548 decimis
1901 2509 2090 2558 bonisque
2102 2519 2193 2557 spo-

1237 2565 1398 2609 liabant,
1419 2564 1517 2600 adeo
1539 2567 1582 2601 ut
1601 2565 1672 2601 sub
1693 2564 1843 2602 exitum
1861 2563 2008 2602 saeculi
2021 2562 2098 2601 XII
2111 2562 2193 2600 Re-

1217 2646 1218 2675 }
1238 2617 1328 2666 ligio
1345 2617 1383 2653 in
1405 2617 1488 2655 istis
1506 2617 1730 2666 regionibus
1747 2629 1841 2668 pene
1861 2616 2044 2665 collapsa,
2060 2617 2099 2654 et
2116 2627 2193 2664 pax

1217 2682 1219 2687 ·
1238 2671 1395 2720 publica
1419 2671 1653 2709 tumultibus
1674 2675 1791 2720 atque
1813 2670 2049 2709 facinoribus
2081 2671 2192 2707 atro-

245 2734 292 2771 de
313 2733 503 2779 omnibus,
523 2732 696 2771 sandalia
725 2730 937 2780 apostolica
967 2729 1196 2778 gerentibus
1218 2747 1219 2768 i
1239 2725 1348 2762 cibus
1371 2725 1600 2773 perturbata
1620 2728 1723 2762 esset
1740 2723 1767 2762 ³.

246 2787 335 2825 etin
353 2789 457 2824 statu
476 2786 627 2835 gratiae
644 2785 882 2829 constitutis,
898 2784 1014 2821 licere
1032 2784 1197 2820 verbum

245 2840 421 2877 divinum
437 2841 673 2889 praedicare,
688 2852 710 2877 a
723 2838 891 2889 peccatis
904 2836 1197 2882 absolvere,Eu-

246 2894 471 2932 charistiam
493 2905 725 2933 consecrare
741 2907 749 2938 ;
766 2893 1108 2931 sacramentorum
1131 2902 1196 2926 va-
1220 2901 1221 2931 i

246 2948 366 2985 lorem
388 2948 559 2997 pendere
576 2961 599 2986 a
616 2947 809 2997 probitate
829 2945 1109 2989 ministrorum,
1129 2944 1199 2980 En-

247 3001 472 3038 charistiam
492 3002 630 3039 confici
650 3013 722 3038 non
741 3001 778 3037 in
798 3011 915 3037 manu
934 2997 1093 3046 indigne
1111 3009 1199 3034 con-

250 3055 438 3092 secrantis
455 3085 466 3100 ,
489 3056 551 3093 scd
575 3056 611 3093 in
633 3067 699 3092 ore
721 3054 837 3104 digne
868 3051 1076 3096 sumentis;
1105 3063 1200 3100 poc-

296 3184 300 3203 ¹
323 3184 468 3223 naynaid.
491 3185 547 3215 ior.
565 3185 628 3221 ‹.·ii.;
647 3183 800 3221 Michaud,
820 3182 893 3215 Ili-vl.
912 3181 965 3213 ‹les-
981 3179 1149 3213 croisades.

1293 2778 1374 2815 Iain
1396 2778 1488 2815 alibi
1507 2778 1676 2817 diximus
1693 2778 1739 2816 de
1757 2776 1976 2816 rationibus
1991 2787 2091 2825 quae
2102 2805 2111 2823 ,
2126 2786 2196 2825 pro

1284 2931 1292 2952 ¹
1311 2933 1459 2963 Roinerus
1482 2930 1682 2967 Sacchonius,
1702 2929 1732 2962 L.
1745 2931 1859 2961 contra
1879 2926 2075 2965 Waldenses,
2092 2928 2121 2959 in
2139 2927 2194 2960 Bi-

1221 2971 1222 3005 i
1242 2973 1350 3004 hlium.
1370 2973 1429 3005 ΡΙ).
1446 2973 1588 3011 Lugdun.
1615 2975 1632 3001 1.
1653 2972 1745 3009 XXV,
1772 2971 1868 3002 Natat.
1895 2969 2042 3002 Alexand.
2065 2970 2096 3001 iu
2114 2978 2196 3002 saec.

1221 3017 1223 3048 ’ῑ
1244 3017 1315 3049 ΧΗ,
1338 3026 1363 3047 r.
1382 3014 1415 3050 11:
1434 3015 1575 3048 Rossuei,
1594 3013 1672 3045 His-t.
1692 3012 1744 3044 des
1762 3013 1876 3044 variat.
1895 3015 1912 3043 t.
1930 3012 1977 3047 Χῐς
1996 3012 2198 3048 Charvasius.

1222 3054 1223 3093 ἶ
1244 3056 1440 3088 [zachei-elios
1467 3055 1659 3095 historiques
1685 3063 1742 3085 sur
1770 3054 1800 3085 la
1823 3053 1975 3086 veritalile
1999 3052 2195 3094 oriyinedes

1222 3105 1223 3109 ¹
1250 3098 1385 3130 Vaudoi's
1398 3102 1427 3129 et
1443 3107 1500 3129 sur
1514 3098 1542 3128 le
1554 3095 1716 3129 caractere
1735 3096 1773 3127 de
1790 3096 1876 3128 leurs
1892 3094 2056 3128 ‹Ioctrines
2070 3094 2191 3136 primi-

1223 3151 1225 3167 ι
1249 3141 1334 3177 lives,
1354 3141 1439 3171 Paris
1460 3138 1545 3172 1836.

1289 3183 1302 3202 '⁶'-
1320 3182 1382 3213 vid.
1401 3192 1428 3222 p.
1446 3181 1493 3212 42.
1509 3198 1546 3203 —-
1560 3181 1573 3200 ³³
1593 3179 1657 3211 Vid.
1676 3189 1704 3219 p.
1721 3178 1769 3211 43.
