2241 3473
662 219 786 250 VSQVE
814 220 865 247 AD
894 218 1062 246 SCHISMA
1091 219 1318 246 OCCIDENTIS

26 284 258 325 Pontificum
278 285 316 322 et
334 283 588 322 Conciliorum
609 285 805 322 sentent-ia
825 283 958 321 defini-

1810 210 1878 248 101

999 283 1148 321 stiaein
1168 296 1304 333 azymo
1333 295 1458 333 aeque
1492 296 1537 323 ac
1559 283 1792 323 fermentato
1813 296 1935 333 pane,

26 343 131 385 tum,
158 339 197 376 in
225 337 544 387 disceptationem
575 348 783 382 revocare3
807 336 959 373 unionis
1002 336 1359 375 deR.Pontificisin
1376 349 1506 375 omnes
1520 338 1660 387 ubique
1673 337 1936 387 ecclesiaspri-

28 391 221 442 negotium
239 391 275 428 in
293 390 454 427 concilio
473 390 718 440 Lugdunensi
733 389 850 427 fuisse
863 401 962 426 com·
1004 393 1125 436 rnatu,
1146 389 1354 438 professus,
1374 389 1534 428 solemni
1555 392 1666 428 modo
1692 392 1731 429 in
1760 402 1936 429 commu-

26 445 219 494 positum,
259 455 478 492 noxumque
517 443 719 481 concilium
754 442 961 491 generale,

1004 442 1154 480 nionem
1172 443 1369 481 Ecclesiae
1399 445 1575 493 receptus
1595 443 1677 482 fuit.
1699 445 1847 482 Verum
1867 443 1938 481 Ur-

27 497 211 547 spectatis
238 498 455 546 temporum
483 495 795 541 circumstantiis,
817 506 963 532 convo·
1003 495 1124 533 banus
1157 495 1192 532 V
1222 496 1380 544 eiusque
1419 508 1621 535 successor
1651 498 1863 545 Gregorius
1882 496 1939 534 XI

27 550 106 588 cari
140 561 215 588 non
244 562 383 610 posse;
413 550 682 599 imperatorem
713 551 751 586 et
770 548 962 597 praelatos
1002 559 1204 597 perperam
1242 549 1467 586 excitaiunt
1497 549 1698 599 principes
1719 551 1940 600 Europaeos

28 603 208 648 Graecos,
228 604 259 641 si
280 615 378 652 quae
397 603 468 640 sibi
489 602 605 640 dubia
624 604 894 650 superessent,
915 601 965 637 le·
1005 602 1053 638 ad
1071 601 1231 638 ferenda
1247 601 1404 640 Graecis
1421 602 1579 641 auxilia.

29 660 139 705 gatos
151 657 307 694 mittere
320 667 439 706 posse,
449 658 491 693 ut
501 654 651 704 plenius
662 655 963 700 instruerentur3
982 681 985 703 ἰ

1055 653 1195 691 Iisdem
1221 655 1461 704 temporibus
1476 656 1599 694 Lasco
1620 656 1702 694 dux
1721 656 1939 695 Moldaviae

29 721 70 746 se
86 721 193 754 vero,
206 710 346 747 unione
362 709 741 752 inita,laboraturum
758 718 824 755 pro
837 706 962 744 feren·
982 708 985 737 l
1005 706 1196 756 multique
1224 707 1287 744 alii
1316 709 1399 745 tum
1429 708 1469 745 in
1490 708 1686 747 Moldavia
1706 712 1786 747 tum
1806 710 1845 747 in
1864 709 1939 746 Bo-

30 763 89 800 dis
108 762 264 800 auxiliis
284 765 420 800 contra
439 761 657 798 Turcarum
686 760 862 810 impetus.
884 759 963 797 Ve-

31 827 118 853 rum
155 816 251 853 nihil
289 815 469 853 effectum
499 818 558 851 est
578 827 587 859 3
617 813 786 850 solemne
823 813 963 861 quippe

32 872 116 906 erat
135 868 312 915 Graecis,
334 872 378 906 ut
397 869 434 905 in
455 867 645 916 angustiis
664 865 791 915 positi,
814 865 965 902 unionis

31 922 159 970 specie
179 921 325 959 auxilia
346 920 621 966 mendicarent,
633 930 800 968 moxque
813 920 858 956 ad
877 918 964 956 odia

32 975 69 1012 in
92 975 248 1012 Latinos
268 977 307 1012 et
325 974 372 1012 ad
394 976 545 1011 veteres
564 984 716 1011 errores
737 972 917 1010 redirent.

85 1029 200 1066 Anno
222 1028 320 1066 1341
342 1027 561 1065 Andronico
582 1026 638 1064 III
659 1026 844 1063 successit
859 1025 966 1063 Ioan-

32 1091 99 1118 nes
127 1080 402 1130 Palaeologus,
423 1079 525 1117 filius
553 1079 635 1117 eius
664 1079 874 1125 novennis,
895 1078 965 1116 sub

30 1134 156 1172 tutela
176 1134 331 1172 Ioannis
358 1132 633 1178 Cantacuzeni,
652 1132 716 1181 qui
743 1131 856 1181 paulo
883 1132 968 1180 post

32 1198 110 1224 una
128 1199 217 1225 cum
237 1199 282 1224 eo
312 1186 462 1235 imperii
490 1185 658 1235 insignia
686 1185 860 1234 sumpsit.
881 1184 966 1222 Cle-

31 1251 139 1278 mens
158 1240 228 1290 Pp.
248 1239 303 1278 VI
324 1240 372 1277 ad
394 1243 601 1288 utrumque
629 1239 905 1287 imperatorem
927 1239 966 1274 et

32 1294 81 1330 ad
96 1292 290 1342 praesules
305 1293 471 1330 Graecos
487 1292 695 1331 destinavit
713 1291 861 1341 legatos
880 1302 965 1329 cum

34 1346 195 1393 litteris,
215 1348 257 1384 ut
283 1345 368 1384 illos
399 1346 446 1383 ad
475 1346 664 1384 unitatem
684 1344 880 1382 Ecclesiae
906 1355 967 1382 re-

35 1404 194 1437 vocaret
208 1429 218 1447 ‚
239 1410 356 1448 quam
377 1399 406 1437 si
421 1411 469 1437 ex
486 1399 615 1437 animo
634 1399 892 1448 susciperent,
915 1397 970 1434 eis

34 1453 230 1502 suppetias
267 1453 452 1490 adversus
481 1453 630 1490 Turcas
661 1452 852 1501 promisit.
891 1451 969 1488 Re-

35 1506 190 1556 spondit
210 1517 301 1544 vero
323 1505 636 1552 Cantacuzenus,
656 1506 694 1542 id
715 1504 797 1542 sine
820 1504 969 1542 utrius-

35 1571 110 1608 que
130 1558 328 1597 Ecclesiae
349 1559 512 1597 concilio
532 1559 630 1596 effici
653 1571 727 1596 non
749 1570 868 1607 posse.
884 1558 969 1595 An-

35 1624 84 1650 no
105 1611 207 1650 1355
226 1612 390 1650 Ioannes
412 1611 682 1661 Palaeologus,
701 1612 850 1649 deiecto
871 1611 971 1648 Can-

36 1668 222 1703 tacuzeno
244 1663 269 1713 ¹,
289 1665 392 1703 solus
411 1665 570 1714 imperio
586 1664 745 1714 potitus,
761 1667 804 1702 ut
822 1676 861 1702 se
882 1675 969 1701 con-

36 1720 100 1756 tra
119 1718 285 1764 Turcas,
306 1730 329 1756 a
348 1718 487 1767 quibus
507 1720 651 1756 tetrum
681 1717 824 1755 bellum
854 1717 971 1755 susti—

38 1771 165 1818 nebat,
185 1774 398 1817 tutaretur,
419 1772 467 1809 ad
486 1771 752 1809 Innocentium
769 1771 839 1820 Pp.
850 1771 906 1809 VI
921 1770 972 1807 le-

38 1826 148 1873 gatos
172 1825 301 1872 misit,
322 1824 358 1862 ei
386 1825 541 1873 eiusque
570 1825 852 1862 successoribus
881 1824 972 1860 obe-

39 1877 225 1915 dientiam
243 1889 287 1915 ac
307 1878 569 1916 reverentiam
591 1877 785 1927 professus
806 1878 874 1923 est,
892 1887 974 1925 pro-

39 1930 231 1980 misitque,
251 1942 290 1968 se
309 1932 478 1969 Graecos
498 1943 521 1968 a
540 1931 745 1969 schismate
765 1933 972 1968 revocatu-

41 1995 129 2022 rum
144 1991 183 2021 et
198 1983 274 2021 alia
289 1984 336 2022 ad
353 1984 652 2033 componendam
672 1984 854 2021 unionem
869 1994 976 2032 prae-

40 2037 240 2083 stiturum,
259 2038 289 2075 si
311 2036 493 2075 Pontifex
513 2037 548 2075 ei
567 2037 757 2076 auxilium
786 2037 974 2074 adversus

45 2090 194 2128 Turcas
213 2091 429 2139 praeberet.
439 2091 689 2129 Innocentius
709 2090 778 2140 Pp.
798 2090 972 2139 impera-

42 2144 117 2181 tori
137 2143 243 2192 pium
259 2143 459 2181 consilium
475 2144 708 2193 gratulatus,
720 2144 976 2189 B.Thomam‚

43 2196 197 2234 Ordinis
212 2196 518 2244 Carmelitarum,
531 2197 898 2246 Constantinopolim
919 2196 977 2234 le-

45 2248 175 2298 gavit,
203 2260 314 2298 quem
339 2250 550 2299 imperator
577 2250 786 2288 honorifice
815 2250 977 2298 excepit.

49 2302 126 2340 Sed
146 2314 233 2340 cum
253 2303 434 2341 Pontifex
451 2304 578 2342 nullas
597 2304 726 2353 copias
745 2303 794 2341 ad
810 2303 979 2341 Graeco-

49 2366 135 2392 rum
155 2355 343 2393 auxilium
363 2368 386 2394 a
410 2357 645 2406 principibus
665 2357 884 2395 Occidentis
903 2356 980 2394 im-

49 2411 205 2458 petrare
223 2411 364 2457 posset,
382 2420 443 2447 res
461 2409 606 2448 infecta
625 2409 778 2448 mansit.

101 2461 181 2499 Sub
196 2461 353 2499 Urbano
367 2462 438 2512 Pp.
453 2462 503 2509 V,
519 2475 737 2501 successore
753 2461 982 2508 Innocentii,

51 2514 153 2552 idem
187 2515 385 2564 negotium
422 2519 660 2565 resumptum
698 2515 786 2554 fuit.
821 2517 983 2554 Ioannes

51 2567 310 2617 Palaeologus
345 2568 512 2617 undique
545 2581 567 2606 a
594 2570 732 2607 Turcis
760 2568 978 2617 impetitus,

51 2620 310 2670 patriarcham
327 2620 391 2670 Cp.
411 2626 449 2659 et
465 2622 611 2670 aliquot
626 2634 804 2670 proceres
819 2622 867 2659 ad
888 2623 984 2659 Pon-

52 2673 195 2712 tificem
216 2673 376 2723 legavit,
392 2674 458 2722 qui
473 2687 541 2712 suo
557 2675 708 2713 nomine
724 2676 771 2713 R.
788 2674 984 2712 Ecclesiae

53 2727 276 2775 obsequium
292 2728 535 2776 sponderent,
551 2731 591 2765 et
609 2728 754 2765 auxilia
774 2730 908 2765 contra
923 2728 987 2765 ho-

55 2782 133 2818 stes
152 2783 341 2830 peterent.
353 2780 476 2818 Paulo
496 2784 583 2829 post
602 2780 758 2831 (1369)
778 2781 987 2829 imperator

56 2833 138 2882 ipse
166 2833 357 2881 Romam,
379 2833 443 2871 ubi
473 2836 565 2871 tunc
585 2834 726 2882 agebat
741 2834 924 2872 Urbanus
940 2834 988 2879 V,

57 2885 175 2932 venit,
186 2887 314 2936 ibique
330 2886 471 2924 secund
478 2898 541 2924 um
556 2886 832 2935 praescriptam
847 2886 990 2924 formu-

57 2937 134 2976 lam
164 2939 331 2978 schisma
352 2940 535 2986 eiuravit,
551 2943 590 2977 et
607 2938 722 2976 fidem
739 2939 968 2977 catholicam

57 2992 287 3040 praesertim
304 2993 351 3031 de
365 2993 608 3042 processione
629 2992 843 3041 SpiritusS.
856 3003 904 3030 ex
916 2991 991 3029 Pa-

58 3046 119 3082 tre
145 3047 185 3083 et
203 3044 302 3084 Filio
316 3075 325 3093 ,
345 3047 392 3084 de
411 3044 699 3084 consecratione
718 3045 788 3084 SS.
810 3045 992 3082 Euchari-

101 3147 112 3169 ¹
140 3148 161 3179 1.
176 3149 405 3180 caniacuzenus
433 3156 603 3189 purpuram
620 3156 687 3179 cum
699 3148 872 3180 monastico
888 3149 993 3182 habitu

62 3191 268 3228 commutavit,
293 3195 322 3221 et
348 3194 470 3229 praeter
495 3190 555 3221 alia
582 3190 706 3228 scripsit
730 3190 880 3221 Historiae
897 3190 993 3223 libros

63 3234 194 3270 quatuor
209 3231 248 3261 ab
265 3240 313 3262 an.
332 3231 410 3262 1310
435 3240 530 3271 usque
553 3231 591 3262 ad
617 3230 705 3268 1354,
728 3238 841 3272 graece
857 3235 885 3263 ct
900 3232 993 3264 latine

63 3272 161 3303 editos
177 3273 301 3303 Parisiis
318 3272 407 3309 1613,
421 3273 522 3304 in-sol.

1004 759 1088 797 snia
1099 764 1137 796 et
1150 760 1188 796 in
1200 759 1294 797 locis
1308 760 1494 807 finitimis,
1511 773 1626 810 opera
1637 762 1714 800 FF.
1730 763 1940 807 Minorum,

1005 824 1026 849 a
1046 812 1251 850 schismate
1280 814 1327 851 ad
1358 814 1548 852 unitatem
1574 815 1772 854 Ecclesiae
1792 816 1938 853 leducti

1006 864 1173 903 fuerunt.
1196 867 1239 904 In
1255 866 1445 905 Valachia
1460 867 1586 913 Clara,
1607 868 1817 907 Alexandri
1835 869 1940 919 prin-

1005 918 1099 967 cipis
1128 919 1266 965 vidua,
1293 920 1522 958 catholicam
1551 922 1859 959 communionem
1888 933 1949 959 se-

1006 973 1198 1019 etabatur,
1214 972 1412 1022 filiamque
1432 985 1554 1020 suam,
1571 985 1668 1026 quae
1684 975 1943 1024 Bulgarmum

1008 1025 1088 1073 regi
1107 1029 1304 1075 nupserat,
1318 1028 1365 1064 ad
1382 1027 1558 1065 eamdem
1578 1028 1790 1075 revocavit,
1806 1040 1882 1077 qua
1897 1028 1943 1065 de

1007 1090 1047 1115 re
1060 1078 1284 1117 UrbanusV
1295 1079 1329 1116 ei
1342 1080 1619 1129 gratulatorias
1629 1081 1779 1119 litteras
1794 1081 1946 1130 scripsit

1007 1131 1270 1180 suasitque,ut
1289 1132 1452 1171 alteram
1473 1145 1580 1172 suam
1602 1133 1736 1181 filiam,
1748 1146 1850 1183 regis
1861 1134 1950 1171 Ser·

1008 1184 1159 1222 viorum
1189 1185 1391 1235 coniugem
1409 1216 1418 1233 ,
1444 1188 1490 1225 ad
1529 1185 1721 1225 unitatem
1750 1187 1946 1225 Ecclesiae

1007 1237 1223 1276 reduceret.
1253 1239 1358 1277 Idem
1387 1239 1572 1278 Pontifex
1604 1240 1797 1278 iuniorem
1826 1240 1946 1278 Ladi-

1009 1290 1145 1337 slaum,
1158 1291 1369 1330 Valachiae
1388 1293 1614 1343 principem,
1625 1294 1673 1331 ad
1688 1294 1944 1332 abiiciendum

1009 1344 1156 1382 schima
1175 1345 1352 1383 hortatus
1371 1350 1429 1384 est
1449 1345 1472 1385 ¹.

1061 1398 1124 1436 77.
1142 1399 1451 1438 Palamz'tarum
1470 1400 1802 1438 secta—Interim
1823 1400 1944 1437 Grae-

1010 1462 1143 1489 corum
1164 1463 1227 1490 res
1246 1463 1382 1491 sacrae
1398 1465 1443 1491 ac
1459 1453 1593 1491 civiles
1608 1454 1733 1503 magis
1747 1453 1946 1503 magisque

1012 1505 1352 1554 perturbabantur.
1373 1507 1456 1545 Iam
1484 1510 1574 1545 ante
1603 1507 1805 1545 dimidium
1833 1506 1946 1544 huius

1011 1558 1158 1596 saeculi
1180 1562 1318 1597 exorta
1346 1563 1406 1598 est
1425 1561 1527 1610 apud
1546 1560 1632 1598 illos
1651 1560 1812 1598 celebris
1829 1559 1948 1597 factio

1013 1611 1315 1660 Palamitarum,
1341 1613 1404 1662 qui
1432 1613 1722 1651 insanissimum
1750 1612 1948 1662 mysticis-

1013 1676 1120 1702 mum
1141 1668 1332 1704 sectantes
1345 1696 1354 1713 ,
1375 1666 1415 1703 in
1434 1667 1529 1704 locis
1555 1667 1695 1705 abditis
1713 1666 1948 1713 immobiles,

1014 1718 1209 1767 oculisque
1235 1719 1275 1757 in
1297 1720 1525 1758 umbilicum
1545 1720 1667 1758 veluti
1686 1720 1726 1757 in
1746 1719 1865 1757 animi
1884 1731 1949 1757 se-

1014 1771 1100 1809 dem
1122 1772 1301 1810 continuo
1322 1773 1459 1811 defixis
1472 1803 1481 1820 ,
1501 1775 1541 1811 et
1558 1773 1695 1822 spiritu
1714 1773 1829 1811 anxie
1856 1784 1950 1822 sup-

1014 1836 1143 1874 presso
1161 1826 1423 1874 precabantur
1438 1856 1447 1872 ,
1467 1839 1543 1876 qua
1561 1827 1712 1864 ratione
1731 1839 1771 1865 se
1792 1826 1840 1864 ad
1859 1838 1951 1864 sen-

1013 1879 1161 1916 sualem
1174 1879 1296 1916 divini
1312 1879 1469 1918 luminis
1489 1879 1737 1918 intuitionem
1752 1879 1954 1929 pervenire

1014 1934 1053 1969 et
1085 1931 1270 1970 ineffabili
1303 1933 1505 1982 voluptate
1537 1933 1717 1982 perfundi
1752 1934 1954 1979 dicebant3

1014 1984 1188 2033 illudque
1209 1985 1339 2023 lumen
1354 1998 1437 2024 esse
1453 1986 1672 2024 increatum
1688 1988 1727 2024 et
1743 1985 1867 2024 simile
1882 1985 1953 2030 illi,

1015 2049 1088 2086 quo
1109 2038 1285 2076 Christus
1305 2040 1345 2076 in
1367 2042 1496 2078 monte
1515 2040 1672 2077 Thabor
1698 2038 1953 2078 circumfusus

1017 2092 1219 2139 apparuit,
1240 2093 1533 2131 contendebant.
1555 2094 1712 2131 Absona
1730 2094 1826 2131 haec
1846 2103 1954 2129 com-

1017 2147 1149 2182 menta
1186 2146 1416 2184 nominatim
1453 2146 1736 2195 profitebantur
1778 2144 1955 2183 monachi

1018 2197 1161 2235 montis
1193 2199 1316 2237 Athos
1355 2211 1470 2248 prope
1499 2199 1814 2238 Thessalonicam
1827 2228 1836 2245 ,
1864 2197 1958 2236 dicti

1021 2251 1238 2289 Palamitae
1258 2264 1281 2290 a
1298 2254 1511 2302 praecipuo
1536 2265 1606 2291 suo
1625 2255 1788 2303 patrono
1817 2253 1856 2289 et
1883 2251 1955 2288 de-

1019 2303 1172 2341 fensore
1203 2305 1390 2354 Gregorio
1411 2305 1615 2353 Palamas,
1636 2307 1731 2344 item
1752 2304 1956 2354 Hesycha-

1021 2360 1102 2395 stae
1122 2368 1192 2396 seu
1212 2358 1425 2400 Quietistae
1445 2371 1468 2397 a
1487 2359 1637 2408 quiete,
1658 2359 1718 2396 cui
1739 2358 1958 2396 studebant.

1021 2410 1111 2448 Illos
1130 2412 1336 2461 praecipue
1363 2413 1602 2462 oppugnavit
1620 2412 1801 2450 Barlaam
1821 2421 1958 2448 mona-

1022 2463 1114 2501 chus
1134 2475 1298 2513 graecus
1312 2495 1321 2512 ,
1342 2477 1362 2503 e
1383 2465 1563 2503 Calabria
1583 2466 1770 2503 oriundus
1801 2466 1840 2501 et
1867 2466 1960 2500 tunc

1022 2517 1323 2556 Thessalonicae
1352 2530 1604 2556 commorans.
1623 2519 1681 2556 Re
1703 2518 1750 2555 ad
1778 2517 1960 2554 Ioannem

1022 2571 1287 2619 patriarcham
1306 2572 1371 2621 Cp.
1389 2572 1530 2618 delata,
1547 2583 1606 2609 an.
1627 2571 1723 2608 1341
1745 2569 1961 2607 Constanti-

1024 2623 1172 2673 nopoli,
1192 2624 1426 2674 imperatore
1456 2625 1723 2663 Cantacuzeno
1751 2622 1962 2669 multisque

1025 2678 1250 2726 proceribus
1288 2678 1557 2727 praesentibus
1570 2708 1579 2725 ,
1621 2676 1790 2725 synodus
1826 2675 1960 2712 habita

1026 2733 1094 2779 est,
1110 2731 1150 2768 in
1165 2742 1240 2779 qua
1258 2728 1440 2768 Palamas
1461 2731 1624 2768 absonas
1643 2741 1732 2767 suas
1752 2727 1963 2765 sententias

1025 2784 1082 2822 ita
1101 2782 1293 2830 defendit,
1315 2788 1359 2821 ut
1376 2782 1558 2821 Barlaam
1579 2783 1627 2820 ad
1656 2781 1859 2831 petendam
1888 2793 1960 2818 ve-

1028 2838 1132 2875 niam
1148 2836 1272 2875 fuerit
1286 2836 1521 2885 compulsus.
1540 2836 1599 2873 Ex
1614 2835 1686 2872 hoc
1699 2839 1874 2883 tempore
1891 2835 1964 2872 Pa-

1027 2891 1252 2928 lamitarum
1279 2901 1463 2926 numerus
1489 2889 1698 2938 plurimum
1729 2890 1863 2925 auctus
1894 2890 1965 2933 est,

978 2969 988 2986 ,
1029 2946 1068 2982 et
1106 2943 1234 2982 acrius
1262 2943 1364 2979 inter
1391 2953 1456 2979 eos
1483 2952 1693 2989 eorumque
1722 2940 1966 2978 adversarios

1030 2998 1299 3045 disceptatum.
1319 2996 1391 3032 An.
1415 2994 1514 3032 1350
1534 2995 1572 3031 in
1601 2995 1725 3031 altera
1750 2993 1966 3031 multorum

1029 3051 1296 3099 episcoporum
1312 3048 1461 3095 synodo
1476 3048 1582 3096 Cpna
1593 3047 1789 3094 Palamas,
1802 3047 1879 3084 iam
1901 3057 1970 3083 ar-

1031 3102 1297 3151 chiepiscopus
1315 3100 1669 3139 Thessalonicensis
1682 3130 1692 3148 ,
1710 3101 1765 3139 ita
1786 3100 1970 3150 disputa-

1077 3237 1083 3254 ¹
1102 3235 1182 3265 loan.
1200 3233 1402 3263 Cantacuzen.
1417 3231 1497 3263 Htst.
1513 3231 1533 3263 1.
1552 3233 1597 3271 lv,
1612 3241 1637 3263 c.
1650 3231 1846 3271 9;Rayna1d.
1860 3231 1899 3262 ad
1920 3240 1968 3263 an.

1035 3273 1344 3313 1339-137033a1ut.
1365 3271 1451 3306 Vitae
1468 3272 1584 3313 Pontis.
1601 3273 1754 3305 Avenion.
1775 3277 1795 3304 t.
1814 3274 1831 3304 l.
