2241 3473
256 133 308 172 20

674 136 833 164 EPOCHA
861 134 929 160 V11.
963 132 990 158 A
1017 128 1287 158 PONTIFICATV
1316 127 1347 154 S.
1379 127 1574 155 GREGORH
1604 127 1662 154 vn

206 211 330 248 manis
350 208 511 253 deiecto,
535 204 748 251 advocatus
767 200 807 238 in
827 196 1077 236 Germaniam
1098 196 1147 233 ad
1194 194 1374 244 episcopi.
1395 195 1564 234 Extatin
1575 197 1676 234 hanc
1694 209 1776 236 rem
1788 197 1952 246 epistola
1971 197 2142 235 Pascha-

206 261 486 301 conciliandam
516 255 768 295 ecclesiarum
799 255 840 289 et
866 251 974 299 regni
1002 260 1149 298 pacem,

209 317 264 354 uti
287 314 399 363 paulo
410 314 496 362 post
508 309 649 347 dicturi
660 306 941 350 sumus,Roma
958 301 1152 351 profectus

206 373 274 407 est.
285 365 524 408 Guastallae,
534 362 571 399 in
584 358 870 410 Longobardia,
885 355 1053 394 an.1106
1065 365 1153 391 cum

207 420 339 460 multis
355 416 543 467 episcopis
562 418 602 452 et
617 412 780 459 clericis,
801 411 907 449 ultra
927 412 966 446 et
986 409 1157 445 cis-mon-

207 473 323 518 tanis,
339 470 532 520 synodum
553 467 709 512 habuit,
730 466 767 503 in
788 476 867 514 qua
894 463 941 501 de
969 460 1156 510 episcopis

208 530 247 565 et
275 525 423 563 clericis
443 527 556 559 extra
585 518 895 558 communionem
926 514 1157 552 catholicam

209 578 412 622 ordinatis,
429 575 564 624 quales
587 573 699 611 multi
719 574 834 610 erant
848 571 886 608 in
907 581 1029 618 regno
1049 567 1157 604 Teu-

209 631 351 677 tonico,
371 628 629 667 constitutum
649 629 719 673 est,
751 627 793 662 ut
821 622 987 673 episcopi
1015 620 1158 669 aliique

210 683 343 722 clerici
362 683 402 720 in
424 682 633 720 schismate
663 678 843 724 ordinati,
871 676 984 714 modo
1005 686 1081 711 non
1106 685 1157 711 es-

210 740 295 776 sent
313 737 527 780 invasores,
548 733 750 772 simoniaci
771 734 841 769 aut
867 727 1076 774 criminosi,
1092 726 1159 764 sed

211 789 293 828 vita
314 793 353 827 et
369 789 532 827 scientia
549 784 857 829 commendandi,
877 784 913 820 in
934 781 1067 820 officiis
1083 780 1160 818 suis

211 844 498 892 reciperentur3
517 846 555 879 et
567 842 614 879 ad
637 838 898 878 eliminandas
912 835 1100 873 simoniae
1122 839 1160 870 et

210 897 376 935 aliorum
404 895 601 932 malorum
630 905 769 931 causas
813 901 964 929 rursum
994 887 1161 925 investi-

211 954 325 988 turae
350 948 567 998 prohibitae
583 951 675 986 sunt
705 947 775 983 sub
798 955 918 994 poena
946 953 1164 980 excommu-

212 1002 415 1041 nicationis
440 1014 508 1051 pro
524 1001 646 1047 laicis,
668 1001 731 1048 qui
753 1012 817 1037 eas
846 998 994 1042 darent,
1025 999 1064 1032 et
1092 994 1162 1032 sub

214 1069 337 1106 poena
367 1055 618 1104 depositionis
648 1066 717 1103 pro
739 1051 902 1096 clericis,
931 1051 994 1099 qui
1017 1060 1083 1087 eas
1104 1059 1162 1085 ac·

212 1111 388 1160 ciperent
409 1108 434 1147 ¹.
458 1109 517 1146 Ex
540 1109 674 1146 eadem
696 1106 845 1155 synodo
865 1103 1049 1142 Pontifex
1077 1101 1160 1149 epi-

211 1164 352 1201 stolam
383 1162 536 1211 scripsit
557 1162 605 1199 ad
636 1160 797 1198 clericos
827 1162 866 1196 et
896 1157 1028 1195 fideles
1051 1154 1159 1204 regni

214 1216 432 1263 Teutonici,
461 1217 499 1253 in
520 1227 597 1265 qua
616 1213 865 1264 reprehendit
893 1211 1063 1261 rigorem
1092 1220 1160 1245 eo-

215 1283 313 1317 rum,
330 1270 393 1319 qui
411 1270 459 1307 ad
478 1269 655 1306 vitandos
671 1265 1027 1305 excommunicatos
1042 1274 1163 1312 regno

216 1325 435 1362 exeundum
475 1334 559 1361 esse
597 1322 802 1371 putabant,
831 1318 1084 1366 conceditque
1115 1315 1161 1353 ad

215 1377 525 1415 communionem
548 1375 702 1413 admitti
724 1384 833 1422 posse
854 1384 932 1417 eos,
952 1372 1019 1420 qui
1039 1369 1163 1415 inviti,

216 1431 298 1469 sive
319 1430 468 1469 servitii
489 1429 572 1467 sive
592 1425 889 1465 cohabitationis
919 1436 1050 1470 causa,
1079 1435 1166 1460 cum

216 1482 570 1522 excommunicatis
590 1480 943 1519 communicassent
962 1477 990 1516 ².

271 1539 382 1575 Anno
401 1537 501 1575 1107
524 1534 707 1573 Pontifex
728 1533 921 1583 synodum
937 1529 1168 1569 convocavit

216 1591 410 1637 Trecis,in
423 1589 614 1635 Gallia,in
630 1600 706 1637 qua
726 1587 839 1637 plura
860 1598 926 1635 pro
948 1589 1164 1634 temporum

217 1645 412 1683 adiunctis
432 1643 666 1692 corrigenda
686 1641 876 1685 correxit,
897 1642 936 1677 et
966 1638 1073 1676 novis
1096 1637 1166 1674 de-

217 1698 334 1737 cretis
363 1698 584 1736 libertatem
605 1707 808 1734 sacrarum
839 1692 1071 1731 electionum
1101 1702 1166 1728 se-

217 1753 386 1790 cundum
431 1752 673 1788 decessorum
703 1760 862 1786 suorum
893 1747 1100 1796 praecepta
1129 1747 1168 1781 et

219 1817 413 1844 canonum
433 1804 678 1854 praescripta
697 1801 869 1840 ecclesiis
879 1796 1166 1838 confirmavitss.

220 1864 331 1898 Anno
353 1858 455 1897 1108
484 1858 522 1894 in
554 1857 700 1906 synodo
721 1855 999 1894 Beneventana
1027 1852 1168 1890 consti-

221 1913 311 1959 tuit,
327 1915 370 1950 ut
386 1912 418 1950 si
434 1912 518 1961 quis
544 1910 810 1948 ecclesiastica
827 1906 1013 1945 beneficia
1029 1907 1075 1943 de
1096 1917 1171 1943 ma-

221 1979 272 2005 nu
286 1966 377 2004 laici
394 1965 601 2015 acciperet,
614 1967 789 2012 uterque,
801 1962 896 1999 dans
911 1963 950 1998 et
965 1959 1170 2008 accipienS,

222 2019 492 2058 communione
523 2019 757 2067 privaretur.
788 2014 951 2053 Biennio
979 2016 1086 2062 post,
1107 2024 1170 2062 sy—

221 2074 366 2113 nodum
381 2072 510 2122 coegit
525 2070 732 2116 Romae,in
744 2081 822 2118 qua
837 2070 1027 2106 statutum
1041 2069 1111 2112 est,
1128 2068 1170 2104 ut

223 2140 246 2166 «
265 2127 499 2177 quicumque
527 2124 759 2163 clericorum
797 2122 1066 2160 investituram
1102 2131 1170 2157 ec-

222 2181 365 2220 clesiae
383 2180 445 2217 vel
466 2177 749 2216 ecclesiasticae
765 2174 969 2225 dignitatis
989 2174 1033 2211 de
1054 2185 1170 2211 manu

222 2235 310 2273 laici
333 2233 538 2282 acceperit,
559 2235 598 2269 et
618 2231 683 2279 qui
705 2231 737 2267 ei
759 2240 915 2267 manum
933 2227 1171 2276 imposuerit,

223 2288 369 2338 gradus
389 2287 449 2325 sui
471 2285 640 2335 periculo
665 2284 864 2321 subiaceat
879 2282 920 2320 et
942 2281 1174 2319 communio-

224 2354 271 2379 ne
291 2342 482 2391 privetur,
500 2342 541 2377 ut
569 2339 599 2376 si
616 2339 702 2386 quis
716 2337 892 2386 princeps
903 2335 966 2373 vel
986 2334 1172 2372 aliuslai-

223 2408 290 2433 cus
302 2394 589 2443 dispositionem
601 2404 667 2429 seu
685 2390 931 2428 donationem
944 2400 1074 2427 rerum
1091 2388 1173 2426 sive

225 2448 511 2498 possessionum
527 2444 880 2484 ecclesiasticarum
911 2443 982 2480 sibi
1004 2442 1172 2479 vindica-

225 2503 339 2548 verit,
361 2504 403 2539 ut
437 2500 651 2548 sacrilegus
685 2497 900 2543 iudicetur3
920 2495 1050 2533 clerici
1079 2507 1172 2532 vero

226 2556 290 2593 vel
307 2554 502 2600 monachi,
532 2553 598 2602 qui
628 2564 694 2590 eas
717 2563 783 2600 per
812 2550 968 2587 illorum
998 2551 1171 2598 potesta-

225 2613 306 2647 tem
328 2607 589 2656 susceperint,
622 2603 1012 2643 excommunicationi
1041 2602 1172 2641 subia-

227 2665 359 2708 ceant,
382 2665 422 2698 ut
452 2661 686 2710 quicumque
707 2670 769 2696 res
791 2657 1066 2706 naufragorum
1088 2656 1174 2692 diri·

227 2717 351 2766 piunt,
363 2716 410 2752 ab
422 2714 608 2752 ecclesiae
624 2712 820 2751 liminibus
833 2711 1091 2749 excludantur
1106 2709 1119 2731 ⁴
1137 2722 1171 2747 ».

284 2769 342 2806 18.
373 2769 579 2806 Ecclesiae
607 2772 740 2805 status
769 2767 813 2803 in
847 2765 1172 2802 Germam'a—In

227 2822 436 2860 Germania
451 2821 602 2859 interca
619 2819 809 2858 Henricus
826 2818 879 2856 IV
900 2818 939 2855 in
965 2817 1173 2855 schismate

228 2880 268 2913 et
297 2874 504 2913 rebellione
538 2878 674 2913 contra
703 2873 919 2922 legitimum
942 2871 1171 2909 Pontificem

229 2929 424 2978 pertinax,
444 2929 643 2977 episcopos
662 2926 841 2964 Pontifici
857 2925 1079 2963 obedientes
1100 2936 1173 2961 ma-

228 2983 262 3020 le
284 2983 432 3029 habuit,
449 2982 614 3019 rebelles
635 2993 726 3019 vero
748 2979 929 3029 protexit.
944 2979 1050 3016 Inter
1071 2978 1173 3015 schi-

229 3036 363 3073 smatis
378 3036 462 3073 eius
480 3035 650 3073 fautores
673 3033 868 3084 praecipui
886 3032 1044 3070 fuerunt
1063 3032 1173 3069 Gau·
1194 3034 1196 3042 ¹

231 3090 350 3127 terius
379 3089 669 3127 Cameracensis
691 3091 729 3125 et
749 3087 932 3125 Otbcrtus
953 3085 1175 3124 Leodiensis

275 3172 282 3192 ¹
303 3173 414 3210 Lablw,
430 3174 504 3204 ibid.
522 3185 550 3213 p.
570 3173 636 3204 718.
652 3190 689 3196 —
702 3172 716 3194 ‘2
734 3172 806 3204 lbid.
825 3182 850 3211 p.
869 3171 937 3203 615.

274 3213 288 3236 3
302 3214 377 3246 ibid.
393 3225 422 3255 p.
439 3215 505 3247 751.
521 3234 558 3239 —-
573 3216 585 3238 ⁴
603 3215 676 3247 ibid.
691 3225 719 3255 p.
739 3214 807 3253 757,
824 3213 893 3245 762.

1194 248 1241 286 lis
1256 249 1292 286 II
1309 249 1354 285 ad
1371 249 1588 288 Robertum
1603 250 1784 289 comitem
1795 249 2142 298 Flandriae,quem

1195 302 1389 348 hortatur,
1400 303 1443 339 ut
1459 304 1783 351 quemadmodum
1804 305 1882 342 iam
1895 303 2043 341 fecerat
2057 314 2143 341 con-

1197 357 1261 392 tra
1285 355 1551 393 schismaticos
1572 357 1612 393 et
1630 357 1799 395 rebelles
1820 356 1981 395 clericos
2001 356 2144 395 Came-

1197 419 1390 455 racenses,
1406 409 1523 446 etiam
1541 412 1676 447 contra
1690 410 1925 448 Leodienses
1937 421 2047 447 arma
2057 422 2147 447 con-

1198 461 1333 507 ferret,
1353 464 1394 499 et
1412 464 1571 500 curaret
1592 465 1635 500 ut
1654 463 1718 511 qui
1738 464 1885 513 seipsos
1904 464 1951 501 ab
1967 463 2146 502 Ecclesia

1200 515 1393 552 catholica
1407 519 1681 565 segregarant,
1699 528 1767 565 per
1781 517 1990 555 catholicos
2007 517 2056 554 ab
2075 516 2144 554 Ec-

1200 567 1342 605 clesiae
1363 568 1558 606 beneficiis
1583 574 1884 618 segregarentur
1906 568 1930 608 ¹.
1952 570 1996 607 Id
2028 582 2146 618 quum

1200 621 1441 659 audivissent
1453 622 1699 669 Leodienses,
1710 622 2061 672 petulantissimam
2070 623 2148 673 epi-

1201 674 1341 712 stolam
1378 687 1447 712 seu
1491 675 1616 724 potius
1653 676 1977 714 declamationem
2009 678 2147 714 contra

1202 728 1434 766 Pontificem
1455 729 1665 767 ediderunt
1686 728 1711 766 ².

1254 781 1538 819 Verumtamen
1574 794 1636 820 res
1674 783 1832 820 Henrici
1874 782 1929 820 IV
1972 783 2148 820 mutatae

1202 837 1302 872 sunt.
1317 834 1652 876 Quemadmodum
1667 836 1706 873 in
1719 836 1834 874 Italia
1842 835 2040 875 Conradus
2048 833 2076 881 ³,
2093 835 2150 873 ita

1203 888 1240 925 in
1262 888 1474 926 Germania
1494 889 1685 927 Henricus
1707 893 1842 928 contra
1858 891 2008 939 patrem
2029 888 2150 926 rebel-

1203 940 1302 978 lavit
1323 953 1383 978 an.
1406 941 1519 979 1104.
1542 942 1736 980 Henricus
1755 943 1874 989 filius,
1894 942 2012 980 huius
2031 941 2150 979 nomi·

1206 994 1262 1031 nis
1283 994 1332 1040 V,
1344 995 1600 1033 condemnato
1617 996 1823 1034 schismate
1839 999 1878 1033 et
1890 995 2151 1033 obedientiam

1204 1049 1251 1085 R.
1263 1047 1442 1085 Pontifici
1460 1048 1668 1096 professus,
1679 1049 1882 1088 confestim
1894 1061 1916 1086 a
1928 1048 2152 1097 proceribus

1204 1101 1407 1146 Bavariae,
1429 1101 1662 1139 Germaniae
1675 1103 1897 1152 superioris,
1911 1100 2153 1140 Franconiae

1206 1154 1449 1192 etSaxoniae
1468 1158 1669 1203 susceptus
1680 1156 1924 1194 est.Biennio
1938 1158 2022 1203 post
2041 1166 2153 1203 gene-

1205 1207 1304 1245 ralia
1321 1208 1431 1257 regni
1462 1209 1621 1246 comitia
1639 1209 1786 1247 indicta
1801 1212 1894 1246 sunt
1912 1207 2154 1258 Moguntiae,

1207 1262 1246 1299 in
1275 1261 1414 1310 quibus
1433 1263 1626 1300 Henricus
1647 1262 1715 1309 IV,
1733 1275 1756 1301 a
1783 1262 1863 1300 filio
1891 1274 1961 1300 suo
1980 1262 2155 1299 interce-

1207 1318 1322 1364 ptus,
1352 1315 1400 1352 ad
1429 1316 1687 1353 abdicandum
1716 1328 1756 1354 se
1784 1327 1906 1365 regno
1935 1314 2156 1363 compulsus

1208 1368 1293 1413 fuit,
1314 1371 1354 1406 et
1373 1368 1565 1407 Henricus
1585 1369 1622 1407 V
1641 1370 1689 1407 ab
1710 1369 1891 1407 omnibus
1912 1381 1981 1407 rex
2003 1368 2156 1406 saluta-

1208 1425 1270 1460 tus
1287 1425 1326 1459 et
1341 1425 1542 1471 susceptus
1553 1424 1622 1461 est.
1635 1423 1848 1461 Praeterea
1859 1423 1908 1460 ad
1924 1433 2155 1471 componen-

1208 1476 1301 1513 dum
1335 1475 1587 1513 ecclesiarum
1620 1480 1764 1514 statum
1778 1506 1787 1522 ,
1816 1476 2026 1514 schismate
2065 1485 2156 1523 per-

1208 1530 1422 1573 turbatum,
1445 1529 1516 1566 viri
1538 1529 1667 1567 idonei
1690 1530 1822 1567 Bruno
1845 1529 2159 1578 archiepiscopus

1209 1582 1470 1629 Trevirensis,
1485 1582 1675 1620 Henricus
1691 1581 2050 1632 Magdeburgensis,
2066 1580 2158 1618 Otto

1208 1636 1509 1684 Bambergensis
1522 1639 1560 1674 et
1571 1636 1638 1674 alii
1652 1637 1820 1674 Romam
1831 1635 1952 1685 legati
1972 1636 2064 1673 sunt
2078 1633 2104 1672 ⁴.

1262 1689 1474 1738 Postquam
1497 1689 1690 1728 Henricus
1707 1690 1762 1727 IV
1778 1701 1942 1738 regnum
1955 1699 2160 1737 recupera-

1209 1754 1251 1780 re
1289 1742 1437 1780 frustra
1467 1745 1672 1788 tentasset,
1689 1743 1850 1781 secessit
1868 1742 2074 1787 Leodium,
2094 1741 2158 1778 ubi

1209 1794 1283 1833 vn⁰
1303 1793 1390 1834 idus
1411 1797 1570 1845 augusti
1592 1797 1692 1834 1106
1709 1797 1814 1834 obiit.
1832 1796 1977 1845 Corpus
1996 1795 2079 1832 eius
2093 1794 2161 1832 ibi-

1211 1850 1296 1887 dem
1329 1849 1542 1898 sepultum,
1574 1849 1711 1887 deinde
1733 1850 1990 1888 exhumatum
2010 1851 2050 1886 et
2068 1847 2158 1897 Spi-

1211 1915 1293 1940 ram
1316 1903 1547 1941 translatum
1562 1933 1571 1949 ,
1587 1904 1611 1941 6
1631 1903 1742 1941 annis
1761 1903 1963 1952 sepultura
1981 1900 2161 1939 christia-

1212 1969 1262 1994 na
1282 1956 1420 1994 caruit.
1444 1957 1499 1994 Eo
1520 1958 1664 2002 amoto,
1683 1956 1964 1995 catholicorum
1986 1966 2104 1993 causa
2119 1967 2161 1992 u·

1211 2010 1325 2058 bique
1356 2009 1589 2059 praevaluit,
1609 2010 1852 2048 schismatici
1871 2009 2038 2059 episcopi
2057 2008 2161 2047 sedi-

1211 2064 1281 2101 bus
1301 2064 1380 2101 suis
1396 2063 1541 2112 privati
1568 2066 1671 2109 sunt,
1700 2066 1739 2101 et
1761 2075 1893 2101 eorum
1921 2062 1960 2100 in
1985 2062 2072 2100 loca
2096 2072 2162 2098 or-

1212 2117 1336 2155 dinati
1362 2116 1559 2163 catholici3
1587 2116 1767 2162 illorum,
1792 2116 1859 2166 qui
1889 2116 1926 2153 in
1955 2114 2163 2153 schismate

1212 2170 1409 2215 obierant,
1429 2181 1590 2219 corpora
1609 2170 1823 2208 exhumata
1843 2172 1882 2207 et
1901 2171 2015 2207 extra
2036 2167 2162 2206 eccle-

1212 2224 1289 2261 sias
1310 2223 1465 2261 condita
1485 2225 1575 2261 sunt
1594 2222 1619 2261 ⁵.
1636 2225 1822 2261 Attamen
1844 2222 2035 2261 Henricus
2049 2221 2086 2259 V
2105 2223 2164 2259 to-

1211 2278 1286 2315 ties
1307 2277 1539 2326 proscriptas
1560 2277 1813 2315 investituras
1830 2275 1994 2314 retinuit
2014 2277 2054 2313 et
2073 2286 2163 2325 pro-

1215 2334 1301 2380 pter
1330 2342 1396 2368 eas
1424 2330 1560 2368 turbas
1588 2342 1732 2378 graves
1763 2330 1964 2368 excitavit.

1267 2383 1325 2421 19.
1360 2384 1428 2421 Lis
1458 2385 1566 2421 inter
1597 2384 1839 2421 Pas-chalem
1872 2383 1918 2421 II
1942 2388 1983 2420 et
2002 2382 2163 2420 Henri-

1212 2448 1306 2474 cum
1329 2436 1486 2474 V—Hic
1501 2437 1684 2474 Pontifex
1706 2449 1728 2474 a
1745 2437 1899 2486 legatis,
1916 2435 1979 2486 qui
1995 2448 2016 2473 e
2037 2435 2164 2473 comi-

1212 2490 1277 2528 tiis
1308 2489 1550 2539 Moguntinis
1579 2502 1682 2528 anno
1719 2491 1821 2528 1105
1847 2491 2014 2528 Romam
2057 2487 2165 2526 missi

1212 2543 1384 2589 fuerant,
1405 2543 1443 2580 in
1465 2544 1715 2581 Germaniam
1739 2544 1928 2582 invitatus
1956 2543 2004 2581 ad
2034 2541 2162 2580 conci-

1213 2597 1381 2634 liandam
1412 2597 1662 2634 ecclesiarum
1699 2600 1738 2635 et
1772 2597 1882 2647 regni
1916 2607 2051 2646 pacem
2066 2625 2075 2640 ,
2109 2595 2161 2634 il-

1213 2651 1277 2688 luc
1294 2649 1489 2699 profectus
1512 2655 1581 2688 est.
1604 2651 1680 2688 Sed
1702 2663 1823 2699 quum
1844 2651 1881 2688 in
1899 2650 1963 2688 via
1983 2648 2162 2687 audivis-

1213 2707 1284 2749 set,
1313 2704 1525 2741 Henricum
1546 2704 1580 2740 V
1602 2704 1640 2741 in
1655 2703 1898 2742 conferendis
1920 2702 2164 2741 invest-ituris

1215 2768 1479 2805 perseverare,
1517 2758 1593 2795 iter
1621 2758 1734 2796 flexit
1764 2757 1804 2794 in
1835 2757 2016 2802 Galliam,
2047 2755 2111 2793 ubi
2141 2767 2165 2793 a

1216 2810 1391 2860 Philippo
1412 2823 1502 2859 rege
1522 2811 1682 2860 eiusque
1702 2811 1781 2848 filio
1817 2810 2016 2849 Ludovico
2044 2809 2163 2846 hono-

1215 2864 1318 2902 rifice
1343 2867 1528 2913 exceptus
1558 2864 1641 2902 fuit.
1683 2866 1794 2902 Anno
1840 2862 1940 2902 1107
1960 2861 2164 2901 Catalauni

1216 2918 1367 2967 excepit
1395 2921 1567 2955 oratores
1603 2918 1763 2955 Henrici
1792 2917 1841 2962 V,
1873 2917 2047 2966 quicum
2067 2927 2162 2953 con-

1215 2972 1434 3013 tenderent,
1454 2971 1512 3008 ius
1549 2971 1718 3020 eligendi
1753 2972 1792 3008 et
1826 2969 2059 3009 investiendi
2089 2968 2165 3018 epi-

1257 3087 1266 3107 ¹
1286 3087 1398 3125 hulme,
1411 3087 1470 3118 loc.
1489 3087 1536 3118 cit.
1556 3096 1584 3126 p.
1602 3086 1670 3118 629.

1256 3128 1269 3149 ²
1287 3128 1359 3159 lbid.
1379 3139 1406 3167 p.
1425 3128 1494 3160 030.
1508 3129 1572 3151 —3
1591 3129 1654 3159 vid.
1673 3138 1700 3167 p.
1720 3126 1826 3159 14-15.

1257 3171 1269 3193 ⁴
1289 3170 1400 3205 labbe,
1418 3171 1490 3200 ibid.
1505 3180 1531 3209 p.
1551 3169 1621 3201 7-15.

1257 3213 1271 3233 ⁵
1288 3212 1390 3242 Abbas
1403 3211 1643 3252 Urspcrgeusis,
1657 3209 1849 3243 Chronicnn.
