2241 3473
678 191 802 222 stvss
833 191 885 218 AD
914 188 1083 218 scHISMA
1111 189 1343 217 OCCIDENTIS

67 257 133 297 sed
161 257 198 294 in
229 255 419 294 distinctis
447 256 699 295 conventibus
734 258 1001 299 morarentur,

67 321 286 360 supremam
302 309 554 348 directionem
572 311 731 348 haberet
747 309 952 354 abbatissa,
964 311 1003 346 et

68 363 345 402 monasterium
381 364 555 402 subesset
583 362 836 401 iurisdictioni
853 362 1002 410 episco-

65 416 116 466 pi.
137 416 393 464 Praescripsit
411 417 466 454 eis
495 416 667 466 regulam
690 427 718 453 s.
740 414 947 464 Augustini
962 416 1001 451 et

66 469 215 518 aliquot
229 470 482 518 particularia
503 470 693 514 instituta,
711 479 875 518 quorum
895 479 1000 517 prae·

65 522 200 572 cipuus
220 522 305 561 finis
324 525 419 568 erat,
443 523 618 560 venerari
639 520 823 571 peculiari
852 521 1001 558 ratione

65 575 281 614 Salvatoris
310 576 428 613 nostri
448 576 605 624 eiusque
625 586 654 612 s.
676 573 813 612 Matris
841 573 999 611 dolores.

65 628 170 666 Ordo
191 628 264 666 iste
284 629 332 666 ab
354 629 510 667 Urbano
526 628 561 666 V
573 628 733 676 aliisque
749 625 1001 664 Pontificibus

67 683 398 731 approbatus,non
411 684 564 720 tantum
577 692 644 730 per
660 680 834 730 regiones
853 681 1001 729 septen-

66 735 265 781 trionales,
280 736 346 773 sed
362 747 430 784 per
444 734 704 778 Germaniam,
717 732 897 778 Galliam,
919 735 1002 771 An-

65 788 184 836 gliam
209 792 249 826 et
269 788 420 826 Italiam
450 789 682 837 propagatus
703 786 786 824 fuit.
804 787 841 823 S.
855 785 1000 835 Birgit-

65 844 106 879 ta
120 843 168 879 ad
184 844 333 880 tantam
354 841 459 878 vitae
478 841 725 879 sanctitatem
742 839 939 889 pervenit,
961 842 1003 877 ut

65 895 296 933 coelestibus
323 895 441 932 etiam
470 894 726 931 honoraretur
752 892 1003 931 revelationi-

64 948 157 993 bus,
177 959 273 996 quas
302 960 325 986 a
350 947 604 986 directoribus
630 947 714 984 eius
743 947 1002 995 conscriptas,

66 1001 277 1039 Pontifices
309 1004 348 1039 et
377 1001 537 1039 concilia
567 1000 809 1038 instructioni
829 999 1001 1037 fidelium

68 1054 183 1092 utiles
203 1055 415 1103 probarunt
435 1053 460 1092 ¹.

117 1107 180 1145 82.
201 1108 422 1156 Gregorius
450 1106 514 1144 XI
523 1107 718 1154 Pontifex
733 1105 816 1155 (an.
831 1105 1002 1155 1370)—

70 1159 228 1198 Urbano
243 1161 279 1198 V
299 1161 497 1199 Avenione
526 1163 680 1198 mortuo
700 1159 925 1197 Cardinales
949 1159 1001 1196 ibi

63 1223 128 1251 1110
140 1214 286 1252 calend.
308 1214 458 1251 ianuar.
485 1225 635 1251 summo
660 1225 847 1251 consensu
871 1212 1000 1262 elege-

65 1270 156 1305 runt
192 1267 355 1305 Petrum
386 1267 601 1315 Rogerium
615 1295 624 1312 ,
657 1267 972 1304 Lemovicensem
986 1296 995 1313 ,

64 1320 268 1358 diaconum
288 1320 614 1369 cardinalem,qui
636 1320 746 1357 nonis
765 1320 881 1368 ipsius
901 1331 1002 1357 men-

64 1373 116 1412 sis
136 1373 336 1412 ordinatus
349 1376 390 1411 et
400 1377 604 1412 coronatus
615 1372 847 1411 fuitnomine
859 1373 1001 1422 Grego-

62 1426 109 1464 rii
122 1426 191 1464 XI.

115 1479 189 1517 Hic
210 1480 391 1518 Pontifex
411 1480 450 1517 in
470 1479 603 1529 primis
631 1479 844 1517 catholicae
864 1479 1001 1517 doctri-

66 1544 138 1570 nae
157 1533 329 1582 deposito
349 1534 543 1571 consuluit
558 1536 597 1570 et
610 1533 793 1582 profanas
808 1534 1000 1571 novitates

63 1587 298 1636 proscripsit.
319 1587 444 1629 Quum
472 1587 572 1624 enim
602 1586 828 1632 audivisset,
848 1586 887 1623 in
908 1587 986 1625 Ara

65 1639 183 1687 gonia
202 1640 385 1688 quosdam
407 1640 454 1677 de
482 1651 530 1677 ss.
551 1639 797 1677 Eucharistia
815 1651 1000 1685 asserere,

65 1693 168 1741 quod
188 1692 333 1742 Corpus
352 1693 492 1731 Christi
512 1693 706 1730 desineret
720 1704 803 1730 esse
820 1704 998 1741 praesens

64 1746 137 1783 sub
164 1747 286 1784 sacris
312 1746 532 1795 speciebus,
560 1746 591 1783 si
622 1747 696 1784 hae
722 1746 762 1783 in
789 1746 915 1784 locum
934 1747 1000 1783 im-

65 1799 251 1836 mundum
283 1800 585 1848 proiicerentur,
611 1812 635 1838 a
662 1800 776 1837 bruto
805 1811 998 1838 sumeren-

64 1854 130 1889 tur
157 1855 227 1890 aut
254 1853 563 1899 corroderentur,
583 1853 643 1891 vel
673 1854 791 1890 etiam
818 1853 1000 1891 humanis

63 1905 243 1943 dentibus
263 1907 495 1953 tererentur;
515 1907 584 1944 sub
599 1918 722 1955 poena
741 1907 987 1944 excommuni

63 1958 221 1996 cationis
239 1959 418 2006 inhibuit,
438 1972 485 1997 ne
505 1960 589 2009 quis
609 1961 701 1998 istas
720 1960 998 2009 propositiones

62 2012 286 2060 praedicare
323 2014 496 2051 auderet.
535 2014 741 2051 Albertum
781 2014 997 2063 episcopum

63 2064 462 2113 Halberstadiensem,
491 2066 558 2115 qui
586 2067 689 2104 inter
725 2066 821 2104 alios
849 2078 1000 2104 errores

62 2118 236 2166 docebat,
255 2119 385 2158 omnia
404 2120 442 2157 in
465 2120 536 2157 hoc
555 2120 699 2157 mundo
718 2131 800 2157 esse
814 2120 1000 2158 inelucta-

62 2169 133 2209 bili
153 2171 232 2210 fato
251 2172 439 2218 subiecta,
459 2184 611 2211 errores
638 2185 728 2211 suos
756 2185 941 2211 revocare
961 2175 1001 2211 et

64 2224 248 2263 damnare
268 2226 390 2265 iussit.
408 2227 607 2264 Excitavit
622 2226 739 2264 etiam
755 2227 1000 2276 vigilantiam

65 2278 340 2326 Inquisitorum
353 2309 362 2325 ,
382 2280 654 2329 Episcoporum
685 2283 724 2317 et
742 2280 869 2318 Caroli
890 2280 924 2318 V
944 2292 1001 2317 re·

65 2332 125 2380 gis
156 2331 394 2370 Francorum
431 2336 565 2372 contra
597 2333 794 2371 latitantes
830 2332 1001 2372 fautores

65 2384 268 2422 haeresum
303 2386 522 2436 Albigensis
558 2389 598 2424 et
633 2386 871 2434 Waldensis‚
905 2387 1000 2424 item

65 2440 200 2476 contra
217 2437 400 2477 infamem
428 2442 574 2477 sectam
597 2438 888 2488 Turlipinorum
905 2469 914 2485 ,
934 2439 1002 2488 qui

64 2490 358 2539 Beguardorum
385 2493 580 2530 erroribus
603 2504 728 2531 mores
757 2493 1001 2542 turpissimos

65 2543 286 2593 iungebant.
301 2545 507 2595 Episcopos
518 2546 694 2594 Angliae,
710 2547 885 2585 doctores
901 2547 1000 2585 Oxo-

64 2597 214 2636 nienses
232 2609 443 2647 regemque
461 2599 648 2638 excitavit
666 2600 852 2638 adversus
874 2600 1000 2649 pullu-

64 2649 209 2688 lantem
230 2650 397 2689 Wicleffi
417 2651 619 2690 haeresim.

116 2704 222 2742 Idem
239 2704 424 2742 Pontifex
444 2705 682 2754 disciplinam
699 2706 999 2745 ecclesiasticam

64 2757 183 2795 variis
210 2757 376 2796 decretis
402 2758 639 2796 instauravit
665 2758 932 2808 firmavitque,
961 2761 1000 2797 et

63 2811 112 2848 ad
131 2811 231 2848 idem
251 2822 345 2860 opus
373 2811 670 2849 sollicitudinem
700 2811 922 2861 praesulum
941 2824 999 2850 ec-

62 2863 368 2902 clesiasticorum
388 2864 843 2913 interpellavit—Suum
859 2866 896 2902 in
908 2866 998 2903 civi·

63 2919 185 2954 tatem
198 2917 347 2955 Romae
369 2918 542 2955 studium
559 2918 998 2965 ostendit,confirmans,

62 2968 663 3008 SacrosanctamLateranensem
673 2971 882 3009 Ecclesiam
896 2983 999 3020 prae·

63 3023 216 3072 cipuam
236 3025 366 3062 sedem
386 3036 469 3062 esse
487 3024 634 3061 Summi
652 3023 862 3070 pontificis,
883 3026 922 3061 et
937 3024 997 3062 lo-

62 3086 149 3114 cum
176 3077 388 3128 principem
408 3078 511 3116 inter
538 3089 670 3116 omnes
689 3077 883 3116 Ecclesias
903 3078 994 3116 obti-

103 3210 114 3232 ¹
132 3212 303 3249 Vastorius,
324 3211 393 3244 Vita
414 3210 446 3243 S.
462 3210 628 3252 Biryiltae
642 3219 717 3243 cum
738 3210 825 3243 notis
848 3209 999 3250 Benzelff,

64 3250 163 3291 1708;
178 3254 295 3293 Helyot,
313 3252 367 3294 Op.
383 3253 436 3286 cit.

1856 176 1929 215 105

1046 266 1156 300 nere,
1185 255 1438 303 omnibusque
1465 252 1654 302 dignitate
1694 251 1924 291 antecellere
1955 251 1979 292 ¹.

1044 307 1198 345 Primus
1214 304 1326 346 iussit
1340 307 1525 345 celebrari
1544 307 1581 344 in
1593 305 1803 344 Occidente
1823 306 1979 344 Festum

1045 362 1223 398 Praesen
1232 362 1396 399 tationis
1406 360 1512 398 ΒΜ.
1528 360 1568 398 V.
1582 357 1608 397 ².
1626 359 1684 397 Ad
1701 359 1982 409 componendas

1043 414 1145 451 inter
1174 414 1364 462 principes
1394 413 1601 451 discordias
1627 412 1776 462 legatos
1804 413 1908 450 misit
1932 413 1981 451 ad

1044 478 1154 515 reges
1162 466 1312 504 Galliae
1325 471 1364 504 et
1375 466 1537 514 Angliae
1549 480 1557 511 3
1572 477 1670 515 quae
1683 471 1810 504 tamen
1824 466 1980 516 legatio,

1043 531 1130 557 cum
1165 519 1324 556 nimium
1359 522 1485 557 essent
1512 519 1735 557 obfirmatae
1766 519 1981 569 principum

1043 572 1282 617 inimicitiae,
1294 572 1424 610 fructu
1436 572 1576 619 caruit3
1585 584 1695 621 reges
1706 572 1914 622 Hispaniae
1931 573 1979 610 ad

1041 626 1229 663 ineundas
1248 625 1434 671 inducias,
1454 625 1572 663 donec
1592 637 1724 663 eorum
1746 626 1832 664 lites
1852 629 1980 664 essent

1042 679 1267 728 diremptae,
1282 690 1351 726 per
1365 678 1596 725 Guidonem,
1611 679 1845 717 cardinalem
1861 679 1981 728 Lega-

1042 734 1139 777 tum,
1160 731 1356 780 perduxit;
1386 743 1519 778 pacem
1548 731 1649 769 inter
1677 733 1860 770 Ioannam
1881 733 1981 782 regi·

1043 797 1130 822 nam
1153 784 1337 833 Neapolis
1357 787 1395 822 et
1413 784 1655 822 Fridericum
1676 796 1806 834 regem
1826 785 1980 823 Siciliae

1043 849 1109 876 seu
1129 838 1354 875 Trinacriae
1369 838 1519 882 initam,
1535 839 1703 876 servatis
1718 839 1765 876 R.
1783 839 1980 876 Ecclesiae

1043 891 1203 938 iuribus,
1222 891 1471 940 approbavit3
1491 890 1755 929 Bernabonem
1777 892 1978 930 vicecomi-

1043 948 1123 982 tem
1139 944 1484 989 Mediolanensem,
1505 944 1566 992 qui
1590 945 1772 982 ditionem
1793 945 1979 983 ecclesia-

1043 999 1179 1036 sticam
1199 998 1337 1035 iterum
1358 997 1580 1043 infestabat,
1600 998 1773 1036 censuris
1788 999 1980 1048 armisque

1044 1051 1214 1098 domuit;
1248 1051 1286 1088 in
1321 1051 1485 1088 rebelles
1514 1050 1758 1089 Florentinos
1791 1052 1979 1100 gravissi-

1043 1117 1146 1143 mam
1176 1103 1581 1142 excommunicationis
1607 1107 1647 1143 et
1674 1104 1869 1143 interdicti
1888 1117 1981 1143 sen-

1043 1158 1206 1196 tentiam
1238 1156 1468 1195 fulminavit.
1502 1156 1576 1194 Sed
1611 1169 1729 1206 quum
1763 1158 1927 1206 primum
1955 1159 1982 1197 ii

1043 1224 1071 1250 s.
1087 1211 1337 1250 Catharinam
1353 1211 1570 1257 Senensem,
1581 1211 1685 1248 tertii
1700 1211 1854 1250 Ordinis
1868 1224 1897 1249 s.
1910 1212 1983 1250 Do-

1043 1265 1171 1303 minici
1207 1264 1418 1314 virginem,
1450 1263 1693 1303 Avenionem
1720 1265 1915 1314 legassent
1933 1266 1981 1303 ad

1042 1318 1312 1368 postulandam
1331 1317 1699 1364 reconciliationem,
1717 1318 1821 1356 illico
1841 1330 1881 1356 se
1909 1319 1979 1356 be-

1042 1372 1223 1410 nevolum
1234 1371 1608 1420 exhibuit,pacisque
1619 1374 1831 1410 tractatum
1845 1383 1980 1410 sacrae

1043 1425 1202 1474 virginis
1222 1425 1382 1463 arbitrio
1416 1425 1629 1470 commisit,
1649 1425 1760 1462 modo
1790 1425 1862 1462 sibi
1884 1438 1983 1463 com-

1041 1479 1264 1517 mendatum
1308 1479 1470 1516 haberet
1511 1490 1540 1516 s.
1560 1477 1755 1516 Ecclesiae
1784 1478 1982 1526 honorem3

1041 1533 1254 1571 Florentini
1283 1532 1347 1569 diu
1376 1533 1620 1569 contumaces
1653 1532 1902 1577 exstiterunt,
1920 1545 1982 1570 ve·

1042 1588 1260 1624 rumtamen
1297 1587 1382 1634 post
1409 1585 1555 1622 obitum
1574 1584 1774 1623 Pontificis
1791 1598 1818 1623 s.
1834 1586 1979 1624 Catha-

1042 1639 1149 1677 rinae
1169 1639 1334 1677 consiliis
1361 1640 1400 1676 et
1429 1639 1646 1676 constantia
1659 1668 1668 1685 ,
1688 1651 1763 1687 pax
1784 1638 1980 1678 Florenti-

1042 1704 1179 1730 norum
1200 1704 1286 1730 cum
1303 1692 1523 1741 Apostolica
1538 1692 1636 1730 Sede
1651 1692 1826 1731 confecta
1847 1695 1885 1731 et
1897 1705 1980 1742 pro-

1041 1746 1215 1794 mulgata
1236 1746 1324 1784 fuit.

1092 1799 1272 1837 Eiusdem
1293 1800 1449 1837 sanctae
1470 1798 1634 1847 virginis
1654 1799 1814 1837 hortatu
1835 1799 1980 1849 Grego-

1039 1853 1120 1891 rius
1139 1853 1196 1892 XI
1216 1855 1363 1898 votum,
1384 1852 1483 1901 quod
1505 1851 1672 1897 fecerat,
1691 1852 1883 1890 referendi
1903 1853 1980 1891 Cu-

1038 1906 1138 1944 riam
1156 1906 1195 1943 in
1226 1907 1362 1944 urbem
1390 1907 1579 1952 Romam,
1608 1908 1795 1944 executus
1824 1908 1904 1953 est;
1925 1917 1982 1943 re-

1039 1960 1131 1997 licta
1157 1959 1356 1997 Avenione
1381 1959 1547 1996 Romam
1580 1960 1758 2008 pervenit
1781 1959 1892 1997 initio
1918 1971 1979 1998 an.

1042 2013 1142 2051 1377
1163 2016 1201 2051 et
1219 2013 1365 2062 ingenti
1385 2024 1472 2049 cum
1492 2012 1643 2050 laetitia
1657 2014 1772 2062 atque
1787 2025 1926 2062 pompa
1939 2013 1979 2050 in

1039 2066 1184 2104 Urbem
1198 2069 1382 2115 exceptus
1395 2065 1588 2104 est3.Cum
1604 2068 1736 2104 autem
1752 2069 1883 2115 postea
1893 2066 1980 2104 Car-

1040 2120 1226 2157 dinalium
1257 2119 1454 2157 Gallorum
1484 2131 1602 2157 suasu
1632 2120 1798 2157 reditum
1827 2119 1867 2157 in
1894 2119 1980 2157 Gal-

1039 2173 1132 2211 liam
1151 2173 1425 2218 meditabatur,
1441 2173 1477 2209 in
1495 2173 1671 2210 morbum
1686 2173 1888 2219 incidit,ex
1906 2184 1979 2221 quo

1040 2225 1099 2264 ΠΟ
1119 2227 1297 2265 calendas
1308 2225 1439 2276 aprilis
1454 2238 1515 2264 an.
1535 2226 1635 2263 1378
1655 2226 1795 2264 aetatis
1814 2228 1978 2264 mortem

1040 2281 1189 2318 Romae
1204 2280 1298 2318 obiit
1317 2278 1344 2317 ⁴.
1365 2280 1459 2317 Post
1478 2279 1624 2317 obitum
1653 2280 1736 2317 eius
1765 2282 1892 2316 ortum
1920 2280 1981 2316 est

1040 2334 1079 2371 in
1099 2333 1274 2372 Ecclesia
1292 2333 1460 2371 schisma
1480 2333 1744 2379 teterrimum,
1764 2332 1864 2383 quod
1882 2331 1978 2369 mul-

1040 2387 1090 2425 tis
1113 2388 1225 2425 annis
1253 2386 1434 2432 duravit,
1463 2386 1559 2424 duos
1588 2386 1727 2433 simul,
1756 2386 1819 2423 vel
1847 2385 1974 2422 tribus

1041 2440 1307 2487 Pontificibus,
1327 2441 1493 2485 Romae,
1513 2439 1715 2477 Avenione
1736 2441 1776 2476 et
1795 2438 1887 2475 alibi
1907 2450 1972 2476 se-

1040 2494 1234 2542 dentibus,
1244 2496 1287 2532 ut
1301 2493 1339 2531 in
1356 2493 1532 2542 sequenti
1545 2493 1700 2542 Epocha
1711 2491 1969 2530 narrabimus.

1081 2631 1092 2653 ¹
1111 2631 1281 2669 Constitut.,
1302 2629 1408 2671 Super
1425 2630 1590 2662 universas
1607 2628 1639 2659 in
1655 2625 1794 2659 Bullarz't'
1810 2628 1828 2655 t.
1846 2625 1881 2656 l.'

1078 2674 1093 2695 2
1112 2673 1224 2704 Bened.
1243 2673 1314 2711 XlV,
1332 2672 1376 2704 De
1391 2671 1492 2704 Festts
1510 2671 1542 2702 B.
1558 2670 1596 2702 M.
1617 2668 1645 2701 V.
1660 2678 1688 2708 p.
1702 2667 1737 2714 Il.
1752 2676 1781 2714 n.
1796 2665 1869 2713 ¹181,
1888 2665 1954 2697 18-2.

1082 2715 1096 2736 3
1111 2716 1306 2753 Spondanus,
1323 2714 1423 2744 adan.
1442 2712 1533 2750 1377,
1550 2715 1568 2745 ἓ
1585 2712 1610 2741 1.
1627 2709 1738 2741 Retulit
1760 2711 1855 2747 igitur
1872 2708 1976 2739 sedem

1041 2756 1228 2787 pontificiam
1237 2755 1402 2795 Gregorius
1412 2756 1546 2792 Romam,
1558 2752 1702 2789 waimis,
1712 2754 1744 2780 ut
1756 2750 1892 2796 plerique
1909 2758 1977 2797 enu3

1040 2800 1168 2835 merant,
1185 2800 1346 2836 postquam
1368 2797 1397 2826 in
1415 2795 1540 2826 Galliam
1556 2793 1708 2824 translata
1725 2790 1840 2821 suisset.
1851 2791 1908 2821 Sed
1925 2799 1976 2830 qui

1040 2843 1158 2878 tempus
1181 2847 1342 2868 numerare
1364 2836 1493 2867 voluerit
1516 2835 1554 2865 ab
1586 2834 1668 2864 obitu
1685 2832 1894 2864 Benedictin
1920 2839 1976 2879 po-

1039 2880 1143 2911 stremi
1160 2879 1312 2909 Pontificis
1334 2879 1364 2908 in
1387 2877 1476 2908 Italia
1493 2880 1562 2906 ante
1579 2875 1808 2906 translationem
1825 2873 1976 2910 sedentis,

1040 2922 1093 2962 qui
1115 2921 1244 2959 contigit
1269 2919 1287 2950 6
1301 2920 1352 2950 iul.
1377 2927 1424 2948 an.
1441 2916 1522 2949 1304
1534 2926 1631 2956 usque
1643 2916 1682 2946 ad
1696 2916 1732 2946 17
1747 2916 1809 2946 ian.
1826 2923 1886 2954 qua
1900 2915 1980 2945 Gre-

1040 2963 1144 3003 gorius
1162 2963 1288 2992 Romam
1302 2960 1436 2997 intravit,
1449 2958 1573 2988 habebit
1586 2966 1682 2988 annos
1701 2956 1748 2993 7⁶2,
1758 2965 1878 2987 menses
1896 2955 1924 2993 6,
1949 2960 1978 2987 et

1040 3005 1104 3034 dies
1117 3002 1166 3033 10:
1180 3003 1218 3032 ab
1242 3002 1388 3031 electione
1412 2998 1574 3031 Clementis
1584 2999 1616 3036 V,
1632 2999 1681 3037 qui
1699 2998 1803 3029 sedem
1820 2997 1978 3028 transtulit

1042 3045 1090 3076 die
1107 3044 1125 3074 5
1142 3045 1203 3074 iun.
1219 3042 1309 3080 1305,
1327 3050 1424 3072 annos
1441 3040 1488 3078 71,
1501 3049 1623 3071 menses
1641 3040 1668 3078 7,
1685 3039 1750 3070 dies
1768 3039 1802 3070 11
1821 3048 1828 3069 :
1858 3039 1896 3068 ab
1913 3039 1977 3069 eius

1040 3086 1260 3120 coronatione,
1279 3092 1358 3123 quae
1382 3083 1511 3122 contigit
1529 3082 1563 3112 1l
1589 3089 1657 3113 nov.
1683 3080 1782 3117 1305,
1800 3088 1897 3110 annos
1927 3079 1974 3119 71,

1040 3135 1160 3158 menses
1183 3124 1211 3162 2,
1227 3125 1292 3155 dies
1309 3124 1338 3162 5;
1352 3132 1369 3154 a
1387 3124 1603 3154 constitutione
1619 3131 1690 3153 vero
1707 3122 1795 3153 Sedis
1811 3121 1976 3160 Avenione,

1040 3178 1057 3199 a
1073 3168 1224 3198 Clemente
1255 3165 1293 3196 ad
1318 3165 1504 3206 principium
1527 3165 1596 3194 anni
1616 3162 1691 3195 1309
1719 3163 1821 3201 faeta,
1846 3171 1913 3193 cum
1939 3171 1975 3193 eo

1040 3217 1135 3249 usque
1152 3215 1231 3246 vaga
1244 3207 1353 3237 fuisset
1369 3215 1423 3244 per
1442 3206 1528 3236 varia
1541 3205 1662 3237 Galliae
1679 3205 1761 3241 loca,
1775 3212 1873 3235 annos
1889 3199 1936 3236 68.

1080 3251 1092 3272 ⁴
1110 3248 1285 3289 Raynaldus
1301 3252 1330 3280 et
1346 3247 1486 3286 Bzovius,
1503 3247 1542 3279 ad
1558 3256 1608 3279 an.
1620 3245 1770 3278 1370-78-
