2241 3473
603 171 732 202 VSQVE
760 170 814 198 AD
844 157 1040 199 13:110]va
1067 171 1227 199 IMPERII
1255 169 1533 199 OCCIDENTALIS

125 238 276 276 Verum
296 235 412 285 paulo
433 237 518 285 post
532 235 651 273 Gothi
671 247 692 272 c
711 247 782 273 sua
800 234 957 283 regione
974 235 1022 271 ab

74 290 226 330 Hunnis
246 289 369 334 eiecti,
385 290 431 326 ad
453 290 727 338 imperatorem
744 288 950 326 Valentem
968 287 1020 324 le-

71 347 182 394 gatos
202 343 405 387 miserunt,
427 344 470 379 ut
491 343 562 379 sibi
583 342 668 390 agri
689 342 880 379 Thraciae
903 341 950 377 ad
968 340 1021 377 in-

69 396 269 434 colendum
299 396 499 433 darentur.
530 395 705 433 Assensit
736 395 946 443 imperator
975 405 1020 430 ca

70 450 171 499 lege,
194 452 237 486 ut
256 449 373 486 Gothi
404 449 579 486 arianam
609 448 821 485 doctrinam
853 450 892 484 et
911 458 1019 483 eom-

70 502 294 541 munionem
314 502 567 550 susciperent,
584 501 685 549 quod
703 501 798 550 proh
815 500 940 537 dolor!
960 499 1021 536 Ul-

70 555 195 605 philas
215 567 349 592 eorum
371 556 569 604 episeopus
589 553 727 591 effecit.
742 554 883 590 Postea
899 565 922 589 a
942 553 1020 588 Go-

70 608 146 646 this
166 608 266 646 idem
288 609 429 657 dogma
448 607 720 646 transmissum
743 606 818 644 fuit
838 607 885 643 ad
908 605 1019 643 Van-

71 661 179 699 dalos
194 664 233 699 et.
252 662 402 699 Suevos
418 660 443 698 ¹.

123 715 186 752 48.
216 715 425 752 Ecclesiae
456 718 590 750 statas
627 714 702 751 sub
743 713 949 749 Gratiano
983 716 1024 748 et

77 767 296 805 Theodosio
325 767 410 817 (cm.
427 766 521 814 378)
536 789 583 794 —
596 766 723 804 Tanta
742 765 920 804 Valentis
940 776 1021 813 per-

71 820 163 858 fidia
188 821 289 858 haud
310 820 434 857 inulta
453 820 605 857 mansit.
628 820 748 857 Iidem
770 819 886 856 Gothi
907 818 1021 866 paulo

71 877 158 922 post
182 873 347 911 Romani
368 873 447 922 iugi
478 875 636 921 propter
669 873 809 909 ducum
836 871 1019 909 duritiem

73 927 250 975 pertaesi,
270 926 499 963 seditionem
521 927 754 971 excitarunt,
775 928 815 962 et
840 936 1021 963 romanas

71 979 200 1029 copias
220 979 387 1030 Thracia
406 980 616 1017 eiecerunt.
647 979 790 1016 Valens
808 979 904 1016 inito
934 990 1020 1015 eum

71 1033 119 1070 iis
151 1033 251 1081 apud
287 1033 578 1080 Adrianopolim
612 1032 821 1070 certamine
834 1062 843 1077 ,
877 1032 1021 1080 sagitta

73 1085 272 1123 confossus
290 1086 383 1123 etin
404 1086 575 1133 tugurio,
595 1085 633 1122 in
654 1086 754 1134 quod
777 1085 1022 1133 confugerat,

474 1140 641 1157 ‚‚‚‚‚

72 1192 183 1230 licius
204 1192 308 1230 sidus
328 1192 525 1230 Ecclesiae
545 1192 688 1230 illuxit.

126 1246 208 1283 Iam
238 1246 286 1283 ab
305 1258 366 1283 an.
387 1245 464 1283 375
483 1246 521 1282 in
542 1246 749 1283 Occidente
769 1246 854 1293 post
875 1244 1022 1282 obitum

75 1298 339 1336 Valentiniani
366 1299 585 1347 imperabat
613 1299 848 1344 Gratianus,
877 1297 961 1335 eius
982 1298 1024 1334 fi-

72 1352 167 1398 lius,
197 1363 283 1389 cum
313 1352 454 1389 iuniori
480 1352 754 1390 Valentiniano
785 1351 908 1389 fratre
941 1363 1020 1388 suo,

74 1404 288 1443 Gratianus
316 1405 491 1454 princeps
521 1408 607 1442 erat
627 1405 840 1442 catholicae
860 1404 1022 1453 religio-

78 1458 136 1496 nis
156 1459 298 1504 studio,
317 1470 548 1507 morumque
569 1459 764 1508 gravitate
784 1460 823 1495 et
842 1458 1024 1495 castimo-

76 1512 141 1549 nia
160 1512 303 1549 clarus.
325 1512 520 1549 Idolorum
542 1512 692 1549 cultum
713 1511 917 1560 depressit,
937 1511 1023 1548 nul-

77 1565 157 1602 lam
184 1568 314 1602 tamen
346 1565 511 1603 ethnicis
540 1566 587 1602 ad
617 1565 902 1614 suscipiendam
930 1564 1024 1601 reli-

76 1618 227 1668 gionem
248 1618 496 1656 christianam
516 1619 597 1655 vim
614 1619 757 1656 intulit.
774 1619 880 1656 Lites
901 1618 948 1654 de
965 1630 1025 1654 ne-

77 1671 191 1720 gotiis
211 1673 332 1708 sacris
353 1672 401 1709 ab
420 1671 596 1721 episcopo
623 1674 692 1710 aut
713 1672 934 1719 provinciae
955 1683 1023 1719 sy-

78 1725 176 1762 nodo
197 1725 431 1762 dirimendas
450 1737 532 1762 esse
551 1726 682 1762 edixit.
702 1725 809 1762 Alias
827 1725 956 1773 plures
977 1726 1024 1761 le-

77 1789 145 1826 ges
170 1778 207 1814 in
229 1778 425 1815 Ecclesiae
454 1778 627 1815 favorem
647 1778 748 1815 tulit.
771 1779 864 1815 Post
884 1778 1024 1814 interi-

77 1835 161 1868 tum
178 1831 357 1868 Valentis
370 1832 495 1880 patrui
513 1831 885 1880 sui,etiamimperio
905 1831 1027 1868 orien-

78 1884 148 1921 tali
169 1885 334 1933 potitus,
354 1884 558 1922 confestim
581 1885 778 1930 omnibus,
799 1885 863 1932 qui
884 1885 931 1921 ab
960 1884 1025 1921 illo

78 1937 294 1986 Religionis
324 1949 442 1975 causa
462 1937 621 1975 fuerant
649 1938 835 1985 relegati,
855 1937 1023 1975 reditum

78 1990 279 2028 concessit.
308 1991 465 2028 Cunctis
491 1991 655 2028 liberum
682 1991 879 2039 religionis
907 2002 1023 2027 exera

76 2043 211 2082 citium
230 2043 405 2089 indulsit,
421 2045 593 2093 exceptis
609 2044 862 2090 Manichaeis,
885 2043 1024 2081 Photi-

79 2097 204 2134 nianis
229 2100 269 2134 et
286 2098 520 2135 Eunomaeis
541 2110 609 2135 seu
637 2097 856 2143 Anomaeis,
875 2097 1027 2134 horum-

80 2162 157 2198 que
169 2150 352 2188 ecclesias
366 2151 468 2188 tradi
485 2151 595 2189 iussit
606 2151 663 2196 iis,
676 2151 739 2199 qui
756 2162 841 2188 cum
859 2151 1026 2187 Damaso

80 2205 150 2252 Pp.
171 2204 513 2242 communicarent.
534 2206 608 2242 An.
638 2205 715 2242 379
743 2203 1024 2249 Theodosium,

81 2256 248 2294 nobilem
279 2257 516 2306 Hispanum,
543 2259 582 2294 in
611 2257 763 2307 imperii
792 2257 1024 2294 consortium

81 2321 150 2359 pro
166 2310 325 2347 Oriente
346 2311 495 2359 selegit.
647 2311 652 2316 “

133 2363 374 2402 Theodosius
394 2367 433 2401 et
452 2364 532 2412 ipse
548 2363 762 2401 catholicae
781 2363 887 2401 Fidei
906 2363 1028 2400 addic-

82 2416 389 2465 tissimus,quum
408 2418 581 2454 barbaris
592 2417 734 2466 partim
747 2417 876 2454 eiectis
887 2417 1025 2466 partim

82 2470 266 2515 subactis,
287 2471 457 2508 venisset
476 2471 812 2516 Thessalonicam,
835 2473 874 2507 et
902 2470 949 2507 ab
970 2472 1028 2507 A-

81 2522 225 2559 scholio
245 2522 453 2569 didicisset,
474 2523 653 2561 ecclesias
673 2524 711 2560 in
733 2523 891 2572 Illyrico
912 2526 950 2560 et
979 2535 1028 2560 u-

84 2586 179 2623 sque
213 2575 260 2612 ad
288 2576 558 2614 Macedoniam
587 2576 626 2613 in
651 2577 727 2614 fide
753 2589 819 2614 seu
849 2578 1030 2625 dogmate

83 2639 130 2665 ss.
152 2627 359 2666 Trinitatis
379 2630 598 2667 consentire
611 2659 620 2676 ,
640 2630 807 2679 reliquas
827 2642 920 2667 vero
940 2641 1028 2678 pro-

84 2680 235 2718 vincias
265 2693 401 2719 versus
420 2683 617 2721 Orientem
634 2713 643 2729 ,
663 2684 870 2732 praecipue
891 2683 1029 2720 civita-

86 2736 166 2771 tem
187 2734 698 2783 Constantinopolim,variis
718 2738 832 2774 sectis
848 2748 930 2774 esse
946 2736 1027 2773 dis-

86 2789 253 2833 tractas,
273 2799 333 2825 an.
355 2788 432 2825 380
459 2788 759 2826 Thessalonicae
777 2790 903 2838 legem
924 2789 1028 2827 dedit

91 2840 263 2878 Cunctos
278 2842 465 2890 populos,
487 2842 678 2888 Gratiani,
703 2843 970 2880 Valentiniani
990 2846 1029 2879 et

86 2893 293 2931 Theodosii
322 2894 473 2930 nomine
503 2894 738 2944 inscriptam.
769 2896 1029 2933 Mandabatur

86 2946 158 2983 hac
177 2946 274 2996 lege,
296 2949 337 2984 ut
356 2958 424 2996 per
444 2950 570 2984 totum
589 2948 792 2996 imperium
813 2961 859 2987 ea
878 2949 1027 2986 obtine-

85 3002 147 3036 ret
178 2999 335 3048 Religio
353 3029 361 3045 ,
398 3012 514 3049 quam
548 3001 820 3049 Apostolorum
853 3002 1028 3052 princeps

87 3051 230 3090 Petrus
249 3053 297 3090 ab
316 3052 424 3091 initio
444 3054 659 3091 tradiderat
678 3054 875 3102 Romanis,
889 3067 1027 3104 quam-

129 3157 140 3178 ¹
156 3158 272 3189 socrat.
294 3158 379 3189 Hist.
403 3158 476 3189 eccl.
501 3158 519 3189 l.
543 3158 588 3195 IV,
612 3168 636 3188 c.
655 3157 711 3195 333
728 3157 888 3190 Sozomen.
903 3160 921 3190 1.
939 3159 986 3196 VI,
1003 3169 1029 3189 c.

90 3198 144 3235 37;
165 3200 342 3230 Theodoret
370 3200 386 3230 l.
411 3200 458 3237 1V,
482 3209 506 3230 c.
531 3199 584 3238 37;
609 3208 632 3229 S.
653 3200 769 3230 Hieron.
790 3200 907 3232 Claron.
925 3201 963 3231 ad
980 3210 1028 3231 an.

91 3238 164 3279 3703
180 3240 266 3272 Oros.
283 3240 363 3272 Hist.
377 3241 397 3272 l.
415 3241 476 3275 VII.
491 3251 516 3272 c.
535 3240 561 3272 7.

1883 157 1957 195 109

1064 246 1137 282 que
1158 235 1347 272 Damasus
1378 233 1550 283 pontifex
1578 233 1779 270 Romanus
1807 233 1846 269 et
1866 233 2010 271 Petrus

1066 288 1298 326 l’atriareha
1318 287 1604 326 Alexandrinus
1624 285 1852 332 servabant3
1878 287 1920 322 ut
1939 297 2006 322 eo-

1064 352 1149 378 rum
1170 342 1378 378 dumtaxat
1393 340 1564 378 Ecclesia
1584 339 1851 376 nominaretur
1870 339 2008 376 catho-

1066 394 1158 439 lica,
1179 395 1241 442 qui
1264 397 1343 431 tres
1370 394 1519 431 divinas
1545 404 1729 442 personas
1759 391 1910 440 aequali
1941 393 2009 428 ho-

1066 459 1155 483 nore
1175 448 1365 492 colcrent;
1383 447 1446 495 qui
1464 459 1557 483 vero
1574 446 1686 483 aliter
1701 445 1901 491 sentirent,
1912 444 2007 482 hae-

1064 499 1174 536 retici
1195 500 1429 544 dicerentur,
1445 500 1606 536 infames
1627 501 1765 544 essent,
1786 498 2008 547 scirentque

1062 564 1103 589 se
1124 553 1255 600 poenis
1275 553 1503 590 alliciendos.
1527 553 1670 589 Eodem
1691 564 1804 596 anno,
1825 563 1912 588 cum
1934 563 2003 588 ve-

1064 605 1180 643 nisset
1209 605 1597 653 Constantinopolim,
1617 600 1909 653 Demophilum,
1936 605 2008 641 ob-

1062 659 1250 696 stinatum
1271 659 1428 695 arianae
1448 660 1578 695 sectae
1599 658 1832 706 episcopum,
1849 657 2010 706 eiusque

1063 723 1249 760 sequaces
1269 711 1403 757 eiecit,
1423 713 1462 748 et
1482 722 1615 748 corum
1645 710 1826 748 ecclesias
1845 711 2007 748 tradidit

1064 762 1273 802 Catholicis
1289 763 1312 801 ¹.

1116 818 1270 855 Interea
1303 818 1444 854 Petrus
1477 816 1763 854 Alexandrinus
1781 846 1789 862 ,
1829 816 2010 854 Meletius

1064 871 1326 908 Antiochenus
1348 899 1357 916 ,
1395 869 1563 919 Cyrillus
1602 870 1978 918 Hierosolymitanus
2000 899 2010 916 ,

1065 924 1277 973 Gregorius
1296 923 1517 972 Nyssenus,
1539 922 1682 970 aliique
1702 934 1770 971 pro
1792 924 1886 960 Fide
1907 935 2007 960 exu-

1065 978 1119 1015 les
1139 977 1330 1026 episcopi,
1353 977 1400 1014 ad
1429 977 1539 1014 sedes
1569 988 1656 1013 suas
1677 977 1821 1014 reversi
1843 980 1952 1022 sunt,
1972 980 2011 1013 et

1065 1030 1290 1079 colligendis
1319 1029 1513 1075 ecclesiis,
1532 1029 1763 1066 Arianorum
1800 1030 2007 1078 tyrannide

1065 1084 1258 1133 dispersis,
1287 1084 1476 1131 malisque
1504 1083 1586 1120 sive
1610 1082 1721 1119 Fidei
1738 1083 1819 1119 sive
1839 1083 2009 1131 discipli-

1067 1149 1138 1175 nae
1163 1138 1282 1175 illatis
1310 1136 1560 1186 reparandis,
1589 1134 1824 1172 indefessam
1853 1147 2009 1184 operam

1066 1194 1270 1228 navarunt.

1116 1245 1227 1281 Tunc
1247 1244 1365 1282 etiam
1381 1242 1580 1281 dissidium
1601 1241 1786 1279 ecclesiae
1805 1241 2013 1279 Antioche-

1065 1310 1136 1335 nae
1153 1298 1407 1346 compositum
1421 1296 1507 1342 fuit,
1524 1307 1570 1333 ea
1586 1295 1816 1341 conditione,
1837 1298 1879 1332 ut
1898 1295 2013 1332 Mele-

1064 1352 1143 1388 tius
1172 1354 1210 1388 et
1230 1351 1419 1388 Paulinus
1445 1349 1675 1387 Antiochiae
1695 1348 1876 1386 ecclesias
1896 1348 2013 1385 simul

1064 1404 1395 1450 administrarent,
1415 1405 1454 1441 et
1474 1403 1663 1440 alterutro
1684 1404 1849 1448 mortuo,
1865 1401 1931 1450 qui
1951 1413 2012 1438 su-

1065 1462 1213 1507 perstes
1234 1460 1348 1504 esset,
1359 1457 1462 1494 solus
1484 1468 1549 1493 eas
1568 1455 1765 1503 regeret2.
1782 1455 1857 1492 Sed
1877 1454 2012 1492 condi-

1065 1511 1209 1548 tionem
1228 1513 1315 1560 post
1335 1513 1500 1548 mortem
1519 1506 1670 1547 Meletii
1692 1521 1764 1546 non
1787 1508 1907 1546 fuisse
1928 1519 2011 1546 ser-

1066 1567 1211 1610 vatam,
1231 1567 1363 1614 postea
1382 1563 1611 1600 videbimus.

1117 1617 1227 1656 Nulli
1260 1617 1445 1655 ecclesiae
1479 1616 1628 1654 maiora
1653 1616 1757 1653 mala
1790 1615 2010 1652 intulerant

1067 1671 1192 1708 ariani
1212 1682 1327 1720 quam
1349 1669 1805 1718 Constantinopolitanae.
1827 1669 1884 1705 Ad
1907 1667 2011 1705 illius

1067 1725 1199 1761 ruinas
1231 1724 1466 1773 reparandas
1505 1723 1715 1760 multorum
1748 1722 2014 1771 episcoporum

1068 1778 1247 1826 precibus
1267 1780 1452 1814 evocatus
1473 1776 1547 1814 fuit
1567 1788 1595 1814 s.
1617 1776 1826 1825 Gregorius
1847 1774 2015 1812 Nazian-

1067 1843 1200 1877 zenus,
1220 1831 1286 1879 qui
1306 1829 1675 1878 Constantinopolim
1695 1829 1907 1878 profectus,
1927 1840 2014 1865 ser-

1069 1885 1244 1921 monibus
1263 1886 1302 1921 et
1317 1883 1502 1932 exemplis
1519 1883 1724 1931 collapsam
1746 1894 1863 1931 prope
1878 1881 2012 1918 Fidem

1069 1940 1107 1974 et
1127 1937 1310 1985 pietatem
1332 1937 1519 1982 restituit,
1541 1936 1685 1973 invicto
1706 1936 1834 1972 animo
1855 1934 2015 1971 catholi-

1069 2003 1154 2028 cam
1179 1991 1386 2028 veritatem
1416 1990 1603 2027 adversus
1623 1989 1807 2035 Arianos,
1832 1988 2015 2026 Macedo-

1071 2045 1205 2081 nianos
1225 2047 1264 2080 et
1283 2043 1580 2092 Apollinaristas
1599 2041 1869 2091 propugnavit,
1885 2052 2017 2078 sacras

1070 2098 1240 2135 Litteras
1260 2097 1405 2142 docuit,
1426 2099 1465 2133 et
1483 2097 1584 2133 inter
1603 2096 1698 2133 alios
1719 2095 1938 2132 auditorem
1954 2095 2018 2131 ha-

1071 2151 1156 2188 buit
1175 2163 1203 2188 s.
1225 2151 1510 2198 Hieronymum
1526 2147 1553 2186 3.

1122 2204 1184 2242 49.
1216 2204 1376 2251 Synoclz'
1400 2204 1587 2240 Romana
1615 2207 1655 2239 et
1684 2202 2018 2251 Aquileiensis—

1071 2258 1112 2294 In
1134 2257 1342 2294 Occidente
1362 2259 1448 2305 post
1468 2255 1732 2293 Valentiniani
1752 2254 1912 2292 senioris
1932 2253 2017 2290 obi-

1070 2313 1169 2356 tum,
1189 2310 1390 2347 Ursicinus
1410 2310 1594 2358 antipapa
1615 2309 1773 2357 eiusque
1795 2310 2017 2352 sectatores,

1073 2376 1191 2401 novos
1210 2363 1403 2401 tumultus
1423 2364 1656 2400 excitarunt.
1679 2363 1715 2399 Is
1732 2373 1867 2399 rursus
1882 2361 2020 2397 Roma-

1074 2429 1163 2454 nam
1182 2417 1310 2454 sedem
1332 2417 1519 2454 invadere
1548 2416 1707 2453 molitus
1726 2417 1804 2461 est;
1825 2414 1906 2451 eius
1925 2425 2016 2449 con-

1073 2474 1212 2516 sortes,
1232 2472 1271 2507 et
1290 2470 1327 2506 in
1350 2470 1556 2507 schismate
1577 2468 1743 2506 ordinati
1765 2466 1944 2516 episcopi,
1966 2466 2016 2502 li-

1074 2526 1135 2561 cet
1145 2523 1422 2561 catholicorum
1436 2523 1703 2572 episcoporum
1713 2520 1907 2559 sententia
1917 2520 2019 2556 dam-

1073 2577 1153 2614 nati
1174 2580 1213 2614 et
1232 2576 1498 2622 exauctorati,
1520 2575 1724 2620 ecclesias,
1744 2585 1838 2623 quas
1867 2573 2019 2610 invase-

1074 2632 1173 2677 rant,
1194 2630 1439 2678 impudenter
1456 2629 1689 2666 retinebant.
1710 2628 1956 2675 Quapropter
1974 2637 2018 2662 e-

1073 2683 1217 2733 piscopi
1243 2683 1375 2729 multi,
1396 2695 1495 2720 anno
1516 2682 1594 2719 378
1622 2683 1769 2718 Romae
1798 2680 1867 2717 sub
1887 2691 1915 2717 s.
1936 2679 2018 2716 Da-

1073 2749 1178 2774 maso
1198 2737 1375 2782 adunati,
1396 2736 1628 2773 Gratianum
1649 2736 1687 2770 et
1702 2732 2018 2770 Valentinianum

1072 2790 1327 2839 imperatores
1348 2789 1510 2837 epistola
1530 2786 1841 2835 interpellarunt,
1864 2788 1907 2823 ut
1926 2785 2022 2823 schi-

1072 2843 1321 2880 smaticorum
1343 2843 1544 2879 audaciam
1569 2839 1840 2888 reprimerent,
1856 2844 1895 2877 et
1913 2851 2019 2888 prae-

1073 2897 1255 2945 ciperent,
1277 2899 1318 2933 ut
1338 2907 1483 2939 omnes,
1503 2906 1525 2931 a
1548 2895 1714 2930 Damaso
1735 2893 1804 2942 Pp.
1825 2897 1864 2930 et
1885 2893 2020 2930 catho-

1072 2950 1153 2987 licis
1173 2949 1359 2998 episcopis
1388 2946 1583 2993 damnati,
1612 2947 1752 2983 horum
1781 2946 1923 2983 iudicio
1952 2957 2017 2983 ac-

1112 3077 1123 3098 1
1140 3078 1256 3107 Socrat.
1273 3075 1350 3106 Ilist.
1369 3074 1450 3106 Eccl.
1467 3074 1485 3104 l.
1503 3074 1569 3112 V,c.
1585 3072 1621 3112 ⁶2;
1636 3074 1793 3105 Sozomen.
1811 3074 1829 3106 l.
1845 3075 1905 3112 VlI,
1922 3074 2019 3113 c.1-5;

1073 3118 1252 3149 Theodoret.
1270 3117 1287 3147 l.
1306 3118 1336 3153 V,
1353 3127 1380 3147 c.
1396 3116 1422 3146 2.

1113 3160 1127 3180 ι’
1143 3161 1259 3189 socrat.
1276 3159 1293 3187 l.
1312 3169 1354 3196 c.,
1371 3168 1397 3188 c.
1413 3158 1446 3194 53
1465 3157 1620 3188 Sozomen.
1638 3157 1654 3186 l.
1673 3167 1709 3195 c.,
1725 3167 1751 3188 c.
1768 3156 1795 3186 3.
1810 3157 1847 3188 Cf
1857 3166 1886 3196 p.
1904 3156 1973 3188 104.

1114 3201 1127 3221 ³³
1139 3200 1257 3231 Socrat.
1275 3200 1293 3230 l.
1312 3209 1347 3238 c.,
1367 3209 1392 3230 c.
1410 3198 1445 3236 6;
1462 3199 1619 3238 sozomen.
1636 3198 1654 3228 l.
1674 3208 1709 3237 c.,
1726 3208 1752 3229 c.
1769 3198 1802 3237 ὃς
1820 3198 1926 3231 Rul'lin.
1945 3199 1962 3229 l.
1981 3198 2021 3236 II,

1075 3252 1100 3272 c.
1117 3241 1144 3273 9.
