2241 3473
198 93 271 131 186

193 167 441 204 Venerabilis
474 166 582 204 Beda
616 164 825 202 concilium
859 164 1093 201 Trullanum

140 220 311 269 appellat
345 219 570 256 Erraticum
595 217 619 262 ¹,
649 217 860 254 Balsamon
893 228 985 253 vero
1006 216 1020 238 '²
1054 218 1094 254 et

140 274 206 310 alii
228 273 367 309 Graeci
387 272 481 308 illud
503 270 701 318 appellant
721 269 1092 314 Quinisextum,seu

139 325 391 374 appendicem
429 326 469 360 et
497 322 810 370 supplementum
840 321 1093 359 conciliorum

138 379 175 416 V
196 380 236 415 et
256 377 324 421 VI,
341 377 381 412 in
398 375 535 423 quibus
554 374 651 411 nulli
668 385 835 411 canones
852 375 899 411 de
915 374 1093 422 discipli-

138 442 190 467 na
210 430 366 467 fuerant
395 425 510 474 editi,
532 427 644 474 eique
664 427 890 464 attribuunt
919 427 1091 464 auetori-

139 485 261 520 tatem
277 480 869 519 oecumenicam.Verumtamen
886 480 1093 517 concilium

137 536 242 572 istud
272 546 295 571 a
324 533 415 570 solis
436 533 601 570 Graecis
621 532 697 570 fuit
716 532 979 578 celebratum,
1007 534 1093 570 Ro-

137 599 276 625 manus
288 585 471 623 Pontifex
493 597 618 634 neque
638 585 737 622 illud
758 587 1005 631 convocavit,
1021 598 1092 622 ne-

139 653 212 688 que
234 640 270 676 ei
291 650 360 688 per
378 650 419 676 se
442 638 504 676 vel
525 650 593 687 per
612 638 764 686 legatos
780 650 871 676 suos
885 639 1093 686 praesedit,

139 705 209 730 nec
253 703 440 739 umquam
479 692 528 734 ab
557 691 734 729 Ecclesia
769 693 993 740 susceptum
1023 694 1092 729 est.

138 746 294 790 Contra,
311 756 435 793 quum
452 744 692 782 Iustinianus
707 744 845 793 synodi
862 756 1030 781 canones
1046 745 1093 782 ad

138 798 318 847 Sergium
341 799 410 846 Pp.
434 797 714 835 transmisisset
734 798 782 834 ab
799 809 843 834 eo
859 797 1093 834 confirman-

138 851 220 897 dos,
242 850 428 888 Pontifex
448 850 598 888 invicta
617 850 842 887 constantia
862 850 1020 896 restitit,
1036 862 1092 887 ca-

140 915 261 941 nones
280 903 375 942 istos
396 903 552 950 abiecit,
569 905 609 941 et
629 903 728 940 mori
749 903 879 951 potius
895 915 1012 951 quam
1029 915 1094 940 eos

138 957 373 994 confirmare
401 956 556 1005 elegit3.
578 957 797 1005 Imperator
825 956 882 993 ira
911 956 1093 1004 percitus,

137 1010 365 1047 Zachariam
385 1010 719 1059 protospatarium
735 1010 902 1046 Romam
919 1009 1039 1054 misit,
1051 1012 1095 1046 ut

138 1063 318 1112 Sergium
349 1061 724 1111 Constantinopolim
746 1062 990 1110 perduceret.
1015 1063 1093 1099 Sed

138 1116 280 1153 militia
299 1116 544 1154 Ravennatis
565 1118 605 1152 et
625 1115 789 1152 ducatus
805 1115 1093 1164 Pentapolitani

139 1181 207 1218 pro
220 1169 442 1206 defensione
459 1168 662 1206 Pontificis
682 1179 794 1205 arma
812 1168 1000 1216 sumpsit,
1020 1169 1094 1205 Ro-

138 1234 243 1260 mam
262 1222 455 1267 accurrit,
475 1225 513 1259 et
527 1221 755 1258 Zachariam
776 1233 865 1258 cum
886 1223 1094 1259 contume-

139 1275 194 1313 lia
214 1276 309 1313 urbe
331 1275 478 1324 pepulit
494 1273 521 1311 ⁴.

192 1329 335 1366 Postea
350 1327 631 1365 Constantinus
659 1328 698 1364 et
727 1326 974 1372 Hadrianus,
1005 1328 1092 1365 RR.

140 1381 242 1426 PP.,
263 1393 328 1419 eos
361 1381 462 1418 30103
490 1394 511 1418 0
540 1379 739 1417 Trullanis
773 1381 986 1417 canonibus
1024 1392 1093 1429 pro

137 1434 299 1471 ecclesia
310 1434 461 1471 Graeca
473 1434 690 1482 probarunt
701 1444 769 1470 seu
786 1433 1016 1478 tolerarunt,
1029 1433 1094 1480 qui

138 1486 414 1524 ecclesiasticis
435 1486 580 1535 regulis
610 1498 685 1523 non
713 1486 1024 1523 adversabantur
1039 1485 1065 1523 ⁵.

191 1540 253 1577 40.
276 1540 480 1577 Saraceni
497 1541 543 1576 in
567 1540 717 1587 Africa
730 1560 781 1564 —
793 1539 1093 1576 Mahometano-

138 1603 226 1629 rum
247 1604 447 1629 armorum
468 1603 690 1640 progressu,
712 1603 813 1628 anno
833 1592 911 1629 698
932 1592 1093 1629 Sarace-

138 1645 191 1691 ni,
213 1645 273 1682 uti
293 1645 463 1682 diximus
477 1643 491 1664 6
505 1674 514 1691 ,
536 1644 681 1682 iamdiu
703 1643 983 1693 Carthaginem
1005 1656 1091 1681 om-

138 1710 304 1747 nemque
317 1697 492 1736 Africam
514 1709 634 1745 usque
654 1697 703 1734 ad
716 1696 913 1734 Oceanum
935 1697 1094 1735 atlanti-

137 1762 225 1788 cum
244 1751 497 1799 occupabant.
509 1750 757 1799 Quapropter
768 1750 905 1799 religio
917 1750 1094 1788 christia-

137 1816 187 1841 na
202 1804 239 1840 in
250 1803 444 1850 Africa,in
463 1815 542 1852 qua
557 1803 649 1840 olim
666 1805 873 1852 tantopere
886 1804 1091 1848 floruerat,

138 1857 312 1904 deperire
333 1856 471 1905 coepit.
493 1857 590 1893 Cum
619 1868 667 1893 ea
695 1856 814 1893 etiam
844 1856 1012 1894 vidimus
1041 1856 1093 1893 ibi

135 1909 391 1958 deperiissent
411 1910 650 1954 litterarum,
669 1909 921 1946 scientiarum
936 1939 945 1956 ,
967 1911 1095 1947 bona-

137 1973 302 2009 rumque
332 1962 478 1999 artium
507 1962 636 1999 studia
657 1964 696 1999 et
717 1961 884 1999 cultura.
907 1964 1093 2000 Attamen

136 2015 213 2052 ista
234 2015 452 2062 Religionis
469 2015 706 2052 detrimenta
727 2015 932 2052 resarcivit
962 2016 1096 2053 divina

136 2068 384 2116 providentia
401 2079 593 2104 novorum
611 2068 842 2116 populorum
862 2069 910 2105 ad
932 2080 1020 2106 eam
1037 2081 1096 2106 ac-

137 2120 379 2158 cessionibus
400 2121 438 2157 in
460 2120 684 2158 Germania.

189 2174 253 2212 41.
275 2174 397 2210 Fidei
410 2175 661 2222 propayalz'o
691 2175 736 2211 in
763 2173 952 2211 Helvetia
980 2176 1094 2212 εἱειε-

134 2238 212 2276 que
233 2229 489 2264 incrementa
511 2229 554 2263 in
575 2227 804 2263 Germania
817 2247 865 2254 —
879 2227 960 2264 Hoc
982 2230 1021 2265 et
1042 2239 1095 2265 se-

136 2280 271 2329 quenti
309 2279 464 2317 saeculo
503 2279 641 2326 religio
677 2279 892 2316 christiana
919 2281 1096 2329 ingentia

136 2333 385 2370 incrementa
405 2332 507 2380 cepit
524 2332 786 2369 inGrerrnania
801 2344 920 2380 opera
941 2334 1094 2381 piorum

137 2386 490 2431 missionariorum,
510 2385 575 2433 qui
596 2385 785 2422 dilatandi
815 2385 851 2421 in
883 2387 999 2423 terris
1029 2398 1093 2423 re-

137 2451 259 2487 gnum
288 2438 431 2476 Christi
461 2441 501 2475 et
531 2438 786 2486 promovendi
817 2437 985 2475 salutem
1007 2440 1094 2476 ani-

139 2503 290 2529 marum
308 2492 439 2529 studio
462 2491 582 2537 ducti,
600 2492 751 2528 labores
767 2491 963 2539 improbos
979 2494 1018 2529 et
1034 2494 1098 2530 ad-

138 2557 254 2583 versa
274 2557 452 2593 quaeque
473 2544 603 2582 subire
624 2546 737 2581 erant
758 2544 895 2592 parati.
914 2545 996 2582 Iam
1017 2557 1039 2582 a
1061 2546 1094 2582 II

139 2602 178 2635 et
195 2598 249 2634 111
271 2598 426 2635 saeculo
447 2598 663 2636 christiana
683 2597 778 2634 fides
796 2597 949 2644 perlata
967 2598 1096 2636 suerat

138 2651 176 2687 in
194 2651 376 2699 regiones
393 2651 499 2689 cirea
509 2650 793 2695 I)anubium,in
805 2650 1042 2696 Helvetiam,
1057 2652 1093 2687 in

137 2703 340 2749 Noricum,
362 2704 397 2740 in
422 2704 622 2748 Rhetiam,
644 2703 681 2740 in
701 2705 829 2741 terras
859 2704 1097 2740 111101101ὶηί-

137 2756 278 2803 timas,
300 2757 366 2793 sed
389 2758 647 2795 barbarorum
669 2756 937 2793 invasionibus
967 2757 1095 2794 eccle-

181 2871 189 2891 ¹
215 2873 261 2902 De.
276 2881 332 2901 sem
349 2872 505 2903 aetatibus
521 2871 648 2910 mundi,
666 2881 693 2911 p.
718 2871 783 2903 116.

178 2913 192 2933 ‘³
211 2913 429 2944 (Jnmmeular.
447 2913 700 2945 Nmnocummz's.

177 2955 190 2974 -Ὶ
211 2957 316 2985 Anasi.
333 2955 362 2984 in
388 2954 453 2985 l‘i'lu
467 2954 580 2995 Seryii
596 2955 618 2985 Ι.

178 2996 190 3017 ⁴
208 2999 324 3033 Anast,
342 2996 414 3026 ibid.

177 3037 316 3067 511ι11011.
351 3038 390 3066 :id
418 3046 465 3066 an.
494 3037 570 3074 «3923
595 3038 624 3067 s).
650 3038 751 3076 Lupus
768 3061 775 3072 ,
803 3035 882 3067 mss.
906 3035 943 3066 (Ie
973 3035 1095 3073 synodo

141 3076 239 3148 Trup.
257 3082 274 3108 1.
295 3077 346 3116 111;
365 3080 382 3108 Ι.
399 3078 428 3108 13.
448 3079 728 3116 1¹:1nna‚['1·uelect.
748 3078 824 3109 [list.
842 3077 915 3109 eccl.
934 3082 953 3108 1.
971 3077 1010 3115 11,
1027 3087 1055 3117 p.
1075 3078 1096 3116 Ι,

137 3128 163 3149 c.
186 3119 230 3148 κ..

177 3160 191 3181 ⁰
207 3162 279 3198 l‘ng.
303 3161 334 3190 17
346 3160 367 3190 t.

663 101 820 128 EPOCHA
849 102 886 128 V.
916 102 943 127 Α
971 100 1339 128 PSEVDOPROPHETA
1366 101 1570 128 MAHOMET

1136 164 1216 202 siae
1246 177 1291 203 ac
1325 165 1507 203 civitates
1533 165 1614 203 11110
1635 177 1778 215 magna
1797 179 1848 204 ex
1868 169 1980 216 parte
2000 178 2092 205 cor-

1137 221 1313 256 ruerant.

1189 271 1242 308 In
1257 271 1445 309 Helvetia
1465 271 1514 308 ab
1536 271 1694 319 antiquo
1709 273 1883 321 tempore
1899 273 2095 321 episcopa-

1137 323 1182 359 lis
1212 324 1324 360 sedes
1353 325 1486 360 erecta
1517 323 1648 361 fuerat
1666 324 1946 372 Vindonissae,
1973 337 2092 374 quam

1136 387 1237 412 anno
1257 376 1335 414 517
1358 377 1574 425 occupabat
1594 377 1812 424 Bubulcus,
1832 380 1875 415 ut
1895 381 2050 416 constat
2071 390 2092 415 e

1137 429 1486 477 subscriptionibus
1506 429 1911 477 synodiEpaonensis,
1928 443 1972 468 eo
1989 442 2092 468 anno

1138 481 1305 519 habitae.
1323 482 1436 519 Circa
1457 481 1630 518 medium
1652 480 1798 519 saeculi
1817 482 1873 520 VI
1894 483 2092 521 Maximus

1136 534 1335 582 episcopus
1346 534 1678 580 Vindonissensis,
1694 534 1824 572 sedem
1837 546 1949 572 suam
1963 538 2095 573 trans-

1136 587 1228 624 tulit
1243 587 1521 625 Constantiam.
1535 588 1573 624 S.
1585 587 1864 634 Columbanus,
1874 588 2096 626 Luxovien-

1136 639 1188 676 sis
1216 639 1256 676 in
1277 640 1406 677 Gallia
1424 640 1601 677 coenobii
1624 640 1811 677 fundator
1833 638 1867 686 ¹,
1896 653 1957 678 an.
1974 640 2052 678 609
2073 653 2096 678 a

1137 692 1378 729 Theoderico
1399 693 1653 741 Burgundiae
1682 705 1773 742 rege
1812 693 1974 741 eiusque
2005 693 2097 731 avia

1137 745 1388 782 Brunichilde
1418 758 1439 782 e
1468 746 1703 783 monasterio
1723 757 1794 783 suo
1815 747 1950 795 pulsus
1963 775 1973 792 ,
1989 746 2098 783 venit

1136 797 1174 834 in
1191 797 1426 843 Helvetiam,
1448 801 1487 835 et
1514 798 1626 836 annis
1646 800 1670 836 3
1690 798 1954 848 Evangelium
1981 810 2097 847 prae-

1136 850 1283 888 dicavit
1310 851 1528 889 infidelibus
1563 852 1666 900 apud
1699 851 1829 888 lacum
1857 851 2095 900 Tigurinum

1136 903 1322 953 (Zur-ich)
1352 907 1392 941 et
1420 904 1697 953 Brigantinum
1715 904 1981 955 (Breyentz),
2001 904 2096 941 mul-

1136 958 1273 1005 tosque
1293 958 1501 994 convertit.
1515 957 1551 996 S.
1569 957 1706 994 Gallus
1727 958 1772 994 D.
1789 956 2023 995 Columbani
2044 956 2097 994 di-

1136 1009 1310 1057 scipulus
1330 1011 1369 1047 et
1389 1010 1518 1047 socius
1531 1039 1540 1054 ,
1560 1012 1647 1058 post
1666 1010 1846 1058 magistri
1870 1010 1927 1047 sui
1950 1009 1989 1046 in
2010 1010 2097 1047 Ita-

1136 1061 1231 1099 liam
1261 1062 1473 1100 discessum
1490 1092 1500 1109 ,
1523 1063 1685 1099 celebris
1715 1062 1967 1109 monasterii,
1994 1062 2099 1111 quod

1137 1116 1186 1152 ab
1207 1115 1292 1152 eius
1312 1115 1469 1152 nomine
1490 1115 1728 1164 appellatum
1748 1118 1821 1161 est,
1839 1115 2097 1153 fundamenta

1137 1168 1266 1216 posuit
1286 1168 1335 1205 ad
1356 1169 1484 1206 lacum
1504 1168 1729 1215 Acronium,
1749 1169 1788 1205 in
1812 1168 1979 1206 dioecesi
2000 1168 2101 1205 Con-

1137 1221 1366 1266 stantiensi,
1394 1233 1614 1270 magnoque
1643 1232 1733 1258 cum
1767 1221 1925 1259 fervore
1958 1220 2096 1258 incolis

1137 1273 1228 1310 feris
1261 1274 1328 1311 sed
1360 1274 1439 1311 iam
1467 1275 1609 1322 ‘aliqua
1643 1287 1692 1311 ex
1726 1277 1838 1322 parte
1873 1273 2098 1312 christianis

1137 1326 1401 1376 Evangelium
1422 1327 1676 1376 praedicavit.
1688 1328 1846 1365 Mortuo
1862 1327 2100 1372 Gaudentio,

1137 1379 1317 1429 episcopo
1347 1380 1637 1417 Constantiensi
1652 1409 1661 1426 ,
1695 1380 1874 1418 oblatum
1907 1379 1978 1417 sibi
2014 1379 2100 1428 epi-

1136 1436 1339 1481 scopatum
1373 1445 1422 1469 ex
1451 1432 1675 1470 humilitate
1717 1432 1943 1478 recusavit,
1974 1436 2014 1469 et
2051 1432 2100 1469 ad

1135 1497 1225 1522 eum
1247 1487 1449 1533 promotus
1469 1485 1544 1522 fuit
1563 1485 1745 1532 Ioannes,
1766 1485 1851 1523 eius
1873 1485 2100 1534 discipulus,

1137 1538 1243 1575 Obiit
1261 1540 1423 1575 sanctus
1446 1539 1565 1575 abbas
1582 1538 1720 1575 Gallus
1735 1550 1798 1575 an.
1818 1538 1896 1576 646
1912 1537 1938 1576 ².

1190 1591 1242 1628 In
1263 1591 1454 1628 Bavaricc
1467 1591 1569 1628 —In
1600 1591 1763 1639 antiquo
1784 1590 1927 1628 Norico
1940 1620 1950 1637 ,
1975 1602 2094 1640 prae-

1136 1643 1271 1680 sertim
1298 1643 1337 1680 in
1364 1644 1588 1692 regionibus
1607 1644 1789 1681 Viennae
1819 1646 1860 1681 et
1880 1643 2096 1681 Passoviae

1135 1696 1326 1743 finitimis,
1343 1697 1499 1734 saeculo
1515 1697 1562 1743 V,
1577 1699 1619 1735 ut
1635 1697 1816 1743 vidimus,
1833 1696 2097 1745 Evangelium

1135 1749 1306 1786 maximo
1327 1761 1415 1787 cum
1441 1761 1627 1788 successu
1657 1750 1900 1798 praedicavit
1919 1761 1948 1787 s.
1971 1749 2097 1787 Seve-

1137 1803 1247 1839 rinus
1265 1801 1291 1840 3.
1308 1803 1459 1840 Deinde
1477 1803 1662 1840 ecclesiae
1679 1815 1768 1840 cum
1785 1803 1940 1840 sedibus
1954 1802 2098 1851 episco-

1137 1855 1288 1903 palibus
1310 1856 1509 1894 excitatae
1530 1859 1623 1893 sunt
1643 1856 1832 1894 Iuvaviae
1849 1868 1952 1893 nunc
1968 1855 2097 1893 Salis-

1137 1908 1262 1956 burgi,
1284 1909 1428 1957 Regini
1455 1921 1558 1946 nunc
1586 1909 1826 1946 Ratisbonae
1842 1938 1850 1954 ,
1872 1909 2100 1950 Quintanae

1138 1973 1239 1998 nunc
1260 1962 1493 2008 Passoviae,
1514 1962 1579 1999 sed
1607 1962 1720 2000 novis
1740 1962 2003 1999 barbarorum
2032 1962 2098 1998 in-

1138 2014 1363 2052 vasionibus
1384 2017 1619 2052 corruerunt
1633 2014 1660 2052 4.
1679 2015 1794 2052 Circa
1814 2014 1932 2052 finem
1948 2014 2098 2052 saeculi

1138 2067 1193 2104 VI
1214 2067 1465 2111 Garibaldus,
1482 2069 1561 2105 dux
1579 2068 1786 2105 Baioariae
1802 2079 1871 2106 3011
1884 2066 2096 2113 Bamriae,

1137 2119 1394 2157 christianam
1415 2121 1533 2158 fidem
1554 2121 1814 2169 profitebatur
1833 2120 1859 2158 ⁵.
1881 2123 1997 2159 Anno
2018 2120 2099 2157 cir-

1139 2172 1235 2210 citer
1255 2173 1332 2210 617
1354 2185 1382 2211 s.
1405 2174 1628 2220 Eustasius,
1648 2186 1677 2211 s.
1700 2174 1928 2211 Columbani
1960 2173 1999 2210 in
2028 2184 2097 2210 re-

1138 2225 1283 2273 gimine
1316 2226 1579 2263 Luxoviensis
1609 2226 1833 2263 monasterii
1866 2236 2100 2272 successor,

1138 2278 1254 2315 fidem
1275 2279 1531 2316 christianam
1554 2279 1797 2327 praedicavit
1824 2279 1926 2316 inter
1954 2278 2100 2316 Baioa-

1139 2331 1234 2377 rios,
1256 2343 1401 2380 magna
1423 2334 1533 2379 parte
1555 2332 1697 2369 ritibus
1718 2332 1886 2370 ethnicis
1906 2332 1972 2369 vel
2001 2332 2099 2380 pho-

1138 2384 1288 2421 tiniana
1314 2396 1380 2422 seu
1402 2385 1539 2422 ariana
1559 2385 1709 2422 haeresi
1740 2385 1906 2422 infectos
1926 2383 1952 2422 ⁰.
1984 2383 2098 2426 Quod

1139 2436 1171 2474 is
1191 2437 1407 2485 inceperat,
1428 2438 1567 2474 maiori
1588 2450 1676 2474 011111
1706 2438 1839 2476 fructu
1867 2439 2098 2487 prosecutus

1139 2493 1199 2527 est
1218 2502 1246 2527 3.
1265 2491 1525 2528 Emmeranus
1538 2522 1547 2537 ,
1566 2491 1827 2529 Pictaviensis
1845 2490 1908 2528 vel
1930 2490 2098 2528 alterius

1139 2543 1327 2580 ecclcsiae
1349 2545 1387 2580 in
1409 2544 1537 2581 Gallia
1557 2544 1779 2593 episcopus,
1799 2544 1866 2593 qui
1888 2544 1992 2581 circa
2011 2555 2098 2580 me-

1139 2595 1246 2632 dium
1281 2596 1395 2633 liuius
1430 2597 1575 2634 saeculi
1605 2598 1653 2633 ad
1684 2597 1966 2635 convertendos
1986 2597 2096 2633 Ava-

1140 2660 1202 2685 res
1223 2649 1449 2686 Pannoniae
1472 2650 1679 2697 proseetus,
1701 2651 1739 2686 in
1765 2650 1948 2696 Bavaria,
1970 2651 2098 2697 postu·

1139 2701 1246 2737 lante
1268 2702 1477 2739 Theodone
1500 2703 1619 2748 duce,
1639 2702 1836 2749 substitit,
1856 2702 2096 2740 Ratisbonae

1138 2754 1302 2800 aliisque
1343 2755 1380 2791 in
1412 2755 1504 2792 locis
1535 2756 1671 2792 Fidem
1708 2755 1919 2804 apostolico
1954 2754 2095 2792 ardore

1140 2807 1394 2855 praedicavit,
1407 2808 1605 2857 ingentem
1622 2820 1831 2846 numerum
1843 2808 1890 2845 ad
1907 2818 1994 2845 eam
2010 2818 2095 2844 con·

1182 2912 1189 2932 ¹
1211 2911 1277 2942 tid.
1293 2921 1388 2950 supra
1407 2922 1433 2951 p,
1457 2912 1521 2943 10⁴2.

1178 2954 1191 2973 ²
1210 2954 1343 2982 walfrid,
1359 2954 1479 2991 sii-alm,
1501 2954 1567 2985 ΠΜ
1582 2963 1605 2985 S.
1633 2954 1732 2993 Gallt';
1749 2953 1910 2990 Mabillona
1934 2951 2014 2983 ΑΒΜ
2040 2951 2099 2983 Be·

1141 2993 1251 3023 mediet.
1271 2998 1287 3023 1,
1309 2995 1340 3028 Η,
1358 3004 1383 3032 p,
1404 2995 1471 3025 ⁹3:3⁰,

1179 3036 1192 3053 ἕ*
1211 3035 1282 3063 vuli*
1301 3045 1328 3073 p.
1352 3036 1415 3064 1:313.

1180 3076 1191 3097 ’ί
1211 3077 1334 3111 11311311,
1353 3077 1526 3107 Germania
1542 3087 1644 3108 sacra.

1179 3117 1192 3137 5
1211 3116 1295 3153 i‘nui,
1316 3116 1442 3151 Crilica,
1460 3119 1507 3148 ad.
1527 3128 1574 3148 an.
1600 3118 1668 3148 551¹».

1179 3159 1192 3178 ‘²
1210 3158 1348 3188 liuhand.
1368 3161 1447 3190 Λεία
1467 3160 1519 3190 ὃὸ.
1536 3160 1574 3190 :39
1590 3162 1677 3190 mari.
