2241 3473
230 119 281 158 88

227 196 262 233 9.
283 196 542 232 Arz'anorum
562 197 695 228 status
723 201 851 237 usque
870 188 923 225 acl
946 192 1118 224 mortem

181 249 446 286 Constantini
464 269 515 273 —
535 243 721 286 Quamvis
742 254 844 278 nunc
874 240 1050 278 sollemni
1079 242 1118 277 et

174 301 366 339 infallibili
387 299 581 337 Ecclesiae
603 295 742 333 iudicio
762 295 910 332 Ariana
947 293 1117 331 haeresis

174 357 277 392 esset
297 355 481 391 damnata
501 356 539 388 et
560 349 669 387 Fidei
686 349 827 396 dogma
843 347 1055 393 definitum,
1071 347 1116 384 lis

174 411 303 444 tamen
325 406 440 455 paulo
462 406 547 452 post
568 401 778 439 recruduit.
796 401 984 439 Eusebius
999 400 1117 438 Nico-

176 459 378 497 mediensis
419 460 458 495 et
491 455 687 504 Theognis
721 454 919 492 Nicaenus
950 454 1117 504 episcopi

174 513 376 550 nonnullos
400 510 553 547 arianos
573 509 622 546 ad
643 508 953 546 communionem
992 509 1116 545 eccle-

173 566 367 603 siasticam
380 564 775 608 admiserunt,contra
784 561 1015 599 vocabulum
1024 565 1120 610 ὁμοε-

173 633 243 659 σιος
271 618 559 662 reclamarunt,
593 627 762 664 suasque
796 615 1117 663 subscriptiones,

175 684 268 722 quas
296 670 546 708 fraudulento
568 669 695 706 animo
725 671 764 706 et
792 681 841 706 ex
870 669 1118 717 imperatoris

175 731 280 763 metu
303 724 502 769 dederant,
524 725 772 769 revocarunt3
794 726 1027 771 quapropter
1048 735 1117 760 eo-

174 780 260 816 dem
281 790 382 815 anno
402 777 480 815 325
502 789 525 814 a
545 776 797 815 Constantino
814 776 851 812 in
873 775 1042 813 Galliam
1062 788 1119 813 re-

172 832 291 880 legati
306 833 407 869 sunt.
424 830 574 868 Verum
595 832 681 878 post
701 841 820 867 annos
836 829 860 866 3
876 829 1029 867 sedibus
1041 829 1118 867 suis

173 885 342 923 restituti
362 884 534 930 fuerunt,
556 884 645 932 quia
665 884 704 921 in
725 882 865 920 litteris
881 883 928 920 ad
964 883 1118 932 praeci-

175 951 268 988 puos
288 939 487 988 episcopos
504 938 604 975 datis
617 967 626 983 ,
649 941 833 974 consueta
870 937 1118 974 simulatione

174 993 436 1037 asseruerant,
456 1003 496 1028 se
517 990 820 1039 subscriptiones
839 1001 929 1027 suas
950 1002 1024 1027 non
1044 990 1118 1027 alia

173 1058 221 1084 ex
243 1057 362 1083 causa
381 1056 595 1091 revocasse,
616 1056 734 1092 quam
750 1044 852 1092 quod
869 1043 1003 1080 Arium
1018 1055 1118 1081 erro-

174 1112 281 1145 rum,
303 1099 336 1136 ei
366 1111 389 1136 a
417 1098 578 1135 concilio
618 1097 923 1145 adscriptorum,
964 1097 1118 1134 minime

173 1164 283 1190 reum
303 1155 342 1190 et
362 1151 522 1201 proinde
543 1151 793 1189 anathemate
814 1151 919 1187 haud
959 1151 1118 1198 dignum

174 1207 413 1253 iudicarant3
441 1205 597 1242 interim
626 1217 680 1250 se,
702 1217 748 1241 ne
770 1204 976 1241 haereseos
997 1205 1119 1242 habe-

175 1262 317 1298 rentur
346 1259 532 1308 suspecti,
565 1259 742 1295 omnibus
772 1258 920 1294 concilii
951 1258 1119 1295 decretis

176 1314 288 1363 plene
310 1312 539 1351 consentire.
563 1312 678 1349 Arius
693 1312 773 1360 ipse
786 1324 906 1360 quum
916 1315 1119 1357 assereret,

176 1380 216 1405 se
243 1379 319 1404 non
348 1369 481 1404 tenere
511 1377 665 1402 errores
694 1378 717 1402 a
748 1364 911 1402 concilio
946 1365 1118 1403 Nicaeno

177 1421 394 1465 damnatos,
416 1426 533 1468 atque
550 1420 597 1456 ad
618 1419 690 1455 hoc
711 1419 1024 1468 persuadendum
1045 1419 1120 1455 im-

176 1475 343 1523 peratori
366 1474 567 1511 subdolam
584 1471 674 1509 fidei
695 1473 972 1521 professionem
992 1472 1117 1509 tradi-

177 1528 308 1574 disset,
321 1528 369 1565 ab
381 1527 497 1564 exilio
518 1530 724 1563 revocatus
738 1526 947 1564 est.Ariani
964 1537 1121 1574 prospe-

178 1594 221 1618 ra
241 1582 312 1619 hac
331 1581 492 1618 fortuna
511 1592 603 1617 mox
620 1579 676 1616 usi
690 1584 780 1617 sunt
791 1580 840 1616 ad
852 1582 999 1616 sectam
1012 1591 1119 1617 suam

176 1636 408 1684 augendam.
439 1633 532 1671 Rati
567 1644 660 1671 vero
689 1632 1011 1671 dissimulandum
1040 1644 1122 1670 esse

176 1688 360 1738 quamdiu
382 1688 534 1725 viveret
544 1687 835 1732 Constantinus,
847 1685 912 1735 qui
930 1686 1122 1723 neminem

177 1742 374 1780 Nicaenae
393 1740 484 1778 fidei
504 1745 638 1790 aperte
663 1740 855 1789 refragari
878 1739 1098 1789 patiebatur
1115 1769 1124 1786 ,

178 1795 344 1844 obliquis
364 1796 515 1833 artibus
536 1794 645 1832 illam
662 1795 951 1843 oppugnarunt,
972 1796 1125 1830 conten-

179 1851 328 1895 dentes,
350 1848 489 1886 Arium
512 1860 703 1896 nusquam
723 1847 896 1884 docuisse
917 1858 1082 1892 errores,
1103 1859 1124 1884 a

179 1903 214 1941 N
221 1904 353 1940 icaeno
375 1901 535 1939 concilio
557 1902 772 1946 damnatos,
791 1912 927 1938 vocem
947 1901 1124 1937 consul)-

179 1957 390 1993 stcmtialz's
430 1968 505 1992 non
535 1967 618 1993 csse
649 1954 926 1999 necessariam,
955 1954 1124 2001 satisque

180 2022 263 2047 esse
284 2009 401 2047 fidem
423 2009 469 2046 de
491 2008 591 2046 Filio
614 2008 682 2045 Dei
722 2007 893 2056 profiteri
929 2007 1058 2043 verbis
1095 2019 1123 2044 s.

181 2064 418 2112 Scripturac.
458 2062 627 2099 Subinde
658 2061 787 2098 omnia
824 2062 1053 2113 tentarunt,
1086 2064 1126 2097 ut

178 2118 404 2166 praecipuos
425 2116 623 2153 Nicaenae
645 2114 734 2152 fidei
756 2114 974 2152 defensores
995 2126 1016 2150 e
1032 2113 1127 2151 sedi-

182 2172 252 2208 bus
272 2169 550 2219 episcopalibus
572 2169 798 2214 delicerent,
822 2180 964 2216 casque
982 2167 1050 2216 ipsi
1074 2166 1126 2203 in-

179 2225 382 2262 vaderent.
407 2224 449 2261 In
471 2223 604 2272 primis
624 2222 778 2270 quidem
809 2234 870 2259 an.
898 2221 972 2259 331
1002 2221 1125 2258 Euse-

179 2279 266 2315 bius
294 2276 614 2321 Nicomediensis,
644 2275 838 2313 adiunctis
868 2275 935 2312 sibi
959 2273 1127 2312 Eusebio

180 2329 452 2377 Caesarecnsi,
482 2329 705 2378 Patrophilo
739 2327 976 2377 Scytopolis,
1014 2327 1128 2364 Aetio

181 2385 353 2434 Lyddae,
369 2384 569 2421 Theodoto
590 2382 840 2426 Laodicacac,
861 2382 1024 2429 aliisque
1044 2380 1126 2418 Arii

182 2438 374 2488 patronis,
404 2437 633 2475 Antiochiae
660 2434 958 2473 conciliabulum
988 2434 1128 2483 coegit,

181 2493 219 2529 in
241 2504 316 2541 quo
347 2492 391 2529 l).
419 2490 669 2528 Eustatliium
705 2489 965 2538 patriarcham
1000 2488 1131 2526 Antio-

181 2548 348 2583 clienum
369 2557 440 2583 ccu
471 2543 754 2581 Sabellianismi
790 2545 830 2580 ct
863 2541 1128 2579 fornicationis

183 2612 291 2637 rcum
314 2600 588 2648 deposuerunt,
609 2600 648 2634 et
668 2609 691 2634 a
710 2596 963 2633 Constantino
1003 2596 1128 2643 impe-

186 2659 326 2698 ratore,
346 2653 406 2689 cui
431 2652 635 2689 veritatem
673 2649 880 2686 criminum
921 2660 1127 2697 persuase-

184 2709 296 2752 runt,
325 2707 364 2743 in
398 2706 607 2743 Thraciam
644 2703 896 2751 relegandum
928 2705 1127 2739 curarunt.

186 2761 274 2797 l'ari
299 2760 434 2797 fraude
456 2759 717 2807 deposuerunt
734 2756 962 2804 Eutropiun‘i
984 2756 1126 2792 Adria-

187 2814 462 2862 nopolitanum,
485 2812 687 2860 Asclepaxn
710 2812 919 2847 Gazcnscni
941 2809 1126 2857 aliosque,

187 2867 225 2903 in
257 2878 419 2914 quorum
450 2867 550 2903 sicut
579 2865 615 2902 in
648 2865 691 2902 l).
716 2862 909 2901 lssustathii
938 2864 1048 2901 sedes
1071 2862 1127 2898 in-

185 2923 385 2957 truserunt
404 2932 495 2957 suae
517 2919 693 2956 factionis
714 2918 829 2955 viros.

238 2973 398 3012 Nullum
429 2985 521 3009 vcro
544 2973 665 3020 inagis
686 2972 850 3009 odorant
869 2983 983 3019 quam
1002 2970 1129 3008 Atha-

188 3027 353 3072 nasium,
370 3026 432 3074 qui
460 3030 544 3075 post
563 3030 724 3063 mortem
745 3025 958 3063 Alexandri
981 3036 1040 3062 an.
1054 3024 1130 3060 320

189 3129 402 3167 Camerinum,
426 3131 443 3160 Ι.
468 3130 522 3167 lli,
545 3141 571 3161 υ.
594 3131 682 3168 (izi-‘k
707 3133 839 3169 socrat,
865 3132 944 3163 llisc.
968 3131 1040 3163 eccl.
1067 3132 1081 3161 Ι.
1107 3132 1130 3163 1,

187 3182 211 3201 c.
235 3173 306 3208 ‹kt-193
331 3174 488 3203 somnum.
514 3175 530 3202 Ι.
550 3173 570 3207 Ι,
589 3183 614 3203 ‹·.
637 3173 679 3211 17,
699 3173 811 3212 iti-253
829 3174 1009 3205 'rncodoret
1030 3174 1045 3204 Ι.
1065 3174 1087 3212 1,
1104 3184 1127 3204 c.

187 3211 277 3250 '1-103
296 3213 407 3252 Labbc,
426 3212 542 3245 Concil.
560 3217 579 3245 Ι.
597 3215 628 3252 ΙΙ,
642 3224 669 3254 p.
689 3214 702 3244 l
722 3225 787 3255 seq.

652 125 811 154 EPOCHA
839 127 896 152 111.
927 126 953 152 A
981 122 1258 151 CONVERSIONE
1286 122 1551 149 CONSTANTINI
1578 124 1620 150 M.

1158 185 1286 225 factus
1328 187 1552 236 patriarcha
1594 188 1885 226 Alexandrinus
1906 218 1914 236 ,
1963 188 2106 227 factio-

1159 252 1291 278 sorum
1332 252 1453 290 prava
1490 241 1620 278 studia
1657 244 1881 280 constanter
1931 242 2106 280 debella-

1159 294 1236 340 bat,
1266 297 1305 331 et
1325 306 1448 342 neque
1477 293 1593 331 iussis
1615 305 1738 342 neque
1767 295 1878 332 minis
1912 296 2105 333 Constan-

1159 346 1244 393 tini,
1265 359 1379 395 quem
1400 337 1557 385 factio!
1568 347 1700 384 multis
1717 348 1919 387 fraudibus
1943 349 2108 386 circum-

1162 403 1365 445 venerant,
1393 401 1611 449 permoveri
1633 403 1787 449 poterat
1820 402 1869 439 ad
1901 403 2037 441 Arium
2067 402 2107 439 in

1160 453 1365 491 ecclesiam
1394 453 1703 492 Alexandrinam
1736 455 2013 503 recipiendum.
2044 455 2106 492 Illi

1160 511 1290 544 autem
1303 507 1495 545 adiunctis
1511 507 1582 545 sibi
1599 507 1855 545 schismaticis
1867 508 2107 554 Meletianis,

1160 562 1569 610 sanctumpraesulem
1585 561 1686 610 apud
1706 561 1982 610 imperatorem
1998 574 2111 600 accu-

1159 615 1296 651 sarunt
1315 614 1450 663 stupri,
1468 615 1571 652 necis
1586 614 1741 652 Arsenii
1759 614 1943 663 episcopi,
1960 616 2108 653 extorsi

1159 668 1207 704 ab
1216 668 1494 706 Alexandrinis
1502 668 1638 706 tributi
1648 668 1925 716 ,aliorumque,
1937 680 1959 706 a
1968 668 2108 717 quibus

1159 721 1398 759 Athanasius
1418 724 1502 759 erat
1516 722 1786 760 alienissimus.
1812 721 2108 769 Constantinus,

1162 774 1227 823 qui
1248 775 1296 812 ab
1317 786 1377 812 an.
1399 776 1476 813 330
1497 774 1831 824 Constantinopoli
1852 775 1984 813 sedem
2006 774 2111 812 fixe-

1160 831 1234 873 rat,
1255 828 1422 866 assiduis
1444 829 1752 867 Eusebianorum
1774 828 1848 877 (ita
1869 828 1917 866 ab
1941 828 2110 866 Eusebio

1161 881 1449 919 Nicomediensi
1470 882 1559 919 dicti
1582 886 1672 921 sunt
1690 882 1776 920 Arii
1797 881 1990 932 fautores)
2023 882 2110 919 cla-

1162 934 1329 972 moribus
1349 935 1550 984 impulsus,
1572 948 1632 974 an.
1654 935 1732 974 335
1747 935 1786 972 in
1801 947 1921 973 causa
1938 935 2112 974 Athana-

1159 987 1205 1024 sii
1227 989 1418 1036 synodum
1438 989 1579 1027 indixit
1599 989 1709 1038 Tyri.
1729 990 1771 1027 In
1792 1001 1838 1026 ea
1860 987 2114 1034 Athanasius,

1162 1042 1341 1090 quamvis
1377 1043 1458 1079 sole
1497 1043 1640 1080 clarius
1675 1054 1715 1080 se
1749 1055 1772 1080 a
1810 1041 2015 1079 calumniis
2050 1042 2113 1079 ad-

1161 1095 1421 1135 versariorum
1465 1096 1713 1141 vindicasset,
1749 1096 2111 1133 excommunicatus

1161 1151 1276 1197 atque
1306 1149 1501 1197 depositus
1535 1149 1620 1186 fuit.
1656 1149 1836 1197 Iniquam
1874 1148 2111 1187 sententiam

1161 1202 1297 1239 merito
1309 1202 1459 1251 sprevit
1471 1203 1723 1248 Athanasius,
1735 1203 1774 1239 et
1790 1201 1828 1239 in
1844 1201 2113 1239 Alexandrina

1161 1255 1326 1293 ecclesia
1346 1256 1570 1305 permansit.
1591 1255 1800 1294 Eusebiani
1825 1255 1933 1304 Tyro
1949 1254 2114 1305 profecti

1161 1311 1252 1346 sunt
1274 1309 1565 1358 Hierosolymas
1586 1310 1634 1347 ad
1655 1309 1866 1347 solemnem
1895 1309 2112 1347 dedicatio-

1162 1374 1250 1399 nem
1276 1362 1460 1400 basilicae
1474 1393 1482 1408 ,
1503 1363 1608 1400 curis
1629 1362 1872 1400 Constantini
1891 1364 2112 1401 extructae.

1163 1416 1218 1453 Ibi
1237 1420 1395 1465 peracta
1406 1416 1634 1462 festivitate,
1647 1429 1790 1454 novum
1813 1416 2112 1454 conciliabulum

1163 1470 1396 1515 habuerunt,
1418 1470 1455 1506 in
1477 1481 1554 1518 quo
1574 1470 1691 1508 Arius
1704 1474 1788 1519 post
1801 1469 1891 1507 fidei
1913 1469 2114 1519 professio-

1165 1534 1264 1568 nem,
1286 1524 1411 1571 specie
1432 1524 1587 1571 quidem
1609 1523 1843 1561 catholicam
1874 1523 1938 1562 sed
1972 1534 2115 1561 revera

1165 1577 1506 1624 znnbiguam,quae
1517 1589 1584 1615 nec
1601 1589 1776 1615 errorem
1792 1577 2027 1616 excludebat
2042 1589 2115 1614 nec

1165 1627 1311 1667 Filium
1332 1630 1444 1667 Patri
1464 1631 1835 1669 consubstantialem
1880 1632 1951 1668 aut
1980 1642 2116 1668 verum

1165 1683 1290 1720 Deum
1311 1683 1477 1731 dicebat,
1493 1683 1531 1721 in
1549 1684 1858 1722 communionem
1877 1687 2061 1734 receptus
2076 1686 2117 1721 et

1168 1748 1256 1774 cum
1277 1737 1464 1785 synodica
1485 1738 1646 1787 epistola
1662 1739 1710 1775 ad
1728 1738 1932 1775 ecclesiam
1951 1738 2118 1776 Alexan-

1168 1791 1319 1828 drinam
1339 1791 1526 1829 remissus
1547 1794 1616 1829 est.
1649 1794 1700 1829 At
1721 1791 1958 1830 Athanasius
1978 1802 2115 1829 eorum

1168 1844 1435 1882 simulationes
1451 1846 1594 1894 optime
1606 1857 1780 1891 noscens,
1797 1846 1937 1883 Arium
1955 1844 2116 1882 minime

1168 1897 1326 1946 recepit.
1349 1898 1598 1947 Quapropter
1618 1898 1674 1935 illi
1696 1899 1806 1936 novis
1823 1898 2034 1936 calumniis
2068 1901 2118 1936 A-

1167 1951 1391 1988 thanasium
1432 1953 1532 2000 apud
1560 1952 1835 2001 imperatorem
1861 1953 2116 1999 accusarunt,

1169 2005 1269 2052 quod
1292 2005 1514 2052 impediret,
1537 2017 1583 2042 ne
1611 2006 1849 2043 frumentum
1872 2005 2117 2043 Alexandria

1169 2057 1542 2106 Constantinopolim
1558 2059 1783 2097 veheretur.
1803 2059 1918 2096 Unde
1935 2058 2118 2096 effectum

1170 2113 1254 2155 est,
1287 2114 1330 2147 ut
1350 2110 1628 2149 Constantinus
1653 2124 1714 2150 an.
1748 2113 1826 2151 336
1860 2112 2119 2150 Athanasium

1176 2164 1359 2201 Treviros
1381 2164 1418 2201 in
1441 2165 1580 2202 Galliis
1603 2166 1802 2214 relegarit.

1226 2217 1370 2254 Eodem
1405 2230 1505 2255 anno
1527 2219 1643 2257 Arius
1672 2219 1889 2257 miserrime
1920 2218 2120 2257 extinctus

1171 2275 1239 2308 est.
1262 2271 1322 2308 Ab
1343 2271 1506 2309 ccclesia
1528 2273 1810 2318 Alexandrina,
1833 2284 1930 2321 quae
1951 2273 1989 2309 in
2010 2284 2119 2310 com-

1172 2324 1354 2361 munione
1376 2337 1462 2361 cum
1484 2326 1600 2363 exule
1619 2327 1794 2375 praesule
1807 2328 2030 2364 constanter
2038 2338 2121 2376 per-

1171 2378 1380 2423 scveravit,
1403 2379 1595 2426 repulsam
1615 2381 1870 2428 passus,ctab
1889 2379 2121 2418 Eusebianis

1171 2431 1541 2480 Constantinopolim
1555 2438 1725 2478 vocatus,
1736 2434 1828 2470 dum
1840 2433 2019 2471 sollemni
2030 2445 2120 2471 cum

1173 2497 1309 2533 pompa
1339 2485 1384 2522 ad
1416 2486 1631 2531 ecclesiam,
1652 2487 1892 2525 reclamante
1914 2487 2005 2526 licet
2024 2487 2119 2525 Ale-

1172 2540 1319 2575 xandro
1341 2538 1530 2588 episcopo,
1548 2540 1767 2587 duceretur,
1783 2541 1909 2578 medio
1924 2541 1962 2578 in
1977 2540 2119 2579 itinere

1171 2591 1300 2629 subita
1321 2596 1484 2629 naturae
1512 2594 1739 2631 necessitate
1767 2595 1895 2632 locum
1924 2596 2119 2632 secretum

1173 2645 1294 2693 petiit,
1317 2646 1378 2682 ubi
1402 2645 1575 2696 disrupto
1594 2650 1729 2684 ventre
1746 2648 1978 2698 dilapsisque
1995 2647 2120 2685 visce-

1173 2698 1278 2735 ribus
1298 2699 1466 2736 animam
1491 2701 1685 2748 periuram
1708 2702 1837 2739 emisit
1856 2700 1880 2739 ¹.

1223 2751 1431 2789 Nonnullis
1474 2754 1715 2792 Constantini
1745 2753 1995 2805 imperatoris
2024 2754 2121 2792 fides

1171 2810 1350 2853 suspecta
1368 2808 1451 2843 visa
1472 2811 1548 2851 cst,
1570 2809 1670 2856 quod
1690 2820 1777 2846 cum
1798 2807 1963 2846 Eusebio
1998 2806 2119 2845 Nico-

1174 2859 1355 2895 mediensi
1373 2859 1532 2909 aliisquo
1554 2862 1634 2899 Arii
1659 2862 1831 2911 patronis
1863 2861 2121 2899 communica-

1173 2912 1235 2955 rit,
1253 2913 1509 2951 Athanasium
1534 2928 1627 2953 vcro
1647 2918 1687 2953 et
1704 2915 1800 2954 alios
1819 2914 2017 2953 Nicaenae
2032 2914 2121 2952 fidei

1173 2966 1393 3003 defensores
1416 2967 1450 3003 in
1475 2969 1634 3006 exilium
1656 2969 1817 3007 miserit.
1840 2968 1990 3006 Verum
2006 2967 2122 3006 Euse-

1175 3019 1256 3055 bius
1287 3019 1452 3068 aliique,
1475 3022 1660 3071 quamdiu
1690 3021 1791 3060 vixit
1820 3021 2119 3068 Constantinus,

1216 3131 1223 3151 ¹
1243 3134 1268 3161 s.
1295 3134 1413 3168 Alban..
1437 3133 1569 3173 Λρυίωῃ.
1596 3133 1666 3165 mlv.
1691 3133 1812 3169 Arica„
1836 3135 1865 3164 et
1888 3132 1919 3165 L.
1940 3131 1978 3163 de
1993 3132 2120 3172 synod..

1174 3174 1300 3211 Serrai„
1324 3174 1411 3206 Ilist.
1434 3175 1505 3206 eccl.
1524 3176 1540 3206 l.
1559 3176 1581 3214 Ι,
1597 3186 1621 3206 c.
1639 3176 1667 3213 l),
1686 3175 1736 3213 '183
1754 3176 1912 3206 sozomen.
1931 3172 1949 3205 l.
1967 3174 2001 3212 ΙΙ,
2020 3184 2046 3205 c.
2064 3174 2119 3215 193

1175 3215 1284 3253 25:2st
1302 3217 1484 3248 'theodoret
1502 3216 1521 3248 Ι.
1538 3218 1559 3256 l,
1575 3227 1598 3248 c.
1617 3217 1666 3257 21,
1683 3217 1737 3256 ⁹2(·›;
1754 3217 1864 3248 llul'ssn.
1881 3215 1899 3248 l.
1916 3215 1940 3256 1,
1956 3225 1981 3248 c.
2001 3215 2046 3247 11.
