2241 3473
629 159 768 189 VSQVE
790 158 845 186 AD
865 154 1152 185 PRAESENTEM
1175 153 1379 183 AETATEM

41 244 127 271 sma
155 243 254 281 pene
280 232 449 269 deletum
464 232 536 269 fuit
553 233 807 269 conversione
828 231 988 280 pseudo-

45 287 296 335 patriarchae
311 287 518 334 Kupclian,
534 287 595 334 qui
612 287 744 322 divina
760 287 889 333 gratia
904 296 987 332 per-

43 347 171 376 motus
195 339 326 375 sedem
352 342 613 375 Armenorum
633 340 923 376 Catholicorum
951 339 987 372 in

45 404 183 430 manus
211 394 389 440 gubernii
417 393 665 429 Othomanici
695 392 923 439 resignavit,
952 396 990 426 et

46 446 355 494 posteaRomam
377 447 576 493 profectus
588 446 766 482 Pontifici
779 444 988 481 LeoninlI

45 511 86 536 se
104 500 281 542 subiecit,
302 511 324 536 a
342 511 414 547 quo
442 499 502 535 dic
532 500 574 536 18
595 501 728 546 api-ills
757 500 846 536 1878
863 498 909 534 ad
931 510 990 544 pe—

46 552 138 588 dum
159 553 332 589 osculum
346 553 550 594 admissus,
571 553 810 599 episcopalia
826 550 990 598 insignia

49 606 241 653 singulari
262 607 464 653 privilegio
485 606 992 652 accepit.Qnap1·opterAr-

46 661 149 696 meni
178 660 358 696 catholici
390 659 579 706 gubernio
606 659 853 695 othomanico
880 658 991 693 vehe-

49 720 204 750 menter
232 714 416 758 gratulati
443 720 544 757 sunt,
571 719 609 750 et
635 714 682 748 D.
709 714 864 748 Hassun
880 712 928 747 ab
946 722 992 747 eo

48 767 158 802 bcrat
185 774 430 809 consecutus,
459 767 613 813 praesul
642 767 843 803 Ecclesiae
864 764 994 801 catho-

47 820 147 856 licae
175 822 373 856 Armenae
402 821 644 856 renuntiatus
670 825 742 856 est.

98 874 178 909 Leo
207 874 294 909 XIII
323 873 358 908 in
378 874 614 909 allocutione
642 874 774 909 habita
800 873 839 908 in
865 872 993 911 Consi-

54 928 176 963 storio
203 927 277 963 diei
299 926 341 962 12
361 928 451 962 maii
475 928 576 970 1879,
595 927 864 965 Cardinalibus
891 932 993 973 pate·

47 981 215 1017 faciebat
241 982 536 1028 persecutiones
563 981 611 1016 ab
638 981 823 1016 Armenis
851 980 995 1015 invicte

48 1034 238 1070 toleratas
253 1046 322 1082 per
339 1046 478 1071 novem
496 1045 634 1077 annos,
646 1034 995 1070 etconversionem

48 1088 260 1135 Kupeliani
290 1090 391 1125 laeto
419 1090 548 1124 animo
577 1089 755 1124 recolens
776 1088 994 1134 inquiebat:

49 1154 69 1176 c
84 1142 367 1179 Gratulandum
378 1143 500 1178 Nobis
514 1146 586 1184 est,
600 1141 698 1188 quod
714 1141 895 1176 diuturno
913 1152 996 1176 cer-

51 1196 196 1232 tamine
236 1197 463 1244 consopito,
491 1195 706 1231 catholicus
733 1197 993 1231 Armenornm

51 1256 186 1286 coetus
201 1251 358 1298 eiusque
378 1249 612 1285 Patriarcha
628 1249 838 1295 legitimus,
857 1261 993 1296 pacem

50 1304 155 1340 nacti
172 1315 261 1340 cum
280 1302 532 1349 dignitate,in
550 1303 836 1349 possessionem
854 1302 994 1338 iurium

54 1368 214 1393 suorum
239 1358 287 1393 ab
307 1356 504 1404 Imperiali
525 1356 713 1402 gubernio
737 1356 997 1392 Othomanico

50 1410 197 1447 fuerint
223 1411 404 1447 restituti.
433 1409 519 1450 Qua
546 1409 592 1445 de
620 1421 663 1446 re
691 1410 852 1446 meritas
871 1409 998 1446 eidem

51 1463 246 1500 Gubernio
274 1463 408 1500 laudes
435 1462 688 1506 conferimus,
717 1463 830 1510 quod,
856 1463 1000 1509 agnitis

51 1518 173 1554 semel
191 1517 508 1554 adversariorum
532 1517 750 1559 calumniis,
769 1528 818 1553 ea
834 1517 1001 1552 libenter

53 1571 256 1607 catholicis
279 1571 475 1612 tribuerit,
495 1583 593 1618 quae
615 1572 786 1617 ipsorum
806 1571 864 1606 ius
880 1576 919 1606 et
938 1580 1001 1605 ae—

52 1625 116 1671 qui
135 1624 368 1670 Imperantis
386 1625 556 1660 officium
576 1625 807 1670 flagitabant
822 1637 857 1657 ».

102 1678 234 1725 Itaque
250 1679 409 1714 ineunte
426 1689 527 1714 anno
548 1679 636 1715 1881
656 1677 892 1714 Patriarcha
906 1678 1003 1712 Has-

53 1743 126 1768 sun
143 1732 320 1767 omnibus
345 1731 463 1768 finem
491 1732 714 1767 schismatis
741 1731 971 1767 enunciavit
993 1759 1001 1775 ,

57 1790 97 1822 et
115 1785 188 1832 ipsi
202 1785 383 1821 monachi
403 1789 616 1821 conventus
634 1785 858 1820 Beitsabaei
892 1796 1003 1820 suum

58 1851 234 1876 errorem
262 1840 301 1875 in
328 1851 467 1876 manus
489 1840 672 1886 Delegati
692 1839 907 1887 ApostolIci
925 1838 1002 1874 eiu-

59 1897 210 1929 rarunt.
239 1893 350 1934 Quod
376 1894 519 1929 factum
555 1903 702 1940 magna
731 1893 884 1928 laetitia
909 1893 1007 1928 Leo-

58 1958 149 1983 nem
167 1947 256 1983 XIII
276 1948 479 1991 affecerat,
498 1948 561 1995 qui
581 1948 618 1982 in
638 1948 880 1983 Consistorio
901 1946 1002 1981 habi·

59 2006 98 2037 to
117 2000 179 2036 die
208 2001 250 2037 13
280 2001 498 2037 decembris
518 2002 621 2045 1880,
641 2006 684 2037 ut
704 2001 1004 2037 benevolentem

61 2055 235 2091 animum
264 2056 416 2102 publica
431 2056 645 2103 eademque
665 2055 871 2102 praeclara
888 2054 1006 2101 signi-

61 2109 243 2145 ficatione
263 2109 530 2146 Orientalibus
562 2110 743 2157 gentibus
778 2113 1008 2153 testaretur,

62 2164 274 2200 Antonium
294 2164 450 2200 Hassun
469 2165 719 2202 Cardinalem
740 2164 778 2199 S.
800 2164 1007 2199 Romanae

69 2217 273 2254 Ecclesiae
289 2218 442 2254 creavit
456 2223 495 2254 et
510 2218 593 2254 eius
611 2219 811 2261 vii-tutem,
828 2222 1008 2253 constan-

69 2272 166 2307 tiam
178 2277 217 2308 et
231 2272 397 2308 studium
410 2272 572 2308 mirifice
584 2271 1007 2307 commendavit.Dein·

68 2324 114 2361 de
134 2325 237 2361 idem
263 2325 460 2370 Pontifex,
479 2326 540 2362 die
565 2326 588 2362 4
607 2327 762 2373 augusti
792 2325 895 2368 1881,
923 2337 1012 2361 con-

67 2379 250 2414 firmabat
268 2385 307 2415 et
334 2381 590 2426 promovebat
616 2380 662 2415 ad
693 2379 1011 2415 Patriarchatum

69 2433 231 2470 Ciliciae
263 2435 526 2469 Armenorum
555 2434 799 2480 Stephanum
826 2433 1012 2476 Azarian,

68 2487 132 2534 qui
159 2498 301 2523 nomen
329 2487 542 2534 assumpsit
570 2487 758 2534 Stephani
786 2486 894 2523 Petri
914 2487 964 2522 X.

116 2542 190 2578 Ast
216 2543 294 2577 Leo
321 2541 410 2577 XIII
438 2542 623 2577 virtutem
657 2547 697 2577 et
730 2546 902 2576 mentem
929 2551 1014 2576 suo-

70 2607 157 2631 rum
186 2595 544 2632 praedecessorum
572 2596 788 2638 emulatus,
817 2606 894 2630 non
922 2595 1015 2630 facit

71 2649 134 2685 hic
162 2649 440 2686 beneficiorum
473 2660 632 2685 suorum
667 2660 764 2695 erga
791 2648 1015 2684 Orientales

72 2705 205 2740 finem.
231 2705 311 2740 Iam
338 2703 565 2740 sacerdotes
591 2715 612 2740 e
640 2704 836 2739 Societate
864 2703 951 2738 Iesu
978 2708 1018 2738 et

73 2759 238 2795 Fratres
253 2759 463 2795 Doctrinae
482 2759 731 2796 Christianae
750 2757 829 2792 illic
845 2757 951 2793 misit
969 2756 1017 2793 ad

75 2813 309 2850 erudiendos
327 2813 464 2860 spiritu
480 2812 567 2848 fidei
583 2819 623 2848 et
638 2811 792 2859 pietatis
813 2823 966 2858 pueros,
980 2816 1019 2848 et

74 2869 114 2904 in
131 2868 256 2912 Urbe,
271 2872 314 2904 ut
331 2867 585 2910 domicilium,
602 2877 675 2913 quo
692 2865 864 2912 indigent
884 2866 1019 2903 edoce-

76 2927 229 2965 rentur,
260 2928 419 2968 praesto
439 2925 556 2962 esset,
583 2919 744 2956 Litteris
771 2920 1018 2966 Apostolicis:

77 2974 258 3021 Beniyna
275 2974 488 3017 hominum,
504 2973 604 3009 datis
630 2973 690 3008 die
719 2974 736 3008 1
764 2974 895 3008 martii
916 2974 1021 3017 1882,

78 3029 295 3075 Collegium
305 3028 551 3065 Clericorum
563 3028 825 3062 Armenorum
843 3026 1023 3071 instituit,

80 3083 142 3118 cui
156 3084 363 3118 innumera
378 3081 585 3128 privilegia
599 3086 639 3116 et
657 3079 847 3116 beneficia
865 3080 913 3115 ad
940 3093 1024 3128 pro-

80 3136 318 3185 sperandum
347 3135 523 3170 contulit.

130 3189 415 3226 Neo-schisma
438 3188 685 3227 Chaldaeum
698 3208 736 3214 -
754 3188 883 3224 Tanta
901 3189 973 3225 fuit
990 3199 1028 3225 a·

1843 137 1922 176 421

1039 230 1132 266 istas
1167 229 1352 276 regiones
1383 228 1560 267 invecta,
1588 227 1630 260 ut
1660 222 1894 259 dominicam
1924 224 1981 258 vi-

1040 294 1153 319 neam
1174 283 1259 318 istic
1285 282 1376 317 olim
1396 281 1604 316 florentem
1624 281 1635 302 ¹
1657 277 1982 314 exterminaverit

1039 338 1140 372 sicut
1159 347 1254 383 aper
1273 335 1319 371 de
1346 334 1472 382 sylva,
1492 338 1609 379 atque
1627 331 1682 367 uti
1703 330 1910 377 singularis
1928 329 1984 366 fe-

1041 395 1107 419 rus
1133 383 1317 430 depastus
1351 383 1401 418 sit
1434 391 1535 417 eam,
1566 377 1761 426 Siquidem
1790 377 1980 424 paulatim

1042 441 1202 472 cvanuIt
1221 439 1408 471 accurata
1425 443 1615 470 canonum
1631 431 1851 479 disciplina,
1868 430 1986 478 periit

1041 501 1244 525 sacrorum
1254 489 1484 524 Antistitum
1501 486 1705 528 virtutem,
1722 489 1762 520 et
1781 484 1984 520 hominum

1043 543 1164 579 Deum
1185 542 1485 578 nontimentium
1502 539 1661 574 ambitio
1691 538 1728 573 in
1748 536 1985 574 ecclesiasti-

1041 607 1108 632 cas
1127 596 1337 643 dignitates
1352 593 1499 636 insiliit,
1512 591 1801 628 haereditariae
1819 591 1984 636 patriar-

1042 651 1203 685 charum
1221 647 1478 685 successionis
1505 645 1757 693 opprobrium
1785 645 1982 680 invectum

1044 704 1125 746 fuit,
1153 709 1192 738 et
1219 702 1412 738 catholica
1430 700 1622 741 doctrina,
1644 698 1787 734 nedum
1816 696 1986 744 antiquis

1045 756 1120 791 iam
1140 756 1262 792 ferme
1281 755 1478 796 obsoletis,
1498 752 1568 789 sed
1583 753 1700 788 etiam
1717 751 1825 787 novis
1841 750 1985 787 errori-

1046 810 1113 844 bus
1127 808 1224 844 adeo
1240 808 1385 844 infecta
1398 811 1517 850 est,ut
1532 807 1654 853 ipsum
1670 804 1788 841 etiam
1800 802 1989 842 Christia-

1047 874 1136 898 num
1156 872 1298 897 nomen
1315 861 1392 896 iam
1412 860 1488 895 iam
1505 859 1627 895 ferme
1655 857 1863 894 delendum
1881 856 1986 892 vide-

1048 920 1170 952 retur.
1182 916 1333 951 Horum
1345 914 1534 949 malorum
1545 912 1744 948 assiduam
1761 921 1896 950 curam
1914 911 1991 945 Ro-

1048 970 1151 1005 mani
1165 968 1376 1004 Pontifices
1385 979 1479 1014 gere
1487 979 1526 1003 re
1537 978 1611 1001 non
1623 965 1991 1012 praetermiserunt,

1049 1024 1111 1059 vix
1129 1023 1218 1058 dum
1234 1020 1597 1069 licuitApostolicos
1612 1020 1718 1055 vii-os
1733 1019 1771 1054 in
1788 1019 1992 1055 Orientem

1049 1078 1219 1119 mittere,
1237 1087 1402 1123 quorum
1423 1074 1620 1110 laboribus
1639 1078 1678 1110 et
1695 1073 1801 1109 curis
1819 1073 1994 1108 nonnulli

1051 1131 1263 1167 identidem
1298 1129 1526 1165 Nestoriani
1562 1127 1771 1164 praesules
1795 1156 1803 1171 ,
1838 1129 1995 1166 haeresi

1051 1186 1223 1228 eiurata,
1254 1184 1302 1220 ad
1330 1183 1565 1219 catholicam
1591 1182 1708 1218 fidem
1736 1186 1775 1219 et
1799 1185 1994 1221 unitatem

1054 1239 1204 1275 reversi
1225 1242 1330 1274 sunt.
1351 1238 1434 1279 Quo
1463 1242 1595 1273 autem
1614 1237 1755 1281 studio,
1775 1244 1995 1286 quantaque

1053 1293 1249 1328 charitate
1285 1292 1401 1327 iidem
1434 1290 1590 1337 excepti
1623 1290 1794 1333 fuerint,
1822 1291 1904 1328 sive
1932 1293 1996 1339 qui

1054 1347 1207 1382 litteras
1235 1345 1283 1382 ad
1309 1346 1511 1380 Romanos
1537 1344 1749 1380 Pontifices
1775 1345 1994 1390 dederunt,

1053 1400 1134 1436 sive
1161 1400 1224 1447 qui
1252 1399 1481 1445 posthabitis
1501 1399 1640 1444 longae
1669 1399 1997 1445 peregrinationis

1056 1454 1247 1490 molestiis
1275 1457 1314 1490 et
1348 1453 1559 1495 laboribus,
1586 1451 1633 1487 ad
1659 1451 1805 1488 Urbem
1834 1464 1996 1497 venere,

1056 1508 1263 1544 manifeste
1310 1512 1477 1554 apparet
1510 1518 1559 1542 ex
1597 1506 1847 1552 Apostolicae
1888 1507 1998 1544 Sedis

1055 1561 1168 1606 actis,
1195 1562 1354 1608 eiusque
1383 1560 1538 1603 litteris,
1566 1570 1661 1607 quas
1687 1560 1727 1594 in
1753 1560 1925 1597 archivis
1950 1562 2000 1598 E-

1058 1615 1306 1662 piscoporum
1326 1614 1616 1651 Chaldaeorum
1635 1611 1762 1648 adhuc
1790 1615 1998 1662 perlegere

1058 1670 1114 1704 fas
1141 1674 1212 1704 est.

1104 1723 1304 1769 Exoptata
1330 1721 1488 1757 tandem
1515 1721 1642 1757 illuxit
1668 1720 1762 1764 dies,
1783 1732 1857 1768 qua
1884 1722 2002 1770 pluri—

1058 1775 1127 1811 bus
1145 1776 1437 1811 difficultatibus
1456 1787 1476 1811 e
1497 1774 1621 1811 medio
1641 1775 1815 1818 sublatis,
1834 1781 1873 1812 et
1891 1787 2002 1822 prae-

1058 1829 1192 1864 sertim
1210 1827 1834 1874 haereditariaepatriarcharum
1849 1840 2002 1866 succes-

1059 1882 1178 1917 sionis
1205 1882 1486 1929 impedimento
1513 1885 1658 1923 amoto,
1688 1892 1850 1928 sperare
1878 1883 2001 1928 licuit,

1060 1940 1101 1971 ut
1127 1937 1313 1972 restituto
1332 1940 1449 1983 atque
1477 1935 1692 1982 composito
1714 1935 1850 1972 ordine
1879 1938 2002 1974 eccle-

1060 1989 1243 2026 siastIcae
1263 1989 1506 2036 disciplinae,
1525 2000 1624 2036 quae
1651 1988 1742 2025 fidei
1768 1991 2004 2037 repagulum

1061 2049 1120 2079 est
1134 2048 1174 2080 et
1187 2044 1378 2086 custodia,
1393 2043 1637 2079 reviviscere
1653 2053 1700 2078 ac
1712 2043 1903 2080 reflorere
1918 2057 2005 2092 pos-

1061 2102 1121 2134 set
1143 2097 1342 2135 Chaldaici
1361 2098 1460 2133 ritus
1479 2097 1673 2133 Ecclesia.
1693 2096 1732 2132 Id
1759 2097 1852 2132 PIus
1867 2098 2004 2145 Pp.IX

1061 2153 1246 2199 sperabat
1272 2153 1444 2187 futurum
1463 2161 1586 2198 opera
1606 2150 1757 2198 losephi
1781 2151 1894 2187 Audu
1921 2153 2000 2199 epi-

1062 2206 1168 2253 scopi
1194 2205 1397 2241 Amidensi
1419 2233 1427 2249 ,
1455 2216 1569 2252 quem
1604 2204 1677 2240 hac
1706 2216 1773 2252 spe
1802 2211 2004 2252 permotus

1064 2259 1266 2296 Vicarium
1286 2259 1556 2307 Apostolicum
1585 2259 1874 2305 patriarchatus
1893 2260 2002 2296 Chal·

1061 2313 1248 2350 daeorum
1259 2313 1565 2360 constituit,post
1579 2311 1864 2348 abdicationem
1878 2313 2004 2350 Isaiae

1064 2368 1204 2413 Iacchi,
1233 2368 1336 2403 illius
1365 2367 1643 2414 patriarchalis
1669 2365 1771 2401 sedis
1799 2369 2005 2412 praesulis;

1063 2427 1101 2458 et
1126 2422 1240 2458 valde
1259 2422 1420 2468 gavisus
1438 2426 1499 2457 est
1519 2419 1699 2455 Pontifex
1717 2431 1803 2455 cum
1823 2421 2006 2459 eumdem

1064 2477 1194 2512 virum
1220 2476 1421 2523 suffragiis
1447 2475 1730 2522 Episcoporum
1766 2473 1814 2509 ad
1841 2476 2007 2522 patriar-

1065 2531 1218 2567 chalem
1245 2531 1479 2578 dignitatem
1507 2530 1673 2565 electum
1701 2529 1867 2576 accepit.
1887 2530 2002 2567 Hanc

1067 2585 1229 2634 proinde
1264 2587 1498 2622 electionem
1533 2596 1602 2620 seu
1637 2584 1936 2630 postulationem
1969 2586 2007 2621 in

1064 2640 1309 2676 Consistorio
1337 2640 1378 2675 11
1406 2644 1506 2686 sept·
1528 2638 1619 2675 1848
1636 2637 1891 2675 libentissime
1919 2649 2008 2676 con-

1112 2786 1373 2819 lpatriarchatus
1389 2784 1694 2831 Clialdae01·um,qui
1710 2786 1935 2822 iurisdictione
1948 2797 2006 2822 ex-

1068 2834 1211 2866 tenditur
1230 2835 1260 2865 in
1280 2843 1389 2866 omnes
1406 2832 1517 2865 fideles
1532 2834 1568 2865 ab
1583 2834 1706 2866 haeresi
1726 2834 1909 2867 nestoriana
1930 2844 2008 2868 con-

1069 2888 1187 2918 versos,
1206 2884 1439 2915 commorantes
1460 2877 1490 2908 in
1510 2880 1748 2922 Mesopotamia,
1768 2879 1910 2921 Assyria,
1930 2882 2004 2913 Per-

1068 2925 1148 2963 side,
1164 2927 1263 2959 Indiis
1282 2930 1313 2958 et
1329 2926 1501 2961 Chaldaea,
1530 2926 1606 2959 licet
1633 2926 1860 2968 praeiudicans
1892 2927 2005 2960 Nesto-

1069 2972 1235 3004 rianorum
1268 2971 1474 3013 opinionibus
1507 2971 1697 3010 abundaret,
1717 2981 1880 3013 nunquam
1901 2977 2007 3004 tamen

1073 3019 1201 3059 penitus
1227 3018 1347 3050 dimisit
1374 3016 1519 3049 venerari
1539 3017 1658 3050 Summi
1684 3016 1847 3050 Pontificis
1866 3018 2009 3050 auctori·-

1074 3068 1183 3102 tatem,
1204 3073 1296 3105 quam
1316 3062 1484 3096 christiani
1511 3062 1640 3095 illarum
1662 3065 1827 3103 regionum
1854 3072 1870 3094 a
1897 3064 2008 3105 primis

1078 3109 1242 3142 {inclusae
1281 3110 1424 3141 saeculis
1457 3109 1598 3140 venerati
1635 3114 1723 3140 sunt.
1753 3108 1826 3140 Pius
1853 3109 1907 3150 Pp.
1937 3107 2007 3140 VIII

1077 3155 1289 3187 Patriarcbam
1301 3153 1534 3186 Chaldaeorum
1557 3155 1699 3186 instituit
1715 3154 1865 3189 Ioannem
1879 3155 2009 3186 Hormes

1078 3202 1263 3242 episcopum
1284 3200 1468 3233 Mausilien.
1497 3200 1663 3242 appellans
1691 3209 1761 3233 eum
1795 3200 2008 3233 Patriarcliam

83 3243 280 3279 nimarum
313 3241 447 3279 clades
479 3253 503 3278 a
534 3241 774 3278 Nestoriana
807 3242 962 3280 haeresi
991 3242 1028 3278 in
1080 3246 1347 3286 Babylonensem,
1374 3245 1523 3285 sublato,
1549 3255 1566 3278 e
1591 3245 1692 3279 medio
1718 3245 1813 3278 titulo
1831 3245 2008 3279 Amidensi.
