2241 3473
238 159 317 199 230

187 236 324 285 religio
362 234 574 272 christiana
594 230 759 279 grandia
775 229 900 277 eoepit
915 229 1128 264 incremen-

185 292 239 335 ta,
259 289 366 326 novis
385 285 637 324 missionariis
659 282 890 332 praesertim
908 280 1131 326 Iesuitis,ex

187 344 343 390 Europa
364 342 400 376 in
421 340 533 376 Sinas
554 337 843 374 transeuntibus
864 334 886 372 ¹.

244 393 533 441 17.Rel{qionis
548 402 735 440 propagscz
743 391 794 426 tio
811 388 991 427 z'nlndz'z's
1001 391 1133 436 poste-

187 449 365 486 rioribus
382 469 432 473 —
449 446 531 482 Hoc
566 445 647 493 ipso
681 442 836 481 saeculo
869 443 907 479 in
944 439 1132 478 nonnulla

188 502 322 540 Indiae
343 498 567 548 posterioris
600 509 723 546 regna
751 495 1013 545 Evangelium
1036 493 1131 530 mis-

187 554 444 593 sionariorum
480 551 608 589 studio
641 551 796 588 illatum
832 553 904 588 est.
928 549 1009 586 Iam
1032 559 1132 584 anno

189 607 468 646 16261esuitae
488 607 682 642 venerunt
698 605 735 641 in
753 602 1133 653 Tongkinum.1nter

187 674 251 700 eos
271 663 356 698 erat
375 659 601 697 Alexander
621 659 668 695 de
691 658 862 703 Rhodes,
885 657 946 705 qui
969 667 1037 705 pro
1059 666 1134 691 au-

185 719 292 752 ctore
315 713 512 751 Ecclesiae
532 711 819 761 Tongkinensis
838 711 1016 748 habetur.
1038 710 1074 747 Is
1102 720 1135 744 e-

186 770 323 817 iusque
345 767 438 805 socii
467 769 507 804 et
535 766 601 815 qui
631 768 718 815 post
737 766 806 803 hos
825 765 861 802 in
883 764 1132 813 Tongkinum

186 824 404 867 venerunt,
423 823 504 858 tam
527 831 754 870 prosperum
775 819 951 857 laborum
973 829 1132 855 suorum

185 877 407 914 habuerunt
426 885 663 920 successum,
679 875 722 911 ut
737 885 799 910 an.
823 871 925 909 1639
945 871 1025 908 iam
1047 871 1133 920 plus

190 941 306 978 quam
328 928 473 975 80,000
503 927 717 966 Christiani
738 926 778 964 in
802 926 877 964 isto
909 937 1031 974 regno
1055 937 1133 962 nu·-

183 986 445 1021 merarentur.
468 981 634 1031 Saepius
671 980 821 1030 quidem
844 979 1132 1028 persecutiones

184 1042 253 1074 aut
271 1036 500 1075 vexationes
516 1036 650 1073 contra
669 1046 733 1072 eos
750 1033 1040 1079 excitabantur3
1056 1032 1132 1069 imo

186 1103 287 1128 anno
329 1089 430 1128 1666
472 1090 544 1126 sub
582 1089 696 1138 gravi
735 1099 861 1137 poena
899 1086 1131 1135 religionem

184 1145 435 1182 christianam
458 1142 640 1192 amplecti
657 1141 997 1191 Tongkinensibus
1016 1140 1130 1178 inter-

186 1199 331 1236 dictum
354 1201 424 1235 est.
447 1197 518 1234 His
540 1209 613 1234 non
632 1195 876 1234 obstantibus
896 1206 943 1231 ea
964 1191 1130 1232 ulterio-

184 1264 246 1290 res
266 1252 451 1290 continuo
472 1262 702 1300 progressus
723 1248 816 1287 iecit
833 1263 842 1296 3
863 1249 918 1286 ita
938 1251 982 1285 ut
1001 1250 1130 1297 poste-

183 1306 353 1344 rioribus
374 1305 489 1342 huius
509 1304 654 1342 saeculi
678 1303 790 1341 annis
811 1302 936 1340 maior
955 1314 1045 1351 pars
1068 1314 1128 1340 re-

183 1361 250 1409 gni
272 1359 392 1398 sacris
412 1358 634 1396 christianis
655 1361 757 1395 esset
777 1357 943 1394 addicta.

238 1414 280 1451 In
302 1412 605 1452 Cochinchinam
634 1411 782 1460 pariter
810 1414 897 1459 post
926 1409 1128 1447 dimidium

183 1468 297 1506 huius
318 1466 466 1505 saeculi
500 1465 638 1514 religio
660 1464 872 1502 christiana
902 1465 1128 1502 auctoribus

182 1521 336 1560 Iesuitis
356 1520 580 1558 introducta
596 1519 783 1568 brevique
801 1521 977 1567 tempore
993 1529 1016 1555 a
1032 1518 1128 1555 mul-

182 1576 233 1614 tis
247 1575 382 1612 ineolis
398 1575 581 1623 suscepta
602 1575 673 1611 est.

234 1630 276 1667 In
297 1639 460 1678 regnum
477 1628 679 1665 Siamense
696 1624 935 1663 missionarii
954 1624 1127 1662 Domini-

181 1683 267 1721 cani
288 1683 366 1720 iam
387 1682 544 1720 saeculo
579 1681 711 1730 elapso
732 1680 848 1717 fidem
870 1678 1127 1717 christianam

180 1738 430 1775 introducere
463 1735 591 1773 conati
625 1735 743 1781 sunt3
764 1733 831 1772 sed
858 1733 1129 1772 resistentibus

181 1789 490 1836 Mahometanis,
510 1800 674 1838 quorum
701 1787 750 1826 ibi
765 1799 930 1836 magnus
957 1790 1044 1824 erat
1064 1799 1129 1824 nu-

180 1856 324 1892 merus,
345 1855 509 1894 parvum
532 1843 757 1881 habuerunt
791 1853 1024 1879 successum.
1047 1841 1128 1878 Po-

182 1898 337 1936 steriori
368 1909 463 1935 vero
484 1897 596 1935 huius
617 1895 762 1934 saeculi
792 1897 969 1945 tempore
989 1894 1130 1944 religio

182 1952 396 1990 christiana
423 1952 467 1989 in
496 1951 567 1989 hoc
595 1962 715 2000 regno
753 1950 904 1987 maiora
933 1948 1035 1998 cepit
1066 1949 1132 1986 in-

183 2008 392 2044 crementa.

237 2060 365 2102 Quum
407 2059 445 2095 in
485 2058 545 2096 his
583 2057 809 2107 regionibus
842 2055 1133 2106 persecutiones

185 2114 498 2153 Christianorum
515 2115 643 2150 essent
659 2111 896 2160 frequentes,
913 2110 1036 2159 iisque
1057 2111 1133 2147 du-

183 2167 363 2206 rantibus
384 2166 617 2204 missionarii
637 2164 833 2213 Europaei
868 2164 1011 2212 expelli
1033 2164 1132 2202 sole-

183 2225 284 2267 rent,
305 2222 350 2259 A.
369 2221 415 2258 de
438 2220 609 2265 Rhodes,
632 2219 779 2256 Iesuita
795 2249 804 2264 ,
825 2220 1027 2267 post-quam
1059 2230 1133 2256 an-

184 2276 242 2314 nis
263 2274 397 2313 multis
429 2274 466 2311 in
484 2273 602 2318 Sinis,
617 2272 827 2322 'l'ongkino
848 2274 887 2309 et
902 2272 1133 2309 Cochinchi-

184 2342 234 2367 na
247 2328 504 2378 Evangelium
523 2327 795 2376 praedicasset,
813 2326 978 2363 Romam
997 2326 1134 2368 redux,

184 2383 411 2421 Innocentio
432 2382 501 2431 Pp.
523 2381 561 2418 X
584 2380 707 2418 edixit
741 2379 1015 2417 necessitatem
1036 2380 1134 2418 mit-

183 2437 289 2475 tendi
320 2437 358 2474 in
388 2437 457 2474 has
495 2434 703 2472 orientales
744 2433 880 2482 plagas
919 2434 1129 2482 episcopos,

183 2493 248 2540 qui
269 2491 418 2529 elerum
437 2490 475 2527 in
496 2488 659 2538 singulis
695 2487 917 2525 nationibus
955 2498 1005 2524 ex
1028 2488 1131 2525 indi-

181 2545 292 2594 genis
314 2545 545 2582 formarent.
569 2542 680 2580 Pium
715 2540 918 2579 consilium
948 2541 1131 2589 probavit

182 2599 446 2644 Innocentius,
466 2600 505 2635 et
524 2595 745 2634 executioni
767 2594 889 2631 edidit
904 2594 1132 2632 Alexander

181 2652 272 2699 VII,
287 2652 370 2690 eius
389 2662 603 2696 successor,
620 2649 683 2699 qui
701 2652 781 2686 tres
796 2647 960 2685 vicarios
977 2650 1132 2697 aposto-

181 2706 290 2751 licos,
306 2706 463 2743 natione
479 2704 626 2750 Gallos,
643 2704 681 2741 in
698 2703 1024 2740 commemoratas
1045 2705 1130 2739 ter-

181 2772 246 2798 ras
265 2759 494 2801 destinavit,
515 2758 698 2796 nimirum
729 2755 979 2793 Franciscum
1004 2755 1131 2802 l‘alln,

183 2815 404 2863 episcopum
424 2811 636 2861 Heliopolis
664 2813 702 2849 et
723 2809 916 2848 vicarium
947 2809 1130 2857 apostoli-

183 2880 272 2905 eum
311 2867 507 2916 Tongkini
544 2868 583 2903 et
603 2865 627 2903 5
648 2864 877 2902 viciniorum
905 2862 1130 2911 provincia·
1180 2905 1183 2907 ‚

182 2933 269 2959 rum
291 2921 711 2967 Sinensium3Petrum
738 2918 784 2955 de
812 2917 850 2955 la
878 2916 1130 2954 Mottham-

183 2975 268 3012 bert
286 3005 295 3021 ,
329 2976 548 3024 episcopum
584 2975 838 3022 Berytensem
869 2971 907 3008 et
944 2970 1129 3007 vicariurn

182 3029 435 3078 apostolieum
459 3027 757 3071 Cochinchinae,
774 3025 884 3074 regni
906 3025 951 3061 de
972 3023 1070 3061 Laos
1091 3027 1132 3060 et

182 3082 207 3119 ὖ
228 3083 517 3132 provinciarum
535 3081 771 3126 Sinensiurm
794 3077 989 3128 Ignatium
1012 3078 1129 3115 Coto-

182 3135 313 3185 lendy,
333 3137 553 3186 episcopum
575 3134 835 3184 Metellopolis
864 3136 905 3171 et
936 3131 1129 3170 vicarium

226 3254 234 3275 ¹
252 3254 286 3284 l’.
300 3254 339 3284 dn
358 3253 462 3291 llalde,
479 3252 593 3293 aliique
610 3253 638 3283 in
656 3255 727 3283 nola
744 3261 771 3292 p.
790 3251 860 3290 ⁶2¹0,
873 3251 1008 3282 indicati.

766 163 921 191 EPOCHA
950 162 1019 188 XII.
1047 161 1073 186 Α
1101 159 1257 186 LITIBVS
1286 158 1572 187 IANSENISTICIS

1175 226 1429 273 apostolieum
1450 224 1628 263 Nankini
1648 226 1687 262 et
1706 227 1950 265 caeterarum
1970 225 2125 276 provin-

1175 280 1325 315 ciarum
1365 279 1600 316 Sinensium.
1637 278 1865 317 Postremus
1909 281 1947 318 in
1984 280 2125 318 itinere

1177 332 1376 369 obiit.Duo
1397 332 1542 381 priores
1565 345 1585 369 e
1599 331 1801 370 Pontificis
1815 346 2005 372 consensu
2018 345 2127 371 rese-

1177 387 1320 423 derunt
1340 386 1376 422 in
1400 398 1517 435 regno
1537 386 1816 430 Siamensi,ubi
1835 400 1908 424 non
1927 387 2059 437 procul
2078 388 2126 425 ab

1179 439 1273 476 urbe
1288 437 1491 489 metropoli
1504 440 1635 477 Siamo
1652 439 2128 487 basilicam,seminarium

1178 494 1217 529 et
1234 493 1440 542 collegium
1459 505 1526 542 pro
1543 493 1749 531 iuvenibus
1765 491 1898 541 Siam'i‚
1916 495 2128 544 Tongkini,

1177 546 1474 593 Cochinchinae,
1492 547 1677 585 Sinarum
1712 546 1961 598 aliarumque
1994 548 2127 598 regio-

1178 612 1271 638 num
1293 603 1572 647 extruxerunt,
1608 603 1651 638 ut
1684 600 1739 638 ita
1759 601 1992 640 missionarii
2021 602 2127 640 indi-

1176 666 1301 704 genae
1318 667 1387 704 pro
1404 654 1569 704 singulis
1585 654 1805 692 nationibus
1822 654 2128 695 formarentur¹.

1230 709 1289 746 Ad
1319 709 1387 746 has
1417 709 1594 757 aliasque
1615 707 1817 747 missiones
1842 710 2129 758 promovendas

1177 762 1349 800 efficacia
1377 763 1526 800 auxilia
1554 761 1647 799 tulit
1675 761 1936 812 Congregatio
1956 764 2004 801 de
2024 764 2129 801 Pro-

1178 817 1358 866 paganda
1386 816 1498 862 Fide,
1528 816 1680 853 Romae
1702 827 1725 853 a
1745 816 1937 866 Gregorio
1957 817 2047 863 XV,
2068 817 2128 856 uti

1176 869 1358 916 vidimus,
1379 869 1575 916 instituta,
1597 869 1690 907 item
1711 868 1976 920 Congregatio
1996 882 2128 909 saeer-

1176 924 1311 962 dotum
1332 936 1400 973 pro
1415 923 1664 961 missionibus
1680 923 1842 970 exteris,
1861 936 1923 964 an.
1944 924 2045 963 1663
2056 924 2132 963 Pa-

1176 977 1279 1015 risiis
1294 978 1403 1026 regia
1425 978 1661 1015 auctoritate
1682 976 1846 1015 fundata
1861 990 1948 1016 eum
1966 978 2131 1017 semina-

1176 1031 1233 1068 rio
1263 1032 1336 1069 sub
1366 1031 1633 1080 episcoporum
1663 1034 1702 1068 et
1736 1031 2011 1082 theologorum
2032 1043 2129 1081 quo-

1176 1085 1356 1122 rumdam
1387 1084 1582 1134 auspiciis,
1612 1085 1648 1121 in
1672 1097 1749 1134 quo
1771 1097 1821 1122 ex
1840 1087 2023 1125 omnibus
2043 1085 2128 1125 fere

1175 1139 1385 1177 Ordinibus
1415 1138 1610 1189 religiosis
1627 1138 1752 1176 futuri
1772 1139 1882 1177 Fidei
1911 1140 2016 1179 inter
2036 1142 2128 1178 eth-—

1176 1194 1280 1230 nicos
1306 1205 1517 1242 praecones
1555 1192 1878 1241 instituebantur,
1909 1206 2130 1245 magnoque

1177 1259 1344 1284 numero
1373 1247 1446 1284 hoe
1477 1248 1518 1284 et
1548 1246 1729 1295 sequenti
1750 1248 1906 1285 saeculo
1926 1249 2016 1287 inde
2034 1260 2129 1298 pro-

1175 1301 1344 1339 dierunt.

1232 1355 1291 1392 18.
1319 1355 1502 1393 Clemens
1522 1354 1591 1392 IX
1604 1355 1801 1403 Pontz'feoe
1821 1353 1917 1405 (an.
1942 1356 2044 1395 1667
2059 1354 2130 1408 )——

1176 1408 1300 1446 Iulius
1322 1408 1575 1458 Rospigliosi,
1593 1407 1858 1456 Pistoriensis,
1874 1421 1995 1449 annos
2013 1414 2130 1449 natus

1175 1463 1238 1509 69,
1260 1461 1341 1500 X11⁰
1362 1462 1512 1500 calend.
1534 1461 1620 1499 iulii
1643 1462 1745 1500 1667
1766 1462 1951 1512 deligitur
1970 1476 2129 1514 praeses

1176 1528 1352 1554 summus
1381 1516 1558 1565 gentium
1592 1515 1918 1564 Christianorum,
1949 1517 2129 1568 appella-

1175 1572 1318 1619 turque
1340 1570 1519 1608 Clemens
1540 1569 1609 1607 IX.
1628 1570 1671 1607 Ei
1690 1569 1826 1608 statim
1842 1571 1977 1620 gravis
1992 1576 2052 1610 est
2068 1571 2131 1610 ad-

1176 1624 1352 1662 versaria
1372 1626 1514 1673 parata
1533 1622 1775 1661 incredibilis
1796 1626 1988 1673 quaedam
2004 1637 2130 1675 expe-

1176 1677 1309 1724 ctatio,
1330 1689 1447 1725 quam
1467 1689 1543 1714 non
1564 1677 1688 1715 solum
1709 1677 1908 1726 sustinuit,
1927 1680 1993 1718 sed
2011 1680 2130 1718 etiam

1177 1731 1283 1770 vicit.
1304 1731 1408 1770 Nam
1428 1731 1579 1781 pietate
1600 1731 1675 1769 fuit
1697 1730 1903 1781 singulari,
1925 1745 2058 1772 omnes
2079 1732 2133 1771 fa—

1178 1786 1250 1824 cile
1264 1785 1435 1832 admisit,
1453 1786 1491 1823 in
1507 1785 1704 1823 Vaticana
1720 1786 1816 1823 aede
1831 1786 2131 1826 Sacramentum

1178 1839 1450 1878 Poenitentiae
1467 1839 1772 1886 administravit,
1781 1841 1888 1878 totus
1899 1852 2130 1879 caussarum

1178 1906 1253 1931 non
1271 1893 1485 1940 hominum,
1504 1893 1695 1932 iustitiam
1716 1893 1881 1932 lenitate
1898 1897 2132 1945 temperan-

1176 1951 1254 1986 tem
1276 1947 1466 1994 servavit,
1482 1950 1694 1997 tantasque
1711 1947 1880 1986 virtutes
1896 1952 2129 1999 sequentem

1178 2002 1346 2051 gloriam
1368 2002 1556 2051 despexit.
1579 2001 1838 2039 Liberalitate
1857 2000 2015 2051 quoque
2036 2015 2131 2052 erga

1179 2068 1392 2105 pauperes,
1432 2056 1597 2104 aliisque
1626 2055 1840 2093 virtutibus
1869 2055 2024 2095 claruit.
2061 2057 2130 2094 In-

1177 2114 1239 2148 ter
1267 2110 1431 2148 Sanctos
1461 2109 1629 2147 adscivit
1658 2109 1819 2146 Petrum
1850 2109 1897 2147 de
1916 2110 2132 2148 Alcantara

1179 2175 1225 2201 ex
1246 2163 1396 2201 familia
1411 2175 1441 2201 s,
1462 2162 1724 2209 Francisei,et
1736 2162 1902 2200 Mariam
1921 2163 2131 2214 Magdale-

1180 2230 1270 2255 nam
1287 2218 1333 2255 de
1351 2217 1494 2264 Pazzis,
1508 2217 1786 2263 Florentinam,
1800 2216 1958 2256 Ordinis
1973 2218 2131 2256 Carme-

1178 2271 1355 2310 litarum.
1386 2271 1488 2312 Quid
1523 2270 1650 2320 egerit
1679 2270 1716 2307 in
1749 2282 1867 2308 eausa
1887 2271 2131 2310 Iansenista-

1179 2337 1281 2371 rum,
1302 2325 1380 2362 iam
1402 2325 1573 2362 diximus
1594 2323 1620 2362 ².
1643 2324 1820 2371 Venetis,
1840 2324 1944 2363 bello
1961 2326 2133 2364 Creten-

1177 2379 1207 2416 si
1229 2380 1389 2425 attritis,
1406 2381 1445 2416 et
1464 2378 1587 2416 milite
1611 2380 1649 2416 et
1670 2378 1836 2427 pecunia
1859 2383 2021 2427 praesto
2041 2379 2130 2419 fuit.

1177 2433 1234 2470 'l'u
1243 2432 1316 2470 reis
1336 2435 1461 2470 totam
1483 2444 1581 2480 pene
1597 2431 1766 2470 insulam
1783 2433 1942 2471 Cretam
1959 2445 2026 2471 seu
2037 2434 2134 2472 Can·

1178 2487 1281 2524 diam
1323 2486 1616 2532 invadentibus,
1659 2486 1856 2536 principes
1900 2486 2133 2526 christianos

1178 2541 1358 2578 hortatus
1388 2543 1458 2586 est,
1495 2542 1550 2586 ut,
1585 2540 1793 2578 concordia
1826 2539 1932 2578 inter
1961 2552 2002 2579 se
2020 2540 2132 2589 inita,

1178 2606 1288 2632 arma
1317 2594 1602 2643 coniungerent
1630 2595 1769 2631 contra
1789 2596 2034 2633 communem
2057 2595 2132 2633 ho-

1177 2650 1276 2685 stem
1305 2651 1344 2686 et¹
1374 2648 1611 2697 periclitanti
1634 2647 1806 2686 Candiae
1825 2647 2028 2698 suppetias
2048 2647 2132 2687 fer-

1177 2705 1276 2739 rent.
1307 2702 1382 2740 Ubi
1411 2705 1544 2740 autem
1575 2701 1750 2739 Clemens
1771 2701 1939 2749 audivit,
1959 2701 2130 2740 insulam

1176 2768 1197 2792 a
1227 2756 1367 2794 Turcis
1396 2758 1565 2805 captam,
1595 2755 1672 2793 iam
1694 2755 1942 2804 aegritudine
1963 2755 2131 2794 decum-

1177 2810 1288 2857 bens,
1324 2809 1446 2847 dolori
1476 2810 1682 2848 succubuit
1710 2808 1756 2847 v⁰
1787 2809 1876 2847 idus
1905 2809 2126 2849 decembris

1218 2953 1225 2973 ¹
1247 2955 1274 2983 Ρ.
1294 2953 1473 2991 l›.Rl10des,
1488 2952 1661 2983 unlaz-ione.
1676 2951 1724 2983 de'
1737 2950 1904 2992 progyressi
1920 2950 1972 2982 del
1990 2949 2130 2992 Vanqelo

1177 2995 1228 3026 7ch
1251 2995 1431 3029 Tunelaet'no:
1446 2998 1474 3025 (ἱ.
1493 2993 1782 3030 13‹›1···i‚!iela:.i‹me
1802 2993 1887 3024 della
1903 2991 2059 3024 missione
2078 2991 2130 3023 ml

1177 3047 1275 3075 refluo
1300 3037 1383 3067 (ΙνΙΙιι
1404 3036 1623 3074 (Istucine-imm
1649 3035 1799 3067 Re'lation
1823 3034 1876 3066 (lex
1901 3034 2054 3066 missions
2077 3033 2130 3065 des

1175 3080 1304 3119 ere'qm's
1329 3080 1472 3118 {rauseis-
1489 3087 1557 3109 ((11.0
1582 3086 1757 3119 royamnes
1781 3076 1819 3108 (10
1842 3075 1942 3112 Siam.
1962 3075 2001 3107 (10
2019 3073 2132 3115 Ia,Co-

1175 3121 1360 3160 ctum-leina,
1383 3121 1420 3151 (10
1447 3119 1591 3161 (Iamboy
1616 3123 1645 3151 et
1667 3119 1706 3150 de
1733 3118 1896 3159 Tonqnin;
1921 3119 2025 3158 Ceri-y,
2050 3116 2129 3149 litae

1174 3162 1303 3202 pre'sent
1320 3162 1357 3193 (10
1373 3161 1500 3203 1Ἰ<1ῃΙιεο
1517 3162 1665 3194 romuine
1679 3160 1760 3193 (lans
1775 3162 1878 3192 tontes
1891 3159 1934 3191 les
1946 3158 2071 3200 parties
2087 3157 2130 3190 du

1175 3206 1301 3237 annale.

1216 3249 1231 3269 ⁴²·
1250 3246 1312 3278 vid.
1331 3257 1364 3287 p.
1379 3245 1450 3277 2⁹20.
