2241 3473
233 176 311 217 378

175 259 420 299 Consistorio
446 260 600 294 secreto
620 256 680 292 die
698 256 743 294 20
761 255 996 303 septembris
1016 254 1119 297 1867,

174 314 267 350 Pius
294 314 363 360 Pp.
382 312 435 347 IX
449 311 585 347 dehac
602 310 687 356 lege
703 309 954 345 sic'habebat:
971 321 990 342 «
1009 308 1120 345 Com-

174 370 434 404 memoratam
454 365 583 410 legem
602 363 840 399 auctoritate
855 363 1004 398 Nostra
1021 362 1123 408 Apo—

173 421 314 458 stolica
352 418 631 466 reprobamus,
665 417 917 460 damnamus,
955 427 1122 463 eamque

172 474 330 511 omnino
342 473 494 508 irritam
506 475 545 507 et
561 470 708 506 nullam
723 470 986 506 declaramus.
1000 469 1123 517 Ipsius

177 532 306 564 autem
336 526 433 572 legis
460 528 661 567 auctores,
680 527 720 560 et
738 524 914 560 fautores
937 524 1063 560 sciant
1081 534 1123 559 se

174 581 318 617 misere
344 579 527 615 incidisse
566 579 603 612 in
638 577 928 615 ecclesiasticas
962 588 1121 625 poenas,

175 639 214 672 et
239 643 442 675 censuras,
471 642 566 679 quas
595 632 707 667 Sacri
735 632 930 675 Canones,
958 632 1125 679 Aposto—

175 689 274 725 licae
301 686 626 730 Constitutiones,
653 688 693 722 et
711 685 967 721 Gener-alium
985 685 1122 722 Conci-

176 742 316 777 liorum
344 741 514 777 Decreta
541 741 625 788 ipso
652 740 758 775 facto
784 738 1043 775 incurrendas
1069 739 1122 775 in-

172 794 691 842 fliguntcontraEcelesiae,
719 793 879 840 eiusque
906 793 1050 829 iurium
1077 804 1123 830 ac

171 849 359 885 bonorum
385 852 663 895 usurpatores,
693 851 733 884 et
763 848 1019 883 invasores».

222 902 373 938 Verum
399 912 525 938 novae
553 912 600 937 ac
618 900 833 937 diffusioris
852 900 1124 947 aggressionis

172 957 210 992 in
228 955 398 992 nondum
412 956 596 992 subactas
614 954 846 991 Pontifieiae
862 954 1020 990 ditionis
1036 965 1123 1001 pro—

176 1009 329 1045 vincias
354 1009 697 1055 praesentiebatur
716 1008 947 1056 periculum.
969 1008 1120 1043 Galliae

177 1063 433 1110 Imperatoris
468 1063 632 1099 militiae
668 1063 795 1098 Roma
825 1061 1116 1105 discesserant,

171 1117 280 1153 iuxta
306 1116 530 1164 pactionem
558 1128 645 1152 cum
673 1115 879 1162 subalpino
918 1115 1119 1151 Gubernio

170 1171 306 1207 initam
333 1170 395 1207 die
423 1171 469 1206 15
494 1169 729 1218 septembris
749 1169 855 1213 18643
876 1169 1031 1216 publice
1050 1181 1121 1217 per

172 1226 324 1262 Italiam
343 1225 562 1261 habebatur
577 1224 890 1260 voluntariorum
906 1223 1117 1269 delectum,

170 1281 306 1330 quibus
325 1282 452 1329 ipsum
473 1280 716 1316 Gubernium
736 1281 879 1321 vestes,
896 1289 1024 1323 arma,
1040 1279 1119 1315 bel-

171 1337 266 1373 licos
292 1338 507 1384 apparatus
533 1338 572 1371 et
599 1334 748 1370 cibaria
773 1332 1117 1377 subministrabat;

170 1403 306 1428 eorum
335 1391 473 1438 copiae
501 1390 620 1426 duces
647 1387 847 1424 habebant
868 1388 989 1424 italici
1011 1399 1122 1424 exer-

170 1452 270 1487 citus
296 1449 509 1490 ductores,
543 1458 695 1483 summo
729 1447 904 1483 omnium
938 1447 1037 1483 duce
1065 1445 1120 1480 IO-

168 1505 288 1552 sepho
315 1502 531 1540 Garibaldi.
551 1502 625 1544 Qui
644 1502 858 1538 constituta
884 1501 960 1545 die,
987 1501 1120 1549 specie

168 1561 308 1597 fallens
326 1558 572 1606 vigilantiam
593 1557 797 1600 Gubernii,
819 1568 961 1594 revera
987 1562 1119 1593 autem

169 1614 253 1651 eius
267 1614 392 1650 fretus
413 1612 566 1648 auxiliis
585 1614 611 1655 1,
627 1611 754 1647 aciem
771 1611 1119 1655 traiecitAculam,

165 1680 212 1705 ac
239 1667 328 1704 inde
349 1666 397 1703 ad
417 1665 679 1714 proximiores
707 1664 939 1701 Pontificiae
964 1664 1120 1701 ditionis

169 1728 311 1764 terras,
323 1720 530 1768 expilando
542 1720 697 1766 publica
708 1719 879 1761 aeraria,
894 1730 1012 1755 sacra
1022 1723 1117 1756 tem-

168 1776 245 1823 pla,
273 1779 313 1812 et
339 1774 583 1811 monasteria
602 1772 844 1819 praedando,
866 1777 904 1809 et
931 1773 1027 1809 loeis
1052 1784 1120 1809 va—

169 1831 342 1867 stitatem
369 1827 586 1865 afferendo.
606 1827 708 1863 Huic
728 1826 971 1874 praedonum
991 1828 1116 1873 agmi-

169 1885 207 1920 ni
235 1885 418 1921 Summus
451 1881 633 1917 Pontifex
667 1880 883 1927 exiguum,
918 1880 987 1917 sed
1022 1885 1118 1916 stre-

166 1949 284 1974 nuum
312 1936 530 1973 exercitum
558 1937 741 1982 opposuit
763 1963 771 1976 ‚
812 1935 922 1970 cuius
957 1934 1114 1970 ordines

169 1990 461 2028 constituebant
495 1990 567 2025 flos
601 1988 813 2024 iuventutis
847 1998 1036 2024 romanae
1071 1999 1118 2023 ac

168 2049 330 2081 exterae
350 2042 478 2086 (succini
493 2041 723 2090 pontificii),
738 2041 880 2077 milites
895 2041 1029 2076 Status
1047 2041 1118 2076 Ec-

169 2098 339 2139 clesiae,
369 2100 409 2133 et
434 2096 537 2142 legio
565 2095 719 2131 Gallica
753 2094 1027 2141 Antipolitana
1053 2105 1119 2141 ap-

168 2153 316 2200 pellata
342 2151 391 2186 ab
419 2149 592 2196 Antipoli
629 2149 665 2183 in
693 2148 822 2184 Gallia
854 2149 1118 2191 Narbonensi,

166 2205 231 2241 ubi
258 2205 390 2241 fuerat
417 2202 648 2250 composita.
680 2202 775 2238 Post
801 2202 987 2237 nonnulla
1007 2202 1117 2250 parvi

169 2259 352 2308 ponderis
379 2257 612 2299 certamina,
644 2257 834 2302 proelium
864 2256 1116 2292 commissum

167 2319 229 2351 est
255 2313 303 2349 ad
328 2312 589 2354 Nomentum,
617 2309 679 2346 die
707 2311 727 2346 3
754 2310 980 2346 novembris
1009 2311 1114 2355 1867;

169 2368 226 2404 ius
255 2372 294 2403 et
319 2367 446 2402 virtus
466 2364 672 2400 audaciam
694 2368 734 2400 et
753 2364 829 2399 vim
849 2364 1112 2409 debellarunt,

170 2422 301 2458 hostes
328 2420 534 2456 Ecclesiae
562 2418 634 2454 susi
662 2429 708 2454 ac
735 2418 859 2464 fugati
879 2422 983 2463 sunt;
1006 2419 1042 2454 in
1063 2420 1118 2455 fu-

171 2487 259 2523 gam
289 2487 330 2511 se
358 2473 527 2509 coniecit
553 2484 692 2508 eorum
711 2472 787 2508 dux
807 2472 1022 2517 Garibaldi3
1050 2473 1117 2508 mi-

171 2530 279 2565 litum
300 2527 578 2576 gregariorum
596 2526 801 2562 multitudo
818 2528 979 2562 confusa
1002 2538 1115 2563 arma

168 2583 313 2619 abiecit
328 2586 366 2619 et
381 2582 419 2617 in
433 2580 706 2628 captivitatem
723 2579 890 2616 adducta
912 2581 1113 2622 estQuasi

172 2637 205 2672 in
229 2636 434 2684 pervigilio
464 2635 565 2670 illius
593 2645 763 2681 pugnae,
783 2634 844 2671 die
864 2635 911 2670 29
928 2635 1113 2677 octobris,

167 2691 212 2727 ad
232 2690 525 2728 Centumcellas
553 2688 703 2736 appulit
721 2689 864 2736 exigua
883 2690 1021 2725 Gallici
1044 2692 1113 2726 Irn-

217 2827 223 2847 ¹
256 2822 391 2855 Litteris
418 2823 486 2855 suis
507 2821 690 2863 Encyclicis
708 2821 769 2854 diei
791 2823 829 2855 17
851 2822 991 2855 octobris
1013 2822 1113 2860 1867,

165 2870 242 2902 Pius
270 2870 328 2902 rt).
349 2868 388 2900 lx
410 2869 612 2909 significabat
633 2880 644 2896 (ι
666 2867 925 2901 abominationes
939 2868 1110 2910 pessimas,

166 2915 284 2957 quibus
304 2924 387 2947 nunc
407 2915 521 2947 misera
543 2915 639 2947 Itali-zi
659 2915 848 2955 praesertim
870 2915 1055 2947 funestatur
1078 2924 1111 2953 »ς

166 2972 200 2993 zie
227 2960 451 2999 subiungebat:
472 2974 482 2990 ιι
505 2962 572 2994 {loc
589 2960 784 3002 perditorum
802 2962 965 2993 hominum
994 2971 1110 2999 genere

167 3006 196 3039 in
226 3008 406 3048 praest-utin
435 3008 622 3040 circumdati
650 3015 774 3040 sumus.
812 3007 874 3046 Qui
900 3008 1025 3049 quiileui
1054 3007 1108 3039 lio-

166 3055 283 3090 niiues,
311 3053 470 3085 diabolico
499 3062 632 3095 prorsus
651 3053 766 3093 spiritu
786 3054 932 3089 animati,
953 3052 1107 3086 mendacii

168 3100 323 3130 vexillum
352 3099 517 3131 collocare
546 3099 656 3130 volunt
685 3098 714 3129 in
744 3099 800 3131 liae
822 3101 887 3141 ipsa
907 3100 990 3132 alma
1011 3098 1106 3131 Urbe-

167 3145 209 3176 Λα
236 3145 394 3186 ¹subalpini
412 3145 563 3177 (hibernii
583 3145 815 3184 moderatores,
834 3146 890 3187 qui
919 3145 1099 3178 huiusmodi

169 3191 316 3221 immines
343 3200 489 3223 coercere
516 3190 682 3229 deberent,
707 3191 783 3222 illes
811 3191 894 3222 omni
923 3192 1030 3223 studio
1058 3192 1107 3223 so-

520 185 686 213 EPOCHA
707 184 794 212 xm.
819 185 846 211 A
868 182 1050 211 PVBLICA
1069 181 1219 208 RERVM
1241 181 1281 208 IN
1304 179 1780 227 GALLIIsSVBVERstoNE

1172 251 1270 298 perii
1299 251 1450 294 classis,
1478 254 1519 287 et
1537 249 1673 297 copiae
1694 260 1715 286 e
1734 248 1898 286 navibus
1916 257 2121 295 egressae,

1173 306 1340 341 Romam
1368 305 1638 349 advenientes,
1668 304 1860 351 proelium
1887 306 2121 351 spectarunt

1173 371 1194 396 e
1222 360 1446 407 longinquo.

1222 412 1316 449 Pius
1349 414 1404 449 IX
1440 416 1606 461 paterna
1640 412 1807 448 caritate
1842 422 1978 449 omnes
2018 424 2124 449 com-

1174 467 1324 514 plexus,
1344 468 1621 515 magnanimus
1638 465 1900 514 perduellibus
1924 467 2119 514 pepercit,

1174 521 1401 557 vulneribus
1428 522 1592 557 affectos
1619 521 1770 555 Romae
1805 518 1842 553 in
1880 520 2115 556 nosocomiis

1175 575 1332 619 invisit,
1361 587 1428 612 eos
1462 575 1568 611 omni
1602 573 1728 610 studio
1763 573 1936 617 levavit,
1964 575 2116 611 sanatis

1174 631 1304 665 omnia
1331 629 1444 666 iussit
1469 628 1734 676 suppeditari,
1764 638 1864 674 quae
1890 629 2120 665 necessaria

1174 683 1328 726 forent,
1355 687 1567 730 antequam
1589 682 1725 717 domos
1750 691 1843 716 suas
1877 684 2117 727 repeterent.

1175 736 1337 773 Litteris
1363 736 1600 784 Apostolicis
1626 735 1726 771 datis
1750 734 1812 771 die
1832 735 1877 771 14
1896 735 2120 771 novembris

1176 791 1372 827 numisma
1399 790 1618 827 cudendum
1643 788 1810 825 instituit
1837 788 1937 824 illius
1964 788 2125 837 expedi-

1175 844 1292 880 tionis
1318 854 1668 887 eommemorans3
1700 845 1740 878 et
1773 842 2020 878 Allocutione
2054 842 2121 878 ha-

1175 898 1255 934 bita
1282 898 1321 933 in
1349 898 1590 935 Consistorio
1622 896 1699 933 diei
1731 896 1776 934 20
1808 895 2030 932 decembris
2058 907 2116 932 re-

1176 952 1403 989 centissima
1420 954 1526 988 facta
1541 951 1735 994 referens,
1749 950 1936 987 virtutem
1952 950 2117 986 militum

1174 1011 1254 1042 tum
1284 1006 1471 1054 pontificii
1499 1005 1718 1048 exercitus,
1746 1009 1828 1040 tum
1859 1004 2014 1051 gallici,
2041 1004 2123 1040 lau-

1172 1059 1282 1096 dibus
1310 1060 1462 1103 extulit,
1481 1059 1737 1106 rependitque
1766 1061 1899 1105 grates
1926 1057 1972 1093 iis
2000 1058 2123 1093 omni—

1173 1113 1262 1158 bus,
1291 1114 1356 1161 qui
1384 1113 1599 1161 participes
1624 1112 1783 1149 fuerant
1808 1107 2045 1148 defensionis
2063 1112 2119 1148 iu-

1175 1168 1272 1203 rium
1303 1179 1350 1203 ac
1375 1168 1534 1204 ditionis
1561 1168 1602 1203 S.
1624 1166 1750 1203 Sedis-

1219 1221 1512 1259 75.C0ncilizcm
1528 1222 1769 1259 Vaticanum
1798 1227 1878 1266 (an.
1899 1221 2115 1264 1869-1870)

1178 1299 1215 1304 —
1237 1277 1297 1313 Ob
1332 1279 1475 1314 festum
1509 1278 1714 1314 saeculare
1743 1278 1813 1314 SS.
1845 1276 2122 1325 Apostolorum

1174 1332 1400 1380 Principum
1420 1337 1460 1369 et
1478 1334 1695 1370 solemnem
1714 1333 2064 1371 Canonizationem
2083 1342 2121 1368 a-

1174 1388 1367 1437 liquorum
1398 1391 1602 1427 Ecclesiae
1628 1392 1828 1436 Heroum,
1856 1392 1948 1428 data
1975 1393 2037 1428 est
2061 1402 2123 1427 oc-

1174 1443 1279 1479 casio
1300 1444 1480 1480 Pontifici
1498 1446 1568 1481 Pio
1589 1447 1658 1489 IX,
1677 1447 1732 1482 uti
1751 1447 2016 1493 exposuimus,
2032 1456 2125 1493 ape-

1173 1497 1298 1533 riendi
1309 1498 1562 1535 Praesulibus
1573 1501 1723 1536 Romae
1739 1500 1993 1547 congregatis
2007 1509 2119 1536 Suam

1174 1556 1364 1596 mentem,
1385 1553 1518 1601 eisque
1537 1554 1783 1602 significandi
1804 1554 2044 1602 propositum
2076 1552 2124 1588 si-

1173 1605 1208 1640 bi
1246 1617 1332 1643 esse
1353 1636 1361 1650 ,
1406 1611 1446 1643 ut
1477 1607 1699 1645 Concilium
1728 1607 2017 1644 oecumenicam
2048 1607 2126 1643 Ro-

1173 1671 1278 1696 mam
1308 1666 1562 1698 convocaret.
1593 1663 1674 1698 Iam
1701 1662 1843 1698 dudum
1871 1662 1907 1697 id
1938 1661 2120 1698 Pontifex

1173 1714 1306 1750 animo
1322 1716 1574 1760 volverat,et
1600 1728 1688 1752 cum
1714 1715 1988 1752 Cardinalibus
2018 1714 2123 1751 iden-

1172 1767 1289 1805 tidem
1312 1770 1513 1816 negotium
1534 1770 1635 1806 istud
1662 1773 1919 1806 tractaverat.
1951 1768 2121 1805 Videba-

1172 1824 1235 1857 tur
1254 1823 1358 1859 enim
1379 1824 1590 1860 celebratio
1606 1824 1771 1861 Concilii
1797 1823 1988 1860 eiusmodi
2005 1822 2120 1858 valde

1171 1880 1412 1924 opportuna,
1433 1881 1474 1913 ut
1501 1878 1683 1914 doctrina
1706 1878 1799 1915 fidei
1826 1881 1965 1913 contra
1993 1877 2119 1913 multi-

1172 1930 1292 1977 plices
1319 1931 1422 1967 illius
1450 1932 1640 1979 temporis
1664 1944 1825 1968 errores
1850 1931 2121 1967 vindicaretur

1171 1987 1209 2019 et
1223 1984 1330 2020 clare
1346 1989 1648 2032 proponeretur,
1660 1990 1779 2033 utque
1796 1985 2001 2032 disciplina
2014 1984 2117 2022 Cleri

1169 2040 1208 2072 et
1234 2037 1426 2074 Ordinum
1455 2039 1732 2086 religiosorum
1751 2067 1759 2082 ,
1792 2049 1891 2086 quae
1926 2038 2117 2075 recentio-

1171 2101 1255 2125 rum
1300 2096 1525 2139 temporum
1567 2092 1902 2129 immutationibus
1939 2091 2119 2128 civilibus

1169 2144 1284 2181 valde
1312 2146 1472 2182 turbata
1489 2145 1836 2190 erat‚firmaretur
1854 2150 1894 2182 et
1909 2150 1998 2193 apte
2026 2155 2116 2182 eon-

1170 2198 1413 2235 stitueretur.
1446 2201 1487 2236 In
1521 2200 1761 2237 Consistorio
1795 2200 1926 2247 itaque
1959 2200 2037 2236 diei
2069 2198 2118 2235 22

1170 2252 1262 2287 iunii
1284 2253 1373 2290 1868
1389 2254 1542 2289 Bullam
1560 2253 2010 2301 publicationisConcilii
2031 2264 2117 2301 pro-

1170 2308 1362 2354 mulgavit
1385 2313 1424 2344 et
1440 2320 1509 2356 per
1525 2309 1640 2345 aliam
1660 2309 1830 2352 Bullam,
1846 2307 2010 2345 Aeterni
2036 2307 2117 2343 Ρα-

1169 2361 1242 2397 tris
1261 2391 1269 2405 ‚
1294 2362 1356 2398 die
1381 2363 1425 2399 29
1444 2363 1563 2400 eiusd.
1587 2365 1732 2400 mensis
1763 2364 1895 2400 datam
1911 2393 1919 2408 ,
1950 2362 2043 2399 Pius
2061 2362 2115 2398 IX

1168 2415 1384 2453 Concilium
1398 2418 1675 2455 celebrandum
1690 2419 1826 2454 indixit
1840 2448 1847 2462 ,
1860 2424 1974 2466 atque
1994 2415 2112 2453 Orbis

1168 2470 1347 2506 catholici
1368 2471 1616 2508 Praesulibus
1637 2472 1854 2516 mandavit,
1871 2476 1914 2508 ut
1929 2471 1976 2508 ad
1996 2471 2119 2518 Syno-

1167 2521 1256 2558 dum
1272 2524 1333 2561 die
1352 2525 1374 2562 8
1392 2525 1579 2562 decembr
1605 2527 1694 2563 1869
1714 2527 1751 2562 in
1772 2527 1942 2563 Basilica
1954 2523 2112 2560 Vatica-

1169 2587 1218 2611 na
1235 2579 1493 2615 inchoandam
1515 2580 1682 2617 Romam
1703 2582 1977 2618 convenirent.
1995 2579 2113 2614 Litte-

1169 2630 1220 2665 ris
1235 2632 1323 2668 dein
1340 2635 1502 2670 Arcano
1528 2635 1685 2672 diuinae
1701 2635 1989 2684 procidentiae,
2007 2634 2069 2671 die
2089 2632 2111 2669 8

1166 2692 1263 2734 sept.
1285 2689 1390 2732 1868,
1410 2690 1594 2726 Summus
1614 2690 1796 2726 Pontifex
1811 2691 2015 2739 episcopos
2045 2702 2108 2726 ec-

1168 2742 1377 2778 elesiarum
1405 2743 1502 2779 ritus
1527 2744 1763 2787 OrientaliS,
1790 2745 2108 2782 communionem

1165 2807 1253 2830 eum
1269 2797 1368 2833 Sede
1380 2799 1410 2832 A
1419 2798 1607 2844 postoliea
1625 2809 1697 2834 non
1719 2799 1924 2842 habentes,
1940 2799 2108 2836 obtesta-

1166 2853 1226 2885 tus
1241 2855 1365 2893 est‚ut
1380 2865 1398 2885 «
1411 2851 1458 2887 ad
1474 2852 1653 2889 eamdem
1665 2853 1892 2900 generalem
1909 2853 2110 2901 Synodum

1164 2906 1375 2941 convenire
1407 2906 1553 2949 velint,
1584 2906 1911 2954 quemadmodum
1938 2907 2110 2944 maiores

1162 2968 1299 2993 eorum
1335 2966 1606 2997 convenerunt
1637 2961 1682 2996 ad
1713 2960 1929 2998 Concilium
1955 2961 2107 3009 Lugdu-

1162 3022 1280 3048 nense
1301 3013 1330 3048 ΙΙ
1346 3017 1385 3048 et
1400 3013 1447 3048 ad
1460 3014 1730 3050 Florentinum
1744 3015 1974 3057 Concilium,
1996 3019 2038 3052 ut
2055 3015 2105 3050 di-

1162 3064 1338 3101 lectionis
1357 3067 1537 3114 antiquae
1559 3068 1709 3112 legibus
1725 3069 1942 3111 renovatis,
1966 3074 2005 3106 et
2032 3069 2104 3105 Pa-

1162 3122 1261 3154 trum
1283 3132 1392 3167 paee,
1415 3123 1573 3158 coelesti
1605 3123 1668 3157 illo
1696 3133 1742 3158 ae
1768 3122 1932 3158 salutari
1960 3123 2102 3158 Christi

1157 3171 1256 3207 dono
1277 3175 1374 3220 quod
1393 3180 1569 3222 tempore
1589 3176 1755 3218 exaruit,
1771 3177 1819 3212 ad
1839 3177 2014 3223 vigorem
2036 3177 2106 3213 ite-

170 3245 254 3273 vere,
281 3237 394 3277 eisque
420 3246 517 3274 arma,
546 3244 662 3278 resque
688 3246 796 3269 omnes
831 3238 1047 3279 suppeditare,
1074 3240 1104 3270 et
1159 3237 1240 3261 ''llm
1263 3233 1465 3272 VOVOGUYQ
1485 3234 1570 3275 l‘ost
1589 3230 1743 3276 longam
1766 3230 1957 3266 moeroris
1985 3230 2101 3267 nebu·

168 3283 203 3314 nd
232 3283 309 3314 lianc
338 3281 448 3314 Urbem
477 3282 595 3313 :ulituni
625 3283 738 3314 inuniri
768 3292 829 3315 non
856 3283 1051 3316 erubescunt
1071 3296 1099 3313 »⁴

1157 3279 1231 3315 lani
1252 3285 1290 3317 et
1307 3281 1451 3318 dissidii
1472 3283 1645 3319 diuturni
1673 3288 1801 3319 atram
1822 3284 2102 3333 ingratamque
