2241 3473
673 189 809 219 VSQVE
830 190 882 216 AD
904 188 1187 216 PRAESENTEM
1212 187 1420 214 AETATEM

85 263 168 289 sem
189 252 347 299 eiusque
376 254 671 301 Suffraganeos,
701 265 769 291 eos
803 254 1030 298 adhortans,

90 311 133 342 ut
151 307 307 342 interim
332 308 524 354 spirituali
559 310 804 345 Graecorum
831 310 1030 346 unitorum

85 369 205 395 curae
223 388 231 402 ‚
261 362 463 406 regimini,
494 363 609 398 saluti
635 363 915 400 studiosissime
943 374 1031 398 con-

83 413 271 456 sulerent;
301 426 345 450 ac
375 417 530 463 saepius
548 422 587 452 et
602 417 836 460 praesertim
857 429 921 452 an.
944 417 1033 453 1857

83 465 238 502 iteratis
266 469 515 514 petitionibus
543 470 741 516 lmperiali
772 470 960 517 gubernio
980 470 1032 505 in-

85 523 190 556 stare
219 520 321 556 haud
352 524 619 567 praetermisit
645 551 652 564 ,
694 527 735 558 ut
768 535 904 559 omncs
930 534 1034 559 amo-

85 578 275 610 verentur
308 575 556 612 difficultates
579 605 587 619 ,
626 587 724 623 quae
771 576 1034 624 impediebant

86 627 292 673 quominus
317 629 563 665 Clielmensis
584 629 762 665 Ecclesia
781 641 893 665 suum
919 630 1034 666 liabe-

87 684 150 715 ret
175 681 426 728 Episcopum.
456 685 581 730 Atque
608 683 745 718 eodem
773 688 949 730 tempore
978 695 1034 720 re—

91 733 530 783 clamavit,propterea
562 737 662 784 qnod
696 737 798 772 illius
838 737 1036 773 Dioecesis

92 786 224 822 clerici
253 788 301 823 ad
328 790 681 826 Greco-Russicam
702 790 959 826 mittebantur
987 791 1035 826 U-

86 840 374 885 niversitatem,
391 848 428 878 et
448 843 710 890 expostulavit
732 850 774 879 ut
793 843 1036 880 Chelmensis

87 894 266 930 AntiStes
302 896 459 942 plenam
497 897 659 933 haberet
693 897 914 933 libertatem
951 898 1037 933 mit-

88 946 194 982 tendi
222 950 430 985 nonnullos
455 961 476 986 e
503 951 583 986 suis
609 950 762 986 clericis
780 949 827 985 ad
852 951 1037 987 ecclesia-

87 1000 226 1036 sticam
260 1002 568 1039 Varsaviensem
596 1003 868 1047 Academiam,
907 1015 1036 1050 quem-

87 1052 296 1090 admodum
324 1056 361 1091 in
388 1068 496 1093 more
524 1057 693 1104 positum
721 1058 851 1092 fuerat
865 1063 957 1093 ante
973 1068 1038 1092 an-

88 1117 179 1142 num
198 1108 303 1145 1831.
331 1110 535 1146 Summum
563 1115 695 1146 autem
722 1122 835 1146 suum
861 1110 1036 1146 dolorem

89 1160 137 1196 ob
163 1163 386 1210 propositas
412 1163 459 1200 de
487 1164 709 1201 Chelmensi
728 1164 960 1199 clericorum
979 1176 1037 1201 se-

89 1214 257 1252 minario
276 1218 448 1264 regulas,
468 1229 567 1266 quae
586 1218 790 1254 Ecclesiae
811 1218 1037 1255 Catholicae

89 1271 304 1308 canonibus
319 1272 744 1316 adversabantur‚Pius
755 1273 1037 1309 manifestavit.

90 1323 173 1360 Nec
208 1326 334 1362 minus
369 1327 549 1363 Pontifici
578 1326 685 1362 cordi
714 1326 785 1362 fnit
812 1327 1011 1374 postulare
1030 1356 1038 1371 ‚

89 1383 132 1414 ut
166 1380 373 1426 religiosus
401 1383 441 1417 S.
462 1382 598 1417 Basilii
619 1380 724 1417 Ordo
761 1389 893 1427 posset
913 1383 1039 1419 denuo

90 1432 342 1470 eruditricem
361 1446 520 1471 suorum
542 1436 712 1471 tironum
739 1435 896 1472 domurn
918 1436 1039 1473 libere

90 1486 261 1533 aperire,
295 1499 368 1535 quo
389 1488 489 1524 idem
505 1489 627 1530 Ordo,
646 1489 692 1524 de
712 1489 907 1525 Orientali
929 1501 1039 1536 prae-

89 1539 224 1575 sertim
244 1541 424 1578 Ecclesia
441 1548 499 1578 tot
525 1553 616 1578 sane
637 1542 855 1578 nominibus
875 1543 1038 1590 egregie

90 1592 271 1637 meritus,
292 1595 435 1631 iterum
453 1596 611 1642 vigeret
628 1600 668 1631 et
686 1596 967 1631 effloresceret.
988 1598 1042 1632 At

88 1644 178 1680 dum
207 1647 443 1683 miserorum
475 1648 749 1684 Ruthenorum
780 1659 943 1685 causam
963 1654 1040 1685 stu-

88 1697 304 1737 diosissime
345 1707 613 1748 propugnaret
647 1701 831 1738 Pontifex
851 1730 859 1745 ,
887 1708 930 1737 ut
969 1703 1040 1749 ipsi

89 1757 268 1788 sanctam
301 1755 487 1790 unionem
515 1755 636 1790 libere
663 1754 840 1801 profiteri
867 1760 905 1791 et
931 1767 1041 1792 exer-

89 1816 183 1841 cere
209 1812 381 1853 possent,
407 1807 510 1842 haud
525 1807 654 1843 omisit
672 1807 849 1844 eiusdem
870 1809 1042 1856 Impera-

91 1859 188 1895 toris
219 1860 408 1896 iustitiam
437 1861 624 1897 invocare
644 1873 714 1908 pro
733 1863 929 1898 nonnullis
946 1863 1042 1899 Gre-

91 1913 263 1949 co-Uniti
293 1914 398 1951 Cleri
433 1915 676 1962 presbyteris
698 1943 706 1956 ,
745 1915 808 1961 qui
840 1916 1042 1963 religionis

93 1976 214 2002 causa
233 1967 283 2003 ab
301 1967 463 2005 an.1839
479 1968 516 2003 in
542 1969 738 2004 coenobiis
761 1970 856 2004 ritus
874 1970 1043 2006 Graeco-

91 2020 245 2057 Russici
260 2022 934 2064 inclusidetinebantur,tenuiSsima
948 2024 1043 2071 ipsis

90 2074 328 2111 aGubernio
347 2077 536 2122 pensione
554 2075 936 2122 designata.Verum
955 2088 1042 2113 cum

91 2128 236 2164 iamdiu
262 2135 509 2176 expectaret,
542 2141 640 2176 quae
674 2129 837 2166 consilia
863 2136 967 2167 esset
984 2143 1042 2167 su-

88 2187 294 2229 scepturus
321 2183 542 2230 Imperator
568 2183 678 2219 circa
704 2186 837 2219 omnia
864 2184 976 2228 haec,
1003 2190 1043 2221 et

92 2235 172 2280 illa,
198 2247 299 2283 quae
319 2238 478 2273 fuerant
500 2237 814 2273 extraordinario
834 2237 1039 2274 Pontificio

92 2288 264 2326 Oratore
282 2290 522 2337 significata,
549 2302 597 2326 ac
616 2291 785 2327 maxime
811 2291 964 2328 doleret
989 2292 1043 2327 vi-

90 2341 187 2378 dens
215 2343 434 2380 iustissimis
465 2345 716 2391 petitionibus
740 2345 820 2381 suis
846 2345 1040 2393 haudqua—

90 2406 208 2443 quam
236 2397 429 2440 arridere,
466 2400 625 2434 ineunte
657 2409 719 2434 an.
756 2399 845 2435 1859
878 2399 1040 2435 familia-

96 2460 182 2485 rem
212 2450 428 2497 Epistolam
455 2451 503 2487 ad
537 2452 720 2488 eumdem
754 2452 1040 2500 Imperatorem

95 2503 234 2547 dedit,
269 2505 426 2551 eiusque
465 2506 683 2550 iustitiam,
722 2507 1039 2554 aequitatemque

92 2557 295 2602 excitavit,
329 2559 566 2603 obsecravit,
594 2571 641 2595 ac
670 2560 789 2596 simul
819 2561 1040 2597 obtestatus

99 2618 160 2650 est
183 2612 301 2648 fidem
329 2613 376 2648 ab
404 2613 488 2660 ipso
515 2614 647 2650 datam
675 2615 720 2650 de
748 2616 952 2651 Ecclesiae
979 2626 1041 2651 ca-

93 2667 260 2705 tholicae
286 2670 403 2705 rebus
430 2670 467 2703 in
505 2680 574 2704 suo
612 2669 843 2704 Russiarum
871 2669 1039 2715 Imperio

94 2726 133 2757 et
164 2721 350 2758 Poloniae
374 2722 510 2769 Regno
531 2733 718 2769 prospere
745 2722 1035 2768 componendis.

142 2779 297 2815 Interea
313 2778 500 2824 temporis
516 2777 663 2813 duabus
682 2775 841 2812 Litteris
859 2775 897 2810 in
915 2775 1040 2812 forma

93 2831 234 2869 Brevis
271 2832 578 2880 Archiepiscopo
612 2830 869 2866 VarsavIensi
900 2830 921 2865 6
947 2830 1039 2865 iunii

94 2887 182 2925 1861
211 2892 251 2923 et
271 2888 316 2925 20
341 2886 530 2923 februarii
549 2885 641 2923 1862
665 2885 759 2920 Pius
777 2888 962 2931 quaestus
979 2890 1040 2921 est

95 2942 142 2979 de
171 2943 271 2979 tristi
297 2947 401 2978 statu
423 2940 626 2976 Ecclesiae
648 2940 685 2974 in
703 2939 778 2975 illis
797 2938 928 2981 terris,
948 2950 1036 2974 eum

95 2997 274 3033 hortatus
300 3002 358 3032 est
377 3007 426 3032 ne
445 2995 646 3031 desineret
663 3003 834 3040 unquam
853 3003 932 3028 una
950 3004 1036 3028 cum

97 3052 177 3088 suis
207 3051 475 3097 Suffraganeis
509 3048 668 3085 eosdem
699 3047 834 3083 fideles
862 3047 1035 3094 populos,

95 3117 170 3152 qua
195 3116 292 3140 voce
316 3133 324 3148 ,
353 3115 428 3151 qua
462 3102 698 3140 salutaribus
734 3105 773 3137 et
807 3101 1037 3149 opportunis

93 3159 253 3205 scriptis
278 3169 434 3204 semper
466 3167 648 3198 monere,
679 3154 910 3198 exhortari,
937 3155 1037 3190 exci-

96 3216 181 3247 tare
199 3240 207 3255 ,
233 3215 276 3247 ut
300 3222 324 3247 a
348 3210 548 3253 veritatis,
584 3208 742 3244 honoris
763 3236 771 3250 ,
797 3207 956 3243 virtutis
983 3207 1036 3243 iu-

97 3266 304 3312 stitiaeque
336 3265 501 3308 semita,
533 3275 580 3300 ac
618 3261 892 3299 sanctissimae
931 3261 1035 3299 Reli-

1897 170 1974 211 397

1086 254 1212 300 gionis
1240 253 1581 301 praeceptionibus
1610 263 1824 300 numquam
1849 253 2030 289 deflecte-

1088 312 1319 355 rent,atque
1348 308 1473 354 magis
1500 308 1539 343 in
1556 307 1638 343 dies
1665 307 1702 342 in
1732 306 1807 343 fide
1824 310 1864 343 et
1890 316 2026 343 amore

1086 371 1185 408 erga
1219 362 1486 408 Apostolicam
1523 360 1663 397 Sedem
1699 359 1860 396 stabiles
1893 364 1933 396 et
1962 359 2031 396 im-

1088 416 1180 449 moti
1199 414 1472 461 persisterent.
1485 414 1715 450 Russiarum
1732 414 1951 460 Imperator
1969 423 2032 450 ae-

1087 468 1225 513 quiora
1258 467 1422 503 consilIa
1461 467 1653 504 meditans
1687 477 1786 514 erga
1818 465 2033 502 catholicos

1087 520 1157 555 sibi
1173 520 1358 562 subditos,
1374 521 1537 556 sublatis
1553 520 1858 568 impedimentis,
1870 519 2034 556 an.1862

1087 572 2034 620 quaesiveratApostolicumNuntium,qui‚iuxta

1087 626 1128 661 S·
1156 626 1268 662 Sedis
1295 632 1387 662 vota
1404 655 1412 669 ‚
1440 627 1593 662 illorum
1621 626 1783 672 negotia
1808 625 2032 662 Romanum

1090 679 1322 716 Pontificem
1354 680 1457 716 inter
1484 685 1523 716 et
1550 680 1795 726 imperialem
1815 679 1944 715 aulam
1971 690 2033 714 cu-

1090 739 1212 769 raret.
1233 734 1272 769 Id
1300 733 1370 769 Pio
1400 734 1466 776 lX,
1493 734 1556 781 qui
1583 738 1711 770 tantos
1731 743 1798 779 pro
1819 733 1891 768 hac
1919 743 1961 768 re
1982 733 2034 768 la-

1090 786 1203 823 bores
1229 787 1485 829 sustinuerat,
1506 798 1700 823 summam
1726 786 1917 822 laetitiam
1936 790 2034 822 attu-

1090 839 1131 875 lit
1148 869 1156 883 ,
1189 840 1256 876 sed
1283 840 1373 876 dum
1399 840 1626 887 designatus
1652 841 1700 876 ab
1727 851 1774 877 eo
1798 839 1968 875 Nuntius
1995 839 2034 874 in

1089 894 1271 929 Russiam
1300 894 1493 940 proficisci
1520 895 1739 937 festinaret,
1759 905 1864 929 nova
1895 896 2036 929 exorta

1089 946 1367 994 impedimenta
1381 948 1484 984 illius
1500 948 1574 985 iter
1592 948 1858 984 det'muerunt.
1872 946 2032 983 Interim

1089 1001 1203 1037 mous
1230 1002 1332 1037 male
1360 1001 1547 1037 consultis
1567 1006 1705 1038 contra
1724 1001 1953 1048 Principem
1972 1011 2038 1036 ex-

1090 1054 1217 1090 citatis
1241 1083 1250 1098 ,
1283 1054 1446 1090 Polonia
1475 1055 1678 1091 turbarum
1704 1054 1886 1090 fluctibus
1911 1056 2037 1090 ferve-

1091 1108 1168 1144 bat.
1198 1109 1300 1144 Nam
1328 1108 1561 1155 gubernium
1590 1108 1806 1144 catholicae
1830 1107 2036 1144 Ecclesiae

1089 1172 1341 1208 summopere
1357 1161 1609 1204 infensum‚et
1623 1160 1905 1197 omnesfideles
1919 1160 1967 1196 ad
1981 1160 2036 1196 fu·

1091 1215 1356 1251 nestissimum
1378 1216 1550 1252 schisma
1568 1215 1800 1261 pertrahere
1826 1219 2038 1263 exoptans,

1090 1268 1362 1316 Religionem,
1394 1281 1606 1317 omnesque
1631 1270 1856 1308 Catholicos
1883 1270 2036 1317 quibus-

1090 1334 1162 1370 que
1185 1323 1308 1360 modis
1325 1324 1474 1360 acriter
1490 1324 1773 1360 insectabatur.
1794 1325 1913 1367 Hinc,
1940 1325 2038 1362 Con-

1091 1378 1274 1413 ventione
1300 1389 1510 1425 numquam
1532 1378 1670 1424 plenae
1690 1378 1912 1415 executioni
1930 1388 2039 1414 man-

1090 1430 1181 1467 data
1200 1458 1208 1474 ,
1237 1442 1284 1467 ac
1311 1432 1474 1478 publicis
1501 1432 1628 1478 pactis
1653 1431 1700 1467 de
1729 1431 1923 1468 catholica
1951 1432 2040 1468 reli-

1091 1485 1205 1530 gione
1233 1485 1270 1520 in
1301 1485 1489 1521 Poloniae
1516 1496 1640 1532 regno
1667 1485 1810 1521 tuenda
1837 1486 1953 1533 plane
1976 1485 2041 1522 de-

1090 1538 1236 1585 spectis
1255 1567 1263 1581 ,
1298 1538 1554 1585 plurimisque
1580 1537 1694 1574 editis
1728 1539 1878 1586 legibus
1905 1543 1945 1574 et
1976 1538 2041 1575 de-

1091 1592 1212 1627 cretis
1241 1591 1298 1627 rei
1326 1591 1545 1628 catholicae
1564 1592 1734 1628 maxime
1753 1592 1946 1637 adversis,
1965 1593 2041 1629 Gu-

1092 1646 1269 1680 bernium
1297 1645 1399 1681 idem
1426 1656 1636 1692 numquam
1663 1646 1878 1682 intermisit
1902 1646 2034 1682 catho-

1092 1698 1167 1734 lica
1183 1701 1331 1746 scripta
1346 1699 1599 1742 interdicere,
1619 1698 1708 1734 dum
1724 1699 1844 1736 libros
1870 1703 1908 1736 et
1926 1699 2042 1747 ephe-

1092 1752 1264 1788 merides
1299 1752 1516 1788 catholicae
1551 1752 1755 1788 doctrinae
1789 1754 1947 1789 omnino
1981 1765 2042 1790 re-

1093 1811 1314 1852 pugnantes
1333 1834 1342 1849 ,
1370 1810 1409 1841 et
1434 1806 1473 1841 in
1501 1806 1645 1843 Christi
1673 1806 1734 1842 hic
1766 1807 1804 1842 in
1829 1807 1947 1843 terris
1973 1807 2040 1842 Vi-

1093 1860 1243 1895 carium
1271 1864 1311 1895 et
1328 1860 1597 1906 Apostolicam
1616 1860 1758 1896 Sedem
1783 1871 2038 1907 summopere

1095 1912 1306 1949 iniuriosas
1317 1912 1632 1956 disseminare‚et
1647 1914 2040 1951 communicationem

1093 1977 1181 2001 cum
1212 1966 1440 2013 Apostolica
1473 1966 1573 2002 Sede
1608 1967 1844 2014 praepedire
1881 1972 2039 2014 satage-

1094 2020 1172 2056 bat.
1188 2020 1455 2056 Iuramentum
1470 2020 1610 2056 divinis
1627 2020 1778 2068 legibus
1793 2022 2037 2058 contrarium

1093 2074 1374 2121 praescripsit,
1417 2078 1457 2110 et
1500 2075 1682 2122 populum
1722 2079 1861 2111 contra
1903 2086 2040 2112 sacros

1094 2127 1292 2164 miniStros
1318 2128 1531 2171 excitavit,
1551 2134 1590 2164 et
1618 2128 1827 2175 prohibuit,
1845 2140 1894 2166 ne
1927 2129 2040 2166 doce-

1092 2186 1229 2218 rentur
1254 2180 1389 2218 fideles
1407 2181 1454 2217 de
1472 2182 1717 2226 discrimine,
1733 2182 1833 2230 quod
1851 2183 1956 2219 inter
1975 2194 2038 2220 ca-

1095 2235 1275 2271 tholicam
1296 2237 1507 2272 veritatem
1522 2241 1561 2272 et
1577 2236 1749 2272 schisma
1763 2236 1983 2281 intercedit,
2000 2241 2041 2274 et

1093 2289 1339 2336 gravissimis
1373 2290 1596 2326 constitutis
1631 2292 1767 2338 poenis
1803 2291 2034 2338 impedivit,

1091 2344 1294 2390 quominus
1321 2344 1461 2391 aliquis
1480 2356 1500 2380 e
1516 2344 1728 2380 schismate
1758 2356 1982 2391 emergere,
1998 2350 2040 2382 et

1091 2397 1139 2433 ad
1166 2399 1381 2434 catholicae
1408 2398 1600 2434 ecclesiae
1627 2398 1755 2433 sinum
1782 2398 1911 2434 redire
1946 2409 2031 2446 pos-

1092 2454 1164 2486 set.
1184 2451 1284 2487 Hinc
1307 2452 1479 2498 religiosi
1506 2452 1580 2486 viri
1607 2463 1628 2487 e
1646 2451 1726 2486 suis
1744 2452 1954 2488 Coenobiis
1971 2451 2039 2488 de-

1093 2504 1263 2548 turbati,
1292 2517 1504 2553 eorumque
1534 2505 1773 2541 monasteria
1798 2505 2035 2542 militaribus

1091 2559 1326 2596 stati0nibus
1359 2559 1583 2601 destinata,
1617 2564 1655 2595 et
1689 2560 1874 2607 Episcopi
1909 2570 1934 2595 a
1959 2559 2037 2595 suis

1093 2613 1348 2649 Dioecesibus
1375 2613 1531 2660 abrepti
1558 2618 1599 2648 et
1625 2613 1739 2649 exilio
1767 2613 1973 2656 mulctati,
1998 2617 2039 2649 et

1092 2665 1286 2702 innumeri
1320 2668 1403 2702 fere
1439 2666 1641 2702 catholici*
1655 2667 1791 2712 graeci
1824 2665 1922 2702 ritus
1951 2666 2037 2702 sub-

1092 2718 1190 2755 dolis
1208 2713 1422 2767 quibusque
1442 2719 1798 2755 machinationibus
1816 2719 1854 2755 in
1867 2719 2040 2756 schisma

1091 2773 1286 2810 violenter
1313 2774 1446 2817 tracti,
1462 2778 1502 2809 et
1521 2772 1696 2820 impediti
1720 2772 1769 2808 ad
1796 2772 2038 2809 redeundum

1092 2826 1130 2861 in
1166 2827 1383 2863 catholicae
1420 2827 1624 2862 Ecclesiae
1659 2827 1852 2872 gremium
1873 2854 1883 2871 ‚
1916 2826 2037 2863 veluti

1092 2881 1355 2927 exoptabant,
1384 2884 1423 2916 et
1449 2879 1756 2916 innumerabiles
1782 2880 1903 2916 etiam
1930 2880 2040 2916 latini

1093 2935 1189 2970 ritus
1216 2934 1398 2969 catholici
1421 2945 1491 2980 per
1509 2934 1633 2969 mixta
1652 2934 1886 2980 praesertim
1905 2933 2041 2970 matri-

1092 2991 1222 3025 monia
1248 2987 1467 3024 catholicae
1487 2988 1690 3024 Ecclesiae
1709 2988 1850 3036 erepti,
1869 2993 1910 3025 et
1928 2988 2039 3036 pueri

1093 3043 1294 3081 catholicis
1324 3041 1552 3088 parentibus
1590 3043 1750 3088 orbati,
1783 3043 1854 3080 sub
1891 3043 2039 3079 tutelae

1090 3102 1300 3146 praetextu
1321 3125 1329 3140 ,
1367 3096 1405 3131 in
1437 3095 1666 3143 longinquas
1692 3097 1878 3144 regiones
1904 3107 2040 3133 aman-

1090 3152 1170 3188 dati
1196 3179 1203 3194 ,
1232 3162 1255 3186 a
1289 3148 1484 3188 catholico
1520 3150 1623 3186 cultu
1651 3151 1772 3187 avulsi
1801 3155 1840 3188 et
1869 3151 1909 3187 in
1938 3150 2038 3187 schi-

1089 3207 1226 3241 smatis
1252 3203 1464 3239 discrimen
1491 3203 1660 3241 adducti.

1135 3258 1315 3295 Accessit
1332 3257 1576 3303 etiam‚qu0d
1595 3269 1680 3295 cum
1703 3253 1923 3308 presbyteri
1953 3261 2036 3296 tum
