2241 3473
542 183 1019 302 HisroruAE
1071 231 1803 302 EooLESIAsrioAE

805 382 1133 468 EPOCHA
1181 382 1547 469 SECVNDA

410 534 445 570 A
465 529 650 568 MORTE
671 530 709 568 S.
731 528 948 567 IOANNIS
968 527 1227 566 APOSTOLI
1246 529 1423 572 VSQVE
1443 530 1512 567 AD
1533 528 1948 568 CONVERSIONEM

852 582 1211 621 CONSTANTINI
1231 583 1286 622 M.
1307 583 1393 622 AN.
1414 584 1504 622 312.

555 713 798 741 PROOEMIVM

258 812 301 849 In
318 810 565 862 praecedenti
581 809 730 859 epocha
744 808 1077 846 consideravimus
1088 808 1158 845 Ec·

204 865 344 903 clesiae
366 878 389 903 a
408 865 563 903 Christo
591 863 794 902 institutae
823 862 1056 912 primordia,
1079 862 1155 898 mi·-

205 931 290 958 ram
320 918 667 968 propagationem,
698 919 920 964 statumque
958 915 1155 952 internum

204 975 319 1023 atque
354 974 562 1010 externum
592 972 662 1011 sub
693 969 888 1019 Apostolis
918 981 1051 1006 eorum
1086 969 1158 1006 dis-

203 1027 351 1075 cipulis.
372 1027 488 1064 Nova
513 1026 610 1063 haec
638 1024 783 1074 epocha
812 1023 922 1060 nobis
959 1021 1158 1060 exhibebit

205 1080 434 1118 admiranda
462 1079 634 1117 ciusdem
665 1077 863 1116 Ecclesiae
892 1077 1155 1122 incrementa,

202 1134 365 1182 eiusque
385 1145 461 1171 non
476 1135 630 1171 tantum
650 1132 689 1169 in
710 1131 889 1168 omnibus
909 1129 1062 1179 imperii
1082 1130 1157 1166 Ro-

204 1188 310 1225 mani
330 1187 554 1236 provinciis,
571 1186 638 1224 sed
658 1186 697 1222 in
718 1184 803 1222 aliis
822 1183 941 1222 etiam
953 1183 1083 1232 regnis
1103 1183 1156 1220 in-

201 1244 263 1279 ter
282 1242 383 1291 ipsos
404 1240 564 1290 populos
583 1240 771 1277 barbaros
792 1237 1076 1282 extensionem,
1093 1235 1155 1273 ni-

201 1295 258 1333 hil
278 1295 520 1332 obstantibus
540 1292 876 1343 persecutionibus
906 1292 1043 1328 eontra
1069 1301 1154 1327 eam

202 1348 397 1386 excitatis.
411 1348 620 1385 Enimvero
637 1347 803 1383 durante
819 1346 892 1382 hac
908 1344 1055 1394 epocha
1074 1355 1155 1393 per-

202 1402 421 1440 secutiones
441 1401 600 1439 suerunt
616 1404 696 1438 tam
715 1399 951 1448 frequentes,
967 1400 1011 1435 ut
1025 1397 1155 1435 Eccle-

201 1455 260 1493 sia
280 1455 349 1493 vix
376 1456 569 1504 quaedam
599 1453 830 1499 intervalla,
851 1452 954 1490 omni
974 1463 1020 1489 ex
1043 1454 1154 1500 parte

202 1509 355 1558 quieta,
377 1511 493 1546 nacta
513 1507 574 1546 sit.
595 1507 728 1545 Etiam
747 1507 818 1544 sub
838 1506 886 1543 iis
906 1505 998 1554 ipsis
1026 1505 1153 1553 impe-

200 1562 410 1609 ratoribus,
431 1561 496 1611 qui
517 1561 656 1598 ceteris
677 1560 881 1608 aequiores
904 1561 944 1597 et
963 1570 1151 1596 mansue-

201 1616 334 1660 tiores,
356 1615 464 1653 nulla
483 1613 762 1664 persecutionis
781 1613 907 1651 edicta
926 1611 1153 1661 promulga-

203 1671 368 1716 verunt,
389 1667 601 1707 Christiani
632 1667 786 1717 saepius
810 1677 988 1716 paganae
1008 1665 1153 1714 plebis,

201 1735 271 1772 per
290 1723 504 1761 tumultum
525 1721 776 1771 erumpentis,
797 1719 1018 1765 saevitiam,
1036 1720 1153 1769 magi-

202 1779 398 1814 stratuum
419 1776 669 1824 iniquitatem
689 1776 730 1812 et
757 1773 1067 1812 sacrificulorum
1095 1773 1147 1810 in-

202 1830 350 1868 vidiam
372 1829 527 1879 experti
547 1831 647 1867 sunt.
668 1828 779 1866 Nihil
804 1839 920 1877 porro
949 1830 1029 1872 est,
1049 1827 1152 1875 quod

202 1884 251 1921 ad
277 1883 580 1921 exscindendam
610 1881 825 1920 Ecclesiam
853 1893 928 1918 non
958 1880 1154 1918 tentarint

202 1940 481 1986 persecutores.
503 1937 700 1973 Bonorum
720 1934 1042 1984 proscriptiones,
1064 1934 1151 1971 exi-

203 1991 256 2029 lia
269 2022 278 2038 ,
298 2002 492 2037 carceres,
513 1990 779 2027 membrorum
801 1987 1076 2033 abscissiones,
1096 1991 1154 2025 to-

201 2045 279 2083 tius
299 2044 471 2094 corporis
492 2043 771 2089 mutilationes,
790 2041 972 2079 vivorum
998 2042 1151 2078 combu-

202 2098 349 2136 stiones
363 2127 372 2144 ,
393 2097 548 2146 aliaque
568 2096 705 2134 mortis
725 2095 913 2145 supplicia
926 2125 935 2142 ,
955 2106 1054 2143 quae
1076 2107 1151 2132 non

203 2152 283 2190 sinc
304 2152 463 2189 horrore
483 2150 683 2200 leguntur,
702 2154 839 2187 contra
858 2161 935 2195 eos,
952 2149 1016 2197 qui
1036 2148 1151 2186 Chri-

204 2208 264 2243 sto
286 2206 375 2243 Icsu
396 2216 535 2242 nomen
557 2204 703 2242 dabant
725 2203 889 2252 eiusque
905 2201 1150 2252 Religionem

201 2259 361 2297 eiurare
382 2258 579 2304 nolebant,
600 2257 758 2295 fuerunt
778 2256 952 2294 exercita
970 2255 994 2293 ¹.

254 2312 351 2351 Cum
372 2311 688 2361 persecutoribus
718 2310 756 2347 in
786 2309 1001 2359 Religionis
1027 2320 1151 2358 expu-

204 2366 430 2417 gnationem
451 2365 724 2414 conspirarunt
742 2363 958 2412 philosophi
980 2362 1124 2400 ethnici
1142 2393 1151 2409 ,

203 2431 369 2468 quorum
389 2418 453 2457 alii
474 2419 512 2456 in
535 2418 764 2455 universum
781 2429 826 2454 eo
843 2417 1013 2454 animum
1030 2416 1152 2453 inten-

204 2474 368 2518 debant,
389 2476 432 2510 ut
454 2471 702 2522 sophismatis
727 2470 946 2520 Religionis
967 2470 1150 2508 christia-

202 2540 275 2565 nae
297 2526 527 2576 dignitatem
557 2525 840 2575 deprimerent,
862 2524 966 2561 illam
997 2524 1149 2561 calum-

200 2581 273 2618 niis
289 2580 596 2630 proscinderent,
608 2578 785 2616 coelestis
806 2578 1020 2627 sapientiae
1041 2577 1148 2615 disci-

202 2634 345 2684 plinam
368 2634 552 2671 vanitatis
573 2645 617 2670 ac
638 2631 830 2670 stultitiae
850 2635 1077 2679 arguerent,
1100 2631 1150 2668 ri—

201 2688 339 2736 suique
361 2687 516 2736 publico
539 2688 798 2735 exponerent,
817 2684 895 2731 alii,
912 2696 1047 2733 nempe
1064 2685 1151 2721 hac-

202 2741 311 2778 retici
334 2740 528 2787 Gnostici,
549 2739 699 2789 placitis
721 2738 993 2787 philos‹;›pliicis
1015 2750 1149 2776 veram

201 2794 344 2832 Christi
366 2794 583 2831 doctrinam
604 2793 914 2841 corrumpebant.

254 2848 536 2886 Verumtamen
559 2858 691 2884 omncs
708 2847 777 2883 lias
794 2845 1082 2895 persecutiones
1098 2847 1152 2883 at·

199 2914 273 2950 quc
291 2901 506 2938 certamina
526 2902 572 2938 ad
595 2900 780 2937 maiorem
800 2899 996 2937 Ecclesiae
1016 2899 1150 2937 trium-

199 2956 316 3004 phum
347 2958 467 3003 atquc
498 2955 739 3003 splendorem
761 2953 907 2991 direxit
928 2953 1083 2991 divinus
1106 2953 1151 2990 il-

197 3009 271 3046 lius
292 3007 845 3045 Institutor.Pel-secutoribus
867 3007 1045 3056 opposuit
1066 3020 1152 3044 con-

197 3062 382 3101 stantiam
400 3066 620 3111 martyrum
637 3064 754 3110 atquc
774 3061 1050 3107 consessorum
1067 3073 1150 3098 con-

215 3260 219 3264 ·
240 3218 246 3238 ¹
269 3218 384 3289 {iubis-is
408 3219 438 3289 Δί.
458 3217 582 3254 Callon,
601 3216 643 3247 Dc
659 3226 698 3247 ss,
716 3221 853 3255 martyr.
870 3213 1074 3251 cruciatibus,
1092 3214 1150 3245 Ι·;ι-

197 3269 248 3291 ris.
289 3260 359 3299 tii),
375 3260 419 3290 in·
443 3284 449 3290 .

1197 703 1260 739 tra
1292 701 1538 751 philosophos
1576 702 1694 750 atque
1729 712 1906 738 errorum
1943 700 2154 750 magistros

1198 755 1384 793 excitavit
1399 756 1650 805 apoloysstas
1665 755 1838 803 aliosque
1857 754 2037 804 egregios
2047 753 2153 793 Reli-

1198 809 1323 859 gionis
1350 808 1587 846 christianae
1617 808 1802 847 vindices.
1825 809 1939 846 Unde
1968 808 2154 845 effectum

1198 865 1271 909 est,
1292 865 1332 900 ut
1353 862 1460 911 ipsae
1487 862 1778 911 persecutiones
1806 862 1855 900 ad
1883 861 2153 900 extensionem

1199 916 1394 953 Ecclesiae
1414 915 1664 961 contulerint,
1681 918 1721 953 et
1740 927 1816 964 quo
1832 915 1959 965 magis
1974 916 2022 953 ab
2038 914 2156 952 hosti·

1198 970 1270 1007 bus
1286 969 1600 1019 opprimerentur
1616 969 1842 1016 Christiani,
1856 981 1901 1007 eo
1917 968 2042 1018 magis
2057 968 2155 1006 mul-

1198 1023 1481 1072 tiplicarentur,
1503 1025 1545 1060 ut
1565 1025 1735 1060 testatur
1754 1021 2023 1060 Tertullianus
2039 1019 2064 1059 ¹.

1254 1077 1286 1114 1.
1307 1077 1516 1115 Ecclesiae
1534 1081 1669 1114 status
1687 1076 1762 1113 sub
1789 1076 1971 1113 Traiano
1987 1097 2039 1102 —
2055 1074 2152 1113 Post

1198 1130 1332 1167 Coccei
1353 1131 1512 1168 Nervae
1534 1132 1716 1176 mortem,
1736 1141 1836 1179 quae
1866 1128 2034 1178 contigit
2052 1139 2155 1166 anno

1197 1196 1312 1222 aerae
1341 1184 1579 1222 christianae
1608 1183 1672 1230 98,
1694 1184 1918 1221 Romanum
1947 1181 2156 1231 imperium

1198 1237 1349 1287 accepit
1369 1237 1421 1275 M.
1444 1238 1492 1275 U.
1514 1237 1723 1283 Traianus,
1743 1236 1941 1286 hispanus,
1960 1235 2025 1285 qui
2039 1235 2157 1285 impe-

1197 1292 1301 1329 ravit
1323 1303 1443 1340 usque
1465 1291 1511 1328 ad
1529 1302 1675 1328 annum
1698 1291 1785 1328 117.
1807 1291 1889 1328 Sub
1910 1289 1993 1328 eius
2012 1288 2156 1339 princi-

1196 1348 1291 1394 patu
1311 1345 1603 1394 persecutiones
1624 1345 1663 1382 in
1689 1343 1933 1382 Christianos
1952 1343 2154 1381 instaura-

1195 1401 1258 1436 tae
1278 1400 1379 1436 sunt.
1398 1410 1420 1436 «
1440 1398 1520 1436 Sub
1549 1399 1633 1445 hoc,
1662 1397 1790 1446 inquit
1820 1397 2023 1442 Eusebius,
2044 1395 2155 1434 cuius

1196 1464 1299 1490 nunc
1340 1454 1519 1501 tempora
1562 1462 1938 1499 commemoramus,
1980 1450 2154 1488 Traiano

1195 1506 1473 1555 particularem
1502 1505 1713 1554 quamdam
1729 1516 1800 1555 per
1824 1505 1998 1555 singulas
2018 1503 2156 1541 eivita-

1195 1562 1255 1597 tes
1275 1559 1452 1609 populari
1473 1561 1582 1596 motu
1613 1560 1803 1597 adversus
1823 1560 1977 1597 nostros
1997 1556 2153 1596 excita-

1195 1615 1277 1651 tam
1297 1625 1382 1651 esse
1403 1612 1708 1662 persecutionem
1731 1612 1954 1661 accepimus
1973 1610 1988 1633 ²
2007 1623 2044 1650 ».
2065 1610 2153 1648 Tu-

1193 1667 1395 1704 multuosa
1414 1666 1520 1715 plebs
1549 1668 1588 1703 et
1616 1665 1872 1714 magistratus
1901 1664 2154 1712 christianos,

1195 1732 1290 1768 quos
1318 1720 1507 1766 oderant,
1535 1720 1645 1757 tanto
1673 1719 1836 1756 liberius
1857 1718 2154 1768 persequeban-

1193 1776 1270 1821 tur,
1291 1775 1437 1822 quanto
1467 1773 1591 1823 magis
1620 1772 1813 1811 Traianus
1845 1773 2008 1810 deorum
2030 1770 2155 1810 cultui

1193 1827 1231 1864 in
1261 1828 1438 1866 omnibus
1468 1826 1690 1865 consultum
1719 1826 1902 1876 cupiens,
1933 1824 2153 1875 Religionis

1195 1881 1430 1919 christianae
1451 1880 1786 1930 progressionibus
1816 1879 2025 1918 invideret.
2046 1878 2155 1925 Haec

1194 1937 1326 1972 autem
1342 1935 1420 1972 iam
1449 1935 1505 1972 ita
1526 1936 1742 1983 propagata
1761 1936 1860 1981 erat,
1883 1934 1926 1971 ut
1949 1932 2102 1971 Plinius
2115 1931 2154 1970 II

1194 1989 1241 2025 ad
1262 1988 1476 2026 Traianum
1498 1989 1701 2034 scriberet,
1722 2000 1798 2025 non
1827 1989 1987 2025 tantum
2015 1997 2086 2036 per
2105 1985 2153 2023 ci-

1193 2041 1353 2088 vitates,
1369 2042 1435 2080 sed
1456 2043 1495 2079 et
1515 2053 1585 2090 per
1607 2041 1714 2079 vicos
1737 2043 1778 2079 et
1797 2052 1913 2091 agros
1934 2040 2059 2078 omnis
2079 2051 2152 2078 ae-

1193 2095 1297 2142 tatis,
1313 2095 1437 2133 omnis
1454 2095 1611 2141 ordinis,
1635 2094 1836 2144 utriusque
1862 2105 1981 2133 sexus
2005 2093 2152 2132 multos

1193 2149 1319 2186 colere
1332 2149 1530 2187 Christum
1543 2147 1568 2187 ³.
1582 2149 1778 2186 Traianus
1791 2149 1884 2198 ipse,
1899 2159 1987 2185 cum
2004 2146 2152 2185 bellum

1194 2203 1352 2240 Parthis
1372 2202 1554 2240 illaturus
1574 2202 1824 2240 Antiochiam
1854 2201 2044 2248 venisset,
2064 2212 2094 2238 s.
2115 2199 2154 2237 I-

1192 2256 1392 2305 gnatium,
1421 2256 1538 2294 huius
1576 2255 1683 2294 urbis
1717 2255 1960 2305 episcopum,
1989 2255 2153 2303 propter

1194 2311 1298 2348 vitae
1318 2310 1569 2348 sanctitatem
1589 2312 1630 2347 ct
1657 2309 1859 2358 religionis
1895 2307 2093 2346 fervorem
2114 2306 2153 2344 in

1195 2364 1378 2402 universa
1398 2363 1574 2401 Ecclesia
1592 2361 1956 2409 celebratissimum,
1974 2361 2154 2399 condem-

1194 2419 1321 2463 navit,
1353 2421 1394 2455 ut
1422 2418 1590 2454 Romam
1620 2417 1827 2454 duceretur
1855 2415 1962 2453 et'in
1993 2414 2151 2464 amphi-

1194 2471 1347 2509 theatro
1363 2484 1385 2508 a
1405 2470 1580 2508 leonibus
1600 2470 1886 2519 discerperetur
1903 2468 1928 2506 ⁴.

1247 2526 1411 2562 Praeter
1439 2536 1468 2561 s.
1486 2524 1681 2573 Ignatium
1704 2524 1835 2573 plures
1855 2522 1951 2561 alios
1971 2521 2009 2560 in
2032 2521 2152 2571 Syria

1194 2578 1428 2616 christianae
1458 2578 1566 2615 Fidei
1595 2590 1712 2615 causa
1742 2576 1859 2614 fuisse
1881 2578 2007 2614 morte
2027 2574 2150 2614 affec-

1193 2635 1264 2679 tos,
1285 2631 1506 2681 colligimus
1527 2644 1575 2669 ex
1605 2630 1770 2680 epistola
1799 2631 1844 2668 D.
1866 2628 2078 2679 Polycarpi
2101 2628 2150 2666 ad

1192 2686 1464 2735 Smyrncnscs.
1497 2685 1539 2722 In
1570 2684 1792 2722 Palaestina
1820 2682 2066 2733 quaestiones
2095 2681 2154 2720 in-

1192 2740 1348 2777 stitutas
1369 2741 1408 2776 ct
1429 2739 1746 2776 animadversum
1764 2737 1883 2776 fuisse
1897 2737 1937 2774 in
1958 2735 2152 2774 Christia-

1194 2806 1274 2838 nos,
1304 2792 1488 2830 novimus
1509 2805 1529 2830 e
1560 2791 1750 2842 martyrio
1771 2804 1800 2830 s.
1822 2789 2041 2836 Simeonis,
2063 2789 2148 2839 epi-

1191 2846 1296 2895 scopi
1327 2846 1692 2895 IIierosolymitaui,
1722 2846 1823 2895 quod
1845 2855 1895 2883 ex
1929 2842 2149 2893 Hegesippo

1193 2900 1315 2937 refiert
1335 2901 1527 2938 Eusebius
1548 2899 1572 2938 ⁵.
1595 2901 1734 2938 Parem
1755 2898 1961 2938 saevitiam
1993 2898 2032 2935 in
2057 2895 2155 2935 Asia

1234 3045 1243 3065 ¹
1266 3044 1377 3075 Plures
1393 3042 1566 3083 efficimur,
1582 3042 1690 3083 inquit,
1705 3041 1829 3083 quocies
1845 3048 1865 3072 α
1881 3039 1968 3072 vobis
1984 3038 2154 3080 metimur3

1194 3087 1284 3128 Apol.

1233 3130 1246 3149 ·-’
1263 3127 1348 3158 Ilisr.
1365 3127 1439 3158 eccl.
1456 3127 1473 3157 l.
1492 3126 1545 3164 111,
1561 3136 1586 3157 c.
1605 3126 1652 3157 32.

1235 3172 1248 3190 ³
1264 3169 1360 3208 Epist.
1378 3169 1427 3204 1⁹7,
1445 3169 1463 3199 Ι.
1481 3170 1513 3199 X.

1235 3213 1246 3234 ·¹
1265 3212 1345 3242 ,ism
1371 3211 1524 3250 nau-tyrii
1539 3220 1561 3239 s.
1582 3209 1707 3251 Ιῃιιιιτὶί,
1726 3208 1807 3249 apud
1832 3207 1999 3248 Usserium‚
2015 3206 2152 3247 Ruinam,

1194 3253 1335 3285 (Intulit-1¹.
1360 3270 1397 3275 —
1421 3253 1435 3275 5
1452 3254 1519 3284 Loc.
1538 3252 1588 3283 cit.
