2241 3473
568 155 694 186 VSQVE
722 155 774 181 AD
804 152 1101 181 PONTIFICATVM
1129 153 1159 180 S.
1181 153 1379 181 GREGORII
1408 154 1475 181 vn.

51 218 435 273 pseudo-cardinalis
451 221 626 268 tempore
643 218 825 265 Gregorii
838 217 1001 268 Pp.VII.

50 276 109 314 De
145 274 328 312 Bennone
361 272 458 310 bene
480 272 681 319 *indicavit
711 271 904 309 Baronius
937 270 1002 307 in-

51 324 213 376 quiens¹
231 354 241 370 ,
270 336 364 362 cum
395 325 583 362 historici
609 325 736 361 huius
761 326 890 371 plura
919 324 1003 360 sint

51 378 263 418 mendacia
277 407 286 421 ,
321 389 448 426 quam
482 377 622 421 verba,
651 376 760 425 quod
796 376 1005 424 affirmari

45 433 200 482 possit,
221 430 333 467 nihil
356 431 526 478 penitus
555 435 622 467 est.
644 428 829 465 Eamdem
851 428 1002 465 calum-

51 485 169 529 niam,
202 482 265 519 cui
295 483 425 519 forsan
446 481 686 519 occasionem
717 480 895 528 praebuit
920 480 1002 516 sin-

51 535 203 586 gularis
241 535 355 572 huius
390 531 592 571 Pontificis
626 533 665 569 in
704 533 922 569 matheseos
966 533 1005 567 et

52 587 317 639 philosophiae
356 587 507 623 arcanis
541 586 702 633 peritia,
737 588 870 632 postea
904 595 1003 619 non-

54 641 150 678 nulli
172 639 316 678 litteris
335 639 583 676 mandarunt.
602 638 811 674 Praeterea
832 636 1004 673 eiusmo-

54 694 93 730 di
123 693 318 731 accusatio
347 690 563 728 destruitur
599 693 683 726 tum
723 688 846 736 elogio
865 717 874 732 ,
902 687 1004 735 quod

58 746 220 794 Sergius
242 745 311 793 Pp.
334 743 388 780 IV
417 743 456 779 in
485 741 648 779 basilica
672 740 928 778 Lateranensi
958 740 1006 776 ad

56 798 251 836 tumulum
272 795 448 833 Silvestri
480 795 515 831 II
546 794 686 843 posuit,
719 797 800 830 tum
837 792 1006 841 egregiis

54 850 248 894 laudibus,
273 848 410 897 quibus
436 847 636 883 Ditmarus
665 846 866 895 episcopus
896 844 1006 882 Mer-

55 901 301 950 sebur—gensis
317 898 345 944 ²,
371 899 577 947 Hilgaldus
610 899 823 936 monachus
851 898 1006 935 Floria-

55 954 180 992 censis
198 951 234 998 ³,
264 952 406 999 aliique
445 952 654 1000 scriptores
689 951 870 999 aequales
906 950 1008 986 hunc

57 1005 289 1044 Pontificem
318 1004 577 1042 celebrarunt.
598 1003 872 1041 Commentitia
900 1003 1009 1050 pari-

54 1061 119 1096 ter
146 1060 186 1096 et
212 1057 428 1095 falsitatum
466 1056 580 1105 plena
613 1059 671 1094 est
701 1056 950 1100 constitutio,
971 1055 1011 1091 in

55 1122 132 1160 qua
147 1110 339 1148 Silvester
358 1109 394 1146 II
415 1109 559 1157 legitur
580 1108 764 1146 Pontifex
783 1111 939 1146 creatus
961 1108 1009 1145 ab

56 1164 198 1202 Ottone
217 1164 384 1211 augusto
400 1161 427 1198 ⁴.

111 1214 345 1254 SilvesterII
358 1214 597 1262 Stephanum
615 1215 754 1252 ducem
766 1213 1010 1261 Hungariae,

56 1271 213 1318 propter
231 1266 435 1316 praeclara
450 1268 593 1304 merita
608 1268 655 1304 de
670 1267 758 1305 fidei
775 1267 1010 1303 christianae

57 1320 334 1370 propagatione
355 1319 462 1368 regis
482 1320 627 1357 honore
647 1322 686 1357 et
706 1320 863 1357 nomine
884 1319 1010 1363 auxit,

58 1376 102 1411 ut
120 1373 304 1418 diximus,
325 1373 439 1420 eique
461 1374 499 1408 et
520 1373 808 1410 successoribus
834 1373 894 1410 ius
916 1384 1010 1420 prae

55 1437 97 1464 se
116 1425 300 1463 ferendae
320 1425 446 1462 crucis
466 1425 605 1462 tribuit-
629 1425 656 1471 ⁵3
676 1425 715 1461 in
737 1425 901 1462 Polonia
920 1424 1012 1461 civi-

59 1480 179 1516 tatem
199 1478 466 1515 Gnesnensem
488 1478 810 1526 archiepiscopali
831 1479 922 1515 sede
943 1478 1010 1514 do-

60 1531 185 1576 navit,
206 1530 269 1567 cui
289 1531 314 1567 3
334 1530 443 1568 sedes
464 1530 713 1579 episcopales,
731 1531 1011 1575 Cracoviensis,

60 1583 379 1621 Uratislaviensis
390 1584 429 1619 et
437 1582 898 1632 Colbergensis,subditae
908 1586 1011 1620 sunt:

59 1636 142 1673 vita
160 1632 326 1673 excessit
337 1635 382 1671 νο
396 1635 481 1672 idus
500 1636 590 1672 maii
608 1648 668 1673 an.
690 1636 917 1673 1003.Inter
937 1635 1012 1672 alia

57 1688 202 1737 ingenii
230 1687 291 1726 sui
321 1690 574 1725 monumenta
603 1689 765 1736 reliquit
793 1689 934 1726 librum
962 1689 1009 1724 de

58 1737 286 1790 geometria,
306 1741 452 1777 librum
468 1741 515 1777 de
532 1742 714 1786 numeris,
726 1753 943 1778 sermonem
965 1742 1010 1778 de

57 1793 331 1831 informatione
348 1793 628 1841 episcoporum,
639 1794 848 1842 pluresque
868 1794 1012 1842 episto-

56 1846 127 1891 las,
141 1858 237 1895 quas
256 1849 467 1894 antequam
489 1850 591 1883 esset
610 1846 798 1894 pontifex,
820 1846 973 1895 scripsit
982 1844 1008 1883 ⁶.

113 1899 199 1937 113.
220 1899 401 1937 Ioannes
418 1899 551 1935 XVII
573 1904 613 1935 et
630 1899 784 1936 XVIII
794 1900 1014 1948 Pontifices

59 1951 147 2001 (an.
171 1951 290 2001 1003)
306 1951 558 1988 -Silvestro
579 1952 616 1988 II
636 1951 674 1987 in
696 1963 847 1988 summo
872 1951 1012 1988 Ponti·-

59 2004 179 2042 ficatu
197 2004 260 2042 111⁰
280 2005 366 2042 idus
396 2003 522 2041 iunias
552 2003 739 2041 suffectus
767 2008 825 2041 est
850 2005 1013 2042 Ioannes

59 2057 201 2103 XVII,
240 2057 442 2094 Romanus
459 2086 467 2101 ‚
507 2056 622 2093 Sicco
660 2057 908 2105 cognomine3
947 2057 1012 2104 qui

60 2110 241 2158 quamvis
261 2109 365 2146 inter
384 2109 579 2157 legitimos
596 2109 710 2147 huius
729 2110 893 2147 nominis
917 2111 1014 2146 Pon-

61 2161 187 2200 tifices
214 2165 317 2200 esset
337 2162 448 2207 XVI,
470 2173 555 2198 cum
573 2162 738 2199 Ioannes
767 2163 893 2200 dictus
919 2162 1015 2199 XVI

63 2215 102 2251 in
125 2214 252 2252 locum
273 2215 453 2264 Gregorii
474 2215 509 2251 V
529 2214 847 2261 intrusus,fuerit
866 2215 1014 2264 antipa-

104 2329 175 2360 1Ad
192 2338 241 2359 an.
257 2328 346 2367 1048,
361 2338 389 2359 n.
408 2329 440 2361 1.

100 2367 114 2389 Ξ
131 2369 248 2402 Chr-on.
263 2369 282 2400 l.
301 2370 346 2400 VI.
361 2387 400 2392 -—
416 2370 430 2392 3
453 2371 524 2401 Vita
543 2370 682 2402 Roberti
698 2372 794 2411 reyes

103 2411 117 2433 ⁴
134 2410 219 2447 Pagi,
237 2409 356 2442 Critica
371 2411 410 2440 ad
427 2420 475 2441 an.
493 2411 563 2442 999.

103 2451 118 2473 5
133 2451 197 2481 vid.
215 2461 245 2490 p.
261 2450 330 2482 ⁵268.
350 2467 388 2473 ·-
401 2452 553 2482 Baronius
566 2478 573 2490 ,
591 2451 630 2482 ad
647 2461 696 2482 an.
716 2452 803 2490 1003,
820 2453 834 2494 ξ
851 2454 885 2489 6,
905 2453 1014 2484 recitat

65 2492 159 2522 huius
178 2491 334 2522 pontificis
349 2493 512 2531 epistolam
537 2495 659 2524 nomine
674 2494 830 2524 Ecclesiae
844 2495 1016 2534 Hierosoly-

67 2541 185 2563 morum
202 2533 350 2572 scriptam
378 2533 416 2562 ad
444 2535 618 2565 universam
646 2535 789 2565 catholici
807 2535 890 2566 orbis
908 2536 1010 2566 Eccle-

63 2574 142 2604 siam
159 2581 253 2603 causa
270 2574 394 2612 petendi
410 2574 558 2610 subsidii,
581 2585 616 2606 ex
641 2584 740 2614 eaque
757 2576 924 2613 concludit,
940 2585 1016 2606 eun-

61 2614 130 2644 dem
146 2614 323 2644 Pontificem
338 2614 484 2652 primum
501 2615 653 2653 inveniri,
666 2616 722 2656 qui
736 2625 847 2648 sacrae
875 2616 1014 2647 militiae

62 2654 233 2686 classicum
242 2654 424 2685 occinuerit
435 2656 647 2688 commodiori
664 2659 807 2697 tempore
817 2666 1013 2697 promoven-

61 2694 172 2726 dae.—
191 2696 262 2725 Heia
280 2696 363 2725 iuvat
380 2696 471 2726 eiiam
496 2698 678 2730 subnectere
708 2699 790 2737 quod
807 2699 1013 2735 Mabillonius‚

61 2745 97 2766 ex
120 2735 237 2768 Ordine
253 2735 460 2766 Beneclicrtno
476 2738 594 2772 (Praei.
614 2738 645 2768 in
660 2739 762 2780 prior.
777 2742 861 2779 part.
881 2748 962 2770 saec.
972 2739 1016 2769 VI

94 2775 113 2806 2
124 2777 142 2814 ),
160 2777 315 2813 observat,
331 2777 471 2807 nimirum
486 2777 656 2810 Undecimo
669 2780 795 2812 saeculo
814 2783 858 2812 tot
870 2789 1014 2811 sumnum

92 2817 235 2856 ontifices
260 2817 573 2849 luIitBenediclinns
597 2820 700 2857 Ordo,
717 2823 752 2851 ut
777 2823 845 2852 tum
861 2822 1012 2852 Romana

64 2855 158 2888 Sedes
167 2858 258 2898 quasi
275 2857 497 2889 haereditaria
511 2861 710 2891 successione
727 2861 766 2892 act
782 2865 908 2893 nostros
925 2865 1012 2893 tran-

63 2897 142 2929 sisse
157 2897 326 2929 videretur.
343 2899 443 2930 Testes
459 2899 527 2930 eius·
544 2901 591 2930 rei
607 2901 723 2932 adsunt
738 2902 892 2934 Silvester
902 2903 1014 2938 II,Leo

64 2937 125 2973 ΙΧ,
146 2938 254 2971 Victor
275 2939 320 2976 ΙΙ,
338 2940 522 2979 Stephanus
539 2941 606 2978 IX,
623 2941 796 2982 Gregorius
818 2943 885 2982 VII,
907 2943 1014 2976 Victor

65 2977 119 3015 111,
135 2981 166 3010 el
184 2979 330 3012 Urbanus·
348 2980 386 3016 ΙΙ,
400 2989 539 3020 qnorum
554 2983 711 3021 postremi
725 2992 780 3014 sex
795 2993 814 3014 a
829 2983 934 3014 medio
947 2995 1014 3017 sae-

64 3019 136 3050 culo
159 3020 328 3052 undecimo
345 3021 389 3053 X!
403 3021 447 3052 acl
462 3022 558 3060 finem
577 3031 674 3062 usque
687 3032 809 3063 parum
832 3024 1014 3066 interrupta

63 3060 144 3091 serie
159 3059 272 3092 Sedem
298 3062 390 3093 illam
408 3065 592 3094 tenuerunt.
616 3065 741 3104 Legesis
764 3068 826 3096 not.
842 3064 878 3103 2,
895 3074 922 3105 p.
942 3067 1013 3106 160,

64 3100 229 3132 voluminis
244 3103 343 3134 huius.

65 3141 124 3221 qut
137 3142 425 3221 sspgffinucmsne'
442 3143 598 3184 Scriptor.
615 3144 730 3177 Franc.
754 3149 773 3176 t.
791 3146 828 3177 11.
845 3146 916 3178 Vid.
933 3157 1013 3188 quo-

1867 145 1945 184 269

1044 228 1106 266 pa,
1125 229 1166 255 se
1186 219 1318 256 tamen
1339 219 1523 257 Ioannem
1539 219 1657 257 XVII
1673 220 1927 268 nuncupavit,
1946 220 1999 257 id-

1044 282 1118 318 que
1139 273 1224 308 tum
1245 271 1307 308 hic
1326 273 1411 309 tum
1431 272 1497 310 alii
1521 271 1730 310 Pontifices
1749 272 1786 309 in
1806 272 1924 310 simili
1940 283 2000 309 ca·

1045 334 1088 359 su
1117 323 1264 371 optima
1283 324 1435 362 ratione
1457 325 1656 370 fecerunt,
1679 337 1726 362 ne
1746 325 1933 373 epistolae
1958 326 1998 362 et

1046 375 1187 421 bullae,
1199 377 1271 413 sub
1288 377 1693 424 pseudo-Pontificum
1716 377 1872 414 nomine
1892 388 1997 426 spar-

1046 439 1126 472 sae,
1141 439 1227 464 cum
1251 428 1347 465 actis
1368 429 1633 478 legitimorum
1656 429 1889 467 Pontificum
1909 441 1997 467 con·

1046 479 1305 516 funderentur
1321 479 1345 516 ¹.
1367 481 1528 519 Ioannes
1548 482 1664 519 XVII
1681 484 1766 530 post
1781 493 1933 520 menses
1950 482 2002 519 fe-

1047 542 1088 567 re
1104 531 1128 568 6
1145 532 1317 569 vn⁰idus
1333 533 1526 570 decembr.
1549 534 1648 572 1003
1663 546 1683 571 e
1700 536 1782 572 vita
1800 534 1996 584 migravit.

1100 584 1193 620 Post
1227 584 1273 621 19
1303 585 1384 622 dies
1414 585 1452 621 in
1483 587 1562 623 eius
1592 586 1719 623 locum
1750 587 1898 635 positus
1927 586 2001 624 fuit

1046 635 1207 673 Ioannes
1227 636 1376 682 XVIII,
1398 638 1597 675 Romanus
1613 668 1621 684 ,
1639 642 1892 687 cognomento
1913 640 2000 677 Fa-

1045 699 1186 733 scmus,
1202 689 1269 737 qui
1292 689 1404 727 annis
1419 690 1444 727 5
1459 694 1498 727 et
1513 692 1674 727 totidem
1693 692 1890 730 mensibus
1909 703 2002 740 pon-

1045 739 1240 777 tificatum
1261 742 1392 789 gessit.
1415 742 1451 779 Is
1467 742 1641 790 legatum
1658 744 1764 781 misit
1781 745 1819 781 in
1840 745 2003 782 Germa-

1047 792 1152 829 niam
1175 793 1222 830 ad
1244 795 1549 831 consecrandum
1570 806 1718 832 novum
1740 797 1996 845 archiepisco-

1052 854 1140 893 pum
1168 845 1546 894 Magdeburgensem
1560 876 1569 891 ,
1590 848 1657 895 qui
1678 849 1844 885 Romam
1867 850 2002 887 venire

1049 909 1121 934 non
1138 900 1305 946 poterat,
1317 901 1360 935 ut
1376 900 1593 936 secundum
1610 900 1806 938 Ecclesiae
1819 913 1911 938 suae
1927 902 2003 950 pri-

1049 951 1236 998 vilegium
1268 962 1291 988 a
1320 952 1510 989 Pontifice
1539 952 1622 1000 ipso
1651 953 2002 1000 consecraretur23

1048 1014 1077 1039 s.
1101 1003 1268 1040 Henrico
1289 1004 1369 1052 regi
1391 1005 1625 1042 Germaniae
1644 1007 1877 1053 pot-estatem
1907 1006 2003 1043 fecit

1048 1055 1215 1103 eligendi
1248 1056 1503 1105 episcopalem
1531 1058 1663 1094 sedem
1684 1058 2010 1108 Bambergae.—,

1050 1108 1177 1145 Huius
1212 1111 1384 1157 tempore
1415 1110 1665 1147 reconciliata
1695 1110 1770 1147 fuit
1799 1111 2005 1149 concordia

1051 1161 1153 1198 inter
1182 1161 1396 1198 Ecclesiam
1422 1163 1642 1199 Romanam
1663 1165 1703 1200 et
1722 1163 2002 1200 Constantino-

1051 1213 1279 1261 politanam,
1301 1226 1520 1263 nomenque
1540 1215 1664 1264 ipsius
1687 1216 1843 1253 Ioannis
1863 1228 1887 1253 a
1905 1216 1999 1253 Ser-

1052 1266 1115 1315 gio
1137 1266 1372 1304 Patriarcha
1401 1268 1568 1305 relatum
1589 1268 1626 1304 in
1648 1268 1869 1317 Dz'ptycha.
1891 1269 2004 1306 Mor-

1051 1323 1142 1356 tuus
1158 1323 1217 1356 est
1233 1331 1294 1356 an.
1317 1320 1416 1357 1009
1432 1332 1550 1369 prope
1568 1321 1719 1358 exitum
1738 1322 1882 1358 mensis
1898 1321 2003 1359 maii.

1108 1372 1194 1409 114.
1225 1372 1431 1410 Ecclesiae
1465 1378 1598 1410 status
1629 1376 1674 1410 in
1709 1374 1937 1411 Germania
1966 1379 2006 1411 ec

1056 1426 1089 1461 A
1097 1426 1212 1471 amia
1224 1446 1272 1452 —
1285 1425 1324 1462 S.
1346 1426 1554 1471 Henricus,
1567 1429 1684 1464 antea
1700 1427 1779 1463 dux
1795 1427 2003 1473 Bavariae,

1054 1489 1154 1514 anno
1178 1477 1280 1514 1002
1301 1477 1485 1515 defuncto
1512 1478 1653 1515 Ottone
1670 1479 1750 1524 ΙΙΙ,
1770 1480 1818 1516 ad
1839 1491 2006 1528 regnum

1054 1530 1290 1567 Germaniae
1311 1530 1468 1576 electus,
1491 1533 1530 1568 et
1550 1543 1571 1568 a
1593 1531 1792 1579 willigiso
1809 1532 2006 1580 archiepi-

1053 1594 1167 1630 scopo
1196 1583 1426 1630 Moguntino
1462 1587 1670 1621 coronatus
1699 1584 1794 1630 fuit3
1817 1597 1877 1621 au.
1903 1585 2004 1622 1004

1055 1635 1190 1683 fugato
1211 1636 1400 1682 Arduino,
1420 1636 1484 1684 qui
1502 1648 1667 1684 regnum
1680 1636 1815 1674 Italiae
1831 1637 2005 1685 arripue-

1055 1691 1130 1733 rat,
1152 1688 1277 1724 Ticini
1298 1692 1507 1726 coronatus
1527 1691 1587 1726 est
1607 1700 1676 1726 rex
1696 1690 2006 1738 Longobardiae,

1055 1744 1095 1777 et
1114 1742 1201 1789 post
1217 1752 1337 1778 annos
1348 1741 1396 1778 10
1406 1742 1555 1778 Romae
1571 1753 1594 1779 a
1606 1742 1822 1779 Benedicto
1835 1742 2005 1790 Pp.VIII

1053 1791 1216 1830 solemni
1231 1794 1307 1830 ritu
1320 1795 1534 1842 imperator
1550 1795 1807 1843 inauguratus
1822 1798 1894 1840 est3
1912 1795 2009 1831 obiit.

1056 1858 1116 1883 an.
1141 1845 1255 1883 1024.
1277 1844 1492 1895 Religionis
1512 1849 1631 1894 atque
1651 1847 1889 1895 reipublicae
1908 1847 2008 1895 paci,

1056 1899 1305 1947 prosperitati
1323 1911 1367 1936 ac
1384 1899 1579 1947 splendori
1597 1900 1855 1946 adlaboravit3
1872 1902 2008 1937 tantae
2040 1935 2043 1937 .

1055 1951 1129 1988 fuit
1149 1952 1400 1989 castimoniae
1413 1981 1423 1997 ,
1445 1954 1488 1988 ut
1507 1963 1597 1988 cum
1617 1955 1753 1989 sancta
1773 1953 2010 2001 Cunegunde

1055 2004 1215 2053 coniuge
1227 2004 1507 2042 continentiam
1520 2005 1917 2053 coluerit,tantaeque
1936 2006 2011 2054 pie-

1054 2057 1162 2101 tatis,
1184 2062 1226 2094 ut
1244 2057 1380 2094 Ssrum
1400 2058 1568 2094 honores
1589 2058 1781 2094 meruerit
1797 2056 1823 2094 ³.

1110 2110 1239 2150 Quum
1260 2110 1463 2158 disciplina
1485 2110 1749 2147 ecclesiastica
1768 2110 1808 2146 in
1829 2110 1934 2147 clero
1965 2122 2010 2147 ac

1056 2163 1095 2199 in
1111 2163 1252 2210 populo
1268 2166 1372 2200 esset
1389 2163 1636 2210 corrigenda,
1652 2163 1844 2200 Henricus
1862 2175 1929 2199 rex
1947 2175 2011 2200 an-

1056 2227 1105 2252 no
1141 2215 1243 2252 1005
1277 2215 1475 2263 episcopos
1509 2216 1746 2253 Germaniae
1779 2217 2010 2252 convocavit

1056 2268 1308 2305 Tremoniam
1328 2268 1366 2304 in
1388 2268 1659 2316 VVestphalia3
1675 2268 1923 2316 multumque
1939 2279 2010 2304 co-

1056 2332 1141 2358 ram
1170 2321 1224 2357 eis
1251 2323 1413 2368 questus
1434 2322 1480 2357 de
1500 2321 1684 2358 abusibus
1705 2324 1744 2358 et
1765 2320 1889 2365 vitiis,
1911 2332 2009 2368 quae

1055 2373 1310 2410 invaluerant
1325 2403 1334 2418 ,
1361 2374 1516 2411 eosdem
1536 2373 1729 2411 instanter
1749 2374 1928 2410 hortatus
1949 2375 2010 2410 est

1056 2427 1103 2463 ad
1124 2426 1191 2462 illa
1211 2425 1425 2463 auferenda
1445 2427 1492 2463 ed
1513 2427 1560 2464 ad
1581 2438 1717 2463 veram
1738 2426 1919 2474 pietatem
1940 2437 2007 2462 re-

1055 2479 1305 2516 stituendam.
1342 2479 1520 2528 Episcopi
1555 2479 1667 2526 plura
1701 2480 2010 2522 constituerunt,

1055 2532 1195 2580 quibus
1216 2531 1322 2579 leges
1343 2532 1630 2569 ecclesiasticae
1650 2532 1689 2568 in
1711 2531 1916 2579 pristinum
1934 2534 2009 2567 sta-

1054 2587 1138 2621 tum
1169 2586 1451 2622 revocarentur
1486 2587 1606 2632 atque
1642 2584 1784 2620 abusus
1821 2584 2009 2631 pravique

1055 2648 1183 2674 mores
1198 2636 1526 2686 corrigerentur&
1545 2638 1617 2673 An.
1634 2636 1734 2672 1007
1751 2647 1824 2672 rex
1840 2635 2008 2672 alteram

1057 2689 1249 2737 synodum
1286 2689 1414 2737 coegit
1444 2688 1741 2726 Francofordiae
1759 2717 1768 2732 ,
1798 2688 1836 2724 in
1857 2699 1934 2734 qua
1961 2700 2010 2725 ex

1056 2753 1243 2779 consensu
1274 2743 1313 2778 et
1334 2742 1546 2788 secundum
1569 2740 1738 2788 diploma
1760 2739 1914 2777 Ioannis
1935 2741 2005 2788 Pp.

1056 2794 1194 2831 XVIII
1215 2794 1324 2831 sedes
1342 2793 1566 2842 episcopalis
1587 2797 1716 2829 erecta
1736 2795 1795 2829 est
1816 2792 2010 2830 Bamber-

1057 2858 1142 2895 gae,
1164 2847 1234 2883 sub
1254 2846 1410 2894 speciali
1427 2846 1664 2894 protectione
1681 2845 1792 2882 Sedis
1811 2845 2010 2893 Apostoli-

1056 2911 1123 2936 cae
1143 2899 1296 2936 subdita
1315 2898 1587 2946 metropolitae
1607 2897 1838 2946 Moguntino
1855 2897 1890 2945 ⁵3
1913 2898 2010 2936 alias

1100 3026 1109 3047 ¹
1129 3026 1320 3065 papebroch.
1348 3024 1488 3057 Conatus
1511 3025 1622 3056 chron.
1643 3024 1707 3055 hist
1726 3034 1734 3063 3
1751 3025 1849 3065 Pagi,
1869 3023 1946 3056 Grie.
1965 3025 2004 3055 ad

1057 3078 1110 3131 an&
1121 3068 1269 3143 {igitir-nain,
1289 3106 1404 3138 Chr-onv
1424 3107 1441 3136 1.
1458 3106 1498 3136 V.

1098 3150 1111 3171 3
1128 3148 1278 3183 Bonane„
1295 3147 1374 3178 Acta
1394 3146 1447 3179 SS.
1467 3147 1505 3178 15
1522 3146 1574 3177 iul.

1097 3190 1110 3212 4
1127 3189 1240 3226 Labbe,
1261 3187 1382 3220 Concil.
1399 3191 1418 3218 t.
1435 3189 1484 3226 lx,
1500 3197 1528 3228 p.
1548 3186 1659 3219 783.—
1672 3186 1687 3210 5
1703 3188 1779 3219 Ibid.
