2241 3473
165 121 246 163 290

658 148 664 154 .
691 131 860 158 EPOCHA
878 130 951 157 ΧΠ.
978 130 1006 156 Α
1026 128 1195 156 LITIBVS
1216 127 1523 156 IANSENISTICIS

111 204 259 242 viensis
273 203 510 251 designavit.
526 201 638 237 Tunc
655 199 874 236 de—Prades
889 199 1067 246 episcopi
1115 198 1315 241 videntur,
1335 209 1385 234 ea
1412 198 1450 234 in
1479 197 1565 234 aliis
1585 197 1682 233 locis
1700 197 1851 234 abunde
1870 196 2078 233 confutan-
2132 188 2136 192 ’

111 258 216 295 sedis
242 259 355 294 huius
381 254 544 291 consilio
571 253 620 289 ad
656 253 864 289 meliorem
892 255 1066 289 mentem

112 312 242 355 rediit;
261 311 397 347 eodem
426 319 528 344 anno
556 307 698 343 thesim
718 317 830 342 suam
850 306 1067 342 secundum

113 365 402 413 praescriptam
432 372 456 397 a
485 359 701 397 Benedicto
734 356 832 396 XIV
856 360 1069 395 formulam

111 417 352 466 reprobavit,
380 415 538 452 decreto
566 413 767 461 pontificio
796 413 888 449 anni
908 413 1000 449 1752
1027 424 1069 449 se

111 471 316 514 submisit,
345 473 385 506 et
408 467 696 516 propositiones
723 467 761 502 in
789 478 836 503 eo
863 467 1071 503 damnatas

111 525 328 562 detestatus
354 527 428 559 est-

159 578 285 613 Porro
304 577 353 612 ad
373 574 672 624 propagandam
692 575 940 623 impietatem
966 575 1070 611 illius

112 631 324 681 coryphaei
349 641 487 666 omnes
505 658 513 673 ‚
540 630 604 676 qui
631 629 704 664 sibi
739 633 900 676 praesto
927 634 1069 672 erant,

112 685 247 722 modos
280 684 501 721 tentabant.
531 682 711 718 Primum
744 683 877 719 verbis
912 687 1071 719 senten-

112 740 187 776 tias
213 749 305 775 suas
331 738 419 774 aliis
446 736 710 785 persuadere,
737 740 778 772 et
803 736 843 772 in
871 736 1071 772 communi

112 792 430 836 conversatione,
450 792 491 826 in
518 791 700 838 compitis
718 794 759 827 et
777 791 986 834 conviviis,
1007 790 1070 826 ubi

114 848 231 884 simul
246 846 382 883 famuli
397 846 672 881 ministrantes
686 844 793 881 dicta
807 844 1072 892 excipiebant,

113 901 376 938 disseminare
404 899 668 935 conabantur.
688 898 748 934 Ad
773 898 935 935 easdem
957 899 1075 935 latius

116 954 395 1004 propagandas
423 953 533 990 libris
562 953 810 1000 potissimum
844 953 1073 996 utebantur,

116 1021 213 1058 quos
239 1008 498 1045 diversissimi
527 1007 688 1054 generis
706 1035 714 1051 ,
750 1007 878 1043 serios
905 1010 944 1043 et
980 1006 1076 1043 ludi-

117 1074 220 1106 cros,
249 1061 554 1110 philosophicos,
570 1060 797 1104 historicos,
814 1060 1003 1107 poeticos,
1018 1060 1078 1096 iti-

114 1117 301 1161 neraria,
331 1116 485 1152 fabulas
511 1115 638 1151 dictas
660 1125 936 1158 romanenses,
965 1115 1078 1151 alios-

115 1183 188 1220 que
210 1201 218 1216 ,
246 1171 452 1219 principiis
479 1170 560 1206 suis
587 1173 627 1205 et
652 1169 860 1206 sententiis
887 1169 1073 1212 refertos,

116 1225 290 1261 maximo
320 1235 486 1260 numero
513 1225 598 1259 sine
626 1222 921 1260 intermissione
949 1223 988 1258 in
1023 1224 1078 1258 lu-

115 1291 204 1316 cem
231 1278 415 1315 edebant.
451 1278 492 1314 In
520 1277 581 1314 his
599 1306 607 1321 ,
635 1277 740 1313 sicut
772 1277 812 1312 in
847 1277 1075 1324 colloquiis,

117 1333 370 1379 Religionem
419 1331 588 1367 diversis
637 1330 766 1367 modis
810 1331 1078 1378 impetebant;

118 1398 222 1423 nune
254 1390 393 1433 aperte
421 1396 510 1421 eam
544 1385 859 1433 impugnabant3
896 1396 999 1420 nunc
1026 1385 1078 1420 hi-

117 1440 281 1477 storiam
320 1440 403 1476 eius
436 1444 475 1476 et
509 1438 734 1474 doctrinam
770 1438 808 1473 in
843 1438 1078 1475 invidiosam

120 1495 248 1531 lucem
276 1493 545 1537 collocabant;
567 1492 681 1528 modo
700 1492 747 1529 de
766 1495 872 1528 statu
892 1499 1080 1541 corrupto

120 1548 340 1596 Religionis
372 1551 412 1584 et
444 1558 600 1583 morum
636 1546 1007 1593 conquerebantur,
1042 1551 1082 1584 et

121 1613 334 1650 personam
362 1602 674 1639 reformatorum
701 1600 939 1644 induebant;
966 1601 1081 1636 modo

122 1657 160 1692 in
187 1656 286 1693 ritus
315 1667 451 1692 sacros
471 1685 479 1700 ,
507 1654 714 1703 pontifices
731 1683 740 1698 ,
768 1655 1004 1691 sacerdotes
1031 1656 1084 1691 io—

121 1711 177 1747 cis
196 1739 204 1754 ,
232 1710 552 1747 cavillationibus
570 1738 578 1753 ,
607 1709 812 1746 calumniis
845 1708 1085 1745 inveheban-

124 1768 198 1801 tur.
234 1765 455 1801 Praeterea
495 1768 577 1801 tum
611 1765 651 1799 in
684 1763 886 1811 colloquiis
928 1768 1010 1799 tum
1045 1764 1082 1799 in

123 1819 282 1867 scriptis
318 1819 497 1866 captiosa
537 1819 697 1854 nomina
733 1817 1082 1865 philosophorum,

126 1873 337 1920 spirituum
365 1873 525 1908 fortium
539 1901 547 1916 ,
566 1872 770 1908 hominum
791 1872 875 1908 sine
896 1883 1086 1919 praecon-

126 1927 249 1974 ceptis
282 1927 531 1975 opinionibus
557 1926 631 1962 sibi
665 1926 901 1962 asserebant
927 1930 968 1962 et
994 1937 1087 1962 ven-

125 1980 329 2024 ditabant,
357 1982 495 2029 quibus
522 1980 612 2016 vani
641 1991 687 2016 ac
714 1979 944 2023 semidocti,
975 1991 1085 2027 prae-

127 2035 264 2071 sertim
294 2035 369 2079 illi,
397 2035 461 2083 qui
490 2045 531 2070 se
561 2035 665 2070 inter
692 2033 871 2069 homines
899 2034 1086 2070 cultiores

129 2088 383 2133 referebant,
416 2088 693 2124 alliciebantur
727 2087 776 2122 ad
808 2086 968 2123 easdem
1001 2099 1087 2123 sen-

129 2142 276 2178 tentias
302 2141 618 2190 amplectendas,
639 2145 836 2188 quatenus
862 2152 911 2176 ex
929 2141 1087 2187 agmine

128 2196 379 2232 imbecillium
407 2196 553 2233 elevati
580 2195 783 2231 videretur
802 2206 924 2242 supra
948 2195 1088 2242 vulgus

129 2251 461 2298 superstitiosum.

179 2305 289 2351 Opus
308 2310 441 2341 autem
463 2304 694 2352 principale,
711 2303 858 2346 omnia,
880 2314 980 2350 quac
1001 2315 1090 2339 con-

133 2363 193 2395 tra
208 2359 457 2406 Religionem
475 2358 647 2407 proferri
666 2361 867 2406 poterant,
883 2358 994 2405 quasi
1014 2359 1088 2394 col-

133 2414 234 2449 lecta
259 2414 463 2458 exhibens,
485 2418 576 2449 erat
595 2410 936 2458 Encgjclopacclia,
958 2412 994 2446 in
1013 2424 1089 2459 qua

132 2467 268 2504 ordine
299 2467 545 2515 alphabetico
572 2466 706 2502 omnia
740 2471 976 2511 argumenta
1004 2478 1090 2513 per-

133 2523 424 2565 tractabantur,
444 2532 544 2569 quae
571 2519 620 2556 ad
647 2519 820 2561 litteras,
842 2524 962 2561 artes,
986 2520 1092 2556 theo-

135 2577 294 2622 logiam,
325 2576 624 2623 philosophiam,
651 2573 878 2614 historiam,
907 2573 1092 2621 inrispru-

134 2630 334 2675 dentiam,
376 2630 551 2677 politiam
586 2627 833 2675 spectabant.
876 2627 960 2662 Hoc
995 2639 1092 2675 opus

137 2684 225 2720 inde
253 2685 300 2720 ab
326 2695 429 2721 anno
465 2685 556 2721 1750
585 2683 654 2719 sub
688 2691 842 2718 summa
874 2681 1091 2717 directione

138 2738 300 2774 Diderot
326 2743 364 2774 et
381 2738 634 2774 d'Alembert
653 2737 690 2772 in
712 2736 838 2771 lucem
861 2735 986 2770 emitti
1007 2746 1091 2771 coc-

140 2794 206 2840 pit.
230 2792 399 2840 Propter
426 2793 602 2839 genium,
624 2790 819 2837 Religioni
849 2795 890 2825 et
910 2790 1091 2835 potestati

139 2847 274 2894 regiae
309 2847 530 2890 inimicum,
567 2846 632 2894 qui
666 2845 744 2880 iam
775 2844 811 2878 in
841 2842 977 2891 primis
1003 2855 1091 2890 ope-

140 2901 192 2936 ris
219 2901 481 2937 voluminibus
513 2899 792 2936 dominabatur
812 2926 820 2940 ,
848 2897 932 2934 eius
971 2897 1090 2933 conti-

141 2955 274 2991 nuatio
312 2956 456 2991 iterato
488 2966 510 2990 a
539 2953 734 3000 regimine
767 2951 873 2987 civili
899 2951 1094 2999 prohibita

143 3009 225 3044 fnit.
247 3009 534 3045 Verumtamen
561 3008 784 3043 directores
812 3017 886 3052 ope
915 3010 1097 3051 patrono-

145 3074 229 3098 rum
257 3075 417 3099 snornm
439 3063 666 3098 facultatem
688 3060 778 3096 illud
799 3059 846 3095 ad
875 3060 991 3095 linem
1013 3071 1097 3106 per-

144 3116 309 3153 ducendi
339 3119 618 3165 impetrarunt.
637 3117 675 3151 ln
705 3116 777 3150 hoc
796 3124 917 3160 opere
946 3114 1098 3160 Religio

145 3171 249 3205 omni
277 3184 325 3207 ex
354 3176 464 3218 parte
486 3172 757 3218 impugnatur,
776 3173 816 3204 et
840 3168 1019 3214 quamvis
1040 3167 1099 3202 hic

1118 256 1207 296 tur3
1235 263 1391 287 morum
1419 251 1616 299 principia
1641 254 1681 287 et
1712 251 1827 299 regia
1858 250 2079 288 auctoritas

1119 317 1245 353 aeque
1274 316 1321 342 ac
1348 305 1505 353 Religio
1522 305 1774 342 vellicantur.
1796 304 1926 346 Quum
1944 308 2077 342 autem

1119 363 1308 395 auctores
1335 359 1444 394 omni
1470 358 1696 401 occasione,
1714 358 1829 394 dictis
1846 363 1888 395 et
1904 357 2077 405 scriptis,

1121 414 1194 449 hoc
1221 424 1320 460 opus
1346 413 1601 456 extollerent,
1621 423 1645 448 a
1662 422 1737 459 quo
1755 412 1867 447 utilia
1883 412 2079 459 quaedam

1122 477 1199 502 non
1227 467 1391 510 absunt;
1412 477 1579 514 cumque
1606 465 1763 501 faveret
1789 465 1904 511 genio
1923 476 2078 509 eorum,

1119 519 1185 567 qui
1211 520 1548 562 incredulitatem,
1569 529 1725 555 morum
1750 517 1955 554 licentiam
1974 519 2010 555 ei
2029 518 2080 555 ab

1119 574 1226 609 omni
1254 574 1346 621 iugo
1375 574 1601 610 libertatem
1627 572 1868 620 querebant,
1890 572 2081 609 latissime

1121 631 1386 675 propagatum
1413 631 1486 663 est.

1170 681 1393 717 Praeterea
1425 680 1475 716 ad
1511 680 1700 716 librorum
1734 679 1947 726 impiorum
1989 680 2086 716 effe-

1122 738 1209 772 ctus
1236 735 1382 771 certius
1411 735 1606 782 latiusque
1637 733 1919 782 propagandos
1953 734 2085 782 sophi-

1121 793 1275 825 starum
1302 789 1541 837 complures,
1562 789 1665 826 inter
1691 789 1789 825 alios
1807 788 2078 833 d’A1embert,

1122 843 1306 887 Diderot,
1336 843 1604 885 Damilaville,
1635 843 1808 890 Turget,
1843 842 2083 887 Condercet,

1123 909 1228 933 anno
1257 897 1347 934 1764
1373 897 1539 933 Parisiis
1557 926 1565 940 ‚
1592 896 1778 933 hortante
1805 896 2056 933 de·Voltaire
2074 925 2083 940 ‚

1123 951 1361 987 societatem
1389 951 1692 994 constituerunt,
1719 950 1831 986 cuius
1857 950 1973 987 sedes
1997 953 2086 986 erat

1123 1005 1278 1049 domus,
1306 1015 1422 1053 quam
1449 1005 1482 1040 d’
1503 1005 1681 1040 Holbach
1708 1004 1873 1041 Parisi1s
1899 1004 2082 1041 habebat.

1126 1059 1187 1095 Ne
1203 1063 1336 1095 autem
1358 1070 1381 1094 a
1397 1059 1594 1106 regimine
1611 1058 1767 1106 politico
1783 1062 2084 1102 coercerentur,

1125 1125 1169 1150 se
1197 1125 1275 1149 non
1301 1113 1375 1149 nisi
1403 1113 1452 1149 ad
1479 1113 1746 1150 discutiendas
1781 1111 1973 1149 materias
1999 1123 2088 1149 eru-

1129 1168 1245 1211 ditas,
1266 1168 1504 1215 praesertim
1524 1168 1572 1204 ad
1592 1162 1867 1204 oeconomiam
1888 1167 2089 1214 pertinen-

1131 1226 1203 1265 tes,
1232 1222 1445 1258 convenire
1472 1222 1670 1258 dicebant.
1693 1222 1733 1257 ln
1752 1221 1812 1257 his
1830 1220 2090 1257 conventibus

1131 1276 1282 1323 scripta
1300 1276 1566 1313 discutiebant
1595 1281 1634 1313 et
1653 1288 1723 1324 pro
1742 1287 1879 1314 rerum
1896 1275 2090 1312 adiunctis

1131 1329 1396 1373 adornabant,
1423 1330 1470 1367 de
1498 1330 1609 1366 libris
1627 1330 1788 1367 edendis
1807 1333 1848 1366 et
1868 1339 2090 1377 propagan-

1132 1383 1204 1427 dis,
1232 1384 1279 1420 de
1307 1384 1556 1420 adminiculis
1583 1384 1630 1420 ad
1657 1384 1777 1420 finem
1802 1395 1915 1420 suurn
1935 1393 2091 1431 promo—

1134 1438 1305 1474 vendum
1333 1438 1594 1480 facientibus,
1630 1438 1677 1474 de
1705 1437 1997 1485 impedimentis
2023 1437 2092 1473 tol-

1134 1491 1259 1528 lendis
1292 1496 1333 1528 et
1367 1492 1610 1528 adversariis
1636 1491 1878 1528 debellandis
1903 1491 2093 1527 delibera-

1135 1545 1242 1588 bant,
1271 1550 1312 1581 et
1338 1557 1427 1582 cum
1456 1546 1621 1582 asseclis
1638 1545 1840 1583 extraneis
1857 1549 2016 1581 mutuas
2036 1545 2094 1582 lit-

1137 1603 1246 1636 teras
1274 1600 1634 1637 communicabant.
1662 1600 1776 1636 Aliud
1794 1598 2091 1642 adminiculum,

1134 1665 1209 1700 quo
1237 1653 1437 1701 sophistae
1464 1654 1512 1690 ad
1540 1654 1808 1701 promovenda
1834 1653 1999 1690 consilia
2024 1663 2096 1689 sua

1134 1708 1194 1743 usi
1222 1713 1334 1750 sunt,
1365 1708 1403 1744 in
1431 1720 1478 1744 eo
1506 1709 1760 1752 consistebat,
1789 1712 1832 1744 ut
1856 1707 2096 1744 dictaturam

1135 1761 1174 1797 in
1203 1761 1405 1808 republica
1432 1763 1632 1799 litteraria
1659 1763 1730 1799 sibi
1759 1761 2027 1806 vindicarent,
2053 1765 2098 1798 ut

1138 1815 1213 1863 ipsi
1240 1819 1281 1852 et
1307 1817 1512 1853 sententiis
1539 1818 1620 1853 suis
1646 1817 1790 1853 addicti
1814 1817 1852 1852 in
1870 1815 2098 1852 academias

1139 1871 1441 1918 reciperentur:
1478 1883 1601 1918 quare
1635 1871 1755 1907 libros
1787 1870 1990 1919 principiis
2017 1870 2098 1907 suis

1139 1930 1430 1961 consentaneos
1470 1925 1832 1969 commendabant,
1873 1924 2099 1961 contrarios

1138 1990 1234 2015 vero
1262 1980 1557 2027 vituperabant.
1584 1980 1775 2027 Magnam
1795 1979 1914 2016 etiam
1933 1989 2098 2027 operam

1138 2033 1298 2076 dabant,
1325 2038 1369 2069 ut
1387 2033 1676 2077 adolescentes,
1695 2033 1909 2081 praecipue
1931 2033 2096 2069 iuvenes

1140 2099 1160 2123 e
1189 2087 1334 2123 scholis
1353 2088 1623 2134 egredientes,
1644 2087 1835 2124 doctrinis
1853 2087 1933 2123 suis
1951 2086 2100 2123 imbue-

1140 2146 1249 2185 rent,
1277 2145 1317 2178 et
1344 2154 1440 2190 quos
1467 2142 1541 2179 sibi
1568 2142 1745 2178 addictos
1771 2146 1988 2185 noverant,
2019 2145 2102 2178 tan-

1141 2207 1258 2243 quam
1286 2196 1541 2243 paedagogos
1566 2200 1607 2233 et
1635 2198 1883 2244 professores
1902 2206 2101 2232 commen-

1141 2251 1299 2286 dabant.
1341 2250 1518 2297 Denique
1553 2250 1660 2285 omni
1694 2249 1904 2286 occasione
1931 2249 2101 2285 toleran-

1142 2305 1236 2340 tiam
1265 2305 1302 2339 in
1331 2304 1551 2351 Religionis
1578 2304 1738 2351 negotio
1765 2303 1989 2347 laudabant,
2018 2306 2101 2339 tum

1140 2363 1183 2394 ut
1210 2358 1281 2405 ipsi
1310 2358 1380 2393 sub
1407 2358 1492 2394 eins
1519 2358 1592 2394 alis
1620 2358 1750 2394 securi
1777 2359 1923 2402 forent,
1952 2361 2032 2393 tum
2059 2361 2103 2393 ut

1142 2412 1380 2455 catholicos,
1409 2412 1649 2459 praesertim
1677 2412 1859 2455 clericos,
1887 2423 1960 2448 ceu
1987 2411 2103 2447 liber-

1143 2466 1234 2501 tatis
1270 2465 1401 2501 liostes
1434 2471 1473 2501 et
1508 2467 1703 2501 fanaticos
1738 2466 1921 2502 omnibus
1956 2465 2103 2501 invisos

1143 2519 1368 2563 redderent;
1398 2520 1557 2555 interim
1586 2531 1702 2556 nemo
1731 2521 1824 2568 ipsis
1851 2523 1940 2557 erat
1967 2519 2103 2555 intole-

1145 2573 1297 2609 rantior
1315 2584 1414 2619 erga
1433 2584 1584 2616 omnes,
1604 2574 1666 2620 qni
1685 2584 1824 2610 eornm
1841 2573 1996 2621 placitis
2011 2583 2103 2608 con-

1143 2627 1291 2663 sentire
1308 2633 1348 2663 et
1365 2627 1613 2673 Religionem
1625 2628 1799 2664 abiicere
1809 2626 2100 2664 detrectabant.

1146 2682 1217 2717 His
1232 2682 1395 2728 aliisque
1416 2681 1540 2716 modis
1559 2682 1758 2729 sophistae
1780 2692 1992 2730 progressu
2009 2685 2104 2717 tem-

1147 2736 1249 2781 poris
1278 2746 1463 2782 magnum
1493 2736 1739 2772 asseclarum
1761 2747 1971 2772 numerum
1999 2734 2104 2771 inter

1147 2789 1324 2825 diversas
1352 2789 1552 2825 hominum
1583 2790 1734 2827 classes
1762 2790 1871 2826 nacti
1897 2793 1998 2826 sunt.

1193 2844 1407 2881 Caeterum
1434 2854 1572 2879 eorum
1600 2845 1701 2888 finis,
1723 2855 1798 2880 non
1826 2845 1862 2879 in
1890 2843 1976 2879 sola
2002 2843 2105 2879 Reli-

1147 2897 1274 2943 gionis
1301 2897 1522 2940 eversione,
1550 2898 1619 2933 sed
1639 2899 1756 2935 etiam
1778 2899 1816 2934 in
1835 2897 2105 2934 destructione

1150 2951 1282 2995 regiae
1305 2952 1524 2998 potestatis,
1544 2956 1584 2988 et
1601 2952 1891 2988 introductione
1908 2950 2105 2987 maximae

1150 3005 1356 3046 libertatis,
1375 3005 1452 3040 imo
1474 3005 1656 3042 licentiae
1677 3006 1840 3042 moralis
1853 3016 1901 3042 ac
1921 3004 2105 3052 politicae

1150 3059 1402 3094 ronsistebat.
1425 3059 1462 3094 ld
1481 3059 1635 3096 abunde
1654 3064 1849 3097 testantur
1868 3059 1967 3095 liber
1981 3058 2104 3094 Rous-

1149 3113 1297 3147 seauvii
1324 3112 1371 3147 (lc
1399 3113 1619 3149 Contracta
1646 3113 1805 3157 sociali,
1833 3113 1987 3160 aliaque
2015 3111 2108 3147 Hol-

1153 3167 1279 3202 barliii
1306 3172 1345 3203 et
1374 3167 1406 3202 ei
1445 3168 1668 3214 aequalium
1697 3169 1848 3215 scripta
1866 3196 1875 3211 ,
1902 3170 1942 3203 et
1970 3169 2107 3202 notum

148 3223 225 3260 illic
253 3226 439 3261 nonnulla
467 3225 739 3272 reperiantur,
769 3233 868 3269 quae
898 3222 933 3257 ei
964 3223 1099 3258 favere
1153 3220 1243 3256 illud
1266 3221 1443 3257 Dideroti
1462 3221 1628 3257 dictum:
1650 3236 1669 3256 «
1688 3222 1880 3259 Nationes
1899 3231 1976 3257 non
1996 3220 2109 3268 prius
