2241 3473
257 173 337 214 360

201 257 345 295 iterum
373 259 548 301 monuit,
576 263 619 295 ut
645 260 885 307 principibus
910 261 991 298 suis
1016 262 1145 298 obedi-

201 317 303 355 rent,
322 318 438 359 atque
466 324 489 348 a
514 313 642 348 debito
669 324 770 361 erga
797 314 882 350 illos
900 316 1084 362 obsequio
1103 328 1145 352 se

201 366 314 401 avelli
344 377 554 412 numquam
585 370 826 413 paterentur.

246 420 306 455 56.
323 419 420 454 Pius
435 419 503 454 IX
517 419 686 455 Romam
701 420 891 468 relinquit
905 427 983 465 (αη.
1000 423 1144 466 1848)-

202 472 294 508 Pius
323 472 390 519 Pp.
414 473 467 508 IX
494 473 714 509 subiectum
743 475 981 523 principatui
1007 488 1076 512 suo
1095 477 1143 512 ci-

200 526 264 560 vili
299 526 481 572 populum
508 531 676 572 paterna
710 528 970 566 sollicitudine
1015 542 1146 577 prose-

198 579 400 625 quebatur.
431 579 490 614 Ab
516 580 599 627 ipso
634 581 885 628 pontificatus
923 584 981 618 sui
1009 583 1144 629 initio,

202 633 244 667 16
272 632 352 667 Iulii
372 632 475 674 1846,
496 632 639 670 delicta
666 635 839 682 politica,
858 636 945 672 inde
973 637 1021 672 ab
1045 649 1148 674 anno

200 686 287 722 1831
309 687 531 730 commissa,
552 687 754 727 amnistict,
778 694 818 725 ut
838 695 995 735 vocant,
1023 692 1146 728 extin-

197 740 277 783 xit,
306 746 346 776 ct
371 752 467 788 quas
494 742 611 778 utiles
637 746 754 790 atque
781 749 1024 791 opportunas
1053 746 1149 782 iudi-

199 800 386 838 caverat,
424 795 460 830 in
497 795 710 832 ditionibus
742 798 954 845 pontificiis
980 799 1150 835 admisti-

197 848 406 884 strationis
426 849 731 887 reformationes
746 851 972 888 introduxit.
995 854 1146 890 Verum

200 901 258 937 his
277 914 353 937 non
375 904 548 939 contenti
563 903 788 950 demagogi,
805 906 1029 943 rebellionis
1048 908 1146 943 clas-

195 957 316 992 sicum
345 962 484 994 contra
510 958 701 1005 optimum
731 959 958 1007 Principem
994 962 1148 998 cecine-

196 1014 300 1054 runt,
317 1011 471 1058 plebem
491 1016 715 1056 armarunt,
731 1014 920 1061 palatium
941 1015 1145 1055 Quirinale

176 1063 232 1098 vvi
258 1069 524 1111 occuparunt,
554 1065 787 1103 Pontificem
823 1067 862 1102 in
902 1079 947 1103 eo
973 1067 1150 1105 detinue-

195 1122 301 1161 runt,
322 1118 544 1155 ministrum
570 1119 655 1156 eius
681 1121 869 1157 comitem
889 1122 1007 1158 Rossi
1033 1134 1147 1159 neca-

196 1177 287 1207 runt
306 1174 329 1205 ¹.
352 1172 453 1209 Tum
472 1172 565 1209 Pius
585 1173 657 1220 Pp.
679 1174 730 1209 IX
751 1175 788 1210 in
806 1176 913 1212 vitae
932 1175 1146 1213 discrimen

196 1225 387 1262 adductus
406 1238 483 1262 una
500 1239 589 1263 cum
607 1228 883 1266 Cardinalibus
901 1230 1066 1278 aliisque
1085 1243 1144 1268 ec-

198 1280 430 1317 clesiasticis¹
463 1282 559 1318 viris
584 1285 625 1328 2;
660 1295 733 1320 nec
761 1285 833 1321 nisi
870 1285 1061 1333 peculiari
1099 1299 1145 1323 ac

195 1337 517 1380 praesentissimo
547 1340 616 1376 Dei
644 1341 804 1385 auxilio,
823 1343 926 1378 clam
947 1346 1064 1379 noctu
1084 1344 1147 1381 die

194 1391 239 1426 24
266 1393 492 1429 novembris
518 1408 539 1432 e
567 1396 759 1437 Quirinali
779 1397 958 1441 eductus,
979 1399 1145 1435 Romam

195 1448 349 1497 reliquit
375 1451 625 1500 confugitque
653 1452 833 1490 Caietam
852 1453 1064 1500 Neapolis,
1084 1454 1145 1490 ubi

195 1503 467 1542 Ferdinandus
502 1507 556 1548 11,
593 1519 662 1545 rex
705 1507 925 1554 piissimus,
968 1508 1147 1545 omnibus

195 1556 472 1605 hospitalitatis
499 1561 636 1598 officiis
655 1590 663 1606 ,
691 1573 736 1597 ac
771 1573 891 1598 verae
927 1561 1147 1600 devotionis

194 1612 318 1659 signis
344 1626 431 1650 eum
462 1620 721 1664 prosequutus
748 1620 822 1653 est·

242 1667 444 1705 Pontificis
471 1670 565 1717 fuga
592 1674 694 1706 totus
722 1671 828 1706 orbis
846 1699 854 1714 ‚
883 1671 1082 1720 principes
1109 1675 1149 1709 et

195 1722 325 1769 populi
359 1726 542 1760 commoti
570 1729 672 1761 sunt.
702 1725 763 1761 Ex
798 1726 975 1761 omnibus
1010 1727 1143 1763 mundi

196 1777 371 1823 partibus
398 1782 438 1814 et
466 1778 606 1815 litteris
633 1782 672 1815 et
697 1779 878 1816 subsidiis
907 1781 999 1817 Pius
1027 1781 1145 1817 hono-

196 1831 372 1874 rabatur,
392 1837 432 1868 et
457 1833 556 1880 quod
584 1834 798 1881 antiquitus
817 1835 1017 1871 variorum
1038 1837 1144 1883 prin-

196 1885 324 1931 cipum
353 1886 526 1923 civilium
554 1887 659 1923 iussu
691 1888 839 1924 factum
867 1888 1028 1931 fuerat.
1057 1893 1148 1926 tunc

196 1938 296 1974 mira
323 1941 614 1985 spontaneitate
642 1940 677 1977 ei
697 1941 940 1978 offerebatur
961 1942 1010 1977 Β.
1029 1943 1147 1980 Petri

194 1990 408 2028 Donat-ius.

241 2046 299 2081 57.
327 2046 566 2096 Respublica
585 2050 769 2086 Romana
785 2054 861 2093 (an.
886 2050 988 2093 1849)
1003 2071 1039 2076 —
1055 2050 1150 2087 Post

197 2099 398 2137 Pontificis
426 2103 556 2149 fugam
586 2104 713 2140 Roma
731 2104 1042 2151 demagogorum
1069 2105 1147 2140 vio—

196 2153 336 2190 lentias
350 2155 505 2200 subivit,
523 2158 690 2194 rebelles
710 2170 779 2205 per
795 2169 912 2194 omne
930 2158 1064 2205 sasque
1084 2171 1147 2195 ne-

196 2210 331 2257 fasque
360 2215 533 2255 rucntes,
563 2213 766 2248 Ecclesiae
792 2211 994 2248 ministros
1013 2223 1148 2250 carce—

197 2276 252 2308 re,
281 2266 522 2302 cruciatibus
549 2267 728 2302 omnibus
746 2271 862 2315 atque
882 2267 1067 2304 caedibus
1094 2269 1149 2304 in-

195 2318 335 2354 sectati
362 2324 472 2363 sunt;
501 2320 725 2356 Romanuin
756 2321 1002 2364 Pontificem,
1029 2333 1145 2368 quem

197 2372 330 2418 paucis
358 2378 449 2410 ante
476 2373 625 2418 diebus,
654 2379 695 2410 ut
723 2375 852 2410 fucum
874 2377 1051 2410 facerent
1081 2375 1147 2411 im-

197 2426 346 2473 peritis,
365 2428 618 2476 appellabant
650 2439 760 2465 saum
779 2429 991 2465 Caesarem
1014 2432 1049 2466 ct
1069 2430 1146 2465 Im-

192 2482 433 2527 peratorem,
464 2482 525 2519 die
552 2483 574 2517 9
599 2482 785 2519 februarii
810 2482 910 2525 1845),
940 2485 1147 2530 temporali

197 2533 371 2570 dominio
388 2536 1149 2584 expoliarunt,rempublicanidemocra-

244 2636 355 2669 ¹Iluec
383 2644 480 2681 atque
509 2641 574 2672 :ilia
602 2647 684 2681 quae
711 2637 900 2671 seditionem
928 2645 979 2669 an.
1006 2638 1087 2670 1848
1116 2638 1146 2669 in

199 2681 294 2714 ltalia
313 2690 456 2718 exui-tani
475 2686 667 2728 respiciunt,
684 2685 752 2718 fuse
771 2684 930 2727 docteque
949 2689 1078 2716 enarrat
1110 2685 1146 2716 A.

197 2726 311 2770 Coppi,
330 2730 603 2765 Annalid'ltalia
623 2732 755 2774 passum
775 2730 938 2770 Margum.
956 2729 994 2761 Le
1014 2731 1148 2762 villarie

197 2774 284 2806 della
317 2775 435 2809 chiesa
464 2780 517 2811 net
543 2779 657 2820 primo
681 2777 843 2810 decennio
868 2776 921 2809 del
952 2777 1150 2817 l'ontilicuto

197 2820 230 2852 ‹lt'
250 2821 309 2853 l’io
331 2824 387 2865 l’p,
412 2824 468 2861 IX,
494 2824 731 2857 Milan01857.

244 2871 254 2889 ί
274 2869 307 2900 ln
328 2879 363 2902 ea
383 2871 563 2910 Quirinalis
581 2870 814 2911 aggressione,
842 2878 905 2912 qua
930 2867 1147 2911 perduellium

201 2912 289 2945 furor
310 2916 419 2956 igneas
440 2917 590 2950 bellistas
610 2918 640 2949 in
662 2917 847 2949 Pontificius
866 2917 962 2949 aedes
982 2918 1150 2947 converte-

199 2967 244 2998 re,
266 2961 432 3005 ipsumque
451 2963 601 2996 bellicum
624 2962 878 2995 instrumentum
907 2962 1074 2995 admovere
1101 2963 1150 2991 cst

198 3014 322 3046 ιιιιςιις,
346 3009 456 3047 igneae
477 3009 626 3043 ballistae
647 3009 710 3041 ictu
731 3009 904 3051 perculsus
930 3006 1048 3040 cecidit
1079 3014 1148 3038 cuni

198 3050 270 3082 :iliis>
298 3055 469 3087 nonnullis
496 3055 633 3089 loannes
661 3056 803 3097 llnptista
820 3054 941 3089 Palma.
964 3053 1018 3095 qui
1038 3052 1066 3083 in
1084 3051 1149 3083 illis

200 3098 329 3132 :uentibus-
349 3102 483 3141 «tegebat
503 3112 633 3134 inunt-rr.
657 3102 794 3141 fungens
816 3101 853 3133 ab
871 3101 1020 3141 epistolis
1042 3098 1150 3130 latinis

200 3141 234 3170 ³¹¹¹
255 3147 438 3188 principes,
461 3151 493 3179 ct
512 3149 624 3189 plures
643 3157 698 3189 per
717 3156 818 3180 annos
837 3145 1085 3179 Ecclesiasticac
1105 3143 1151 3175 lii-

200 3190 320 3222 sturiae
335 3193 570 3233 pranis—cilones
587 3193 744 3226 babuerat
760 3194 789 3225 in
804 3193 1021 3225 Univcrsitnto
1039 3190 1151 3223 llonia-

202 3242 253 3268 ΗΛ,
273 3249 351 3276 ψη»-
371 3241 464 3269 ruam
489 3240 764 3273 unii-.·i·1·u‹liti0nc
784 3240 920 3272 rusci-ia>-
941 3238 1022 3280 typis
1045 3236 1152 3269 edulc-

202 3285 246 3310 ΓΛ
270 3283 382 3314 limmat·
403 3296 454 3317 un.
478 3286 571 3316 ista.

540 187 705 215 EPOCHA
725 187 816 215 X111.
841 189 866 213 A
890 188 1070 215 PVBLICA
1092 188 1238 215 RERVM
1260 189 1303 216 ΙΝ
1325 189 1494 218 GALLIIS
1513 192 1800 221 SVBVERSIONE

1198 262 1317 298 ticam
1334 264 1739 312 constituerunt‚quae
1757 277 1824 312 per
1841 267 2072 303 triumviros
2086 266 2150 303 ad-

1197 316 1507 353 ministraretur.
1528 318 1629 353 Dum
1656 319 1856 355 Romanus
1875 321 2058 357 Pontifex
2075 321 2149 359 Ca-

1197 369 1302 406 ietae
1316 369 1501 417 degebat,
1517 383 1592 419 quo
1603 383 1693 408 eum
1708 373 1862 420 sequuti
1880 374 2041 411 fuerant
2057 376 2151 412 Car-

1197 423 1360 467 dinales,
1380 426 1654 474 innumerique
1674 427 1862 474 praelati,
1884 433 2151 475 praestantes-

1198 488 1271 524 que
1298 479 1559 516 ecclesiastici
1591 480 1666 515 viri
1693 480 1838 518 Curiae
1871 493 2060 520 romanae
2087 483 2151 519 ad-

1199 531 1291 568 dicti
1314 561 1322 576 ,
1352 537 1492 569 contra
1518 544 1566 570 ea
1592 536 1725 570 omnia
1757 546 1856 582 quae
1889 535 2042 574 Romae
2072 537 2152 573 vio-

1202 583 1331 622 lenter
1357 587 1516 623 fuerant
1542 590 1740 623 attentata
1765 592 1805 623 et
1823 587 2008 636 deinceps
2025 594 2154 627 atten-

1203 642 1385 676 tarentur
1412 641 1456 675 v⁰
1476 640 1660 676 calendas
1679 640 1902 677 decembris
1921 642 2013 680 1848
2030 645 2152 680 recla-

1202 693 1324 728 mavit
1343 704 1466 741 eaque
1483 694 1592 730 nulla
1607 694 1838 730 declaravit.
1856 694 1934 731 Per
1949 695 2151 733 decretum

1199 746 1373 783 calendis
1389 746 1545 783 ianuar.
1568 747 1659 784 1849
1676 747 1909 792 declaravit,
1929 760 2154 787 excommu—

1201 799 1390 836 nicationi
1419 802 1559 837 maiori
1595 813 1682 838 esse
1716 802 1799 849 ipso
1830 803 1936 840 facto
1963 803 2152 841 obnoxios

1201 854 1433 902 quicumque
1463 856 1725 903 temporalem
1753 857 1922 893 Romani
1949 857 2153 895 Pontificis

1200 909 1480 945 auctoritatem
1495 913 1695 946 attentare
1704 912 2150 959 praesumpsissent.Po-

1200 961 1338 998 stridie
1364 962 1449 998 idus
1476 963 1664 1000 februarii
1693 965 1987 1010 protestationis
2005 965 2148 1002 denun-

1201 1016 1406 1053 tiationem
1435 1017 1540 1054 dedit
1566 1017 1616 1054 ad
1643 1029 1779 1055 omnes
1813 1030 2055 1055 summorum
2082 1019 2151 1056 im-

1202 1070 1422 1116 perantium
1450 1072 1660 1116 Oratores,
1680 1076 1720 1108 et
1746 1076 1834 1119 post
1857 1073 1880 1109 5
1905 1072 1986 1109 dies
2012 1073 2152 1120 guber-

1202 1123 1267 1159 nia
1294 1125 1559 1170 Austriacum,
1592 1126 1801 1169 Gallicum,
1831 1122 2086 1175 Hispanicum
2114 1132 2154 1164 et

1201 1177 1507 1225 Neapolitanum
1531 1208 1538 1220 ,
1574 1179 1870 1227 ii‘iterpellavit;
1898 1192 1997 1228 quae
2024 1182 2153 1218 confe-

1201 1233 1291 1267 stim
1319 1233 1367 1269 ad
1386 1233 1657 1270 defensionem
1678 1240 1717 1270 et
1736 1235 2026 1271 restitutionem
2054 1235 2153 1272 Pon-

1202 1286 1317 1323 tificis
1351 1292 1654 1324 concurrerunt.
1674 1288 1775 1324 Galli
1796 1289 1965 1325 Romam
1993 1289 2150 1327 obsede-

1201 1347 1321 1387 runt,
1359 1346 1640 1390 oppugnarunt
1669 1347 1710 1380 et
1738 1342 1799 1380 die
1821 1344 1843 1380 3
1870 1343 1950 1379 iulii
1987 1355 2151 1392 occupa-

1202 1402 1314 1441 runt,
1341 1402 1458 1446 atque
1495 1399 1538 1435 15
1564 1399 1739 1436 eiusdem
1766 1399 1912 1436 mensis
1953 1400 2153 1436 restitutio

1201 1452 1434 1489 Pontificiae
1458 1454 1708 1490 auctoritatis
1735 1454 1773 1489 in
1793 1454 1954 1490 basilica
1978 1454 2020 1490 S.
2039 1454 2151 1490 Petri

1201 1507 1431 1544 solemniter
1458 1508 1531 1543 fnit
1564 1507 1798 1544 annuntiata
1824 1518 1847 1544 a
1866 1509 1963 1545 duce
1987 1507 2153 1545 exerciti

1201 1561 1388 1608 gallicani
1409 1561 1597 1598 Oudinot.
1619 1565 1629 1586 1

1248 1616 1308 1653 58.
1330 1615 1427 1651 Pius
1455 1615 1524 1651 IX
1550 1615 1718 1652 Romam
1745 1616 1847 1653 redit
1874 1621 1952 1660 (an.
1986 1617 2090 1660 1850)
2113 1638 2152 1645 —

1202 1670 1389 1705 Summus
1410 1669 1593 1706 Pontifex
1614 1670 1830 1706 honorifico
1857 1682 1947 1707 cum
1966 1671 2155 1709 comitatu

1201 1723 1262 1759 die
1281 1723 1303 1759 4
1323 1723 1558 1770 septembris
1579 1724 1669 1761 1849
1685 1725 1821 1763 Caieta
1845 1724 2033 1761 deductus
2051 1725 2154 1762 Nea-

1203 1777 1324 1825 polim
1346 1782 1384 1814 et
1400 1776 1462 1813 die
1483 1777 1528 1813 12
1546 1777 1720 1814 eiusdem
1740 1778 1888 1815 mensis
1911 1779 1950 1814 in
1968 1779 2155 1816 suburba-

1203 1843 1296 1867 num
1315 1831 1463 1868 Portici
1481 1843 1602 1879 prope
1629 1832 1838 1879 Neapolim
1868 1832 2065 1878 profectus
2083 1838 2156 1877 est,

1209 1890 1363 1933 tempus
1391 1886 1655 1932 praestolans,
1683 1897 1757 1933 quo
1785 1886 1823 1921 in
1850 1886 2000 1923 Urbem
2028 1887 2156 1923 redire

1203 1942 1468 1986 opportunum
1497 1939 1612 1976 foret.
1633 1940 1796 1975 Interim
1812 1939 1871 1975 vi⁰
1890 1939 1976 1976 idus
2002 1940 2155 1977 decem-

1203 1992 1281 2028 bris
1307 1992 1484 2029 eiusdem
1519 1993 1611 2029 anni
1646 1993 1695 2029 ad
1727 2005 1864 2029 omnes
1898 1994 2037 2030 Italiae
2064 1995 2152 2042 Epi-

1200 2057 1340 2093 scopos
1366 2047 1590 2095 encyclicas
1617 2047 1771 2083 litteras
1789 2047 1929 2083 Nostis
1957 2049 1992 2083 et
2011 2047 2154 2084 Nobis-

1201 2111 1286 2136 cum.
1306 2100 1422 2144 misit,
1442 2101 1578 2149 quibus
1602 2112 1669 2137 eos
1696 2101 1877 2137 hortatus
1895 2104 1972 2144 est,
1989 2105 2032 2138 ut
2048 2102 2156 2138 frau-

1201 2153 1268 2190 des
1297 2154 1549 2200 repellerent,
1578 2154 1714 2202 quibus
1741 2154 1881 2201 impios
1907 2158 1946 2191 et
1981 2155 2155 2192 nefarios

1202 2207 1380 2244 hommes
1405 2208 1455 2245 ad
1485 2209 1671 2245 Italorum
1699 2208 1853 2244 animos
1879 2219 1903 2244 a
1920 2208 1995 2245 fide
2022 2209 2153 2246 catho-

1205 2262 1279 2297 lica
1306 2261 1589 2299 abalienandos
1618 2273 1692 2297 non
1713 2261 1884 2308 pudebat
1905 2272 2088 2299 asserere
2117 2269 2156 2299 et

1203 2316 1411 2352 clamitare
1430 2344 1438 2359 ‚
1480 2315 1715 2352 catholicam
1757 2316 1989 2362 religionem
2029 2317 2151 2354 Italae

1202 2371 1331 2417 gentis
1349 2370 1513 2417 gloriae,
1541 2369 1802 2417 magnitudini
1828 2374 1869 2406 et
1895 2370 2149 2418 prosperitati

1201 2424 1422 2467 adversari,
1442 2435 1488 2459 ac
1516 2428 1729 2471 propterea
1747 2435 1844 2472 opus
1862 2435 1964 2466 esse,
1990 2429 2033 2460 ut
2051 2425 2153 2460 illius

1201 2481 1286 2515 loco
1314 2479 1618 2526 protestantium
1640 2479 1800 2526 placita,
1820 2482 1860 2515 et
1879 2479 2154 2515 conventicula

1203 2532 1500 2576 inducerentur,
1521 2537 1565 2569 ut
1592 2533 1705 2569 Italia
1733 2532 1943 2580 pristinum
1971 2537 2152 2569 veterum

1206 2592 1447 2635 temporum,
1466 2587 1714 2623 ethnicorum
1732 2587 1886 2623 scilicet
1903 2586 2155 2634 splendorem

1203 2641 1345 2677 iterum
1372 2640 1443 2677 sibi
1472 2652 1708 2689 comparare
1736 2644 1879 2688 posset.
1911 2640 2047 2682 Quare
2074 2652 2155 2677 ma-

1201 2696 1306 2732 xima
1333 2700 1371 2732 et
1400 2696 1569 2743 insignia
1589 2696 1780 2732 beneficia
1796 2695 1975 2743 exposuit
1994 2705 2094 2743 quae
2115 2695 2151 2731 in

1202 2750 1338 2786 ltaliae
1367 2751 1529 2797 populos
1557 2762 1605 2787 ex
1634 2750 1830 2785 catholica
1857 2749 2046 2796 religione
2067 2761 2154 2797 pro-

1203 2809 1426 2840 manarunt.
1458 2804 1555 2839 'l'um
1589 2805 1871 2851 Episcoporum
1906 2803 2152 2850 vigilantiam

1201 2857 1402 2900 excitavit,
1431 2864 1471 2893 ut
1500 2857 1668 2893 viriliter
1695 2867 1847 2904 quoque
1876 2857 2155 2904 propulsarent

1201 2911 1421 2946 sot-ialismi
1450 2917 1488 2948 et
1507 2911 1791 2948 Communismi
1811 2921 1983 2953 errores,
2007 2909 2070 2957 qui
2090 2910 2156 2946 ad—

1248 3006 1252 3026 Ι
1276 3007 1422 3047 Legenda
1448 3011 1495 3039 est
1512 3007 1667 3039 allocutio
1686 3006 1723 3039 Si
1737 3007 1983 3048 semperanlea
1998 3014 2014 3035 u
2029 3012 2152 3036 sununo

1203 3053 1352 3085 l‘nntil'ice
1372 3053 1401 3084 in
1421 3052 1626 3085 Concistorio
1646 3052 1726 3085 xiii⁰
1743 3051 1950 3085 c:1len«l.iun.
1968 3048 2154 3081 18501121115-

1203 3103 1245 3137 ta,
1275 3099 1303 3130 iii
1323 3108 1384 3141 qua
1402 3099 1434 3131 tit
1454 3099 1624 3141 praecipua
1644 3099 1761 3132 mentio
1775 3097 2010 3130 catholicorum
2030 3095 2153 3137 pri-nci—

1204 3155 1299 3185 puni,
1327 3145 1383 3186 qui
1410 3145 1515 3177 studia
1540 3155 1597 3177 sua
1625 3145 1803 3187 impensius
1837 3142 2054 3192 contulerunt
2095 3150 2151 3183 pru

1205 3190 1322 3221 turuile
1341 3200 1376 3222 :ic
1405 3190 1623 3232 recuperando
1649 3191 1736 3223 civili
1764 3189 1928 3222 Ecclesiae
1952 3187 2147 3230 principatu.

1207 3236 1273 3266 Vnt.
1294 3236 1337 3267 La
1357 3236 1497 3269 Scienka
1523 3247 1539 3266 α’
1564 3238 1596 3268 lu
1617 3235 1701 3269 Fctle
1718 3261 1725 3271 ,
1746 3243 1809 3267 vni.
1832 3244 1905 3274 xlx,
1924 3244 1954 3275 Ρ.
1983 3234 2047 3265 ¹2⁰9
2066 3257 2074 3271 v
2095 3233 2154 3265 Na-

1206 3281 1267 3324 }mll
1293 3283 1387 3314 18311,
