2241 3473
602 167 728 199 VSQVE
754 167 808 194 AD
838 165 1033 194 Excmlvm
1062 164 1224 193 IMPERII
1252 164 1538 193 OCCIDENTALIS

1929 153 1981 192 95

107 239 200 276 dum
214 233 496 272 Antiochenam
514 233 631 271 fuisse
647 233 746 270 bene
762 231 1047 281 inceptam‚sed
1094 231 1131 268 ni
1153 243 1246 269 vero
1268 231 1306 269 in
1328 231 1487 270 Eusebii
1506 231 1631 269 locum
1652 230 1881 268 ordinarunt
1899 229 2032 267 Mace-

108 289 210 329 male
230 287 470 329 absolutam:
491 287 527 324 in
548 287 630 324 eius
650 286 867 335 primordiis
882 296 1047 322 canones
1095 284 1249 322 doninm
1264 315 1272 330 ,
1300 285 1428 322 virum
1448 297 1468 322 e
1488 296 1559 322 sua
1579 284 1744 322 factione
1760 313 1769 328 ‚
1789 293 1903 332 quem
1928 283 2032 320 Con-

104 343 190 381 illos
219 352 371 378 summa
391 340 636 377 consensione
657 350 742 377 esse
761 338 955 382 conditos,
975 338 1045 374 de-

103 395 190 433 inde
209 393 287 431 alia
309 405 333 431 a
353 393 444 430 solis
465 393 608 430 arianis
628 394 780 430 tentata
798 390 822 428 ¹.
840 390 1046 428 Enimvero

101 448 152 487 90
181 445 391 495 episcopis,
421 447 483 496 qni
515 445 744 483 Antiochiae
763 446 1046 490 convenerant,

99 502 255 540 tantum
285 500 336 537 36
365 499 630 548 cpiscoporum
665 496 859 545 suffragiis
893 496 1045 544 Grego-

99 553 198 590 rium
236 552 504 601 Cappadocem
537 551 575 588 in
609 550 736 587 locum
765 550 810 587 D.
841 548 1042 586 Athanasii

100 605 217 643 fuisse
238 605 451 650 intrusum,
467 604 600 642 scribit
623 602 743 640 Iulius
761 603 830 651 Pp.
848 602 886 639 in
904 614 976 639 sua
997 602 1044 638 ad

97 658 296 707 episcopos
313 658 522 695 orientales
537 655 699 705 epistola
714 653 740 692 ².
758 655 902 703 Reipsa
919 656 955 692 in
972 655 1046 691 hac

97 712 245 761 synodo
268 711 492 755 Eusebiani‚
512 708 757 757 imperatoris
776 708 921 746 auxilio
942 707 1044 753 freti,

102 764 305 802 Athanasii
336 775 494 801 causam
524 762 562 799 in
592 761 760 798 medinm
782 761 1044 810 proferentes,

101 829 190 855 eum
210 818 349 855 iterum
368 817 626 865 deposuerunt
644 844 653 860 ,
674 816 713 851 et
733 815 770 851 in
791 814 961 852 eiusdem
983 814 1043 851 lo-

100 882 187 907 cum
227 870 458 908 ordinarunt
496 868 728 917 Gregorium
767 868 1042 916 Cappadocem.

102 924 250 960 Deinde
279 921 488 972 paucorum
514 920 703 958 mensium
733 921 858 969 spatio
879 922 1044 969 quatuor

96 976 206 1014 Fidei
223 976 419 1021 formulas,
430 975 547 1012 aliam
559 986 607 1011 ex
623 973 932 1020 alia‚cdiderunt;
945 986 1042 1022 quae

95 1028 283 1067 formulae
324 1029 503 1077 quamvis
537 1027 728 1064 haeresim
763 1027 936 1065 arianam
967 1039 1041 1064 non

95 1083 370 1130 exprimerent,
391 1094 476 1119 eam
504 1084 635 1118 tamen
666 1092 739 1117 non
770 1080 1041 1118 excludebant.

95 1135 242 1173 Filium
262 1136 417 1184 quidem
436 1147 456 1172 e
473 1135 594 1172 Patre
610 1133 897 1182 genitum,ante
914 1134 1043 1170 omnia

98 1189 257 1226 saecula
285 1189 515 1226 existentem
533 1217 542 1231 ,
562 1187 688 1224 Deum
705 1187 750 1223 de
771 1187 850 1223 Deo
870 1187 1041 1223 Verbum

97 1242 290 1287 dicebant,
319 1242 384 1279 sed
415 1253 549 1278 vocem
575 1242 740 1289 ὁμοὸτιος,
768 1252 835 1277 seu
866 1241 1041 1277 consub-

95 1296 319 1339 stantialis,
334 1294 680 1339 1¹eticebant3unde
703 1293 882 1342 quamvis
903 1294 1041 1330 catho-

95 1347 168 1385 lico
183 1359 293 1385 sensu
311 1348 496 1397 explicari
518 1350 695 1396 possent,
712 1347 815 1384 aliud
836 1348 969 1383 tamen
990 1347 1042 1384 si-

96 1400 334 1450 gnificabant
353 1401 563 1439 secundum
581 1406 751 1437 mentem
782 1411 939 1437 suorum
969 1412 1041 1437 au-

96 1457 258 1491 ctorum.
277 1455 400 1492 Porro
422 1454 517 1491 haec
535 1454 620 1502 ipsa
648 1453 872 1490 arianorum
891 1453 929 1489 in
945 1466 1040 1490 con-

98 1507 232 1545 dendis
252 1510 292 1544 et
311 1507 506 1544 mutandis
526 1507 637 1544 Fidei
657 1506 833 1544 formulis
850 1507 1042 1544 mobilitas

96 1571 161 1598 eos
180 1561 324 1598 erroris
345 1563 385 1597 et
403 1559 587 1609 perfidiae
608 1560 750 1607 arguit.

152 1613 281 1655 Quum
301 1614 379 1651 iam
398 1614 446 1650 18
466 1613 663 1650 mensibus
679 1613 917 1650 Athanasius
933 1625 1042 1651 aecu—

98 1668 269 1705 satorum
299 1678 459 1704 suorum
488 1667 653 1704 Romam
681 1667 893 1704 adventum
922 1679 1042 1714 expe-

100 1722 258 1765 ctasset,
286 1720 410 1757 Iulius
440 1720 508 1768 Pp.
531 1731 630 1756 anno
650 1719 728 1757 342
748 1720 941 1768 synodum
962 1721 1041 1757 Ro-

100 1784 186 1810 mae
202 1785 289 1810 cum
310 1773 361 1810 50
380 1773 567 1822 episcopis
582 1772 730 1809 habuit.
747 1772 790 1809 In
812 1784 857 1809 ea
876 1773 1043 1810 Athana-

100 1825 159 1871 sii,
180 1829 301 1875 atque
320 1826 496 1863 Marcelli
517 1825 732 1874 Ancyrani,
752 1825 939 1874 Asclepae
961 1827 1042 1864 Ga-

100 1879 224 1916 zensis
242 1882 283 1917 et
301 1879 413 1916 Lucii
434 1878 809 1927 Hadrianopolitani‚
830 1879 896 1927 qui
913 1883 952 1916 et
972 1879 1043 1928 ipsi

101 1934 237 1970 contra
257 1932 480 1970 arianorum
498 1931 709 1969 sententias
722 1932 769 1968 ad
780 1932 1041 1980 Apostolicam

99 1984 239 2022 Sedem
261 1985 541 2034 confugerant,
561 1996 704 2022 causae
724 1985 918 2023 discussae
938 1988 1042 2033 sunt,

101 2050 307 2087 omnesque
328 2038 516 2088 praedicti
538 2038 734 2087 praesules
749 2038 787 2074 in
809 2040 1043 2077 communio-

101 2103 148 2128 ne
177 2091 374 2129 Ecclesiae
400 2091 557 2140 suisque
577 2092 744 2136 sedibus,
766 2091 905 2139 quibus
927 2094 974 2130 ab
995 2105 1041 2130 a-

97 2144 218 2182 rianis
238 2145 351 2182 eiecti
372 2144 539 2189 fuerant,
549 2144 685 2193 synodi
701 2147 896 2183 sententia
912 2148 1042 2183 reten-

101 2197 130 2234 ti
151 2201 254 2234 sunt.
277 2198 362 2239 Quo
382 2197 485 2235 facto
506 2197 691 2235 Pontifex
712 2198 760 2234 ad
783 2199 806 2235 7
837 2199 1042 2246 primarios

99 2250 257 2288 arianae
285 2251 466 2288 factionis
496 2250 694 2300 episcopos
722 2262 932 2300 eorumque
951 2252 1040 2290 fau-

98 2305 202 2341 tores
230 2304 432 2354 epistolam
461 2305 626 2353 scripsit,
654 2304 693 2340 in
724 2316 798 2352 qua
827 2317 892 2342 eos
911 2305 1040 2343 incre-

100 2357 199 2406 puit,
218 2358 319 2405 quod
340 2357 554 2395 Nicaenam
571 2357 688 2394 fidem
704 2357 924 2395 clanculum
939 2359 1043 2396 inno-

100 2414 255 2457 varent,
270 2412 371 2459 quod
391 2411 518 2448 vocati
542 2411 589 2447 ad
611 2411 827 2447 Romanam
848 2413 1041 2460 synodum

103 2462 235 2499 venire
265 2464 481 2510 noluerint,
507 2464 608 2513 quod
637 2464 855 2502 contraius
872 2466 1041 2503 Athana-

101 2515 202 2553 sium
232 2516 405 2565 aliosque
433 2517 664 2566 primarium
684 2517 833 2554 sedium
849 2519 1041 2557 antistites

101 2569 361 2616 deposuerint,
381 2581 556 2618 quorum,
578 2570 694 2607 etiam
713 2571 743 2608 si
760 2571 813 2608 rei
832 2571 1040 2620 deprehen-

99 2621 131 2659 si
150 2621 324 2668 fuissent,
347 2634 484 2660 causae
502 2624 713 2660 secundum
733 2625 1040 2663 ecclesiasticum

100 2686 288 2712 canonem
313 2678 353 2712 et
382 2687 527 2713 morem
548 2676 602 2713 eis
623 2680 756 2713 notum
773 2678 820 2714 ad
842 2679 1039 2727 Apostoli-

100 2739 186 2764 cam
206 2727 347 2765 Sedem
369 2732 482 2766 erant
502 2729 734 2767 deferendae
751 2729 777 2768 3.

151 2780 288 2818 Ariani
309 2782 450 2829 spretis
470 2782 516 2818 R.
536 2782 734 2820 Pontificis
749 2784 906 2822 monitis
923 2788 1040 2834 atque

100 2834 314 2880 sententiis,
330 2835 367 2871 in
391 2834 489 2871 male
509 2836 653 2883 coeptis
674 2841 940 2883 perrexerunt.
958 2839 1040 2875 Eu-

100 2886 207 2924 sebio
227 2887 526 2933 Nicomediensi,
547 2889 614 2935 qui
634 2889 744 2936 pulso
766 2890 889 2928 Paulo
911 2893 1038 2928 sedem

101 2938 166 2988 Cp.
179 2939 390 2987 invaserat,
403 2952 502 2977 anno
513 2941 591 2978 342
607 2941 655 2977 ad
667 2942 842 2980 divinum
855 2944 1038 2981 iudicium

102 2996 276 3040 evocato,
292 2992 356 3042 Cp.
374 2993 536 3043 populus
555 2993 722 3031 Paulum
739 2997 905 3044 repetiit.
922 2998 1039 3035 Aria-

143 3096 154 3119 ¹
175 3096 307 3129 Critica
323 3098 360 3128 ad
378 3107 425 3129 an.
443 3097 513 3129 311.

142 3136 215 3169 ²5s.
239 3140 383 3170 Athanas.
409 3144 437 3169 et
460 3140 551 3170 Hilar.
576 3139 634 3169 LL
667 3140 708 3170 de
735 3140 901 3182 Synodz'33
927 3144 1039 3181 Labbe,

105 3177 228 3210 Concil.
245 3183 262 3210 t.
281 3181 313 3217 ll,
329 3191 357 3220 p.
375 3180 442 3211 49-1-Δ

144 3219 159 3241 ³
172 3221 284 3260 Lahbc,
300 3222 358 3253 loc.
374 3223 421 3253 cit.

1093 338 1275 383 stantius,
1292 338 1496 375 resistente
1513 338 1665 387 populo,
1682 348 1749 386 per
1765 336 1907 373 milites
1922 336 1959 373 in
1977 348 2032 373 ec-

1093 389 1250 427 clesiam
1279 390 1473 427 introduci
1496 391 1629 436 iussit;
1653 390 1751 427 unde
1770 390 1905 426 tantus
1924 401 2030 426 exor-

1090 446 1153 479 tus
1184 446 1242 480 est
1270 443 1480 487 tumultus,
1512 447 1554 481 ut
1575 444 1676 481 ultra
1696 442 1813 488 3,000
1832 441 2031 480 hominum

1091 494 1239 531 fuerint
1253 496 1560 533 t1·ucidata.1tem
1576 497 1788 546 imperator
1799 495 1961 544 Gregori
1968 507 2031 532 um

1091 548 1371 596 Cappadocem,
1390 548 1468 585 iam
1490 549 1527 585 in
1549 550 1677 587 locum
1702 551 1746 587 n.
1768 548 1971 587 Athanasii
1987 561 2031 586 e-

1090 601 1247 646 lectum,
1276 601 1550 639 Alexandrinis
1577 606 1617 640 et
1641 602 1807 640 caeteris
1828 601 2031 650 AEgyptiis

1091 654 1192 691 inter
1213 654 1355 691 multas
1375 653 1582 692 violentias
1602 657 1815 704 caedesque
1837 654 2031 702 obtrusit3

1088 708 1127 744 et
1146 707 1212 743 vix
1234 706 1337 744 credi
1359 709 1498 755 potest,
1518 711 1662 755 quanta
1683 708 1926 746 immanitate
1941 709 2032 745 Gre-

1088 760 1219 808 gorius
1248 760 1286 797 in
1307 759 1481 805 clericos,
1502 760 1672 809 virgines
1694 762 1879 810 aliosque,
1899 773 2028 798 secum

1087 813 1374 850 communicare
1397 811 1585 859 nolentes,
1602 815 1800 852 saevierit.
1824 815 1980 852 Interea
1999 827 2028 853 s.

1088 866 1325 903 Athanasius
1345 866 1494 903 Romae
1514 866 1699 904 exulabat
1716 865 1739 905 ¹.

1138 919 1251 956 Tunc
1266 918 1445 967 Episcopi
1466 919 1604 965 ariani,
1625 919 1869 968 imperatoris
1888 922 2027 970 patro-

1086 972 1187 1009 cinio
1206 972 1443 1017 audaciores,
1464 973 1593 1009 omnia
1609 975 1824 1018 tentarunt,
1842 977 1885 1011 ut
1900 974 2026 1011 ortho-

1087 1027 1205 1063 doxos
1224 1025 1424 1074 praesules
1444 1025 1703 1073 perducerent
1719 1027 2027 1074 ad‘supprimen-

1086 1080 1173 1116 dam
1191 1090 1324 1115 vocem
1342 1079 1510 1126 ὁμοὸτιος,
1528 1080 1902 1125 consubstantialis,
1923 1083 1962 1116 et
1977 1081 2024 1118 ad

1085 1132 1395 1181 supprimendam
1422 1144 1511 1169 cum
1541 1144 1585 1168 ea
1605 1132 1720 1169 fidem
1740 1132 1962 1170 Nicaenam.
1984 1134 2025 1170 In

1086 1186 1186 1222 hunc
1205 1185 1321 1222 finem
1337 1186 1478 1222 an.344
1492 1196 1651 1223 rursum
1664 1185 1935 1222 convenientes
1952 1188 2025 1223 An-

1086 1238 1407 1283 tiochiam,aliam
1427 1238 1517 1275 fidei
1534 1238 1752 1284 formulam,
1772 1239 1935 1276 caeteris
1946 1251 2028 1287 pro-

1087 1291 1502 1336 lixiorem,ediderunt.
1516 1291 1663 1329 Deinde
1679 1291 1913 1337 Eudoxium,
1927 1293 2027 1329 Mar-

1087 1345 1233 1394 tyrium
1253 1350 1291 1382 et
1312 1345 1584 1382 Macedonium
1604 1345 1642 1381 in
1664 1344 1913 1382 Occidentem
1928 1346 2029 1394 lega-

1086 1401 1192 1443 runt,
1210 1398 1271 1446 qui
1291 1398 1488 1447 episcopos
1506 1398 1772 1435 Occidentales
1790 1398 1838 1435 ad
1855 1399 2028 1436 eamdem

1087 1451 1294 1488 formulam
1307 1453 1544 1499 probandam
1557 1453 1809 1489 adducerent.
1825 1452 1973 1489 Verum
1989 1452 2024 1489 in

1085 1505 1156 1542 hac
1188 1504 1357 1542 formula
1382 1505 1554 1542 Arianae
1582 1505 1785 1542 haereseos
1818 1517 2028 1552 venenum,

1085 1558 1262 1607 quamvis
1282 1558 1353 1595 sub
1373 1558 1501 1595 verbis
1521 1558 1743 1606 aequivocis
1758 1557 1898 1605 latens,
1914 1558 2026 1596 facile

1086 1612 1353 1659 detegebatur.
1374 1611 1588 1648 Dicebatur
1607 1612 1757 1660 quidem
1780 1611 1818 1647 in
1839 1623 1884 1648 ea
1904 1611 2027 1649 Filius

1085 1664 1220 1702 similis
1241 1665 1372 1710 Patri,
1393 1666 1433 1700 at
1450 1676 1525 1701 vox
1546 1665 1762 1702 substantia
1792 1668 1831 1702 et
1859 1665 2026 1702 essentia

1085 1718 1301 1755 reticebatu
1309 1729 1338 1754 r.
1351 1717 1597 1766 Quapropter
1617 1717 1784 1767 episcopi
1801 1717 2025 1755 Occidenta-

1085 1771 1153 1816 les,
1171 1783 1230 1808 an.
1245 1770 1322 1808 345
1337 1770 1543 1808 Mediolani
1565 1771 1805 1820 congregati,
1822 1771 1936 1808 istam
1952 1771 2024 1808 for·

1085 1824 1232 1861 mulam
1252 1823 1469 1861 reiecerunt
1484 1822 1511 1861 ².

1140 1877 1199 1914 19.
1225 1877 1537 1915 Christianismi
1561 1882 1694 1914 status
1722 1878 1767 1914 in
1788 1877 1955 1915 Perside
1975 1900 2024 1904 —

1084 1930 1126 1967 In
1156 1930 1318 1967 Perside
1340 1929 1469 1979 ampla
1490 1930 1694 1980 Evangelii
1714 1931 1939 1980 propagatio
1959 1943 2025 1968 sa-

1086 1983 1289 2021 cerdotum
1316 1984 1581 2030 ethnicorum,
1601 1984 1665 2032 qui
1693 1986 1809 2033 mayi
1826 1985 2025 2021 vocaban-

1084 2040 1161 2083 tur,
1182 2038 1221 2074 et
1239 2037 1487 2083 Iudaeorum,
1502 2037 1724 2074 nativorum
1744 2037 1945 2075 christiani
1963 2050 2027 2074 no-

1084 2090 1198 2127 minis
1218 2090 1487 2135 inimicorum,
1507 2090 1695 2127 invidiam
1716 2091 1914 2128 excitavit.
1937 2091 2026 2136 Isti,

1085 2147 1220 2180 exorto
1241 2144 1383 2180 Persas
1401 2143 1505 2180 inter
1524 2145 1564 2180 et
1582 2144 1778 2182 Romanos
1796 2143 1910 2189 belle,
1922 2144 2027 2181 Chri-

1083 2197 1229 2234 stianos
1249 2197 1350 2245 apud
1370 2196 1556 2245 Saporem
1577 2208 1710 2246 regem
1731 2196 1828 2235 falso
1861 2209 2023 2235 accusa-

1083 2253 1188 2296 runt,
1208 2250 1310 2298 quod
1331 2249 1532 2295 Romanis,
1556 2250 1629 2287 sibi
1651 2250 1839 2299 religione
1859 2250 2001 2288 iunctis
2015 2280 2024 2297 ,

1084 2303 1280 2349 faverent,
1301 2307 1340 2340 et
1358 2303 1396 2339 in
1417 2303 1528 2351 regni
1552 2303 1829 2341 detrimentum
1859 2316 1948 2340 cum
1969 2304 2024 2341 eis

1083 2357 1183 2394 clam
1204 2356 1545 2393 communicarent.
1568 2357 1655 2394 Rex
1676 2357 1813 2402 iratus,
1829 2369 1928 2394 anno
1947 2357 2024 2394 343

1085 2421 1216 2447 omnes
1244 2409 1418 2447 subditos
1452 2409 1684 2447 christianos
1712 2410 1836 2459 primo
1867 2410 2023 2459 gravis-

1084 2463 1192 2500 simis
1217 2462 1375 2500 tributis
1405 2463 1606 2511 oppressit,
1629 2464 1672 2500 ut
1694 2462 1922 2500 facultatum
1943 2475 2028 2500 sua-

1083 2527 1171 2553 rum
1191 2516 1352 2564 penuria
1375 2518 1414 2554 et
1435 2518 1668 2553 exactorum
1689 2516 1854 2553 saevitia
1874 2516 2026 2562 obtriti,

1083 2569 1326 2618 Religionem
1349 2570 1586 2607 desererent.
1616 2569 1742 2610 Quum
1772 2570 1845 2606 hac
1874 2568 2026 2606 ratione

1085 2622 1138 2659 nil
1158 2622 1375 2671 proficeret,
1388 2621 1695 2660 Christianorum
1708 2622 1868 2659 clericos
1883 2622 2026 2670 inquiri

1084 2678 1124 2712 et
1144 2676 1273 2724 gladio
1294 2676 1412 2713 occidi
1430 2706 1438 2721 ,
1459 2676 1644 2713 eeclesias
1675 2674 1848 2712 funditus
1879 2675 2024 2722 everti,

1083 2740 1293 2777 earumque
1314 2741 1410 2767 vasa
1425 2732 1464 2767 et
1480 2729 1738 2766 instrumenta
1753 2729 1799 2764 ad
1817 2728 1896 2765 fisci
1914 2741 2026 2766 usum

1084 2783 1257 2819 converti
1279 2783 1396 2820 iussit.
1414 2783 1469 2820 -Vi
1503 2782 1618 2819 huius
1646 2781 1817 2818 mandati
1848 2782 2026 2827 Simeon,

1084 2836 1333 2883 metropolita
1353 2835 1553 2873 Seleuciae
1583 2838 1622 2871 et
1650 2834 1919 2883 Ctesiphontis,
1941 2837 2027 2883 post

1084 2890 1328 2925 constantem
1342 2889 1446 2925 Fidei
1460 2887 1739 2925 confessionem
1747 2888 1875 2936 eapite
1890 2889 2026 2936 plexus

1083 2941 1258 2979 est.Cum
1276 2954 1319 2978 eo
1337 2942 1450 2978 occisi
1466 2942 1556 2978 sunt
1570 2940 1635 2977 alii
1655 2941 1739 2985 100,
1756 2941 2028 2990 episcopi,pre-

1083 2995 1230 3043 sbyteri
1247 2998 1285 3031 et
1301 2995 1546 3031 diversorum
1563 2993 1738 3030 ordinum
1757 2994 1899 3031 clerici.
1913 2996 2027 3031 Anno

1083 3050 1269 3095 sequente
1290 3047 1508 3095 persecutio
1538 3051 1700 3084 extensa
1728 3047 1800 3085 fuit
1828 3047 1876 3084 ad
1908 3047 2026 3084 laicos

1126 3185 1134 3205 ¹
1154 3185 1282 3220 Soc-rat,
1302 3182 1382 3221 ΙΙιζςτ,
1400 3183 1472 3213 (3εείΔ
1491 3181 1511 3213 l.
1529 3184 1567 3220 113
1583 3184 1752 3222 Sozomen.,
1766 3185 1784 3215 l.
1798 3185 1845 3215 111.

1125 3225 1139 3246 '-'
1156 3225 1268 3261 Labbe,
1286 3227 1304 3254 t.
1323 3224 1355 3261 ll,
1373 3233 1402 3263 p.
1419 3223 1562 3255 6072614.
