2241 3473
673 191 810 221 VSQVE
833 191 887 218 AD
908 187 1195 217 PRAESENTEM
1221 185 1425 214 AETATEM

79 268 163 306 eius
188 268 273 304 sinu
310 266 492 314 abripere
514 295 523 310 ‚
550 278 693 315 eosque
729 266 777 302 ad
811 265 1023 302 funestissi-

78 333 183 358 mum
199 321 368 357 schisma
389 321 480 356 totis
498 321 646 356 viribus
666 320 898 366 pertrahere
918 319 1026 355 anni-

79 375 246 412 tebatur.
268 374 376 416 Quae
404 375 535 409 omnia
562 373 807 410 manifestius
831 378 1025 420 apparent

78 439 127 465 ex
153 439 344 463 accurata
372 439 505 464 rerum
540 428 715 462 omnium
752 427 1024 472 expositione,

79 492 178 529 quae
214 481 446 528 opportunis
472 480 717 516 documentis
747 480 895 515 munita
926 480 1025 526 typis

78 535 184 571 edita
218 535 289 570 fuit
315 537 339 569 1.
360 534 420 570 Ad
441 535 549 576 haec,
571 534 731 570 decreto
751 533 825 569 diei
853 533 898 568 ‘22
932 533 1023 568 maii

82 587 173 626 1867
209 587 503 624 Podlachiensis
537 587 728 623 dioecesis
767 587 803 621 in
840 586 1024 622 poloniae

81 653 205 689 regno
223 653 301 678 una
317 653 403 677 cum
419 643 707 678 Canonicorum
725 640 912 686 collegio,
929 640 1027 676 Con—

84 695 255 739 sistoriO,
274 695 495 732 Seminario
517 694 670 740 penitus
690 694 760 728 fuit
778 693 967 735 extIncta‚
988 698 1027 728 et

82 748 298 796 Episcopus
325 760 347 784 a
373 759 442 783 suo
471 759 594 794 grege
623 747 806 788 divulsus,
826 752 985 781 coactus
1003 756 1026 780 a

81 801 272 838 dioecesis
298 802 437 837 finibus
464 802 647 836 continuo
682 800 899 836 discedere·
928 800 1024 836 Item

81 866 153 903 per
169 855 375 892 decretum
405 866 538 891 mense
565 854 644 890 iulii
671 853 760 890 1866
790 853 937 897 datum,
957 855 1025 891 Ca-

84 909 336 945 meniciensis
352 909 544 945 dioecesis
561 908 706 943 abolita
725 908 867 950 suerat,
879 913 917 943 et
936 907 1025 943 illud

84 963 375 1000 Canonicorum
402 962 642 1008 Collegium,
669 960 952 997 consistorium
979 971 1025 996 ac

87 1016 352 1052 Seminarium
379 1015 613 1062 dispersum,
640 1024 687 1049 ac
715 1014 894 1060 proprius
917 1015 1027 1049 Anti-

84 1073 164 1105 stes
197 1069 245 1104 ab
279 1069 344 1104 illa
378 1069 548 1104 dioecesi
592 1068 784 1103 violenter
826 1067 1025 1113 abreptus.

80 1122 152 1158 Die
178 1122 225 1158 22
251 1122 342 1158 maii
372 1122 462 1158 1867
493 1121 696 1157 decretum
730 1121 1025 1166 promulgatum

81 1176 167 1218 fuit,
181 1186 256 1222 quo
274 1175 475 1222 Petropoli
491 1173 1026 1219 constituebaturCollegium

82 1227 920 1270 Ecclesiascicam-catlzobicum-romanum‚
968 1228 1027 1263 cui

84 1293 244 1329 praeses
279 1288 384 1319 esset
422 1281 730 1317 Mohilowiensis
771 1281 1029 1327 archiepisco—

82 1348 167 1384 pus.
189 1337 247 1372 Ad
266 1338 338 1372 hoc
357 1335 577 1382 Collegium
596 1344 687 1371 sunt
701 1336 1028 1376 transmittendae

82 1404 219 1430 omnes
245 1393 471 1441 petitiones,
491 1391 539 1427 ad
565 1391 654 1428 fidei
673 1393 795 1429 etiam
815 1398 854 1429 et
872 1394 920 1430 ad
941 1407 1027 1432 con-

81 1456 269 1492 scientiae
298 1455 459 1502 negotia
486 1453 743 1501 pertinentes,
765 1463 864 1498 quae
891 1463 914 1487 a
934 1453 1029 1489 Rus-

80 1509 319 1557 sicilmperii
336 1509 573 1546 etPoloniae
593 1506 705 1552 regni
718 1506 1030 1553 Episcopis‚Cle-

80 1574 126 1598 ro
152 1565 373 1612 populoque
400 1562 504 1598 fideli
524 1561 572 1597 ad
591 1560 858 1607 Apostolicam
888 1561 1028 1596 Sedem

81 1617 409 1664 expediuntur,ut
422 1616 547 1663 ipsum
564 1615 765 1651 examinet
780 1625 826 1650 ac
841 1614 1030 1650 decernat

79 1675 211 1708 utrum
239 1672 449 1720 petitiones
475 1669 762 1716 Episcoporum
789 1673 1027 1715 potestatem

82 1725 559 1773 praetergrediamum‘et
584 1734 699 1770 quum
728 1721 928 1758 Pontificis
947 1733 1032 1769 per-

84 1779 238 1816 venerit
255 1779 302 1815 ad
319 1779 528 1825 imperium
545 1776 705 1818 decisio,
721 1775 952 1812 administer
978 1775 1031 1810 in—

83 1835 287 1868 ternarum
304 1832 540 1868 relationum
554 1829 779 1876 expendere
795 1828 921 1871 debet,
938 1840 1029 1864 num

84 1885 228 1933 aliquid
256 1885 294 1921 in
322 1886 388 1921 illa
418 1884 641 1932 reperiatur
669 1882 820 1929 legibus
839 1883 974 1918 Status
992 1887 1032 1918 et

84 1938 258 1986 supremi
277 1938 474 1984 Principis
500 1937 649 1973 iuribus
668 1935 924 1971 contrarium.
958 1935 1032 1970 Ad-

83 1991 146 2035 de,
173 1991 274 2039 quod
292 1991 497 2028 Catholica
514 1989 794 2026 Varsaviensis
813 1988 1031 2024 Academia

84 2043 216 2081 deleta
232 2044 322 2087 fuit;
339 2055 385 2080 ac
406 2043 530 2079 tristis
546 2042 769 2080 Chelmensi
789 2047 827 2077 et
846 2042 1029 2077 Beltiensi

83 2097 356 2134 Ruthenorum
367 2097 535 2133 dioecesi
555 2095 770 2142 impenduit
781 2095 907 2138 ruina,
919 2095 1030 2131 sicuti

83 2150 224 2186 dicturi
250 2162 397 2186 sumus.
428 2151 555 2197 Atque
582 2149 675 2184 illud
703 2148 873 2184 maxime
901 2148 1033 2184 dolen-

84 2203 190 2246 dum,
211 2203 330 2241 fuisse
357 2203 567 2251 quemdam
594 2204 886 2250 presbyterum,
912 2203 1033 2238 nomi—-

84 2269 133 2294 ne
160 2258 377 2306 Wajcicki,
396 2257 458 2305 qui
486 2257 645 2293 minime
682 2256 899 2299 exhorruit,
934 2256 1030 2292 eius-

85 2310 173 2348 dem
205 2311 396 2348 dioecesis
428 2311 609 2356 regimen
641 2315 680 2346 et
714 2311 1033 2356 procurationem

87 2379 111 2404 a
129 2367 234 2403 civili
254 2367 322 2402 illa
347 2370 540 2414 potestate
567 2365 747 2412 accipere
775 2368 813 2400 et
839 2365 972 2399 varias
999 2375 1035 2400 e-

85 2421 180 2458 dere
215 2420 502 2461 ordinationes,
540 2431 640 2467 quae
672 2419 762 2454 dum
798 2417 1036 2455 ecclesiasti-

89 2487 159 2514 cae
186 2475 413 2522 disciplinae
426 2474 755 2517 adversabantur,
770 2472 1035 2509 funestissimo

89 2530 289 2567 schismati
318 2530 515 2565 faverent.

136 2583 230 2620 Pius
256 2583 328 2630 Pp.
349 2583 403 2618 IX
431 2593 499 2629 pro
529 2586 583 2617 tot
602 2581 795 2627 tantisque
836 2580 1038 2615 calamita-

91 2639 190 2676 tibus
216 2637 418 2674 Ecclesiae
445 2636 671 2673 Catholicae
700 2634 868 2670 Russiae
900 2638 939 2670 et
967 2633 1037 2667 Ρο-

89 2692 218 2728 loniae
244 2691 373 2732 illatis,
387 2688 618 2725 allocutione
638 2688 683 2723 29
701 2687 873 2723 octobris
890 2687 979 2724 1866
999 2692 1037 2723 et

89 2745 251 2794 Encycl.
264 2745 308 2780 17
327 2742 474 2779 octobr.
492 2742 582 2778 1867
602 2741 772 2777 maxime
788 2746 946 2787 questus
963 2746 1035 2776 est.

89 2799 189 2840 Quin
217 2798 295 2833 imo
324 2798 360 2833 in
389 2796 468 2832 alia
493 2795 730 2830 allocutione
759 2788 892 2830 habita
910 2793 971 2830 die
991 2794 1037 2830 25

88 2852 182 2888 iunii
198 2851 288 2888 1869
303 2851 400 2886 haec
414 2849 535 2885 verba
550 2848 656 2884 fecit:
678 2861 697 2881 «
714 2848 924 2883 Russicum
942 2859 1035 2883 vero

87 2905 319 2952 gubernium
339 2903 468 2951 pergit
486 2902 718 2938 catholicam
748 2902 934 2938 insectari
961 2902 1032 2938 Ec-

88 2959 263 3002 clesiam,
286 2964 325 2994 et
363 2957 410 2993 ab
445 2955 624 2991 omnibus
655 2955 739 2991 fere
782 2955 1034 2992 Dioecesibus

137 3091 145 3112 ¹
167 3091 284 3122 Romae
301 3089 420 3132 prodiit
437 3091 486 3122 die
511 3089 546 3120 15
566 3094 639 3117 nov.
673 3085 755 3118 1866
789 3097 827 3119 ex
856 3088 1035 3121 Senensi-la

90 3137 205 3170 Status
225 3136 305 3168 liber
321 3136 371 3167 cui
391 3136 527 3167 titulus:
552 3131 765 3172 Exposizione
792 3132 1031 3166 documentum

1894 166 1973 207 399

1076 258 1180 307 suos,
1205 262 1244 298 vi
1272 261 1392 298 etiam
1420 255 1761 301 adhibita,eiicere
1787 252 2018 301 Episeopos,

1076 329 1219 364 eosque
1247 316 1284 351 in
1312 314 1471 352 exilium
1500 312 1648 360 pellere
1666 339 1675 353 ‚
1708 306 2021 357 Proptereaquod

1076 371 1221 407 Christi
1248 370 1309 404 hic
1329 369 1366 403 in
1387 367 1505 404 terris
1523 365 1674 401 Vicarii
1693 373 1830 398 vocem
1849 371 1897 397 ac
1916 371 2024 396 man-

1077 424 1169 459 data
1191 452 1198 466 ‚
1227 427 1342 470 prout
1368 421 1535 462 debent,
1563 418 1698 454 audire
1725 422 1764 452 et
1789 414 1929 462 exequi
1959 425 2026 449 vo-

1079 477 1186 520 lunt,
1217 488 1287 511 nec
1315 475 1407 510 sinit
1432 472 1589 510 eosdem
1617 470 1832 517 Episcopos
1864 469 1913 504 ab
1947 467 2022 503 illis

1080 530 1236 576 Imperii
1255 529 1397 565 finibus
1416 526 1567 574 egredi,
1586 523 1739 561 etiamsi
1759 522 1932 558 maxima
1950 521 1980 556 E
1994 532 2031 556 c-

1078 584 1223 619 clesiae
1250 582 1398 618 utilitas
1425 581 1462 616 id
1489 578 1647 614 omnino
1676 576 1858 624 postulet;
1877 585 1924 610 ac
1943 584 2030 610 ma-

1078 637 1137 683 gis
1163 637 1200 671 in
1227 636 1310 672 dies
1337 635 1440 670 omni
1469 632 1583 668 modo
1611 630 1784 677 impedit,
1816 628 2023 676 quominus

1078 690 1128 726 illi
1155 690 1290 725 fideles
1332 699 1420 723 cum
1456 686 1579 721 Nobis
1619 689 1658 720 et
1695 683 1768 718 hac
1795 681 2022 728 Apostolica

1077 743 1177 779 Sede
1205 743 1325 778 libere
1353 739 1645 776 communicare
1672 740 1817 784 queant
1847 737 1895 768 1».

1124 798 1285 840 Verum,
1304 801 1347 831 ut
1373 794 1517 830 clarius
1536 795 1669 840 pateat
1686 791 1796 837 origo
1815 788 2025 827 Chelmen-

1077 850 1129 886 sis
1154 849 1391 890 schismatis,
1412 857 1573 882 monere
1601 856 1698 892 opus
1725 847 1799 886 est,
1818 841 1918 889 quod
1937 852 2025 876 cum

1078 904 1250 951 reliquae
1290 901 1493 937 Ecclesiae
1534 897 1807 946 greco—unitae
1825 924 1833 939 ,
1873 894 2029 942 penitus

1077 958 1226 993 fuerint
1252 956 1406 992 deletae
1424 983 1432 998 ,
1461 952 1663 989 Dioecesis
1693 949 1938 988 Chelmensis
1964 947 2030 984 vix

1077 1011 1276 1057 effugerat
1302 1007 1517 1045 universali
1545 1005 1697 1042 excidio
1717 1015 1782 1039 an.
1803 1002 1893 1039 1839
1910 1003 1925 1025 2
1943 1012 2034 1047 pro-

1079 1068 1165 1110 pter
1195 1069 1377 1099 naturam
1410 1060 1498 1104 loci,
1532 1064 1571 1096 et
1602 1057 1842 1105 propositum
1869 1064 2030 1101 graeco-

1080 1117 1386 1152 rum-unitorum
1407 1114 1455 1150 ad
1473 1113 1590 1149 ritum
1606 1111 1768 1146 latinum
1786 1107 2032 1151 transeundi,

1083 1168 1127 1204 ad
1154 1169 1314 1204 insidias
1336 1165 1654 1215 praecavendas.
1673 1163 1750 1199 Sed
1767 1165 1891 1198 status
1910 1161 2032 1196 Euro-

1082 1233 1155 1269 pae
1175 1226 1214 1257 et
1229 1223 1268 1258 S.
1287 1222 1397 1258 Sedis
1413 1225 1499 1268 post
1516 1217 1805 1264 sexagesimum
1819 1214 1932 1250 huius
1947 1225 2032 1250 sae-

1085 1277 1161 1311 culi
1181 1286 1326 1310 annum
1347 1285 1484 1310 ansam
1508 1270 1691 1319 praebuit
1716 1269 1866 1305 russico
1893 1267 2031 1314 guber-

1083 1329 1146 1364 nio
1172 1328 1371 1365 saeviendi
1390 1329 1427 1363 in
1449 1325 1682 1367 Ecclesiam,
1702 1326 1746 1359 ut
1772 1321 1821 1358 ad
1847 1320 2032 1357 orthodo-

1082 1394 1178 1419 εεαιη
1212 1384 1477 1431 religionem,
1511 1381 1566 1416 uti
1600 1380 1733 1415 dicunt
1753 1407 1761 1422 ‚
1792 1376 2030 1424 perduceret

1083 1439 1312 1475 catholicos.
1334 1438 1490 1474 Fideles
1516 1437 1770 1474 Chelmenses
1796 1434 1913 1481 longe
1939 1437 2031 1469 ante

1084 1494 1267 1530 viderant
1291 1493 1365 1529 hoc
1392 1504 1537 1528 novum
1565 1488 1850 1537 persecutionis
1877 1499 2001 1536 genus
2021 1515 2030 1530 ,

1083 1559 1200 1595 quum
1216 1548 1275 1583 sui
1290 1548 1412 1594 legati
1430 1547 1537 1582 missi
1555 1544 1797 1592 Petropolim
1817 1553 1921 1579 anno
1941 1542 2032 1579 1865

1084 1603 1234 1648 gratias
1252 1600 1395 1648 agendi
1416 1612 1534 1637 causa
1560 1597 1793 1648 Imperatori
1818 1597 1867 1633 ob
1893 1596 2034 1632 libera-

1085 1655 1236 1691 tionem
1255 1667 1278 1691 a
1297 1655 1487 1692 servitute
1507 1654 1645 1702 glebis,
1664 1653 1712 1689 ab
1738 1654 1942 1688 autocrate
1971 1661 2036 1697 pe-

1087 1709 1232 1746 tierunt
1259 1721 1353 1746 suae
1376 1708 1578 1756 religionis
1597 1708 1764 1744 liberum
1783 1704 2035 1742 exercitium.

1085 1763 1308 1809 Imperator
1324 1762 1504 1810 promisit
1519 1773 1560 1798 se
1577 1770 1786 1808 numquam
1803 1769 1940 1795 eorum
1957 1757 2033 1793 Re-

1085 1816 1219 1863 ligioni
1240 1817 1480 1860 obfuturum,
1497 1816 1564 1852 sed
1583 1826 1686 1851 anno
1700 1814 1767 1850 vix
1781 1813 1930 1859 elapso,
1945 1811 2034 1858 Epi·
2063 1817 2065 1819 ’

1086 1867 1716 1915 scopumChelmensemKalinski
1730 1867 1889 1902 iubebat
1898 1865 2034 1901 favere

1085 1923 1302 1966 schismati,
1314 1922 1572 1971 expurgsccndo
1589 1921 1708 1957 ritum
1722 1917 2035 1967 graeco-unitum

1086 1977 1134 2012 ab
1152 1976 1257 2012 omni
1279 1976 1464 2012 elemento
1485 1975 1626 2011 latino.
1650 1973 1762 2015 Quod
1787 1983 1878 2008 cum
1902 1971 2036 2007 facere

1086 2030 1206 2065 nollet
1239 2030 1459 2076 Episcopus
1485 2028 1717 2065 exturbatus
1749 2024 1910 2072 propria
1940 2023 2034 2059 sede

1086 2083 1124 2118 in
1150 2082 1309 2118 exilium
1337 2081 1385 2117 ad
1412 2081 1604 2118 Siberiam
1634 2078 1830 2127 proficisci
1862 2076 2031 2123 cogitur,

1086 2141 1145 2172 ast
1172 2141 1297 2171 morte
1324 2140 1555 2182 peremptus
1581 2135 1621 2170 in
1647 2133 1712 2169 via
1738 2136 1812 2169 est.
1831 2131 1942 2167 Tunc
1960 2130 2032 2165 Im-

1087 2193 1244 2236 perator
1269 2190 1451 2226 Dioecesi
1484 2187 1738 2237 praeposuit,
1767 2196 1882 2233 quern
1912 2193 2034 2229 supra

1088 2244 1404 2286 memoravimus,
1432 2242 1637 2290 Wajcicki
1663 2240 1842 2280 nomine,
1869 2237 1932 2284 qui
1958 2236 2028 2271 lin—

1087 2307 1189 2344 guae
1209 2298 1374 2343 polonae
1395 2308 1550 2333 russam
1569 2294 1767 2332 substituit
1785 2293 1821 2328 in
1847 2290 2033 2327 ecclesia-

1087 2351 1196 2388 sticis
1224 2352 1363 2387 officiis
1389 2356 1428 2387 et
1454 2350 1707 2387 concionibus
1726 2376 1734 2391 ,
1762 2351 1802 2383 et
1828 2354 1979 2391 organa
2010 2354 2034 2379 a

1089 2406 1245 2452 templis
1271 2406 1484 2442 submovit.
1504 2404 1681 2440 Tandem
1709 2413 1773 2438 an.
1803 2399 1895 2437 1868
1919 2408 2030 2444 prae-

1090 2460 1289 2496 nuntiatus
1315 2464 1374 2496 est
1392 2460 1610 2507 Episcopus
1628 2454 1875 2494 Chelmensis
1900 2463 2030 2489 sacer-

1089 2513 1157 2549 dos
1195 2514 1426 2549 Gallitianus
1455 2510 1713 2553 Kuziemski3
1754 2508 1785 2544 is
1819 2506 2030 2542 dioecesim

1088 2579 1207 2615 usque
1234 2568 1282 2603 ad
1301 2579 1443 2604 annum
1466 2566 1553 2603 1871
1575 2565 1689 2607 rexit,
1710 2562 1949 2607 multumque
1966 2559 2032 2596 de-

1088 2621 1241 2657 sideriis
1274 2621 1526 2668 lmperatoris
1557 2617 1764 2665 acquievit,
1791 2613 2026 2662 praesertim

1088 2677 1401 2722 graeco-unitam
1430 2674 1630 2720 liturgiam
1662 2670 1752 2707 ritui
1783 2667 2033 2704 schismatico

1088 2729 1305 2776 aequando,
1332 2741 1379 2765 ne
1407 2728 1494 2775 qnid
1520 2724 1725 2762 varietatis
1753 2724 1856 2758 inter
1882 2725 2032 2757 utrum-

1088 2794 1161 2829 que
1177 2783 1295 2818 ritum
1307 2782 1478 2818 fidelium
1490 2778 1694 2816 multitudo
1705 2773 2033 2824 deprehenderet-

1135 2906 1143 2926 1
1166 2902 1388 2944 Epliemeritles
1405 2910 1461 2944 per
1486 2901 1515 2933 id
1536 2906 1656 2943 tempus
1670 2900 1812 2933 celebres
1836 2901 2027 2936 narrarunt,

1088 2949 1142 2982 Pio
1160 2951 1215 2991 Pp.
1237 2947 1279 2978 IX
1298 2947 1379 2983 lianc
1397 2948 1507 2987 agendi
1527 2947 1683 2980 rationem
1701 2948 1927 2989 conquerenti,
1948 2943 2028 2977 Ora-

1089 2999 1187 3027 torem
1222 2994 1389 3026 Russicum
1417 2992 1588 3034 (Ministri
1615 2992 1910 3035 Plenipotentiarii
1941 2990 2023 3030 apud

1088 3041 1122 3073 S.
1144 3040 1255 3072 sedem
1269 3039 1368 3072 vicem
1387 3038 1594 3078 fungentem)
1616 3039 1835 3080 respondisse:
1856 3035 2028 3071 Gattolici-

1087 3095 1160 3119 smo
1178 3085 1194 3118 ἑ
1211 3085 1381 3117 sinonimo
1400 3084 1434 3117 di
1450 3084 1657 3117 rivoluzione
1674 3095 1681 3124 ;
1700 3094 1760 3126 qua
1781 3083 1963 3122 indignatus
1982 3094 2033 3117 re-

1088 3130 1435 3173 sponsione,Su1n¹11us
1457 3130 1604 3162 Pontifex
1620 3131 1713 3162 illico
1740 3128 1961 3163 administrum
1979 3140 2029 3162 re-

89 3182 173 3215 sulze
190 3182 335 3214 cos-tanti
353 3190 432 3211 cure
451 3181 503 3213 del
524 3180 663 3212 Sommo
686 3177 850 3218 pontefice
871 3179 928 3210 Pio
952 3178 998 3210 IX
1014 3189 1032 3211 a
1088 3177 1224 3209 misisse.
1243 3176 1299 3208 Hic
1317 3176 1413 3218 paulo
1433 3181 1504 3217 post
1529 3175 1692 3217 profectus
1710 3179 1760 3208 est
1779 3175 1889 3215 Roma,
1909 3179 1940 3213 et
1960 3180 2025 3208 tota

90 3228 201 3270 riparo
218 3227 439 3266 de'mali,che
459 3226 556 3268 soffre
577 3225 608 3256 la
631 3221 748 3258 Chiesa
769 3225 818 3258 ηε·
838 3225 980 3258 dominii
998 3225 1032 3258 di
1087 3222 1220 3262 Leqatio
1238 3227 1377 3263 sequuta
1394 3226 1442 3255 est
1460 3222 1564 3254 illum.

93 3273 214 3307 Bassia
232 3283 248 3305 e
267 3273 417 3306 Polonia.

1132 3267 1146 3289 2
1162 3268 1229 3301 vm.
1248 3278 1280 3311 p.
1303 3267 1381 3301 353.
