2241 3473
290 128 366 167 182

240 205 407 242 tentiam
436 205 483 242 de
512 203 760 242 Eucharistia
779 203 879 240 nude
900 205 1176 251 exposuerunt,

241 259 309 296 sed
331 259 448 296 etiam
465 257 714 294 lutheranam
732 259 771 294 et
784 259 1028 304 argumenta,
1045 267 1113 304 pro
1129 268 1176 293 ea

241 311 388 348 adferri
419 311 560 356 solita,
591 310 732 347 diserte
762 310 997 346 reiecerunt.
1018 309 1175 346 Elector

241 365 457 402 Saxonicus
481 375 528 400 ea
554 375 595 399 re
616 362 805 407 offensus,
827 375 959 400 omnes
978 362 1173 399 wirtem-

242 418 448 465 bergenses
477 418 514 453 et
534 416 753 465 Lipsienses
779 416 1000 465 theologiae
1019 416 1173 464 profes-

238 482 343 507 sores
363 470 486 518 primo
507 470 655 506 carceri
674 469 836 507 tradidit
850 500 858 514 ,
879 470 1016 507 deinde
1036 481 1170 506 mune-

237 524 344 560 ribus
374 523 453 560 suis
483 523 653 571 privatos
688 524 903 572 relegavit3
924 523 1019 560 alios
1053 523 1169 560 etiam

234 576 470 625 professores
499 577 552 613 eis
581 577 864 614 consentientes
898 577 1077 625 deposuit
1105 588 1170 614 eo-

232 641 396 677 rumque
419 631 602 678 patronos
631 642 680 667 ex
701 630 792 668 aula
811 630 936 668 eiecit.
959 631 1011 668 Iis
1031 632 1169 667 extur-

233 683 333 720 batis
355 683 512 729 elector,
533 684 863 721 consentientibus
884 683 1049 721 caeteris
1068 683 1169 732 prin-

233 736 384 784 cipibus
411 736 643 783 lutheranis,
673 738 878 787 theologos
897 737 1111 775 Saxonicos
1132 738 1172 774 et

229 795 436 827 extraneos
457 802 516 827 an.
541 791 641 828 1576
662 791 893 828 convocavit
913 791 1168 840 Torgavium,

227 845 269 879 ut
299 855 432 881 omnes
453 844 665 891 doctrinae,
685 845 874 882 hactenus
894 845 996 881 inter
1014 845 1168 882 Luthe-

225 907 341 934 ranos
360 900 655 944 controversae,
675 900 722 935 ad
744 901 913 936 mentem
928 898 1091 935 Lutheri
1107 898 1169 935 de-

225 949 448 987 finirentur.
475 951 537 989 Illi
566 951 708 989 librum
728 952 965 989 Concordiae
986 951 1166 989 confece-

224 1006 328 1049 runt,
346 1006 482 1042 contra
501 1017 613 1053 quem
634 1008 767 1042 tamen
789 1006 899 1054 plura
919 1006 966 1042 ob
986 1005 1072 1042 aliis
1095 1006 1165 1043 ob-

225 1057 326 1094 iecta
353 1061 456 1095 sunt.
488 1059 734 1108 Quapropter
772 1072 872 1096 anno
912 1059 1087 1107 sequenti
1126 1059 1164 1096 in

227 1114 422 1148 conventu
444 1112 631 1161 Bergensi
651 1125 769 1162 prope
791 1113 1106 1161 Magdeburgum
1127 1112 1167 1149 i-

225 1164 311 1201 dem
335 1165 431 1202 liber
451 1165 490 1202 in
512 1166 709 1204 nonnullis
729 1167 907 1204 articulis
931 1167 1163 1204 emendatus

223 1220 263 1255 et
283 1218 330 1255 ad
352 1231 492 1262 novam
513 1219 677 1257 formam
699 1221 881 1258 redactus
901 1220 986 1257 fuit.

275 1272 410 1310 Novus
426 1273 487 1309 hic
503 1273 603 1310 liber
619 1274 855 1323 symbolicus
871 1275 1074 1322 susceptus
1090 1273 1165 1310 fuit

223 1325 270 1362 ab
299 1327 476 1363 omnibus
505 1327 730 1365 civitatibus
759 1327 971 1365 lutheranis
1000 1327 1039 1364 in
1073 1327 1164 1364 Ger-

222 1379 369 1423 mania,
400 1381 572 1428 exceptis
602 1381 756 1427 Hassia,
785 1381 973 1426 Holsatia,
995 1381 1163 1418 Anhalto

223 1437 262 1470 et
282 1432 458 1482 pluribus
479 1435 637 1472 urbibus
652 1434 798 1473 liberis.
815 1436 857 1472 ln
873 1435 989 1471 terris
1008 1435 1162 1472 Bruns-

223 1488 442 1524 vicensibus
470 1491 509 1524 et
536 1488 866 1538 Brandeburgicis
905 1500 1008 1525 nunc
1041 1500 1165 1525 susee-

221 1543 311 1589 ptus
327 1570 336 1585 ,
353 1541 599 1589 postmodum
621 1543 762 1579 iterum
783 1543 953 1580 reiectus
974 1541 1057 1579 fuit.
1080 1543 1162 1579 Ex-

220 1602 282 1631 tra
297 1595 562 1642 Germaniam,
575 1596 803 1633 nominatim
822 1596 861 1632 in
876 1595 1002 1632 Dania
1017 1598 1057 1633 et
1072 1595 1163 1632 Sue-

220 1649 302 1694 cia,
331 1660 527 1696 nunquam
559 1652 783 1698 acceptatus
811 1653 881 1687 est.
910 1650 963 1686 At
992 1661 1067 1686 non
1091 1649 1161 1686 ob-

220 1704 348 1740 stante
377 1704 590 1740 severitate
619 1703 788 1752 Augusti
819 1702 1010 1749 electoris,
1030 1702 1161 1740 fauto-

221 1768 282 1793 res
311 1756 527 1794 sententiae
557 1756 800 1794 calvinianae
829 1757 867 1794 in
889 1756 1060 1794 Saxonia
1079 1768 1163 1793 ma-

220 1821 296 1858 gno
326 1822 484 1848 numero
504 1811 723 1859 augebant,
752 1815 792 1848 et
819 1813 906 1859 post
923 1813 1090 1848 mortem
1111 1810 1162 1847 il-

221 1864 295 1901 lius
316 1863 452 1912 (1586)
473 1865 545 1901 sub
566 1864 782 1902 Christiano
803 1865 819 1901 Ι
840 1876 1002 1902 munera
1018 1863 1161 1912 praeci-

222 1929 297 1965 pua
326 1920 406 1954 tam
429 1918 691 1956 ecclesiastica
711 1930 826 1966 quam
849 1917 1073 1956 academica
1093 1929 1161 1955 oc·-

224 1973 430 2019 rnparunt.
465 1972 541 2009 Sed
575 1972 644 2009 sub
679 1971 899 2009 Christiano
933 1972 981 2017 ΙΙ,
1013 1972 1077 2019 qui
1099 1983 1160 2009 an.

224 2024 321 2061 152³}
345 2025 556 2062 electoratu
579 2025 725 2074 potitus
745 2029 817 2071 est,
838 2026 976 2062 deiecti
998 2028 1100 2071 sunt,
1122 2028 1162 2062 et

223 2078 401 2114 omnihus
430 2090 592 2116 munere
623 2079 775 2128 publico
805 2079 1080 2127 fungentibus,
1110 2078 1160 2114 li-

220 2131 289 2167 ber
317 2131 553 2170 Concordiae
582 2133 654 2170 sub
683 2133 935 2170 iureiurando
965 2132 1160 2182 praescri-

218 2190 308 2233 ptus
331 2184 354 2222 ¹.

278 2237 365 2275 Non
395 2239 519 2276 maior
547 2239 650 2276 inter
670 2239 904 2278 Calvinistas
923 2252 1040 2289 quam
1061 2241 1162 2279 inter

223 2291 470 2330 Lulheranos
483 2294 635 2330 exstitit
655 2294 871 2332 concordia.
889 2294 993 2331 Idem
1016 2295 1160 2342 princi-

224 2346 325 2393 pium
358 2348 403 2384 ‹le
433 2360 462 2384 s.
483 2347 706 2396 Scriptura,
734 2347 943 2386 traditione
973 2351 1012 2385 et
1033 2352 1162 2386 aucto-

222 2399 339 2437 ritate
371 2400 565 2437 Ecclesiae
594 2400 759 2446 reiectis,
787 2413 835 2438 ex
857 2413 898 2438 se
918 2402 999 2439 sola
1019 2413 1043 2438 a
1063 2415 1160 2451 quo-

222 2453 282 2490 vis
302 2453 608 2503 interpretanda,
628 2455 728 2502 apud
750 2454 836 2492 illos
851 2456 1060 2493 continuas
1076 2468 1161 2493 con-

219 2508 429 2545 troversias
460 2508 666 2556 pluresque
696 2508 767 2545 sibi
796 2508 963 2545 invicem
985 2508 1161 2547 infensas

219 2559 409 2598 factiones
429 2561 631 2598 excitavit.
653 2561 893 2599 Celebriores
914 2562 1015 2600 inter
1035 2566 1159 2601 sectas

219 2615 459 2652 calvinianas
480 2618 570 2652 sunt
591 2615 665 2651 hae
681 2617 868 2663 quatuor:
888 2614 931 2652 la
947 2616 1157 2664 rigidorum

220 2666 537 2714 Calvinistarum,
557 2668 621 2717 qui
643 2669 991 2717 pseudo-magistri
1014 2669 1072 2706 sui
1094 2671 1159 2707 do-

223 2721 371 2758 ctrinae
391 2723 525 2759 stricte
545 2722 825 2768 inhaerebant,
846 2723 978 2771 quales
1000 2723 1158 2761 fuerunt

220 2774 417 2820 llugsonoti
439 2775 475 2812 in
499 2775 641 2821 Gallia,
665 2776 883 2813 Reformati
905 2777 942 2813 in
961 2776 1156 2823 Helvetia,

217 2827 397 2865 Pnritani
428 2829 465 2865 in
495 2829 638 2874 Anulia
666 2832 706 2866 et
733 2830 881 2876 Scotia3
901 2829 947 2866 2³
966 2830 1156 2875 Anglica-

215 2893 366 2926 norum,
390 2882 452 2930 qni
474 2883 521 2918 ab
542 2883 621 2920 illis
641 2886 722 2919 tum
746 2883 781 2919 in
807 2883 1003 2920 nonnullis
1019 2884 1156 2921 doctri-

214 2946 284 2972 nac
305 2935 482 2972 articulis
502 2938 582 2972 tum
607 2936 643 2972 in
667 2936 887 2974 hierarchia
907 2939 947 2974 ct
962 2949 1155 2974 caeremo-

214 2989 287 3025 niis
316 2989 567 3031 ‹lilliu'ebantz
596 2990 643 3026 3²²
674 2990 1030 3028 l’iscatorianorum
1049 3019 1058 3036 ,
1088 2991 1151 3038 qui

213 3048 368 3080 auctore
389 3043 532 3080 Ioanne
556 3043 754 3080 piscatore
774 3045 871 3081 alias
889 3044 1060 3091 Fischer,
1074 3046 1151 3082 Ar-

853 137 1011 164 EPOCHA
1038 137 1095 163 XI.
1124 137 1176 163 AB

252 3138 260 3158 ¹
281 3139 420 3174 nussum,
436 3136 577 3169 Histoire
600 3135 651 3166 das·
675 3136 850 3167 rarialinnx
866 3137 918 3167 des
935 3123 1053 3178 li'ylixes
1074 3147 1154 3179 pro-

212 3182 376 3250 {es-lsinlmlej
402 3179 583 3219 llospinian.
601 3178 644 3208 lm
669 3178 796 3218 oriyine
818 3181 848 3209 el
878 3188 1057 3220 prnyrasxu
1081 3180 1155 3211 labri

213 3221 345 3253 numer(
361 3231 416 3252 uw.

1207 135 1344 163 INITIIS
1373 136 1549 163 LVTHERI

1217 201 1458 250 gentinensi,
1494 201 1538 245 in,
1553 201 1732 239 doctrina
1751 202 1797 239 de
1816 202 1966 240 iustitia
1985 202 2130 241 Christi
2146 232 2158 250 ‚

1219 255 1265 291 de
1295 254 1586 300 satisfactione,
1614 255 1991 303 praedestinatione,
2020 257 2159 305 poeni-

1216 308 1340 344 tentia
1370 310 1409 344 et
1436 307 1482 344 de
1511 319 1632 344 coena
1661 308 1758 345 adeo
1778 309 1827 345 ab
1846 309 1932 346 aliis
1951 310 2157 358 dissentie-

1216 362 1322 406 bant,
1347 362 1388 397 ut
1409 361 1457 397 ab
1478 360 1536 397 his
1557 361 1657 397 inter
1676 361 1893 400 haereticos
1919 374 2160 401 recenseren-

1215 417 1300 461 tur3
1319 412 1365 450 4²²
1381 414 1701 451 Arminianorum
1716 414 1756 450 in
1773 415 1993 463 Hollandia,
2010 417 2073 465 qui
2090 428 2158 453 au-

1214 471 1321 505 ctore
1349 467 1490 505 Iacobo
1525 467 1726 511 Arminio,
1756 468 1974 518 theologiae
2005 470 2154 518 profes-

1213 533 1313 567 sore,
1333 533 1356 558 a
1377 521 1529 558 Calvini
1553 521 1759 558 sententiis
1779 522 1825 558 de
1844 521 1966 560 libero
1981 523 2157 570 arbitrio,

1213 574 1568 623 praedestinatione
1599 576 1638 611 et
1666 575 1936 623 reprobatione
1963 577 2155 615 discesse-

1212 630 1316 672 runt,
1338 630 1380 665 ut
1399 627 1502 666 infra
1522 628 1751 665 videbimus.

1265 682 1477 718 Praeterea
1505 682 1544 718 in
1574 681 1668 729 ipsis
1696 681 1756 719 his
1784 681 1900 719 sectis
1919 684 2155 727 controver÷

1211 734 1290 772 siae
1320 735 1450 783 plures
1480 736 1519 772 et
1538 733 1729 772 factiones
1749 735 1927 773 diversae
1948 748 2157 786 progressu

1210 789 1398 836 temporis
1425 791 1585 826 exortae
1614 790 1722 835 sunt,
1743 792 1785 826 ut
1804 800 1854 826 ex
1874 801 2011 827 earum
2032 802 2154 839 syno-

1211 842 1290 888 dis,
1324 842 1614 879 Sandomirensi
1658 853 1722 881 an.
1760 842 1873 889 1570,
1910 843 2157 883 Cracoviensi

1210 907 1272 932 an.
1304 896 1406 934 1573
1433 898 1473 932 et
1502 895 1788 934 Petricoviensi
1808 907 1869 934 an.
1893 897 1994 935 1578
2013 897 2053 934 in
2075 899 2156 936 Po-

1210 948 1328 995 lonia,
1349 948 1582 998 Rupellensi
1603 961 1703 987 anno
1722 949 1820 987 1571
1843 952 1882 987 et
1896 949 2155 990 Nemausensi

1211 1014 1314 1040 anno
1343 1003 1520 1051 sequenti
1541 1003 1579 1040 in
1601 1003 1741 1048 Gallia,
1763 1003 1930 1052 aliisque
1950 1007 2072 1053 patet.
2093 1005 2155 1043 In,-

1210 1057 1256 1093 de
1287 1057 1406 1093 etiam
1428 1056 1737 1094 Calvinistarum
1768 1056 1825 1094 uti
1846 1060 1886 1094 et
1905 1057 2157 1103 Lutherano-

1209 1121 1296 1147 rum
1315 1112 1374 1147 tot
1394 1109 1485 1147 libri
1506 1110 1724 1160 symbolici,
1745 1111 1901 1158 quibus,
1919 1111 2072 1149 etiamsi
2089 1112 2157 1150 hu-

1208 1175 1323 1200 mana
1343 1164 1581 1201 auctoritate
1593 1164 1830 1213 compositis,
1847 1176 1887 1202 se
1903 1164 2155 1203 iureiurath

1207 1217 1454 1266 obstringere
1485 1218 1691 1261 debebant.
1721 1217 1786 1255 Sic
1815 1219 2023 1256 novatores
2042 1231 2153 1257 suam

1207 1270 1298 1308 fidei
1319 1271 1556 1317 libertatem,
1578 1283 1694 1320 quam
1716 1272 1921 1321 tantopere
1939 1272 2155 1319 iactabant,

1207 1324 1321 1373 longe
1337 1323 1439 1361 infra
1459 1324 1708 1370 catholicam,
1724 1336 1800 1361 non
1822 1325 1891 1363 nisi
1912 1326 2070 1364 divinae
2083 1337 2154 1364 au-

1207 1378 1381 1415 ctoritati
1414 1379 1622 1423 subditam,
1644 1379 1911 1427 deprimebant
1927 1379 1953 1418 ¹.

1257 1432 1320 1470 55.
1341 1432 1572 1480 Relzssqiomvs
1594 1437 1728 1469 status
1748 1433 1793 1469 in
1814 1432 2005 1478 Polom'a,
2024 1434 2152 1471 Hun-

1201 1488 1341 1533 (saria,
1375 1485 1703 1535 Tramylvam'a,
1733 1491 1770 1523 et
1790 1486 2055 1530 Suecz'a—-In
2076 1488 2151 1525 Po-

1204 1539 1308 1576 lonia
1329 1539 1462 1586 primis
1495 1539 1607 1576 annis
1627 1539 1865 1587 Sigismundi
1883 1540 1988 1590 regis
2007 1541 2043 1578 II
2057 1571 2067 1588 ,
2086 1541 2154 1590 qui

1205 1604 1306 1629 anno
1326 1592 1426 1630 1548
1446 1603 1612 1642 regnare
1642 1593 1786 1641 coepit,
1808 1605 1932 1631 novae
1951 1594 2154 1632 doetrinae

1205 1645 1397 1683 latissima
1427 1645 1671 1684 incrementa
1700 1649 1900 1696 ceperunt.
1927 1648 2020 1686 Illas
2039 1648 2155 1686 multi

1207 1699 1335 1745 aulici,
1353 1702 1569 1746 senatores,
1585 1711 1765 1749 proceres
1781 1699 1925 1750 aliique
1939 1701 2060 1740 libere
2070 1713 2154 1750 pro·

1206 1754 1433 1791 fitebantur.
1458 1754 1646 1795 Quamvis
1665 1753 1777 1792 nulla
1795 1754 1880 1803 lege
1901 1756 2154 1794 novatoribus

1208 1806 1410 1855 religionis
1441 1808 1598 1845 libertas
1620 1810 1723 1846 esset
1743 1819 1941 1856 concessa,
1959 1811 2092 1847 tamen
2113 1811 2155 1846 et

1209 1860 1429 1898 Lutherani
1449 1865 1487 1898 et
1506 1861 1746 1899 Calvinistae
1762 1864 1802 1899 et
1816 1862 2097 1901 Antitrinitarii
2115 1863 2154 1900 et

1210 1915 1397 1952 Hussitae
1428 1927 1499 1952 seu
1528 1915 1692 1954 Bohemi
1712 1915 1792 1953 illic
1811 1928 1948 1954 secure
1967 1917 2152 1966 agebant,

1211 1971 1343 2005 coetus
1381 1968 1663 2015 instituebant,
1692 1970 1860 2018 synodos
1889 1970 2153 2008 celebrabant.

1210 2022 1311 2063 Quin
1341 2022 1418 2059 imo
1447 2034 1516 2060 rex
1548 2023 1709 2060 urbibus
1738 2023 1933 2069 Borussis,
1952 2024 2151 2070 Dantisoe,

1207 2076 1409 2113 Thorunio
1430 2081 1470 2113 et
1493 2076 1683 2125 Elbingae
1704 2076 1905 2125 religionis
1924 2077 2150 2115 libertatem

1204 2141 1274 2167 sua
1291 2130 1528 2167 auctoritate
1544 2142 1605 2167 an.
1626 2130 1726 2167 1557
1743 2131 1944 2169 concessit.
1959 2132 2032 2171 An.
2050 2130 2151 2169 1563

1204 2183 1299 2220 Pius
1320 2184 1390 2231 Pp.
1415 2183 1469 2220 IV
1491 2184 1529 2220 in
1551 2183 1753 2220 Poloniam
1770 2183 1920 2232 legavit
1938 2184 1965 2222 Ι.
1981 2184 2025 2222 F.
2043 2183 2152 2221 Com-

1204 2237 1469 2281 mendonium,
1489 2236 1715 2286 episcopum
1737 2237 2061 2286 Zacyntloensem,
2084 2237 2150 2286 qui

1203 2302 1274 2328 sua
1303 2291 1510 2338 prudentia
1538 2294 1576 2328 et
1605 2290 1829 2339 eloquentia
1849 2292 1904 2328 rei
1933 2290 2150 2329 catholicae

1205 2345 1308 2380 inter
1329 2344 1496 2382 Polonos
1518 2344 1728 2393 plurimum
1751 2343 1912 2393 profuit,
1933 2348 1974 2382 et
1992 2345 2098 2382 inter
2114 2357 2153 2382 a·

1203 2398 1254 2435 lia
1275 2397 1416 2444 effecit,
1431 2399 1485 2444 ut,
1503 2398 1682 2446 quamvis
1697 2398 2016 2448 archiepiscopus
2031 2398 2150 2436 Gnes-

1206 2451 1336 2489 nensis
1365 2451 1595 2500 Uchansky,
1616 2452 1930 2500 patriarchatum
1961 2451 2150 2490 ecclesiae

1206 2505 1414 2542 I'olonicae
1442 2505 1661 2550 intendens,
1684 2505 1926 2544 novitatibus
1955 2505 2056 2544 clam
2086 2504 2152 2547 fa—

1205 2561 1332 2604 veret,
1353 2558 1521 2596 Ordines
1549 2559 1708 2596 decreta
1739 2558 1903 2597 Concilii
1932 2559 2150 2598 Tridentini

1204 2615 1462 2661 acceptarent.
1486 2613 1628 2650 Postea
1645 2613 1800 2661 quidem
1822 2613 2036 2651 haereseon
2055 2624 2149 2662 pro-

1204 2666 1423 2712 gressiones
1444 2667 1660 2714 reprimere
1680 2666 1854 2704 tentavit
1872 2665 2147 2716 Sigismundus

1204 2719 1252 2765 II,
1281 2720 1347 2757 sed
1369 2720 1506 2766 serius,
1529 2720 1618 2757 illae
1639 2719 1718 2758 iam
1739 2719 1852 2758 nimis
1872 2723 1988 2758 erant
2006 2732 2148 2770 propa-

1201 2776 1315 2821 gatae
1337 2772 1363 2811 2.
2071 2794 2074 2800 ·

1253 2828 1297 2865 In
1329 2827 1534 2876 Hungaria
1564 2827 1635 2865 sub
1664 2825 1912 2864 Ferdinando
1940 2837 2034 2874 rege
2063 2826 2079 2864 Ι
2108 2826 2147 2864 in

1202 2881 1376 2928 pluribus
1397 2881 1580 2927 comitiis,
1601 2882 1678 2918 iam
1701 2881 1790 2918 inde
1812 2881 1861 2918 ab
1883 2891 1946 2917 an.
1971 2880 2072 2918 1548
2092 2891 2151 2918 ce-

1199 2934 1371 2979 lebratis,
1392 2935 1550 2972 decreta
1571 2935 1686 2984 plura
1707 2936 1843 2971 contra
1868 2933 2062 2972 novitates
2081 2943 2148 2971 re-

1199 2988 1356 3036 ligiosas
1378 2988 1533 3027 condita
1554 2991 1646 3026 sunt
1665 3017 1674 3033 ,
1695 2987 1833 3035 quihus
1852 2989 1987 3026 tamen
2008 2998 2147 3025 earum

1199 3054 1426 3090 progressus
1456 3055 1531 3079 non
1562 3041 1724 3079 cohibiti
1754 3040 1924 3079 fuerunt.
1953 3040 2033 3078 Sub
2054 3040 2146 3078 Ma-

1198 3095 1397 3133 ximiliano
1427 3108 1544 3145 rege,
1573 3095 1640 3144 qui
1669 3107 1769 3133 anno
1805 3094 1904 3133 1564
1938 3093 2041 3144 patri
2075 3105 2146 3131 Suo

1242 3223 1248 3244 ¹
1269 3224 1304 3255 αι’
1319 3224 1455 3259 nossuct,
1476 3223 1530 3264 Op.
1547 3222 1601 3254 cit.
1617 3239 1654 3246 —
1670 3222 1685 3244 ⁴2
1701 3222 1856 3264 spondan.
1874 3220 1990 3254 Annal.
2007 3220 2081 3254 eccl.
2097 3208 2099 3211 ¹
