2241 3473
614 188 740 220 VSQVE
767 190 820 217 AD
849 189 999 219 OBITVM
1025 191 1056 220 S.
1086 193 1250 223 IOANNIS
1278 195 1465 224 APOSTOLI

71 253 226 297 rerent,
245 251 357 301 quasi
383 251 459 289 iam
481 252 681 302 proximus
701 254 802 291 esset
821 254 955 291 mundi
975 254 1022 291 fi-

71 304 152 351 nis;
175 305 322 343 Paulus
352 317 454 343 anno
475 309 663 355 sequente
692 318 739 344 ex
761 306 898 343 eadem
929 308 1024 345 urbe

71 357 238 396 alteram
269 359 317 396 ad
340 358 426 396 illos
443 359 597 409 scripsit
616 358 840 409 epistolam,
863 371 939 408 qua
958 373 1022 398 eos

69 412 205 458 docet,
235 411 337 448 diem
368 412 497 449 iudicii
530 413 697 450 nondum
727 412 894 458 instarc3
914 413 1021 462 prius

69 468 283 503 venturum
303 466 591 511 antichristum,
612 465 720 502 cuius
737 465 930 514 improbos
946 477 1021 503 mo-

68 529 130 556 res
149 518 348 565 describit;
368 522 587 567 monetque,
601 522 642 556 ut
658 517 731 555 sibi
750 529 773 554 a
795 518 938 565 pseudo
958 519 1021 556 do-

67 571 240 609 ctoribus
264 575 445 618 caveant,
461 576 500 610 et
515 573 675 609 teneant
691 570 920 609 traditiones
935 572 1017 609 sive

65 636 134 675 per
150 636 370 662 sermonem
387 626 469 663 sive
484 635 553 673 per
574 623 777 672 epistolam
794 627 973 673 acceptas
990 624 1015 663 ¹.

120 679 233 716 Anno
254 679 409 716 circiter
428 679 480 716 55
495 677 638 726 Ephesi
660 689 792 726 agens,
812 689 929 725 quum
951 689 1016 715 au-

66 731 242 778 divisset,
259 732 445 780 quosdam
467 730 705 768 iudaizantes
725 730 901 768 doctores
921 732 1015 768 sub-

66 785 232 823 intrasse
260 785 457 822 ecclesiam
485 783 676 830 Galatiae,
705 783 918 821 suadentes
943 784 1016 822 Ga-

62 837 154 876 latis
173 837 444 875 necessitatem
478 836 667 886 legalium
686 835 946 874 Mosaieorum
974 840 1014 875 et

63 890 332 940 Apostolatum
354 901 468 927 suum
488 890 774 939 impugnantes,
794 890 951 938 scripsit
979 903 1014 928 e-

62 943 243 993 pistolam
265 943 313 980 ad
341 943 514 990 Galatas,
534 943 571 980 in
591 955 670 992 qua
699 943 936 991 apostolatus
956 943 1013 981 sui

61 995 342 1035 auctoritatem
377 996 570 1043 vindicat3
600 996 832 1034 Galatarum
859 996 899 1033 in
918 997 1014 1034 Fide

60 1049 351 1088 cunctationem
367 1050 611 1099 perstringit;
639 1048 1012 1098 pseudo-doctorum

58 1114 214 1142 errores
231 1102 399 1150 refellit3
417 1103 670 1152 pluribusque
691 1103 848 1141 disserit
867 1103 913 1141 de
929 1115 1013 1153 ope-

61 1157 169 1195 ribus
189 1156 319 1194 carnis
339 1159 378 1194 et
399 1155 592 1194 fructibus
613 1156 785 1205 spiritus.

111 1210 171 1248 Ex
193 1209 330 1247 eadem
353 1210 448 1247 urbe
468 1209 671 1258 epistolam
692 1209 846 1259 scripsit
865 1209 913 1246 ad
934 1209 1010 1247 Co-

57 1263 221 1302 rinthios
236 1292 246 1309 ,
278 1274 366 1300 cum
398 1263 640 1309 audivisset,
668 1262 875 1300 nonnullas
908 1263 1010 1301 inter

57 1329 123 1355 eos
142 1319 250 1354 ortas
281 1328 366 1354 esse
399 1316 628 1362 divisiones,
648 1317 838 1364 quosdam
866 1316 1009 1354 ducere

58 1370 182 1408 vitam
206 1369 417 1407 christiano
437 1370 591 1407 nomine
611 1369 826 1419 indignam,
848 1369 946 1407 alios
965 1370 1006 1407 li-

57 1424 161 1462 tibus
182 1434 267 1461 esse
287 1423 461 1470 deditos,
492 1427 532 1461 et
558 1423 598 1460 in
628 1422 733 1471 ipsas
762 1434 908 1472 agapas
938 1434 1005 1460 seu

58 1478 122 1527 pia
141 1476 335 1523 convivia,
356 1488 456 1526 quae
475 1476 592 1526 primi
612 1475 825 1523 christiani,
845 1477 937 1514 dum
957 1478 1005 1514 ad

57 1542 107 1569 ss.
133 1529 423 1568 Eucharistiam
452 1530 681 1568 sumendam
710 1529 1007 1577 conveniebant,

57 1584 104 1622 ad
126 1587 307 1622 mutuam
335 1583 567 1621 charitatem
595 1582 804 1620 fovendam
822 1583 1006 1621 institue—

56 1637 375 1687 bant,irrepsisse
393 1637 550 1675 abusus.
563 1637 621 1674 Ea
631 1636 951 1685 malaApostolus
965 1637 1006 1674 in

57 1702 127 1728 sua
142 1690 317 1739 Epistola
345 1690 521 1738 corrigit3
542 1689 763 1728 Corinthios
791 1690 840 1727 ad
863 1689 1005 1727 melio-

58 1755 140 1781 rem
160 1743 282 1781 vitam
314 1743 532 1791 compellit3
565 1742 834 1780 incestuosum
869 1743 1003 1780 Corin-

57 1796 203 1842 thium,
236 1797 359 1834 donec
391 1796 620 1845 resipiscat,
646 1796 769 1834 tradit
798 1797 960 1834 satanae
978 1794 1004 1844 ²,

55 1849 244 1898 pluraque
264 1852 377 1887 docet
396 1849 442 1887 de
462 1852 566 1887 statu
588 1849 865 1887 matrimoniali
888 1853 927 1887 et-
942 1861 1006 1886 ex-

55 1902 236 1940 cellentia
259 1902 511 1952 virginitatis,
527 1902 574 1940 de
595 1914 644 1940 ss.
662 1903 934 1941 Eucharistiae
951 1902 1004 1939 in-

53 1956 270 2002 stitutione,
289 1959 329 1994 et
347 1955 492 1993 scelere
521 1967 566 1993 ac
586 1967 711 2004 poena
739 1967 826 1993 eam
846 1955 1002 2004 indigne

52 2009 252 2055 sumentis,
273 2009 319 2047 de
340 2009 497 2046 delectu
518 2009 705 2055 ciborum,
727 2009 774 2046 de
795 2009 905 2047 donis
920 2009 1005 2058 Spi-

52 2062 150 2100 ritus
171 2063 223 2109 S„
249 2063 297 2100 de
317 2062 550 2100 excellentia
570 2062 774 2100 charitatis
787 2092 796 2110 ,
824 2062 1000 2110 aliisque.

52 2115 178 2158 Quum
207 2116 324 2166 paulo
353 2118 440 2166 post
467 2115 506 2153 in
526 2115 760 2153 Macedonia
789 2115 1002 2165 accepisset

51 2181 122 2218 per
137 2169 353 2207 adventum
378 2168 472 2215 Titi,
492 2168 669 2217 discipuli
689 2169 762 2216 sui,
783 2168 1003 2207 Corinthios

51 2223 99 2260 ad
120 2223 317 2260 meliorem
338 2225 510 2260 mentem
531 2234 735 2269 reversos,
757 2222 922 2260 alteram
950 2223 1000 2260 ad

51 2287 116 2314 eos
137 2276 244 2314 dedit
271 2275 496 2325 epistolam,
525 2275 565 2313 in
594 2287 670 2324 qua
688 2275 735 2313 iis
755 2276 998 2324 gratulatur,

50 2329 153 2377 quod
173 2329 286 2367 dictis
305 2341 371 2379 per
386 2330 554 2378 priorem
573 2328 777 2378 epistolam
797 2329 999 2367 audientes

49 2382 213 2430 fuerint3
242 2382 530 2432 resipiscentem
560 2382 822 2420 incestuosum
842 2383 880 2419 in
902 2394 998 2432 gra—

49 2435 144 2473 tiam
164 2435 314 2485 recipit,
338 2439 378 2473 et
405 2435 640 2473 auctoritate
667 2435 812 2473 Christi
838 2435 873 2474 ei
901 2436 998 2474 reli-

49 2500 165 2538 quum
186 2489 447 2538 poenitentiae
466 2489 654 2538 indulget.

107 2542 257 2580 Deinde
276 2542 486 2592 Apostolus
506 2542 588 2591 ipse
605 2541 833 2580 Corinthum
854 2542 1000 2591 profec-

51 2597 116 2633 tus
136 2597 207 2634 est.
229 2596 291 2633 Ex
319 2596 392 2633 hae
412 2596 505 2633 urbe
526 2607 625 2633 anno
646 2595 697 2633 57
717 2598 786 2633 aut
811 2600 997 2645 sequente

52 2648 257 2697 epistolam
277 2648 431 2698 scripsit
457 2649 506 2686 ad
529 2648 745 2687 Ecclesiam
765 2649 995 2688 Romanam.

48 2702 203 2740 Etenim
233 2702 272 2739 in
293 2712 339 2739 ea
371 2702 638 2740 contentiones
664 2704 779 2740 erant
802 2702 906 2740 inter
925 2703 995 2740 Iu-

48 2755 164 2793 daeos
185 2757 225 2792 et
248 2755 447 2792 Romanos
467 2766 672 2793 conversos
691 2755 927 2804 praesertim
947 2757 994 2794 de

47 2808 253 2846 vocatione
273 2808 322 2846 ad
342 2807 478 2845 Fidem
498 2820 565 2846 seu
587 2808 790 2858 Evangelii
810 2809 994 2858 gratiam.

49 2861 238 2900 Nonnulli
258 2862 379 2899 etiam
390 2860 701 2909 obloquebantur
715 2862 996 2911 apostoloPau·

47 2914 99 2962 lo,
115 2915 217 2964 quod
237 2914 529 2953 incircumcisos
544 2916 584 2952 et
598 2926 622 2953 a
635 2915 806 2953 vinculis
816 2915 863 2955 V.
880 2916 996 2966 Legis

89 3018 100 3040 ¹
119 3019 193 3050 Hinc
209 3018 355 3050 observat
367 3027 434 3049 cum
450 3017 519 3048 aliis
532 3026 556 3048 s.
569 3018 651 3050 loan.
664 3019 901 3059 Chrysostomus
913 3019 993 3059 (Ho-

50 3060 122 3092 mil.
145 3061 180 3092 lv
203 3061 243 3091 in
265 3060 291 3091 II
315 3060 362 3091 ad
381 3059 604 3098 Thessalon.),
626 3060 788 3098 Apostolos
811 3061 907 3092 multa
929 3065 995 3092 tra-

50 3102 164 3133 didisse
180 3102 246 3149 sjne
265 3102 389 3141 litteris,
407 3111 485 3142 quac
501 3101 609 3132 eadem
625 3101 682 3132 fide
699 3101 795 3142 digna
810 3105 880 3134 sunt
896 3111 932 3134 ac
948 3112 994 3142 ea,

48 3146 484 3223 qugeldsecgpggggiiiinunicat,
500 3187 532 3215 ut
549 3192 608 3215 uno
625 3193 779 3215 consensu
795 3185 997 3225 interpretan-

47 3229 96 3256 tur
109 3226 225 3256 Patres.
240 3226 403 3257 Tradicis
415 3232 574 3263 satanae,
587 3226 680 3257 idest
691 3231 796 3257 extra
807 3226 998 3258 Ecclesiam

51 3266 223 3309 proiectis,
239 3268 337 3308 inquit
352 3268 558 3300 Tertullianus
575 3269 616 3308 (L.
630 3268 670 3299 dc
683 3267 881 3308 Pudicitia,
896 3278 924 3302 c.
938 3268 998 3310 13).

1902 190 1950 230 19

1066 257 1206 297 liberos
1227 260 1274 297 ad
1294 260 1630 310 participationem
1659 263 1934 312 mysteriorum
1952 264 2002 303 N·

1065 311 1180 361 Legis
1199 314 1431 352 admitteret.
1453 314 1698 365 Quapropter
1717 317 1862 355 Paulus
1888 318 2003 357 huius

1065 367 1323 405 contentionis
1355 368 1590 418 disceptator
1625 369 1893 408 interveniens
1909 400 1919 417 ,
1953 372 2002 410 ad

1065 419 1261 457 Romanos
1293 421 1494 470 epistolam
1528 422 1701 471 scripsit,
1731 434 1809 472 qua
1841 425 1978 473 probat
1992 455 2002 472 ,

1063 474 1243 509 neutram
1282 476 1432 522 partem
1470 475 1658 514 adversus
1691 476 1856 514 alteram
1891 489 2002 526 posse

1061 526 1279 574 superbire;
1301 527 1542 566 vocationem
1568 530 1616 567 ad
1635 529 1768 568 Fidem
1798 533 1838 568 et
1857 529 2001 568 iustifi-

1061 578 1253 616 cationem
1275 591 1356 617 esse
1377 581 1592 628 gratuitam
1619 585 1659 620 et
1678 595 1754 620 non
1773 583 2003 632 praeceden-

1060 631 1162 669 tibus
1196 631 1291 681 legis
1321 633 1469 671 meritis
1504 635 1684 674 debitam.
1714 637 1905 675 Retundit
1932 637 2002 675 Iu-

1059 684 1187 731 daeos,
1203 685 1302 734 quod
1318 686 1543 734 Mosaicam,
1559 692 1598 726 et
1617 689 1795 738 gentiles,
1822 690 1924 739 quod
1940 702 2002 728 na-

1059 737 1227 775 turalem
1248 738 1375 788 legem
1397 739 1643 780 violaverint.
1661 743 1804 782 Omnes
1823 744 2002 782 hortatur

1058 790 1105 828 ad
1127 803 1261 839 pacem
1283 795 1322 830 et
1341 793 1599 841 concordiam,
1615 795 1801 846 pluraque
1821 797 1934 835 docet
1951 797 2000 835 ad

1057 843 1322 883 informandos
1343 845 1402 895 pie
1421 858 1560 885 mores.

1108 898 1171 936 37.
1189 899 1452 949 Martyrium
1471 905 1511 938 et
1528 902 1698 950 epistola
1713 914 1742 940 s.
1762 903 1902 941 Iacobz'
1918 905 2000 941 mi-

1056 953 1170 988 noris
1203 950 1289 1002 (an.
1324 951 1456 1002 61)—
1473 953 1590 992 Festo
1622 955 1792 994 Iudaeae
1825 957 2000 1006 praeside

1055 1004 1252 1052 defuncto,
1272 1005 1433 1055 eiusque
1462 1018 1685 1046 successore
1708 1009 1851 1047 Albino
1871 1010 1999 1048 adhuc

1054 1057 1093 1094 in
1114 1058 1198 1096 vita
1227 1062 1368 1107 agente
1385 1089 1394 1106 ,
1414 1060 1470 1097 ait
1493 1060 1552 1098 Fl.
1573 1061 1758 1111 Iosephus
1775 1092 1784 1108 ,
1808 1063 1990 1111 Ananias,

1053 1112 1296 1150 sacerdotum
1311 1112 1542 1151 iudaeorum
1560 1115 1735 1162 pontifex
1750 1116 1800 1162 II,
1815 1116 1876 1154 vir
1887 1116 1998 1156 ferox

1053 1166 1092 1201 et
1111 1166 1252 1213 audax,
1272 1166 1503 1205 christianos
1523 1168 1901 1218 Hierosolymitanos
1921 1181 1995 1208 ve-

1053 1218 1178 1265 xavit,
1198 1221 1238 1256 et
1258 1221 1411 1268 praeter
1431 1220 1530 1259 alios
1549 1221 1676 1270 ipsum
1697 1222 1914 1272 apostolum
1935 1224 1994 1262 Ia-

1053 1272 1191 1309 cobum
1207 1272 1397 1311 minorem
1412 1273 1795 1325 Hierosolymitanae
1815 1275 1998 1315 ecclesiae

1051 1325 1272 1375 episcopum
1285 1356 1295 1374 ,
1314 1327 1477 1365 tradidit
1497 1328 1736 1367 effraenatae
1757 1329 1879 1379 plebi,
1899 1342 1998 1379 quae

1051 1381 1227 1416 sanctum
1243 1380 1462 1428 praesulem
1477 1383 1591 1420 tanta
1605 1382 1786 1421 barbarie
1804 1383 1996 1431 enecavit,

1051 1434 1092 1470 ut
1111 1433 1214 1470 idem
1235 1433 1417 1482 Iosephus
1438 1434 1530 1472 huic
1548 1436 1690 1474 sceleri
1710 1436 1890 1475 iudaicae
1922 1449 1996 1475 na-

1049 1486 1165 1524 tionis
1184 1487 1351 1533 ruinam,
1372 1487 1476 1526 urbis
1496 1489 1691 1528 excidium
1704 1520 1713 1537 ,
1733 1490 1905 1538 aliasque
1928 1502 1997 1530 ca-

1049 1539 1247 1578 lamitates
1268 1542 1310 1578 ut
1329 1541 1480 1579 debitas
1498 1554 1641 1591 poenas
1661 1543 1889 1582 attribuerit
1906 1541 1932 1582 ¹.

1100 1593 1262 1643 Scripsit
1298 1606 1327 1632 s.
1366 1595 1530 1633 Iacobus
1568 1597 1775 1646 epistolam
1816 1597 1993 1645 brevem,

1048 1658 1146 1695 quae
1166 1650 1226 1685 est
1245 1660 1266 1685 e
1284 1650 1432 1697 septem
1453 1649 1668 1688 catholicis.
1685 1651 1728 1688 In
1749 1663 1795 1689 ea
1814 1649 1989 1689 christia·

1048 1712 1117 1738 nos
1136 1701 1175 1737 in
1191 1701 1413 1739 humilitate
1434 1705 1474 1740 et
1488 1703 1679 1742 modestia
1694 1704 1836 1751 erudit;
1850 1716 1874 1742 a
1888 1716 1991 1743 vana

1048 1753 1281 1792 confidentia
1309 1757 1348 1793 et
1375 1756 1586 1794 ambitione
1614 1757 1812 1805 deterret;
1841 1757 1890 1795 ad
1918 1769 1993 1807 pa-

1047 1806 1225 1845 tientiam
1245 1808 1284 1845 in
1305 1809 1481 1847 adversis
1501 1812 1541 1847 et
1555 1811 1813 1849 constantiam
1833 1810 1873 1848 in
1891 1811 1991 1859 peri-

1046 1860 1140 1898 culis
1176 1861 1364 1900 hortatur.
1400 1862 1612 1901 Praeterea
1649 1863 1796 1902 refellit
1833 1875 1988 1902 errores

1046 1925 1179 1951 eorum
1192 1943 1201 1960 ,
1223 1914 1287 1963 qui
1307 1915 1425 1953 fidem
1444 1916 1527 1954 sine
1551 1917 1735 1966 operibus
1755 1917 1805 1955 ad
1823 1917 1993 1955 salutem

1044 1967 1220 2005 sufficere
1240 1968 1446 2016 dicebant;
1468 1969 1627 2020 agitque
1651 1971 1698 2009 de
1718 1973 1919 2009 extremae
1939 1970 1993 2009 in-

1044 2019 1245 2058 firmorum
1268 2022 1460 2061 unctionis
1481 2028 1740 2070 sacramento,
1757 2025 1804 2063 de
1824 2024 1992 2073 peccatis

1044 2073 1212 2111 invicem
1241 2075 1494 2123 confitendis,
1519 2077 1566 2114 de
1599 2077 1773 2116 efficacia
1805 2077 1992 2116 orationis

1043 2127 1149 2173 iusti,
1169 2130 1244 2166 ete.
1264 2128 1410 2167 Mirum
1431 2143 1506 2168 non
1534 2132 1608 2177 est,
1628 2131 1729 2169 hanc
1749 2131 1953 2181 epistolam
1971 2144 1995 2170 a

1042 2181 1216 2219 Luthero
1230 2181 1351 2220 fuisse
1367 2195 1511 2221 canone
1527 2196 1575 2223 ss.
1590 2184 1793 2222 Librorum
1815 2184 1993 2231 eiectam,

1042 2246 1129 2272 cum
1149 2247 1240 2273 suas
1257 2236 1451 2275 novitates
1470 2237 1511 2275 in
1527 2249 1572 2276 ea
1592 2238 1672 2276 iam
1689 2238 1990 2287 praedamnatas

1042 2292 1231 2327 cerneret.
1255 2289 1449 2328 Canonica
1466 2303 1560 2328 vero
1589 2292 1801 2329 auctoritas
1820 2291 1938 2329 huius
1958 2303 1993 2329 e-

1041 2341 1204 2390 pistolae
1218 2345 1305 2380 tum
1321 2355 1341 2381 e
1356 2344 1541 2383 Patribus
1559 2349 1644 2383 tum
1660 2357 1680 2383 e
1697 2345 1876 2384 Conciliis
1891 2356 1991 2383 com-

1041 2396 1226 2445 probatur
1237 2394 1264 2435 ².

1092 2449 1155 2487 38.
1184 2451 1348 2488 Paulus
1375 2451 1532 2490 Romae
1560 2453 1749 2501 captivus
1766 2473 1815 2481 —
1835 2450 1985 2489 Paulus

1041 2503 1235 2551 apostolus
1261 2505 1425 2542 Romam
1443 2534 1453 2552 ,
1480 2507 1524 2543 ut
1542 2506 1711 2543 vidimus
1727 2535 1737 2552 ,
1762 2505 1985 2554 perductus,

1040 2555 1135 2593 illuc
1145 2560 1232 2606 post
1247 2558 1400 2595 varium
1414 2558 1488 2596 iter
1502 2559 1690 2608 pervenit.
1711 2559 1839 2601 Quum
1855 2558 1987 2595 autem

1039 2621 1163 2658 neque
1182 2622 1206 2648 a
1226 2611 1381 2649 Iudaeis
1402 2624 1526 2661 neque
1545 2612 1594 2650 ab
1615 2612 1702 2650 aliis
1724 2611 1804 2650 ulla
1824 2622 1989 2649 accusa-

1039 2663 1094 2700 tio
1115 2666 1252 2701 contra
1271 2676 1362 2702 eum
1385 2668 1606 2714 urgeretur,
1622 2665 1798 2703 Burrhus
1818 2663 1990 2713 praefec-

1040 2718 1104 2754 tus
1130 2717 1165 2754 ei
1185 2719 1299 2756 extra
1318 2729 1516 2756 carcerem
1536 2718 1576 2755 in
1597 2717 1786 2767 hospitio,
1805 2729 1895 2755 cum
1915 2729 1987 2754 cu-

1042 2769 1152 2808 stode
1180 2772 1312 2809 tamen
1332 2771 1466 2818 milite,
1487 2772 1631 2820 degere
1658 2770 1848 2821 permisit.
1868 2770 1986 2809 Man-

1042 2824 1094 2861 sit
1112 2823 1193 2861 illic
1221 2824 1372 2862 biennio
1390 2854 1399 2872 ,
1419 2825 1672 2873 omnibusque
1700 2824 1749 2862 ad
1768 2836 1810 2862 se
1839 2836 1986 2862 conve-

1041 2877 1238 2915 nientibus
1264 2878 1384 2916 libere
1403 2878 1654 2926 praedicabat
1682 2878 1844 2915 verbum
1870 2877 1943 2915 Dei
1957 2875 1986 2923 ³,

1043 2931 1141 2969 adeo
1163 2934 1208 2969 ut
1225 2931 1264 2968 in
1284 2932 1367 2981 ipsa
1387 2930 1557 2970 caesaris
1576 2931 1666 2970 aula
1684 2930 1891 2982 discipulos
1910 2942 1986 2969 non

1044 2995 1186 3034 paucos
1205 2985 1368 3023 haberet
1381 2983 1408 3023 ⁴.

1080 3101 1282 3141 ¹Antiquit.
1304 3100 1377 3132 iud.
1399 3100 1418 3132 l.
1442 3101 1510 3140 XX,
1533 3109 1559 3133 c.
1583 3100 1618 3141 8;
1640 3100 1770 3141 Enseu,
1792 3100 1888 3133 Hist.
1911 3101 1985 3133 eccl.

1039 3144 1057 3175 l·
1075 3143 1255 3217 ΙὲΙὈῗ-ἱῗιέἶεῆ.
1274 3183 1447 3222 Alexandr„
1460 3183 1552 3216 Hisc.
1567 3185 1640 3216 eccl.
1657 3193 1741 3216 saec.
1754 3185 1777 3224 l,
1790 3193 1815 3216 c.
1834 3183 1986 3222 123Ti11e-

1040 3230 1133 3265 mont,
1153 3225 1348 3264 Me'moircs,
1361 3229 1380 3257 1.
1393 3226 1419 3264 l;
1432 3226 1619 3264 Bellarmin.,
1632 3226 1845 3258 Controvers.
1863 3229 1881 3257 t.
1898 3225 1984 3263 1,1.1.

1076 3269 1090 3292 3
1106 3268 1174 3301 Act.
1192 3268 1437 3300 xvaI-xxvlfl.
1453 3285 1492 3291 -
1504 3267 1518 3291 4
1533 3268 1586 3300 Ad
1601 3267 1756 3309 Philipp.
1773 3268 1793 3307 I,
1809 3267 1858 3307 <123
1874 3268 1919 3305 lv,
1934 3266 1983 3298 22.
