2241 3473
576 170 714 202 stvE.
732 171 786 198 AD
816 167 1116 197 PONTIFICATVM
1144 167 1176 196 S.
1197 167 1391 196 GREGORII
1420 167 1492 196 v11.

58 239 213 285 scania,
227 235 479 275 Ottiniensem
497 235 534 273 in
551 234 687 273 Fionia
702 236 742 272 et
752 233 1006 272 Hafniensem

56 289 473 334 inSeelandia‚e1=exit,
493 299 728 336 omnemque
747 285 1006 325 idololatriam

55 358 78 384 e
97 343 222 384 Dania
242 341 403 380 abstulit
422 339 444 378 ¹.

110 397 154 434 In
182 395 325 433 Russia
354 394 588 432 christianae
618 392 707 430 fidoi
729 391 1006 440 professionem

54 449 264 500 plurimum
286 449 440 484 auctam
461 446 580 483 fuisso
602 445 769 481 vidimus
786 444 856 480 sub
875 439 1007 480 'Wolo-

54 499 193 540 dimiro
211 499 237 536 ².
261 500 355 537 Post
375 499 457 536 eius
477 499 624 535 obitum
646 496 726 546 (an.
752 496 866 534 1015)
890 496 1006 532 dissi-

55 554 120 592 dia
144 554 190 591 de
212 553 433 600 principatu
452 555 491 587 et
508 550 607 587 bella
627 548 759 585 civilia
778 547 879 584 inter
899 548 1006 585 eius-

54 607 144 644 dem
170 603 272 643 filios
292 606 430 642 exorta
449 608 553 648 sunt,
570 601 709 649 quibus
728 603 853 637 status
877 600 1006 648 publi-

55 670 124 697 cus
144 658 322 707 graviter
340 658 549 704 quassatus
570 654 655 692 fuit.
678 652 907 690 Praevaluit
926 657 1007 689 tan-

54 713 141 749 dem
160 709 367 753 Iaroslaus,
383 709 447 755 qui
465 707 631 744 sublatis
647 705 846 750 fratribus,
864 705 1007 753 princi-

55 767 145 813 patu
177 762 340 812 potitus,
370 759 568 807 religionis
597 757 832 795 christianae
862 768 1007 805 propa-

53 817 262 865 gationem,
291 812 533 861 splendorem
563 814 602 848 et
630 810 886 847 stabilitatem
912 821 1005 858 pro-

55 869 178 906 movit
190 866 217 905 ³.

106 921 189 958 Iam
230 917 376 956 ultimis
415 915 562 954 saeculi
596 914 863 963 praecedentis
896 914 1008 951 annis

54 985 85 1011 s.
116 971 365 1015 Adalbertus,
395 969 595 1017 episcopus
616 967 840 1015 Pragensis,
871 967 1006 1004 Evan-

54 1024 201 1074 gelium
222 1022 448 1072 praedicare
472 1024 695 1058 tentaverat
714 1019 893 1057 Borussis
910 1049 919 1066 ,
939 1019 1007 1056 sed

52 1089 114 1115 an.
137 1077 212 1115 997
232 1076 281 1113 ab
301 1075 434 1112 iisdem
456 1072 682 1110 interfectus
704 1075 774 1110 est.
796 1072 912 1109 Initio
934 1072 1007 1108 hu-

53 1130 112 1167 ius
139 1128 283 1166 saeculi
314 1140 344 1164 s.
373 1127 519 1171 Bruno,
539 1126 635 1162 alias
657 1125 894 1170 Bonis-acius,
914 1124 1006 1161 illu-

51 1181 124 1219 stri
144 1181 227 1219 loco
246 1181 284 1218 in
305 1179 612 1217 Saxoniahatus
634 1182 674 1215 et
689 1189 712 1214 a
727 1177 929 1225 Tagmone
945 1188 1005 1213 ar·

52 1234 292 1282 chiepiscopo
321 1231 650 1279 Magdeburgensi
684 1242 734 1267 ex
770 1230 1006 1267 auctoritate

54 1286 217 1325 Ioannis'
238 1286 306 1334 Pp.
328 1283 463 1321 XVIII
483 1283 796 1331 archiepiscopus
817 1294 888 1331 pro
910 1294 1005 1319 con-

54 1339 230 1377 versione
245 1337 464 1375 infidelium
481 1338 741 1381 consecratus,
758 1347 818 1373 an.
840 1335 939 1372 1008
951 1346 1008 1372 sa·

52 1403 158 1429 cram
188 1391 236 1428 ad
266 1390 455 1427 Borussos
484 1388 712 1426 missionem
730 1389 921 1436 suscepit,
941 1388 1006 1425 sed

53 1457 118 1483 eos
137 1443 354 1482 obstinatos
374 1441 586 1490 reperiens,
607 1440 866 1489 Evangelium
889 1451 1006 1488 prae-

51 1497 195 1535 dicavit
225 1497 266 1533 in
299 1494 472 1531 confiniis
506 1493 696 1539 Russiae,
733 1493 794 1530 ubi
817 1505 917 1530 anno
940 1494 1014 1530 se-'

51 1553 195 1599 quente
211 1560 299 1586 cum
311 1547 523 1586 octodecim
534 1546 765 1584 Christianis
778 1548 826 1584 ab
841 1545 1008 1584 ethnicis

50 1602 279 1640 interfectus
300 1600 374 1638 fuit
389 1599 415 1637 ⁴.

104 1654 189 1693 120.
208 1654 381 1691 Ioannes
397 1653 506 1689 XIX
514 1653 710 1700 Pontifex
734 1651 820 1702 (cm.
836 1650 1007 1701 1024)—

50 1707 261 1746 Benedicto
278 1704 856 1753 Pp.V,111defun0t0‚summum
877 1714 1009 1741 sacer-

52 1759 197 1798 dotium
217 1771 279 1796 an.
299 1758 510 1806 1024,post
538 1758 641 1794 diem
661 1758 686 1795 6
705 1757 813 1802 iunii,
843 1757 1008 1794 deman-

52 1814 184 1850 datum
212 1811 286 1849 fuit
306 1811 482 1848 Romano
499 1839 509 1855 ,
530 1810 614 1847 eius
634 1810 761 1856 fratri,
782 1810 850 1857 qui
867 1820 1009 1846 nomen

52 1864 206 1903 Ioannis
225 1863 323 1901 XIX
345 1863 581 1912 assumpsit,
602 1863 778 1910 seditque
810 1874 932 1910 usque
961 1862 1009 1899 ad

53 1929 114 1955 an.
138 1917 249 1955 1033.
274 1917 310 1954 Is
329 1916 453 1965 primo
475 1928 575 1953 anno
594 1915 840 1964 pontificatus
861 1915 920 1952 sui
941 1925 1010 1951 ex-

54 1970 155 2018 cepit
173 1969 325 2018 legatos
345 1969 593 2018 imperatoris
614 1969 855 2006 Graecorum
889 1970 929 2004 et
948 1978 1012 2015 pa-

52 2022 249 2060 triarchae
266 2022 330 2071 Cp.
345 2051 354 2067 ,
375 2022 441 2069 qui
469 2021 741 2070 postulabant,
763 2023 806 2058 ut
833 2020 1012 2057 Ecclesia

53 2077 120 2124 Cp.
140 2075 180 2112 in
199 2086 267 2112 suo
287 2075 379 2112 orbe
393 2104 402 2119 ,
419 2074 744 2123 quemadmodum
763 2074 943 2111 Romana
971 2071 1010 2108 in

53 2131 135 2166 toto
155 2128 245 2165 orbe
265 2127 478 2164 christiano
491 2156 500 2172 ‚
519 2126 814 2164 AEcumenz'cae
833 2138 899 2163 seu
922 2125 1010 2162 uni-

53 2179 214 2217 versalis
230 2179 390 2217 titulum
405 2180 667 2227 honoremque
683 2178 1012 2216 haberet.Verum

54 2232 233 2269 Pontifex
255 2235 389 2269 tantae
411 2232 652 2269 Graecorum
681 2231 930 2279 arrogantiae
950 2241 1012 2267 re-

54 2284 158 2322 stitit
167 2284 192 2322 5.
213 2286 326 2321 Anno
345 2284 445 2322 1027
463 2285 683 2322 Conradum
700 2284 736 2320 II
757 2295 902 2332 magna
922 2295 1012 2320 cum

56 2348 195 2385 pompa
214 2336 490 2384 imperatorem
511 2336 726 2374 coronavit.
748 2336 845 2373 Post
864 2347 1009 2373 annum

57 2388 316 2426 Pontificatus
336 2401 477 2426 nonum
499 2390 594 2427 obiit
613 2401 715 2426 anno
738 2389 851 2426 1033.

111 2442 197 2478 121.
213 2441 427 2478 Conradus
441 2442 491 2479 II
502 2443 725 2489 imperator
741 2443 1011 2479 Romanus——

55 2495 134 2532 Con
141 2493 256 2530 radus
267 2493 303 2530 II
315 2494 544 2542 cognomine
552 2494 655 2532 Salic
662 2506 744 2540 us,a
759 2494 903 2532 Ioanne
913 2493 1011 2531 XIX

55 2549 278 2591 coronatus,
291 2549 407 2583 antea
427 2547 506 2583 dux
525 2547 766 2584 Franconiae
779 2576 789 2593 ‚
810 2558 871 2584 an.
896 2546 1010 2591 1024,

55 2601 142 2647 post
161 2598 308 2635 obitum
325 2609 355 2635 s.
367 2599 528 2636 Henrici
546 2599 806 2647 imperatoris,
823 2610 894 2636 rex
907 2599 1009 2635 Ger-

55 2651 210 2688 maniae
226 2650 484 2698 inauguratus
498 2651 584 2689 fuit.
597 2651 900 2700 Tranquillitate
922 2651 1008 2688 ubi-

55 2715 131 2751 que
151 2704 364 2740 constituta
377 2731 386 2748 ,
406 2702 601 2751 profectus
629 2708 687 2742 est
705 2704 745 2741 in
765 2704 938 2749 Italiam,
969 2706 1009 2740 et

56 2766 116 2793 an.
136 2755 237 2792 1026
257 2755 308 2792 ab
322 2755 528 2792 Heriberto
550 2754 835 2805 archiepiscopo
853 2756 1007 2793 Medio-

56 2807 205 2845 lanensi
222 2819 291 2844 rex
308 2807 444 2844 Italiae
461 2811 682 2855 coronatus,
698 2812 816 2857 atque
833 2820 933 2846 anno
953 2820 1008 2846 se-

97 2948 107 2970 ¹
130 2948 238 2978 Adam.
257 2947 425 2984 Bremens,
445 2946 501 2976 loe.
519 2946 587 2983 cit.;
605 2945 684 2975 Saxo
698 2945 911 2985 (hammaim,
924 2946 1003 2978 Hisl.

57 2989 191 3026 Danor.;
206 2988 439 3027 Pontoppidau„
455 2987 571 3017 Annal.
590 2986 662 3019 eccl,
682 2985 833 3018 Danicae.

96 3028 111 3050 ²
125 3029 190 3059 Vid.
208 3038 236 3068 p.
253 3028 322 3060 ⁰267.

98 3069 113 3093 ³
126 3069 280 3105 Bonand„
297 3069 382 3099 Diss.
399 3068 436 3099 cle
451 3068 660 3099 conversione
675 3069 706 3098 et
721 3067 783 3107 fide
801 3067 892 3101 Russ.
906 3078 1005 3110 prae-

59 3110 151 3141 missa
168 3116 188 3140 ι.
206 3110 232 3140 ΙΙ
248 3112 316 3141 Act.
333 3108 387 3141 SS.
406 3110 521 3139 mensis
537 3108 705 3147 septembr.

100 3151 114 3174 ⁴
130 3150 278 3189 Bolland.‚
296 3152 374 3182 Acta
390 3149 445 3182 SS.
465 3154 482 3180 ι.
501 3150 539 3180 111
556 3151 618 3182 iun.
634 3159 661 3190 p.
678 3148 747 3182 907.

101 3191 116 3214 ⁵
131 3191 217 3232 Pagi,
235 3190 358 3224 Critica
374 3192 411 3221 ad
430 3200 477 3221 an.
493 3190 582 3221 1021..

274 3238 526 3291 WOUTERS,
554 3241 581 3282 1.

1880 157 1959 196 273

1050 234 1192 282 quente
1226 232 1376 270 Romae
1405 231 1627 269 diademate
1660 230 1815 281 augusti
1842 233 2008 279 auctus,

1049 285 1205 323 transiit
1230 285 1269 322 in
1290 285 1445 322 Italiam
1465 283 1760 322 meridionalem
1773 312 1782 329 ‚
1805 283 1870 321 ubi
1889 295 1914 321 a
1933 284 2012 322 du-

1049 338 1158 376 cibus
1179 337 1447 386 Longobardis
1466 337 1622 384 Capuae
1642 338 1681 374 et
1700 335 1919 374 Beneventi
1945 338 2011 374 at-

1049 402 1123 438 que
1154 402 1177 428 a
1205 391 1303 427 duce
1325 390 1474 427 Graeco
1493 388 1679 437 Neapolis
1707 388 1824 426 fidem
1844 388 2010 438 accepit,

1050 444 1090 480 et
1110 441 1352 491 Raynulfum
1372 441 1644 479 Normannum
1672 441 1860 479 comitatu
1888 441 2011 479 Aver-

1051 495 1156 531 nensi
1179 493 1407 539 investivit,
1440 496 1481 530 ut
1510 495 1649 531 contra
1667 494 1884 532 Saracenos
1901 522 1911 540 ‚
1942 494 2011 542 qui

1049 547 1238 591 Siciliam,
1258 547 1298 583 et
1318 549 1454 583 contra
1475 546 1662 591 Graecos,
1682 546 1747 594 qui
1767 545 1951 595 Apuliam
1971 547 2012 584 et

1050 600 1280 636 Brutiorum
1296 609 1365 635 ora
1381 597 1636 645 occupabant,
1651 598 1794 635 bellum
1811 599 2012 637 continua-

1050 654 1119 688 ret.
1137 652 1179 688 In
1197 650 1445 688 Germaniam
1467 650 1614 695 redux,
1630 650 1832 697 Leuticos,
1851 653 2010 700 gentem

1051 715 1242 751 paganam
1257 705 1297 740 et
1317 703 1524 740 barbaram
1536 731 1545 747 ‚
1563 702 1631 750 qui
1647 714 1667 739 e
1683 701 1891 751 paludibus
1907 703 2013 742 circa

1050 768 1160 793 mare
1181 755 1375 793 Balticum
1396 754 1557 802 egressi,
1572 754 1768 793 Saxoniae
1788 756 2009 804 provincias

1050 808 1261 845 crudeliter
1279 807 1560 852 devastabant,
1580 807 1699 845 armis
1719 808 1926 856 repressit3
1947 821 2009 848 an.

1053 861 1154 899 1036
1186 871 1322 897 cursus
1342 859 1461 907 Alpes
1481 859 1706 907 superavit,
1724 862 1766 897 ut
1795 861 1953 899 dissidia
1971 860 2014 899 li·

1050 918 1185 961 tesque
1204 913 1308 949 inter
1327 911 1566 949 seudatarios
1587 923 1653 948 seu
1674 912 1863 950 vassallos
1883 917 1923 951 et
1944 914 2012 952 do-

1053 966 1175 1003 minos
1204 977 1340 1002 eorum
1360 966 1626 1012 componeret3
1647 963 1687 1001 in
1714 965 1890 1012 generali
1918 978 2010 1003 con-

1052 1020 1171 1056 ventu
1186 1047 1195 1063 ,
1216 1029 1317 1054 anno
1339 1017 1528 1064 sequente
1548 1016 1674 1053 Ticini
1694 1017 1847 1063 habito,
1867 1029 2012 1055 secun-

1051 1072 1144 1108 dum
1163 1069 1400 1107 feudatarios
1420 1071 1557 1106 contra
1576 1080 1710 1106 eorum
1730 1069 1906 1107 dominos
1925 1083 2012 1108 sen-

1052 1124 1215 1161 tentiam
1230 1122 1390 1168 dixit,et
1405 1121 1657 1159 Heribertum
1678 1122 2011 1171 archiepiscopum

1052 1176 1386 1214 Mediolanensem
1415 1178 1532 1223 atque
1571 1174 1769 1222 episcopos
1807 1175 2011 1213 Placenti-

1052 1241 1160 1276 num,
1183 1229 1483 1266 Cremonensem
1505 1228 1545 1264 et
1563 1227 1857 1265 Vercellensem
1877 1230 2011 1265 custo-

1052 1282 1139 1319 diae
1174 1280 1349 1319 tradidit.
1378 1280 1529 1317 Verum
1560 1279 1714 1328 populis
1743 1279 2012 1328 episcoporum

1053 1346 1215 1372 causam
1242 1332 1558 1378 defendentibus,
1584 1332 1844 1370 dissensiones
1863 1334 1904 1370 et
1922 1335 2012 1370 tur-

1052 1389 1124 1425 bae
1144 1388 1201 1425 ita
1221 1389 1360 1425 auctae
1381 1388 1495 1431 sunt,
1516 1388 1560 1422 ut
1578 1384 1795 1433 imperator
1815 1397 1881 1423 eas
1901 1397 2011 1422 com-

1052 1451 1198 1490 ponere
1218 1451 1295 1476 non
1316 1438 1466 1484 valens,
1481 1437 1521 1474 in
1537 1437 1792 1476 Germaniam
1807 1449 2010 1487 regressus

1051 1495 1122 1540 sit3
1144 1492 1241 1530 obiit
1261 1494 1392 1529 autem
1414 1503 1474 1528 an.
1499 1490 1613 1529 1039.

1107 1546 1193 1584 122.
1230 1544 1614 1582 Camaldulensz'um
1632 1548 1674 1581 et
1703 1542 2012 1581 Vallumbrosa-

1053 1610 1206 1637 norum
1245 1597 1476 1634 Ordines—
1489 1596 1645 1633 Interea
1685 1607 1735 1634 ss.
1763 1596 2011 1634 Romualdus

1052 1655 1092 1689 et
1111 1652 1273 1689 Ioannes
1293 1649 1534 1687 Gualbertus
1564 1649 1611 1686 de
1630 1648 1916 1686 instauratione
1934 1661 2014 1686 mo-

1053 1704 1192 1743 nastici
1227 1702 1397 1740 instituti
1430 1702 1470 1739 in
1490 1701 1608 1739 Italia
1627 1701 1828 1750 praeclare
1850 1712 2012 1739 merue-

1051 1759 1155 1795 runt.
1193 1755 1442 1794 Romualdus
1481 1766 1582 1792 anno
1616 1754 1776 1791 circiter
1813 1754 1890 1792 956
1925 1756 2011 1792 Ra-

1053 1821 1204 1848 vennae
1232 1807 1378 1846 illustri
1410 1818 1554 1855 genere
1585 1808 1722 1853 natus,
1743 1818 1845 1844 anno
1866 1807 2009 1846 aetatis

1051 1875 1144 1901 suae
1179 1860 1370 1910 vigesimo
1403 1860 1443 1897 in
1472 1860 1702 1897 coenobium
1723 1859 1927 1897 Classense
1947 1871 2012 1897 se-

1052 1915 1187 1961 cessit;
1218 1916 1364 1962 postea,
1395 1914 1557 1961 propter
1585 1912 1727 1949 ardens
1755 1911 2012 1960 perfectionis

1053 1968 1226 2007 studium
1261 1970 1301 2004 et
1333 1965 1530 2015 regularis
1550 1964 1657 2002 vitae
1677 1963 1874 2002 servorem
1894 1964 2011 2003 sociis

1053 2021 1134 2059 suis
1162 2021 1326 2065 invisus,
1346 2019 1550 2057 Classense
1571 2017 1800 2054 coenobium
1822 2017 2008 2064 deseruit,

1054 2076 1094 2111 et
1112 2076 1198 2122 post
1217 2072 1350 2109 varias
1377 2074 1465 2109 tum
1491 2071 1532 2107 in
1551 2070 1688 2113 Italia,
1708 2071 1794 2107 tum
1822 2069 1862 2107 in
1882 2070 2014 2108 Gallia

1053 2127 1229 2164 locorum
1262 2125 1514 2170 mutationes,
1536 2135 1598 2160 an.
1627 2122 1729 2160 1018
1749 2134 1839 2159 cum
1862 2122 2012 2170 aliquot

1054 2179 1168 2217 sociis
1195 2177 1354 2216 secessit
1385 2177 1426 2214 in
1447 2178 1597 2213 montes
1616 2175 1855 2224 Apenninos,
1877 2175 1943 2212 ubi
1971 2175 2011 2212 in

1053 2232 1151 2278 loco,
1181 2231 1248 2279 qui
1268 2227 1629 2278 Campus-Malduli
1649 2227 1865 2274 dicebatur,
1887 2227 2009 2265 vitam

1055 2285 1297 2322 eremit-icam
1346 2283 1558 2320 admodum
1591 2280 1792 2319 austeram
1827 2280 2011 2328 instituit3

1055 2348 1200 2385 magna
1228 2336 1383 2385 quidem
1417 2346 1465 2372 ex
1495 2336 1608 2383 parte
1627 2333 1807 2382 regulam
1827 2345 1856 2370 s.
1879 2333 2009 2369 Bene-

1054 2389 1147 2427 dicti
1180 2387 1455 2434 conservavit;
1472 2387 1539 2424 sed
1558 2386 1674 2435 plura
1694 2385 1730 2423 ei
1750 2385 1903 2422 addidit
1922 2387 2009 2422 sta-

1053 2445 1142 2480 tuta
1171 2444 1345 2487 austera,
1362 2441 1467 2478 vitae
1487 2438 1712 2476 eremiticae
1732 2437 1904 2487 propria3
1924 2437 2017 2475 eius‘

1053 2495 1161 2542 socii,
1177 2505 1246 2544 pro
1269 2494 1382 2542 nigra
1399 2491 1743 2530 Benedictinorum
1766 2492 1888 2535 veste,
1903 2489 2008 2527 habi-

1053 2550 1137 2585 tum
1172 2548 1308 2585 album
1338 2547 1549 2594 gerebant3
1579 2545 1619 2581 in
1655 2542 1762 2581 cellis
1792 2540 2007 2590 separatim

1052 2600 1242 2638 vivebant
1283 2599 1548 2646 edebantque3
1581 2596 1686 2634 horis
1721 2594 1917 2632 canonicis
1957 2595 2007 2633 ad

1052 2664 1185 2700 preces
1197 2663 1422 2689 communes
1434 2649 1717 2688 conveniebant
1727 2647 1764 2684 in
1777 2646 2006 2695 oratorium;

1051 2705 1240 2743 ieiunium
1269 2704 1351 2742 fere
1380 2702 1609 2740 continuum
1638 2701 1678 2738 et
1705 2700 1907 2737 silentium
1935 2712 2006 2748 per

1052 2769 1235 2807 magnam
1269 2756 1367 2794 anni.
1395 2759 1545 2804 partem
1575 2753 1861 2799 observabant3
1891 2754 2006 2790 modo

1050 2811 1230 2859 precibus
1258 2812 1298 2847 et
1326 2808 1550 2846 divinarum
1581 2816 1713 2842 rerum
1733 2805 2004 2842 meditationi-

1049 2864 1132 2909 bus,
1163 2863 1276 2899 modo
1297 2871 1489 2898 manuum
1510 2857 1636 2895 labori
1657 2857 1821 2906 aliisque
1841 2857 2000 2895 exerci-

1047 2916 1112 2953 tiis
1141 2915 1349 2953 vacabant.
1380 2912 1450 2949 His
1469 2912 1526 2948 ita
1546 2909 1738 2947 institutis
1758 2922 1788 2947 s.
1808 2910 2001 2948 Romual-

1048 2969 1120 3006 dus
1140 2968 1178 3005 in
1199 2967 1286 3004 aliis
1307 2965 1445 3003 Italiae
1466 2963 1618 3000 mediae
1638 2962 1863 3011 regionibus
1875 2962 2004 3000 vitam

1047 3020 1288 3058 eremiticam
1309 3018 1424 3055 valde
1444 3021 1644 3054 austeram
1666 3014 1932 3061 continuavit,
1954 3027 2003 3052 u-

1046 3074 1160 3122 bique
1193 3072 1325 3120 plures
1354 3070 1403 3107 ad
1422 3069 1482 3107 sui
1513 3067 1773 3106 imitationem
1793 3067 2004 3116 permovit,

1046 3130 1085 3163 et
1105 3125 1357 3163 eremitarum
1379 3120 1684 3159 consociationes
1704 3121 1744 3157 in
1764 3120 1932 3158 diversis
1950 3120 2004 3158 lo-

1046 3178 1101 3216 cis
1129 3176 1310 3215 instituit.
1332 3175 1509 3213 Tandem
1529 3185 1592 3212 an.
1616 3173 1718 3212 1027
1738 3173 1778 3210 in
1800 3174 2001 3211 monaste-

1744 3236 1792 3275 19
