2241 3473
280 85 358 123 236

938 90 1096 117 EPOCHA
1125 91 1178 116 VI.
1208 90 1235 115 A
1263 89 1421 118 CAROLO
1450 92 1494 119 M.

227 172 294 198 rae
323 162 488 197 Romam
518 160 649 196 essent
676 157 852 200 adlatae,
873 155 1024 192 obierat
1052 155 1175 192 Nico·
1217 152 1495 202 imperatorem
1506 157 1600 194 etad
1612 157 2175 208 Ignatiumpatriarchame.,

226 212 314 250 laus
343 214 371 250 I.
400 212 495 249 Eius
524 220 745 254 successor,
774 207 1001 245 Hadrianus
1027 207 1084 253 II,
1113 218 1177 243 se-

227 266 394 302 cundum
417 262 620 300 Trecensis
640 261 778 309 synodi
800 272 935 309 preces
954 259 1177 297 restitutio-

226 329 313 355 nem
347 315 580 353 clericorum
601 314 882 350 Rhemensium
903 315 944 349 et
964 311 1179 349 ordinatio-

228 381 316 406 nem
338 367 518 405 Wulfadi
548 366 798 403 confirmavit
820 395 829 412 ,
865 366 978 414 eique
1016 365 1179 414 pallium

227 420 418 459 concessit
439 418 464 455 ¹.

280 473 342 510 51.
364 472 613 508 Hadrianus
632 470 682 508 II
697 472 898 520 Pontifex
922 470 1012 521 (cm.
1034 470 1180 518 867)—

227 526 323 563 Cum
350 536 379 561 s.
401 524 586 561 Nicolaus
607 524 645 569 Ι,
665 525 727 561 cui
748 536 900 572 quoque
916 524 955 560 in
977 522 1181 560 Pontifici-

226 579 298 615 bus
327 588 539 623 cognomen
569 577 725 624 Magno
756 589 805 614 ex
825 578 941 614 rebus
972 576 1091 625 gestis
1121 577 1184 612 da-

226 633 308 667 tum
338 629 427 675 fuit,
456 629 583 666 idibus
604 631 803 667 novembr.
825 642 886 667 an.
904 630 979 666 867
1011 629 1059 666 ad
1089 640 1181 665 coe-

227 683 365 719 lestem
404 682 572 730 patriam
610 682 828 730 migrasset,
858 694 989 719 mense
1010 693 1183 730 sequen-

226 735 254 771 ti
285 734 408 784 (XIXO
437 734 585 771 calend.
616 734 848 783 ianuarius)
877 746 1051 772 summus
1083 746 1180 782 pon-

227 787 402 824 tificatus
431 787 589 835 ingenti
621 788 743 824 totius
782 788 898 825 Urbis
939 787 1082 836 gaudio
1117 788 1181 824 de-

228 840 334 877 latus
364 840 439 877 suit
468 840 670 877 Hadriano
692 841 748 885 ΙΙ,
778 841 985 886 Romano,
1015 839 1121 876 tituli
1151 837 1180 876 s.

227 892 354 929 Marci
369 893 614 941 presbytero,
625 893 689 940 qui
707 893 923 930 Ecclesiam
942 892 1183 942 gubernavit

230 957 352 993 usque
369 946 417 982 ad
438 957 585 982 annum
606 946 684 982 872
701 944 726 983 ².
742 946 798 992 Is,
819 958 936 993 quum
958 945 1093 983 Basilii
1111 946 1182 981 im-

229 998 422 1046 peratoris
446 1000 484 1035 et
504 998 649 1047 Ignatii
671 999 924 1046 patriarchae
946 998 1011 1046 Cp.
1034 998 1183 1046 legatos

227 1051 464 1100 litterasque
485 1052 532 1088 de
554 1052 679 1088 eiecto
698 1051 840 1088 Photio
869 1054 909 1088 et
936 1051 1121 1089 restituto
1142 1051 1182 1086 Ι-

229 1104 362 1152 gnatio
383 1104 621 1152 excepisset,
640 1115 701 1141 an.
716 1104 794 1141 868
816 1105 966 1141 Romae
987 1104 1183 1152 synodum

228 1157 368 1194 habuit
384 1186 393 1203 ,
431 1157 471 1193 in
500 1169 578 1205 qua
611 1157 817 1194 Michaelis
854 1157 1106 1205 imperatoris
1143 1159 1184 1193 et

229 1209 361 1246 Photii
383 1209 661 1256 conciliabula,
683 1212 772 1247 acta
800 1211 839 1246 et
868 1210 1016 1258 scripta
1045 1212 1184 1246 contra

229 1262 499 1311 Apostolicam
527 1262 668 1299 Sedem
698 1265 738 1299 et
767 1262 963 1311 Ignatium
996 1263 1184 1299 damnata

230 1319 338 1361 sunt;
359 1315 526 1352 Photius
541 1315 685 1352 iterum
706 1316 958 1352 anathemate
975 1326 1182 1364 percussus

229 1368 370 1413 est,ita
384 1370 533 1412 tamen,
550 1370 592 1404 ut
609 1368 643 1405 ei
660 1368 881 1405 communio
898 1368 998 1406 laica
1014 1368 1181 1417 promit-

229 1423 400 1467 teretur,
421 1421 453 1457 si
482 1420 636 1459 Nicolai
666 1423 705 1458 et
734 1421 924 1458 Hadriani
955 1421 1181 1470 pontificum

231 1474 400 1510 decretis
421 1473 680 1511 obedientiam
701 1474 994 1522 spopondisset;
1025 1474 1094 1520 iis,
1115 1473 1182 1521 qui

232 1525 386 1563 conficti
407 1537 430 1562 a
451 1526 592 1563 Photio
613 1526 861 1563 conciliabuli
883 1527 981 1564 actis
1003 1538 1182 1564 assense-

231 1581 321 1616 rant
333 1608 342 1624 ,
362 1579 394 1615 si
410 1590 457 1616 ea
471 1579 640 1617 fiammis
656 1580 923 1626 tradidissent,
945 1583 984 1617 et
1008 1580 1056 1616 ad
1074 1590 1183 1616 com-

231 1631 457 1669 munionem
475 1632 617 1680 ignatii
639 1632 867 1678 rediissent,
884 1633 922 1668 in
942 1631 1185 1669 communio-

233 1696 322 1722 nem
339 1684 588 1733 Apostolicae
606 1686 718 1722 Sedis
735 1685 882 1733 recepti
900 1687 1014 1731 sunt3
1030 1685 1186 1721 demum

235 1737 413 1781 omnibus
434 1737 677 1785 prohibitum
692 1768 701 1784 ,
717 1737 868 1776 clericis
884 1739 956 1775 sub
974 1737 1186 1786 depositio-

234 1791 293 1828 nis
308 1792 347 1827 et
361 1790 469 1827 laicis
482 1791 552 1827 sub
564 1791 828 1828 anathematis
841 1791 1190 1840 poena,quominus

235 1843 419 1880 Photiani
449 1843 697 1881 conciliabuli
737 1846 826 1881 acta
855 1846 1134 1881 conservarent
1163 1842 1188 1880 3.

235 1895 448 1942 Pontifex,
480 1897 661 1934 absoluta
690 1897 841 1946 synodo
861 1926 870 1943 ,
899 1897 1051 1946 legatos
1086 1896 1190 1933 Con-

236 1948 524 1997 stantinopolim
544 1950 672 1994 misit,
688 1951 751 1998 qui
775 1950 944 1986 concilio
961 1950 1057 1987 VIII
1075 1960 1191 1998 prae-

235 2001 429 2047 siderent,
456 2004 498 2038 ut
518 2014 606 2038 mox
630 2003 848 2039 videbimus
863 2001 888 2039 .⁴

289 2053 354 2091 52.
380 2054 611 2091 Concilium
645 2056 711 2104 Cp.
744 2056 829 2099 IV,
856 2056 1053 2103 θρηθναῖθ
1093 2054 1199 2091 VIII

238 2105 325 2156 (an.
347 2105 443 2155 869)
457 2107 744 2145 -Hadrianus
765 2108 836 2156 Pp.
854 2120 944 2145 mox
966 2119 1055 2145 cum
1078 2108 1193 2144 Basi-

235 2159 288 2195 lio
310 2159 549 2205 Macedone,
571 2161 814 2208 Imperatore
837 2162 1091 2205 Graecorum,
1114 2160 1194 2207 egit

238 2212 286 2248 de
299 2213 547 2249 convocando
564 2214 899 2261 Constantinopoli
917 2213 1094 2260 generali
1111 2225 1196 2253 con-

238 2264 353 2311 cilio,
385 2266 661 2313 componendis
691 2266 806 2302 rebus
837 2266 1036 2302 Ecclesiae
1057 2265 1194 2301 Orien—

240 2317 340 2354 talis.
374 2318 544 2366 Legavit
573 2318 664 2354 illuc
685 2318 883 2355 Donatum
917 2318 1136 2355 Ostiensem
1158 2320 1197 2353 et

239 2366 485 2418 Stephanum
507 2369 744 2419 Nepesinum
767 2371 964 2419 episcopos
994 2382 1082 2407 cum
1106 2371 1196 2408 Ma-

239 2423 324 2460 rino
344 2423 393 2460 R.
407 2423 602 2460 Ecclesiae
620 2424 795 2468 diacono,
814 2425 879 2471 qui
899 2424 983 2460 vice
1000 2424 1057 2459 sui
1076 2423 1197 2459 conci·

239 2475 291 2512 lio
305 2475 582 2524 praesiderent.
596 2476 646 2513 Iis
663 2477 769 2513 dedit
781 2476 934 2513 litteras
948 2477 993 2513 ad
1006 2475 1197 2513 Basilium

239 2533 270 2537 “’
282 2533 501 2583 statinae·
516 2546 565 2576 cit.
585 2554 613 2584 p.
631 2545 701 2583 808,
715 2545 783 2575 880.

281 2586 294 2607 '2
310 2587 494 2617 Muratorius
510 2587 701 2625 (Proleyoivi.
721 2586 753 2616 in
779 2587 864 2617 Vitas
882 2585 1102 2617 Romanorum
1119 2585 1200 2616 Pon-

242 2627 367 2666 tificum
394 2628 484 2658 Libro
508 2628 678 2658 Pontificali
702 2628 835 2665 additas,
860 2632 878 2658 t.
904 2627 943 2658 Ill
968 2627 1038 2658 Iler.
1059 2626 1199 2657 ltalicur.

240 2668 399 2709 Scriptor.
419 2679 447 2707 p.
463 2668 501 2700 ⁶27
511 2669 535 2705 1)
552 2670 603 2699 ait:
621 2681 632 2697 α
644 2670 784 2699 Veterum
798 2670 1006 2699 Romanorum
1022 2668 1199 2698 Pontificum

242 2712 325 2741 vitae
339 2720 356 2740 a
371 2711 464 2741 variis
478 2711 683 2749 scriptoribus
700 2711 808 2740 litteris
824 2711 1037 2747 consignatae,
1051 2718 1129 2748 quae
1143 2708 1201 2737 sul)

242 2752 401 2781 Anastasii
419 2751 651 2783 Bibliothecarii
669 2752 790 2781 nominc
808 2750 1077 2786 circumferuntur,
1095 2750 1123 2779 in
1144 2749 1202 2778 11:1-

242 2791 382 2822 drianum
408 2792 431 2821 ll
456 2797 485 2822 ct
508 2794 696 2832 Stephanum
722 2793 770 2830 IV,
785 2801 838 2822 seu
857 2795 888 2822 ut
906 2792 1018 2822 rectius
1037 2791 1200 2820 dicendum

242 2836 287 2862 est
313 2834 344 2869 V,
368 2832 530 2869 desinunt,
555 2843 683 2873 quarum
709 2838 885 2874 posu-eman
909 2833 1059 2862 Gulielmo
1084 2831 1202 2862 Biblio—

244 2874 381 2904 thccario
399 2874 622 2907 tribuuntur»,

285 2915 420 2986 ῆζὶιξιεῑ.
445 2914 533 2946 1ἰ”ίαε
555 2915 683 2955 Pontis„
708 2915 863 2947 Hadrian.
888 2915 931 2954 ΙΙ;
957 2914 1068 2951 Labbc,
1093 2917 1112 2944 t.
1131 2912 1203 2947 wll,

254 2967 274 2987 1.
311 2976 317 2985 =
354 2963 380 2986 ⁴...

244 2965 255 2994 I
285 2997 298 3018 ⁴
315 2997 473 3034 Quomodo
491 3006 524 3027 se
541 2998 639 3037 egerit
657 3000 708 3036 Pp.
722 2998 898 3028 Hadrianus
915 2998 938 3028 11
957 2997 986 3027 in
1003 3005 1097 3027 causa
1117 2995 1205 3025 llinc-

245 3038 321 3068 mari
359 3035 560 3075 Rhcmensis,
591 3041 642 3079 qui
666 3040 865 3070 Hincinarum
891 3037 1124 3069 Laudancnsem
1148 3035 1206 3065 ‹10-

247 3083 395 3157 P⁰z³¹¹⁰f³t
407 3104 414 3117 ,
431 3080 534 3119 lrgrre
551 3081 634 3111 iuvat
651 3081 860 3120 insequentem
884 3079 898 3120 ᾖ
916 3080 955 3110 55
977 3083 1018 3118 (ρ.
1037 3078 1096 3109 ⁶237
1109 3104 1116 3117 ,
1139 3075 1196 3107 vol.

259 3129 334 3149 iulus
352 3143 357 3148 .

1221 209 1337 256 atque
1367 209 1597 246 concordiae
1630 210 1828 257 libellum,
1850 211 1914 248 cui
1945 223 2078 249 omnes
2099 211 2177 260 epi-

1221 261 1337 309 scopi,
1349 262 1585 307 sacerdotes,
1598 262 1754 311 aliique,
1767 264 1996 312 priusquam
2012 265 2060 301 ad
2080 276 2176 301 con-

1222 325 1370 351 sessum
1393 314 1710 360 admitterentur,
1726 315 2029 354 subscriberent.
2043 317 2088 354 In
2105 316 2178 353 hoc

1221 366 1353 404 libello
1390 367 1638 404 subscribens
1673 367 1957 416 profitebatur,
1987 381 2027 407 se
2065 369 2177 418 sequi

1224 419 1522 456 constitutiones
1551 420 1637 457 RR.
1661 420 1897 457 Pontificum
1912 451 1922 467 ,
1945 422 2179 459 anathema-

1224 472 1343 509 tizare
1374 473 1557 509 Photium
1572 502 1581 519 ,
1601 473 1684 509 eius
1705 475 1842 510 contra
1861 485 1891 510 s.
1909 474 2109 522 ignatium
2139 475 2180 511 et

1223 524 1486 573 Apostolicam
1501 525 1639 562 Sedem
1662 525 1922 562 conciliabula
1935 555 1944 572 ‚
1965 538 2180 574 eorumque

1224 577 1463 623 defensores,
1479 577 1664 626 amplecti
1684 589 1777 614 vero
1799 578 1970 626 synodos
1989 578 2143 616 Nicolai
2160 578 2178 615 I

1225 633 1265 667 et
1288 630 1477 667 Hadriani
1499 631 1536 667 II
1553 631 1592 666 in
1608 642 1724 667 causa
1744 629 1876 667 Photii
1897 634 1935 668 et
1951 631 2095 679 Ignatii
2110 631 2181 668 ha-

1223 683 1334 720 bitas.
1365 683 1546 731 Episcopi
1567 684 1779 720 secundum
1805 683 2013 721 iussionem
2037 682 2179 720 Ponti-

1223 735 1307 773 ficis
1328 735 1376 772 ad
1397 735 1602 772 concilium
1625 737 1826 772 convocati
1850 738 1951 773 sunt.

1277 788 1492 825 Concilium
1509 789 1732 825 inchoatum
1744 790 1803 826 est
1813 788 1877 825 111⁰
1892 799 2014 826 nonas
2030 788 2179 825 octobr.

1224 852 1285 878 an.
1303 840 1392 886 869,
1410 843 1448 877 et
1469 841 1693 878 absolutum
1714 841 1838 889 pridie
1855 841 2040 879 calendas
2060 842 2177 878 mart.

1225 905 1325 930 anno
1354 896 1552 942 sequente.
1576 893 1758 931 Incertus
1788 898 1847 931 est
1877 904 2066 932 numerus
2097 893 2182 941 epi-

1224 957 1450 994 scoporum,
1480 946 1547 994 qui
1577 945 1855 984 interfuerunt.
1887 946 2183 984 Praesederunt

1224 1000 1248 1036 3
1269 998 1470 1036 Pontificis
1490 999 1621 1047 legati.
1638 999 1809 1036 Habitae
1830 1002 1922 1038 sunt
1945 999 1992 1036 10
2008 999 2183 1036 actiones

1225 1063 1291 1088 seu
1315 1051 1514 1089 sessiones.
1537 1050 1576 1088 la
1597 1052 1760 1089 Actione
1782 1053 1907 1090 lectus
1937 1054 1997 1089 est
2016 1050 2184 1089 Hadria-

1226 1105 1262 1140 ni
1286 1105 1321 1141 II
1342 1104 1520 1148 libellus,
1544 1105 1605 1141 cui
1629 1116 1762 1142 omnes
1784 1105 2087 1142 subscriberent.
2109 1101 2185 1149 11²²,

1228 1156 1427 1206 Episcopi,
1448 1158 1672 1195 sacerdotes
1693 1160 1733 1194 et
1754 1157 1834 1204 alii,
1855 1158 1920 1206 qui
1940 1156 2074 1194 Photii
2090 1167 2183 1205 par-

1226 1210 1330 1247 tibus
1370 1210 1651 1255 adhaeserant,
1689 1210 1845 1247 veniam
1875 1210 2119 1260 postulantes
2148 1209 2186 1245 et

1228 1262 1430 1300 Pontificis
1450 1263 1580 1300 libello
1606 1262 1921 1310 subscribentes,
1944 1263 1993 1300 ad
2013 1273 2186 1299 commu-

1228 1317 1382 1353 nionem
1422 1318 1462 1352 et
1500 1315 1707 1363 pristinam
1748 1316 1978 1364 dignitatem
2025 1312 2187 1352 admissi

1228 1373 1332 1406 sunt.
1350 1367 1442 1414 111³,
1459 1368 1619 1416 Aliquot
1641 1369 1827 1417 episcopi,
1839 1367 2038 1406 Pontificis
2054 1365 2188 1404 libello

1227 1420 1470 1458 subscribere
1494 1423 1719 1464 nolenteS,a
1741 1421 1903 1459 concilio
1925 1420 2063 1458 reiecti
2079 1420 2186 1464 sunt3

1228 1474 1368 1511 deinde
1406 1474 1629 1522 praelectae
1665 1472 1828 1511 fuerunt
1856 1474 2016 1510 litterae
2046 1471 2186 1509 Basilii

1228 1527 1475 1575 imperatoris
1504 1529 1543 1563 et
1563 1526 1706 1573 Ignatii
1738 1527 1988 1574 patriarchae
2018 1525 2066 1562 ad
2097 1524 2187 1562 Ha-

1230 1578 1412 1616 drianum
1439 1579 1521 1627 Pp.
1554 1578 1746 1626 huiusque
1776 1578 2058 1628 responsoriae.
2088 1575 2184 1622 IVa,

1230 1632 1439 1669 Zacharias
1459 1638 1499 1668 et
1519 1631 1763 1679 Theophilus
1785 1632 1956 1680 episcopi
1976 1643 1997 1668 e
2012 1629 2183 1668 factione

1232 1685 1378 1730 Photii,
1398 1683 1593 1721 mendacii
1614 1685 1783 1722 convicti
1805 1689 1845 1722 et
1865 1685 1998 1722 libello
2015 1678 2183 1720 Pontifi-

1232 1738 1286 1775 cis
1306 1737 1552 1775 subscribere
1573 1740 1804 1775 recusantes
1818 1767 1827 1784 ,
1848 1737 1952 1775 foras
1972 1736 2086 1774 eiecti
2102 1735 2183 1773 fue-

1232 1793 1336 1828 runt.
1368 1790 1439 1836 Va,
1468 1789 1628 1827 Concilii
1668 1790 1807 1828 Patres
1837 1789 2193 1839 interrogaverunt

1233 1844 1432 1889 Photium,
1454 1845 1493 1880 et
1514 1843 1751 1891 respondere
1775 1843 1984 1888 nolentem,
2005 1842 2052 1879 ad
2070 1852 2197 1890 agen-

1234 1898 1323 1934 dam
1353 1895 1630 1944 poenitentiam
1664 1896 1908 1933 dimiserunt.
1939 1892 2030 1940 Vla,
2061 1895 2192 1943 Lege-

1235 1953 1327 1987 runt
1341 1948 1573 1986 sententiam
1592 1948 1744 1986 Nicolai
1761 1949 1776 1985 I
1793 1949 1833 1985 in
1850 1948 2057 1991 Photium3
2078 1947 2192 1984 vica-

1236 2002 1283 2039 rii
1306 2002 1617 2051 patriarcharum
1644 2000 1905 2039 Orientalium
1928 2000 2065 2038 testati
2086 2002 2191 2044 sunt,

1236 2056 1273 2092 in
1295 2054 1413 2092 nullis
1434 2055 1534 2102 apud
1557 2065 1598 2091 se
1620 2054 1794 2091 ecclesiis
1815 2053 1962 2102 Ignatii
1983 2051 2197 2090 abdicatio-

1238 2120 1327 2145 nem
1358 2110 1428 2144 aut
1457 2107 1589 2144 Photii
1628 2107 1917 2144 ordinationem
1938 2104 2055 2143 fuisse
2085 2116 2196 2142 rece-

1239 2163 1365 2209 ptam;
1388 2159 1595 2196 concilium
1613 2159 1818 2197 Photianis
1835 2159 1916 2196 dies
1932 2158 1956 2195 9
1977 2169 2045 2206 pro
2066 2156 2198 2205 resipi-

1238 2213 1388 2250 scentia
1408 2212 1644 2259 adsignavit.
1663 2211 1771 2257 Vlla,
1793 2212 1835 2248 In
1859 2211 2045 2248 Photium
2061 2240 2070 2256 ‚
2091 2210 2196 2247 Gre-

1239 2266 1389 2314 gorium
1408 2264 1904 2313 Syracusanum,aliosque
1925 2264 1962 2300 in
1985 2263 2198 2300 schismate

1240 2317 1684 2367 pertinaces,anatliema
1696 2317 1842 2353 dictum
1853 2314 2202 2362 est.VIIla,Omnia

1243 2371 1369 2407 Photii
1388 2370 1533 2417 scripta
1550 2372 1686 2407 contra
1706 2370 1913 2407 Nicolaum
1929 2369 2000 2418 Pp.
2011 2369 2048 2405 in
2065 2368 2197 2416 ignem

1240 2423 1437 2467 coniecta,
1458 2426 1498 2459 et
1519 2422 1836 2459 anathematismi
1864 2422 1903 2458 in
1925 2420 2199 2458 Iconomachos

1241 2480 1280 2512 et
1319 2475 1500 2513 Photium
1532 2475 1712 2512 innovati
1741 2477 1845 2512 sunt.
1867 2473 1960 2520 IXa,
1990 2474 2021 2511 Ii
2050 2472 2116 2522 qui
2139 2483 2202 2509 an-

1242 2532 1318 2574 tea,
1335 2528 1525 2564 suadente
1537 2528 1676 2564 Photio
1691 2531 1729 2565 ct
1742 2527 1998 2576 compellente
2012 2525 2205 2564 Michaele

1242 2581 1493 2628 imperatore,
1503 2580 1601 2617 falsa
1618 2580 1845 2617 testimonia
1861 2583 1997 2617 contra
2007 2577 2205 2627 Ignatium

1243 2634 1441 2679 tulerant,
1462 2633 1605 2669 crimen
1630 2632 1795 2670 confessi
1824 2632 1981 2670 veniam
2012 2632 2202 2680 impetra-

1244 2688 1345 2722 runt.
1365 2685 1435 2731 Xa,
1452 2686 1604 2722 Conditi
1628 2686 1789 2723 fuerunt
1808 2686 1859 2722 27
1879 2695 2058 2729 canones,
2079 2683 2127 2720 ad
2149 2682 2208 2719 di-

1245 2738 1447 2787 sciplinam
1477 2738 1778 2776 ecclesiasticam
1799 2740 1839 2774 et
1859 2748 2016 2775 causam
2040 2735 2209 2773 Photia-

1247 2804 1332 2828 nam
1350 2795 1580 2839 spectantes.
1602 2791 1761 2828 Goncilii
1780 2790 1946 2827 decretis
1961 2787 2206 2837 subscripse-

1246 2846 1339 2880 runt
1358 2844 1482 2891 primo
1498 2844 1615 2892 legati
1640 2843 1855 2888 Pontfficis,
1872 2842 2008 2879 deinde
2030 2839 2211 2890 episcopi.

1247 2897 1332 2937 Quo
1355 2897 1470 2942 sacto,
1492 2897 1717 2944 synodicam
1740 2895 1941 2945 epistolam
1965 2893 2207 2942 scripserunt

1247 2951 1293 2987 ad
1307 2949 1548 2986 Hadrianum
1567 2950 1617 2995 11,
1629 2950 1666 2986 in
1683 2960 1762 2996 qua
1776 2959 1885 2985 suam
1902 2959 1991 2984 cum
2009 2944 2211 2983 Pontificis

1249 3002 1412 3039 decretis
1441 3002 1732 3039 consensionem
1761 3000 2055 3049 significabant,
2084 3008 2205 3046 roga-

1250 3058 1442 3104 bantque,
1465 3058 1507 3092 ut
1536 3066 1717 3103 supremo
1746 3065 1815 3090 suo
1836 3052 2063 3101 magisterio
2093 3050 2202 3088 face-

1253 3115 1328 3154 ret,
1350 3110 1389 3145 ut
1421 3108 1556 3145 cadem
1586 3108 1742 3143 decreta
1772 3107 1818 3142 ab
1850 3105 2045 3143 universis
2067 3102 2200 3141 Eccle-
