<?xml version="1.0" encoding="UTF-8"?>
<!DOCTYPE html PUBLIC "-//W3C//DTD XHTML 1.0 Transitional//EN"
    "http://www.w3.org/TR/xhtml1/DTD/xhtml1-transitional.dtd">
<html xmlns="http://www.w3.org/1999/xhtml" xml:lang="en" lang="en">
 <head>
  <title>
</title>
<meta http-equiv="Content-Type" content="text/html;charset=utf-8" />
  <meta name='ocr-system' content='tesseract 3.04.00' />
  <meta name='ocr-capabilities' content='ocr_page ocr_carea ocr_par ocr_line ocrx_word'/>
</head>
<body>
  <div class='ocr_page' id='page_1' title='image "./historiaeecclesi01wout_0247.png"; bbox 0 0 2241 3473; ppageno 0'>
   <div class='ocr_carea' id='block_1_1' title="bbox 615 124 1510 165">
    <p class='ocr_par' dir='ltr' id='par_1_1' title="bbox 615 124 1510 165">
     <span class='ocr_line' id='line_1_1' title="bbox 615 124 1510 165; baseline -0.01 -4"><span class='ocrx_word' id='word_1_1' title='bbox 615 133 740 165; x_wconf 72' lang='lat' dir='ltr'>vsovss</span> <span class='ocrx_word' id='word_1_2' title='bbox 767 133 820 160; x_wconf 74' lang='lat' dir='ltr'>AD</span> <span class='ocrx_word' id='word_1_3' title='bbox 846 128 1140 159; x_wconf 69' lang='lat' dir='ltr'>PONTIFIOATVM</span> <span class='ocrx_word' id='word_1_4' title='bbox 1167 128 1198 157; x_wconf 87' lang='lat' dir='ltr'>S.</span> <span class='ocrx_word' id='word_1_5' title='bbox 1219 125 1413 156; x_wconf 84' lang='lat' dir='ltr'>GREGORII</span> <span class='ocrx_word' id='word_1_6' title='bbox 1440 124 1510 152; x_wconf 75' lang='lat' dir='ltr'>vn.</span> 
     </span>
    </p>
   </div>
   <div class='ocr_carea' id='block_1_2' title="bbox 87 195 1066 3231">
    <p class='ocr_par' dir='ltr' id='par_1_2' title="bbox 101 195 1056 1906">
     <span class='ocr_line' id='line_1_2' title="bbox 101 195 1044 258; baseline -0.015 -12"><span class='ocrx_word' id='word_1_7' title='bbox 101 206 296 258; x_wconf 81' lang='lat' dir='ltr'><strong><em>procedit,</em></strong></span> <span class='ocrx_word' id='word_1_8' title='bbox 326 214 400 242; x_wconf 91' lang='lat' dir='ltr'>non</span> <span class='ocrx_word' id='word_1_9' title='bbox 421 203 468 240; x_wconf 86' lang='lat' dir='ltr'>ad</span> <span class='ocrx_word' id='word_1_10' title='bbox 490 200 770 251; x_wconf 78' lang='lat' dir='ltr'>processionem</span> <span class='ocrx_word' id='word_1_11' title='bbox 790 211 813 236; x_wconf 88' lang='lat' dir='ltr'>a</span> <span class='ocrx_word' id='word_1_12' title='bbox 840 196 952 243; x_wconf 90' lang='lat' dir='ltr'>Filio,</span> <span class='ocrx_word' id='word_1_13' title='bbox 980 195 1044 234; x_wconf 88' lang='lat' dir='ltr'>sed</span> 
     </span>
     <span class='ocr_line' id='line_1_3' title="bbox 105 252 1045 306; baseline -0.011 -7"><span class='ocrx_word' id='word_1_14' title='bbox 105 270 274 299; x_wconf 86' lang='lat' dir='ltr'>errorem</span> <span class='ocrx_word' id='word_1_15' title='bbox 321 255 582 306; x_wconf 87' lang='lat' dir='ltr'>praefatorum</span> <span class='ocrx_word' id='word_1_16' title='bbox 635 252 920 290; x_wconf 88' lang='lat' dir='ltr'>haereticorum</span> <span class='ocrx_word' id='word_1_17' title='bbox 973 264 1045 289; x_wconf 81' lang='lat' dir='ltr'>ex-</span> 
     </span>
     <span class='ocr_line' id='line_1_4' title="bbox 103 305 1044 354; baseline -0.009 -3"><span class='ocrx_word' id='word_1_18' title='bbox 103 312 348 351; x_wconf 87' lang='lat' dir='ltr'>cludendum.</span> <span class='ocrx_word' id='word_1_19' title='bbox 380 310 475 347; x_wconf 89' lang='lat' dir='ltr'>Cum</span> <span class='ocrx_word' id='word_1_20' title='bbox 507 308 644 346; x_wconf 82' lang='lat' dir='ltr'>deindo</span> <span class='ocrx_word' id='word_1_21' title='bbox 669 305 862 354; x_wconf 73' lang='lat' dir='ltr'>Visigothi</span> <span class='ocrx_word' id='word_1_22' title='bbox 891 305 1044 344; x_wconf 82' lang='lat' dir='ltr'>arianos</span> 
     </span>
     <span class='ocr_line' id='line_1_5' title="bbox 105 360 1046 409; baseline -0.009 -6"><span class='ocrx_word' id='word_1_23' title='bbox 105 377 255 404; x_wconf 88' lang='lat' dir='ltr'>errores</span> <span class='ocrx_word' id='word_1_24' title='bbox 274 363 496 401; x_wconf 71' lang='lat' dir='ltr'>intulissent</span> <span class='ocrx_word' id='word_1_25' title='bbox 516 363 553 398; x_wconf 91' lang='lat' dir='ltr'>in</span> <span class='ocrx_word' id='word_1_26' title='bbox 575 360 814 409; x_wconf 72' lang='lat' dir='ltr'>Hispaniam,</span> <span class='ocrx_word' id='word_1_27' title='bbox 836 361 1046 407; x_wconf 78' lang='lat' dir='ltr'>negarent-</span> 
     </span>
     <span class='ocr_line' id='line_1_6' title="bbox 104 412 1043 468; baseline -0.009 -12"><span class='ocrx_word' id='word_1_28' title='bbox 104 431 188 468; x_wconf 87' lang='lat' dir='ltr'>que,</span> <span class='ocrx_word' id='word_1_29' title='bbox 208 417 392 466; x_wconf 84' lang='lat' dir='ltr'>Spiritum</span> <span class='ocrx_word' id='word_1_30' title='bbox 413 416 451 453; x_wconf 88' lang='lat' dir='ltr'>S.</span> <span class='ocrx_word' id='word_1_31' title='bbox 472 415 679 464; x_wconf 73' lang='lat' dir='ltr'>procedere</span> <span class='ocrx_word' id='word_1_32' title='bbox 698 424 719 449; x_wconf 83' lang='lat' dir='ltr'>a</span> <span class='ocrx_word' id='word_1_33' title='bbox 739 412 857 455; x_wconf 76' lang='lat' dir='ltr'>Filio,</span> <span class='ocrx_word' id='word_1_34' title='bbox 879 412 1043 461; x_wconf 75' lang='lat' dir='ltr'>episcopi</span> 
     </span>
     <span class='ocr_line' id='line_1_7' title="bbox 104 465 1044 520; baseline -0.01 -11"><span class='ocrx_word' id='word_1_35' title='bbox 104 471 264 520; x_wconf 84' lang='lat' dir='ltr'>Hispani</span> <span class='ocrx_word' id='word_1_36' title='bbox 286 471 359 507; x_wconf 90' lang='lat' dir='ltr'>iam</span> <span class='ocrx_word' id='word_1_37' title='bbox 383 470 472 506; x_wconf 87' lang='lat' dir='ltr'>inde</span> <span class='ocrx_word' id='word_1_38' title='bbox 494 480 515 505; x_wconf 88' lang='lat' dir='ltr'>a</span> <span class='ocrx_word' id='word_1_39' title='bbox 535 466 686 505; x_wconf 85' lang='lat' dir='ltr'>sacculo</span> <span class='ocrx_word' id='word_1_40' title='bbox 707 465 760 502; x_wconf 91' lang='lat' dir='ltr'>VI</span> <span class='ocrx_word' id='word_1_41' title='bbox 782 465 819 501; x_wconf 90' lang='lat' dir='ltr'>iu</span> <span class='ocrx_word' id='word_1_42' title='bbox 842 465 927 502; x_wconf 79' lang='lat' dir='ltr'>fidei</span> <span class='ocrx_word' id='word_1_43' title='bbox 949 478 1044 501; x_wconf 87' lang='lat' dir='ltr'>con-</span> 
     </span>
     <span class='ocr_line' id='line_1_8' title="bbox 104 518 1047 571; baseline -0.011 -8"><span class='ocrx_word' id='word_1_44' title='bbox 104 524 345 567; x_wconf 87' lang='lat' dir='ltr'>fessionibus,</span> <span class='ocrx_word' id='word_1_45' title='bbox 366 534 473 571; x_wconf 87' lang='lat' dir='ltr'>quas,</span> <span class='ocrx_word' id='word_1_46' title='bbox 493 521 690 558; x_wconf 79' lang='lat' dir='ltr'>occasione</span> <span class='ocrx_word' id='word_1_47' title='bbox 706 518 966 555; x_wconf 72' lang='lat' dir='ltr'>conversionis</span> <span class='ocrx_word' id='word_1_48' title='bbox 982 518 1047 554; x_wconf 69' lang='lat' dir='ltr'>Yi-</span> 
     </span>
     <span class='ocr_line' id='line_1_9' title="bbox 104 570 1046 626; baseline -0.01 -11"><span class='ocrx_word' id='word_1_49' title='bbox 104 578 347 626; x_wconf 68' lang='lat' dir='ltr'>sigothorum</span> <span class='ocrx_word' id='word_1_50' title='bbox 376 578 415 613; x_wconf 87' lang='lat' dir='ltr'>et</span> <span class='ocrx_word' id='word_1_51' title='bbox 441 576 658 612; x_wconf 78' lang='lat' dir='ltr'>Sucvorum</span> <span class='ocrx_word' id='word_1_52' title='bbox 680 572 727 609; x_wconf 83' lang='lat' dir='ltr'>ad</span> <span class='ocrx_word' id='word_1_53' title='bbox 748 570 976 608; x_wconf 72' lang='lat' dir='ltr'>catholicam</span> <span class='ocrx_word' id='word_1_54' title='bbox 997 570 1046 607; x_wconf 84' lang='lat' dir='ltr'>fi-</span> 
     </span>
     <span class='ocr_line' id='line_1_10' title="bbox 105 625 1049 679; baseline -0.013 -10"><span class='ocrx_word' id='word_1_55' title='bbox 105 631 206 677; x_wconf 90' lang='lat' dir='ltr'>dem,</span> <span class='ocrx_word' id='word_1_56' title='bbox 227 632 265 667; x_wconf 90' lang='lat' dir='ltr'>in</span> <span class='ocrx_word' id='word_1_57' title='bbox 285 629 442 679; x_wconf 62' lang='lat' dir='ltr'>synodis</span> <span class='ocrx_word' id='word_1_58' title='bbox 461 626 680 670; x_wconf 88' lang='lat' dir='ltr'>ediderunt,</span> <span class='ocrx_word' id='word_1_59' title='bbox 697 625 840 661; x_wconf 84' lang='lat' dir='ltr'>diserte</span> <span class='ocrx_word' id='word_1_60' title='bbox 855 635 1049 672; x_wconf 77' lang='lat' dir='ltr'>expresse-</span> 
     </span>
     <span class='ocr_line' id='line_1_11' title="bbox 105 679 1045 729; baseline -0.006 -7"><span class='ocrx_word' id='word_1_61' title='bbox 105 689 199 722; x_wconf 88' lang='lat' dir='ltr'>runt</span> <span class='ocrx_word' id='word_1_62' title='bbox 227 683 439 721; x_wconf 86' lang='lat' dir='ltr'>doctrinam</span> <span class='ocrx_word' id='word_1_63' title='bbox 469 681 514 718; x_wconf 93' lang='lat' dir='ltr'>de</span> <span class='ocrx_word' id='word_1_64' title='bbox 543 679 784 729; x_wconf 72' lang='lat' dir='ltr'>processione</span> <span class='ocrx_word' id='word_1_65' title='bbox 813 679 979 727; x_wconf 73' lang='lat' dir='ltr'>Spiritus</span> <span class='ocrx_word' id='word_1_66' title='bbox 1007 679 1045 716; x_wconf 89' lang='lat' dir='ltr'>S.</span> 
     </span>
     <span class='ocr_line' id='line_1_12' title="bbox 105 734 1047 776; baseline -0.005 -1"><span class='ocrx_word' id='word_1_67' title='bbox 105 749 155 776; x_wconf 83' lang='lat' dir='ltr'>ex</span> <span class='ocrx_word' id='word_1_68' title='bbox 175 738 294 774; x_wconf 88' lang='lat' dir='ltr'>Patre</span> <span class='ocrx_word' id='word_1_69' title='bbox 314 739 353 773; x_wconf 90' lang='lat' dir='ltr'>et</span> <span class='ocrx_word' id='word_1_70' title='bbox 371 747 419 773; x_wconf 81' lang='lat' dir='ltr'>ex</span> <span class='ocrx_word' id='word_1_71' title='bbox 439 734 548 771; x_wconf 84' lang='lat' dir='ltr'>Filio.</span> <span class='ocrx_word' id='word_1_72' title='bbox 569 735 682 771; x_wconf 89' lang='lat' dir='ltr'>Anno</span> <span class='ocrx_word' id='word_1_73' title='bbox 701 744 793 770; x_wconf 76' lang='lat' dir='ltr'>vcro</span> <span class='ocrx_word' id='word_1_74' title='bbox 812 734 888 770; x_wconf 72' lang='lat'>767</span> <span class='ocrx_word' id='word_1_75' title='bbox 909 734 955 771; x_wconf 88' lang='lat' dir='ltr'>de</span> <span class='ocrx_word' id='word_1_76' title='bbox 975 734 1047 770; x_wconf 86' lang='lat' dir='ltr'>hac</span> 
     </span>
     <span class='ocr_line' id='line_1_13' title="bbox 105 786 1048 836; baseline -0.006 -8"><span class='ocrx_word' id='word_1_77' title='bbox 105 791 281 828; x_wconf 89' lang='lat' dir='ltr'>doctrina</span> <span class='ocrx_word' id='word_1_78' title='bbox 308 792 393 826; x_wconf 85' lang='lat' dir='ltr'>orta</span> <span class='ocrx_word' id='word_1_79' title='bbox 421 790 480 824; x_wconf 86' lang='lat' dir='ltr'>est</span> <span class='ocrx_word' id='word_1_80' title='bbox 508 786 716 836; x_wconf 90' lang='lat' dir='ltr'>disputatio</span> <span class='ocrx_word' id='word_1_81' title='bbox 742 786 780 823; x_wconf 89' lang='lat' dir='ltr'>in</span> <span class='ocrx_word' id='word_1_82' title='bbox 801 786 928 824; x_wconf 87' lang='lat' dir='ltr'>Gallia</span> <span class='ocrx_word' id='word_1_83' title='bbox 949 787 1048 824; x_wconf 90' lang='lat' dir='ltr'>inter</span> 
     </span>
     <span class='ocr_line' id='line_1_14' title="bbox 105 840 1046 893; baseline -0.006 -11"><span class='ocrx_word' id='word_1_84' title='bbox 105 844 277 893; x_wconf 86' lang='lat' dir='ltr'>legatos,</span> <span class='ocrx_word' id='word_1_85' title='bbox 305 853 401 891; x_wconf 87' lang='lat' dir='ltr'>quos</span> <span class='ocrx_word' id='word_1_86' title='bbox 420 841 569 878; x_wconf 87' lang='lat' dir='ltr'>Paulus</span> <span class='ocrx_word' id='word_1_87' title='bbox 595 841 665 888; x_wconf 88' lang='lat' dir='ltr'>Pp.</span> <span class='ocrx_word' id='word_1_88' title='bbox 687 840 724 885; x_wconf 87' lang='lat' dir='ltr'>I,</span> <span class='ocrx_word' id='word_1_89' title='bbox 754 841 794 877; x_wconf 89' lang='lat' dir='ltr'>et</span> <span class='ocrx_word' id='word_1_90' title='bbox 823 840 1046 877; x_wconf 84' lang='lat' dir='ltr'>Constanti-</span> 
     </span>
     <span class='ocr_line' id='line_1_15' title="bbox 106 893 1047 944; baseline -0.004 -10"><span class='ocrx_word' id='word_1_91' title='bbox 106 909 178 934; x_wconf 90' lang='lat' dir='ltr'>nus</span> <span class='ocrx_word' id='word_1_92' title='bbox 205 896 469 944; x_wconf 61' lang='lat' dir='ltr'>Copronymus</span> <span class='ocrx_word' id='word_1_93' title='bbox 489 894 701 943; x_wconf 85' lang='lat' dir='ltr'>imperator</span> <span class='ocrx_word' id='word_1_94' title='bbox 721 893 980 939; x_wconf 88' lang='lat' dir='ltr'>Graecorum,</span> <span class='ocrx_word' id='word_1_95' title='bbox 1001 893 1047 930; x_wconf 87' lang='lat' dir='ltr'>ad</span> 
     </span>
     <span class='ocr_line' id='line_1_16' title="bbox 105 946 1047 999; baseline -0.005 -12"><span class='ocrx_word' id='word_1_96' title='bbox 105 950 289 999; x_wconf 90' lang='lat' dir='ltr'>Pipinum</span> <span class='ocrx_word' id='word_1_97' title='bbox 317 959 448 997; x_wconf 81' lang='lat' dir='ltr'>regem</span> <span class='ocrx_word' id='word_1_98' title='bbox 477 947 770 996; x_wconf 77' lang='lat' dir='ltr'>deputaverant.</span> <span class='ocrx_word' id='word_1_99' title='bbox 792 946 927 984; x_wconf 84' lang='lat' dir='ltr'>Gracci</span> <span class='ocrx_word' id='word_1_100' title='bbox 947 946 1047 984; x_wconf 87' lang='lat' dir='ltr'>enim</span> 
     </span>
     <span class='ocr_line' id='line_1_17' title="bbox 106 999 1050 1050; baseline -0.004 -10"><span class='ocrx_word' id='word_1_101' title='bbox 106 1002 291 1048; x_wconf 89' lang='lat' dir='ltr'>accusati,</span> <span class='ocrx_word' id='word_1_102' title='bbox 311 1001 411 1050; x_wconf 90' lang='lat' dir='ltr'>quod</span> <span class='ocrx_word' id='word_1_103' title='bbox 427 1012 557 1038; x_wconf 86' lang='lat' dir='ltr'>sacras</span> <span class='ocrx_word' id='word_1_104' title='bbox 573 999 761 1049; x_wconf 83' lang='lat' dir='ltr'>imagines</span> <span class='ocrx_word' id='word_1_105' title='bbox 778 1011 1050 1048; x_wconf 85' lang='lat' dir='ltr'>persequeren-</span> 
     </span>
     <span class='ocr_line' id='line_1_18' title="bbox 105 1052 1047 1101; baseline -0.003 -8"><span class='ocrx_word' id='word_1_106' title='bbox 105 1058 186 1101; x_wconf 87' lang='lat' dir='ltr'>tur,</span> <span class='ocrx_word' id='word_1_107' title='bbox 204 1056 401 1093; x_wconf 88' lang='lat' dir='ltr'>Romanos</span> <span class='ocrx_word' id='word_1_108' title='bbox 420 1055 665 1099; x_wconf 89' lang='lat' dir='ltr'>accusarunt,</span> <span class='ocrx_word' id='word_1_109' title='bbox 687 1053 788 1101; x_wconf 91' lang='lat' dir='ltr'>quod</span> <span class='ocrx_word' id='word_1_110' title='bbox 809 1052 994 1101; x_wconf 89' lang='lat' dir='ltr'>Spiritum</span> <span class='ocrx_word' id='word_1_111' title='bbox 1010 1053 1047 1090; x_wconf 94' lang='lat' dir='ltr'>S.</span> 
     </span>
     <span class='ocr_line' id='line_1_19' title="bbox 106 1106 1049 1155; baseline -0.003 -9"><span class='ocrx_word' id='word_1_112' title='bbox 106 1121 156 1146; x_wconf 78' lang='lat' dir='ltr'>ex</span> <span class='ocrx_word' id='word_1_113' title='bbox 183 1108 282 1146; x_wconf 92' lang='lat' dir='ltr'>Filio</span> <span class='ocrx_word' id='word_1_114' title='bbox 302 1109 404 1145; x_wconf 87' lang='lat' dir='ltr'>sicut</span> <span class='ocrx_word' id='word_1_115' title='bbox 422 1119 471 1144; x_wconf 76' lang='lat' dir='ltr'>ex</span> <span class='ocrx_word' id='word_1_116' title='bbox 490 1107 608 1143; x_wconf 86' lang='lat' dir='ltr'>Patre</span> <span class='ocrx_word' id='word_1_117' title='bbox 628 1106 833 1155; x_wconf 82' lang='lat' dir='ltr'>procedere</span> <span class='ocrx_word' id='word_1_118' title='bbox 854 1107 1049 1152; x_wconf 88' lang='lat' dir='ltr'>docerent,</span> 
     </span>
     <span class='ocr_line' id='line_1_20' title="bbox 106 1160 1049 1210; baseline -0.004 -10"><span class='ocrx_word' id='word_1_119' title='bbox 106 1166 146 1200; x_wconf 90' lang='lat' dir='ltr'>et</span> <span class='ocrx_word' id='word_1_120' title='bbox 173 1161 402 1210; x_wconf 72' lang='lat' dir='ltr'>Symbolum</span> <span class='ocrx_word' id='word_1_121' title='bbox 432 1161 580 1208; x_wconf 89' lang='lat' dir='ltr'>Cpnum</span> <span class='ocrx_word' id='word_1_122' title='bbox 609 1162 910 1208; x_wconf 75' lang='lat' dir='ltr'>corrumperent.</span> <span class='ocrx_word' id='word_1_123' title='bbox 941 1160 1049 1208; x_wconf 88' lang='lat' dir='ltr'>Pipi-</span> 
     </span>
     <span class='ocr_line' id='line_1_21' title="bbox 108 1213 1048 1262; baseline -0.004 -9"><span class='ocrx_word' id='word_1_124' title='bbox 108 1227 183 1253; x_wconf 92' lang='lat' dir='ltr'>nus</span> <span class='ocrx_word' id='word_1_125' title='bbox 211 1227 281 1252; x_wconf 81' lang='lat' dir='ltr'>rex</span> <span class='ocrx_word' id='word_1_126' title='bbox 309 1215 356 1252; x_wconf 88' lang='lat' dir='ltr'>de</span> <span class='ocrx_word' id='word_1_127' title='bbox 394 1216 557 1262; x_wconf 88' lang='lat' dir='ltr'>utraque</span> <span class='ocrx_word' id='word_1_128' title='bbox 595 1213 821 1261; x_wconf 83' lang='lat' dir='ltr'>quaestione</span> <span class='ocrx_word' id='word_1_129' title='bbox 859 1213 1048 1262; x_wconf 71' lang='lat' dir='ltr'>synodum</span> 
     </span>
     <span class='ocr_line' id='line_1_22' title="bbox 107 1263 1050 1315; baseline -0.002 -10"><span class='ocrx_word' id='word_1_130' title='bbox 107 1269 325 1305; x_wconf 86' lang='lat' dir='ltr'>habendam</span> <span class='ocrx_word' id='word_1_131' title='bbox 345 1267 504 1304; x_wconf 77' lang='lat' dir='ltr'>curavit</span> <span class='ocrx_word' id='word_1_132' title='bbox 523 1266 562 1303; x_wconf 91' lang='lat' dir='ltr'>in</span> <span class='ocrx_word' id='word_1_133' title='bbox 582 1266 676 1303; x_wconf 85' lang='lat' dir='ltr'>villa</span> <span class='ocrx_word' id='word_1_134' title='bbox 696 1263 914 1303; x_wconf 84' lang='lat' dir='ltr'>Gentiliaco</span> <span class='ocrx_word' id='word_1_135' title='bbox 935 1278 1050 1315; x_wconf 87' lang='lat' dir='ltr'>prope</span> 
     </span>
     <span class='ocr_line' id='line_1_23' title="bbox 109 1320 1051 1368; baseline -0.003 -9"><span class='ocrx_word' id='word_1_136' title='bbox 109 1321 292 1359; x_wconf 76' lang='lat' dir='ltr'>Parisios.</span> <span class='ocrx_word' id='word_1_137' title='bbox 333 1320 520 1361; x_wconf 79' lang='lat' dir='ltr'>Quamvis</span> <span class='ocrx_word' id='word_1_138' title='bbox 555 1323 642 1356; x_wconf 87' lang='lat' dir='ltr'>acta</span> <span class='ocrx_word' id='word_1_139' title='bbox 675 1320 790 1356; x_wconf 85' lang='lat' dir='ltr'>huius</span> <span class='ocrx_word' id='word_1_140' title='bbox 828 1320 963 1368; x_wconf 66' lang='lat' dir='ltr'>synodi</span> <span class='ocrx_word' id='word_1_141' title='bbox 1003 1320 1051 1356; x_wconf 89' lang='lat' dir='ltr'>ad</span> 
     </span>
     <span class='ocr_line' id='line_1_24' title="bbox 108 1372 1052 1422; baseline -0.003 -10"><span class='ocrx_word' id='word_1_142' title='bbox 108 1387 176 1412; x_wconf 89' lang='lat' dir='ltr'>nos</span> <span class='ocrx_word' id='word_1_143' title='bbox 213 1386 286 1411; x_wconf 90' lang='lat' dir='ltr'>non</span> <span class='ocrx_word' id='word_1_144' title='bbox 326 1373 577 1422; x_wconf 82' lang='lat' dir='ltr'>pervenerint</span> <span class='ocrx_word' id='word_1_145' title='bbox 593 1402 602 1416; x_wconf 94' lang='lat'>,</span> <span class='ocrx_word' id='word_1_146' title='bbox 633 1384 708 1410; x_wconf 88' lang='lat' dir='ltr'>non</span> <span class='ocrx_word' id='word_1_147' title='bbox 738 1374 797 1409; x_wconf 91' lang='lat' dir='ltr'>est</span> <span class='ocrx_word' id='word_1_148' title='bbox 825 1374 954 1410; x_wconf 89' lang='lat' dir='ltr'>tamen</span> <span class='ocrx_word' id='word_1_149' title='bbox 986 1372 1052 1409; x_wconf 90' lang='lat' dir='ltr'>du-</span> 
     </span>
     <span class='ocr_line' id='line_1_25' title="bbox 107 1425 1054 1476; baseline -0.003 -11"><span class='ocrx_word' id='word_1_150' title='bbox 107 1428 227 1473; x_wconf 88' lang='lat' dir='ltr'>bium,</span> <span class='ocrx_word' id='word_1_151' title='bbox 247 1427 341 1476; x_wconf 87' lang='lat' dir='ltr'>quin</span> <span class='ocrx_word' id='word_1_152' title='bbox 362 1438 456 1463; x_wconf 84' lang='lat' dir='ltr'>vera</span> <span class='ocrx_word' id='word_1_153' title='bbox 477 1425 654 1463; x_wconf 89' lang='lat' dir='ltr'>doctrina</span> <span class='ocrx_word' id='word_1_154' title='bbox 683 1425 722 1462; x_wconf 92' lang='lat' dir='ltr'>in</span> <span class='ocrx_word' id='word_1_155' title='bbox 752 1437 797 1462; x_wconf 89' lang='lat' dir='ltr'>ea</span> <span class='ocrx_word' id='word_1_156' title='bbox 827 1425 946 1463; x_wconf 84' lang='lat' dir='ltr'>fuerit</span> <span class='ocrx_word' id='word_1_157' title='bbox 974 1426 1054 1462; x_wconf 84' lang='lat' dir='ltr'>vin-</span> 
     </span>
     <span class='ocr_line' id='line_1_26' title="bbox 108 1479 1054 1527; baseline -0.003 -9"><span class='ocrx_word' id='word_1_158' title='bbox 108 1482 247 1518; x_wconf 80' lang='lat' dir='ltr'>dicata.</span> <span class='ocrx_word' id='word_1_159' title='bbox 267 1479 383 1518; x_wconf 90' lang='lat' dir='ltr'>Anno</span> <span class='ocrx_word' id='word_1_160' title='bbox 403 1479 479 1516; x_wconf 78' lang='lat'>796</span> <span class='ocrx_word' id='word_1_161' title='bbox 500 1479 669 1527; x_wconf 67' lang='lat' dir='ltr'>synodus</span> <span class='ocrx_word' id='word_1_162' title='bbox 689 1479 978 1521; x_wconf 84' lang='lat' dir='ltr'>Foroiuliensis,</span> <span class='ocrx_word' id='word_1_163' title='bbox 996 1491 1054 1516; x_wconf 87' lang='lat' dir='ltr'>ce-</span> 
     </span>
     <span class='ocr_line' id='line_1_27' title="bbox 107 1532 1052 1581; baseline -0.003 -10"><span class='ocrx_word' id='word_1_164' title='bbox 107 1534 258 1572; x_wconf 89' lang='lat' dir='ltr'>lebrata</span> <span class='ocrx_word' id='word_1_165' title='bbox 286 1545 309 1570; x_wconf 86' lang='lat' dir='ltr'>a</span> <span class='ocrx_word' id='word_1_166' title='bbox 327 1545 356 1570; x_wconf 90' lang='lat' dir='ltr'>s.</span> <span class='ocrx_word' id='word_1_167' title='bbox 377 1532 542 1569; x_wconf 85' lang='lat' dir='ltr'>Paulino</span> <span class='ocrx_word' id='word_1_168' title='bbox 562 1533 784 1580; x_wconf 84' lang='lat' dir='ltr'>patriarcha</span> <span class='ocrx_word' id='word_1_169' title='bbox 803 1532 1052 1581; x_wconf 80' lang='lat' dir='ltr'>Aquileiensi,</span> 
     </span>
     <span class='ocr_line' id='line_1_28' title="bbox 109 1585 1053 1638; baseline -0.003 -13"><span class='ocrx_word' id='word_1_170' title='bbox 109 1587 388 1638; x_wconf 87' lang='lat' dir='ltr'>processionem</span> <span class='ocrx_word' id='word_1_171' title='bbox 410 1585 578 1634; x_wconf 83' lang='lat' dir='ltr'>Spiritus</span> <span class='ocrx_word' id='word_1_172' title='bbox 598 1585 634 1622; x_wconf 87' lang='lat' dir='ltr'>S.</span> <span class='ocrx_word' id='word_1_173' title='bbox 656 1597 705 1622; x_wconf 77' lang='lat' dir='ltr'>ex</span> <span class='ocrx_word' id='word_1_174' title='bbox 725 1586 844 1623; x_wconf 87' lang='lat' dir='ltr'>Patre</span> <span class='ocrx_word' id='word_1_175' title='bbox 864 1588 902 1623; x_wconf 88' lang='lat' dir='ltr'>et</span> <span class='ocrx_word' id='word_1_176' title='bbox 917 1585 1016 1622; x_wconf 89' lang='lat' dir='ltr'>Filio</span> <span class='ocrx_word' id='word_1_177' title='bbox 1033 1598 1053 1622; x_wconf 90' lang='lat' dir='ltr'>e</span> 
     </span>
     <span class='ocr_line' id='line_1_29' title="bbox 108 1638 1054 1690; baseline -0.002 -12"><span class='ocrx_word' id='word_1_178' title='bbox 108 1641 280 1690; x_wconf 89' lang='lat' dir='ltr'>pluribus</span> <span class='ocrx_word' id='word_1_179' title='bbox 307 1640 345 1677; x_wconf 91' lang='lat' dir='ltr'>S.</span> <span class='ocrx_word' id='word_1_180' title='bbox 365 1639 590 1687; x_wconf 88' lang='lat' dir='ltr'>Scripturae</span> <span class='ocrx_word' id='word_1_181' title='bbox 609 1638 703 1675; x_wconf 89' lang='lat' dir='ltr'>locis</span> <span class='ocrx_word' id='word_1_182' title='bbox 723 1639 920 1687; x_wconf 82' lang='lat' dir='ltr'>probavit,</span> <span class='ocrx_word' id='word_1_183' title='bbox 941 1651 1054 1676; x_wconf 82' lang='lat' dir='ltr'>voca-</span> 
     </span>
     <span class='ocr_line' id='line_1_30' title="bbox 108 1692 1054 1742; baseline -0.002 -11"><span class='ocrx_word' id='word_1_184' title='bbox 108 1694 242 1731; x_wconf 90' lang='lat' dir='ltr'>bulum</span> <span class='ocrx_word' id='word_1_185' title='bbox 270 1694 478 1742; x_wconf 69' lang='lat' dir='ltr'>Filioque,</span> <span class='ocrx_word' id='word_1_186' title='bbox 506 1704 581 1741; x_wconf 90' lang='lat' dir='ltr'>quo</span> <span class='ocrx_word' id='word_1_187' title='bbox 610 1703 706 1729; x_wconf 89' lang='lat' dir='ltr'>vera</span> <span class='ocrx_word' id='word_1_188' title='bbox 727 1692 901 1730; x_wconf 87' lang='lat' dir='ltr'>doctrina</span> <span class='ocrx_word' id='word_1_189' title='bbox 920 1695 1054 1729; x_wconf 83' lang='lat' dir='ltr'>contra</span> 
     </span>
     <span class='ocr_line' id='line_1_31' title="bbox 109 1744 1056 1795; baseline -0.002 -11"><span class='ocrx_word' id='word_1_190' title='bbox 109 1747 397 1784; x_wconf 87' lang='lat' dir='ltr'>haereticorum</span> <span class='ocrx_word' id='word_1_191' title='bbox 419 1756 570 1783; x_wconf 86' lang='lat' dir='ltr'>errores</span> <span class='ocrx_word' id='word_1_192' title='bbox 591 1744 889 1793; x_wconf 78' lang='lat' dir='ltr'>exprimeretur,</span> <span class='ocrx_word' id='word_1_193' title='bbox 907 1746 1056 1795; x_wconf 82' lang='lat' dir='ltr'>symbo-</span> 
     </span>
     <span class='ocr_line' id='line_1_32' title="bbox 108 1798 1056 1850; baseline -0.003 -12"><span class='ocrx_word' id='word_1_194' title='bbox 108 1800 147 1838; x_wconf 91' lang='lat' dir='ltr'>lo</span> <span class='ocrx_word' id='word_1_195' title='bbox 175 1800 280 1850; x_wconf 91' lang='lat' dir='ltr'>Cpno</span> <span class='ocrx_word' id='word_1_196' title='bbox 308 1800 405 1837; x_wconf 89' lang='lat' dir='ltr'>bene</span> <span class='ocrx_word' id='word_1_197' title='bbox 433 1799 608 1836; x_wconf 89' lang='lat' dir='ltr'>additum</span> <span class='ocrx_word' id='word_1_198' title='bbox 634 1798 848 1844; x_wconf 81' lang='lat' dir='ltr'>iudicavit,</span> <span class='ocrx_word' id='word_1_199' title='bbox 877 1799 1056 1847; x_wconf 87' lang='lat' dir='ltr'>idemque</span> 
     </span>
     <span class='ocr_line' id='line_1_33' title="bbox 108 1854 858 1906; baseline -0.004 -12"><span class='ocrx_word' id='word_1_200' title='bbox 108 1856 327 1906; x_wconf 68' lang='lat' dir='ltr'>symbolum</span> <span class='ocrx_word' id='word_1_201' title='bbox 358 1867 445 1893; x_wconf 90' lang='lat' dir='ltr'>cum</span> <span class='ocrx_word' id='word_1_202' title='bbox 474 1866 520 1892; x_wconf 88' lang='lat' dir='ltr'>ea</span> <span class='ocrx_word' id='word_1_203' title='bbox 539 1854 733 1892; x_wconf 90' lang='lat' dir='ltr'>additione</span> <span class='ocrx_word' id='word_1_204' title='bbox 752 1854 858 1903; x_wconf 88' lang='lat' dir='ltr'>legit.</span> 
     </span>
    </p>

    <p class='ocr_par' dir='ltr' id='par_1_3' title="bbox 109 1907 1061 2597">
     <span class='ocr_line' id='line_1_34' title="bbox 163 1907 1056 1956; baseline -0.004 -9"><span class='ocrx_word' id='word_1_205' title='bbox 163 1910 246 1951; x_wconf 86' lang='lat' dir='ltr'>Quo</span> <span class='ocrx_word' id='word_1_206' title='bbox 262 1911 393 1947; x_wconf 87' lang='lat' dir='ltr'>autem</span> <span class='ocrx_word' id='word_1_207' title='bbox 409 1911 583 1956; x_wconf 87' lang='lat' dir='ltr'>tempore</span> <span class='ocrx_word' id='word_1_208' title='bbox 598 1910 636 1945; x_wconf 85' lang='lat' dir='ltr'>et</span> <span class='ocrx_word' id='word_1_209' title='bbox 651 1910 809 1945; x_wconf 87' lang='lat' dir='ltr'>auctore</span> <span class='ocrx_word' id='word_1_210' title='bbox 824 1907 1056 1944; x_wconf 87' lang='lat' dir='ltr'>vocabulum</span> 
     </span>
     <span class='ocr_line' id='line_1_35' title="bbox 109 1960 1056 2012; baseline -0.004 -11"><span class='ocrx_word' id='word_1_211' title='bbox 109 1964 298 2012; x_wconf 69' lang='lat' dir='ltr'>Filioque</span> <span class='ocrx_word' id='word_1_212' title='bbox 312 1962 486 2011; x_wconf 67' lang='lat' dir='ltr'>symbolo</span> <span class='ocrx_word' id='word_1_213' title='bbox 502 1962 606 2010; x_wconf 90' lang='lat' dir='ltr'>Cpno</span> <span class='ocrx_word' id='word_1_214' title='bbox 626 1960 742 1998; x_wconf 87' lang='lat' dir='ltr'>fuerit</span> <span class='ocrx_word' id='word_1_215' title='bbox 758 1961 945 2006; x_wconf 89' lang='lat' dir='ltr'>additum,</span> <span class='ocrx_word' id='word_1_216' title='bbox 960 1961 1056 1997; x_wconf 83' lang='lat' dir='ltr'>hoc-</span> 
     </span>
     <span class='ocr_line' id='line_1_36' title="bbox 110 2013 1058 2066; baseline -0.004 -12"><span class='ocrx_word' id='word_1_217' title='bbox 110 2028 185 2066; x_wconf 87' lang='lat' dir='ltr'>que</span> <span class='ocrx_word' id='word_1_218' title='bbox 203 2016 420 2065; x_wconf 82' lang='lat' dir='ltr'>symbolum</span> <span class='ocrx_word' id='word_1_219' title='bbox 442 2027 526 2053; x_wconf 90' lang='lat' dir='ltr'>cum</span> <span class='ocrx_word' id='word_1_220' title='bbox 550 2026 595 2052; x_wconf 88' lang='lat' dir='ltr'>ea</span> <span class='ocrx_word' id='word_1_221' title='bbox 615 2014 810 2052; x_wconf 90' lang='lat' dir='ltr'>additione</span> <span class='ocrx_word' id='word_1_222' title='bbox 830 2013 866 2050; x_wconf 92' lang='lat' dir='ltr'>in</span> <span class='ocrx_word' id='word_1_223' title='bbox 889 2013 1058 2050; x_wconf 81' lang='lat' dir='ltr'>ecclesiis</span> 
     </span>
     <span class='ocr_line' id='line_1_37' title="bbox 110 2066 1057 2118; baseline -0.004 -11"><span class='ocrx_word' id='word_1_224' title='bbox 110 2069 195 2107; x_wconf 87' lang='lat' dir='ltr'>cani</span> <span class='ocrx_word' id='word_1_225' title='bbox 215 2069 406 2118; x_wconf 89' lang='lat' dir='ltr'>coeperit,</span> <span class='ocrx_word' id='word_1_226' title='bbox 426 2069 620 2106; x_wconf 89' lang='lat' dir='ltr'>incertum</span> <span class='ocrx_word' id='word_1_227' title='bbox 640 2071 708 2105; x_wconf 90' lang='lat' dir='ltr'>est.</span> <span class='ocrx_word' id='word_1_228' title='bbox 725 2067 1000 2105; x_wconf 87' lang='lat' dir='ltr'>Verisimiliter</span> <span class='ocrx_word' id='word_1_229' title='bbox 1020 2066 1057 2103; x_wconf 91' lang='lat' dir='ltr'>id</span> 
     </span>
     <span class='ocr_line' id='line_1_38' title="bbox 110 2121 1057 2173; baseline -0.004 -13"><span class='ocrx_word' id='word_1_230' title='bbox 110 2123 235 2173; x_wconf 88' lang='lat' dir='ltr'>primo</span> <span class='ocrx_word' id='word_1_231' title='bbox 254 2123 293 2159; x_wconf 90' lang='lat' dir='ltr'>in</span> <span class='ocrx_word' id='word_1_232' title='bbox 313 2122 487 2160; x_wconf 86' lang='lat' dir='ltr'>ecclesiis</span> <span class='ocrx_word' id='word_1_233' title='bbox 503 2121 712 2170; x_wconf 84' lang='lat' dir='ltr'>Hispaniae</span> <span class='ocrx_word' id='word_1_234' title='bbox 733 2133 756 2157; x_wconf 88' lang='lat' dir='ltr'>a</span> <span class='ocrx_word' id='word_1_235' title='bbox 774 2122 947 2169; x_wconf 88' lang='lat' dir='ltr'>tempore</span> <span class='ocrx_word' id='word_1_236' title='bbox 967 2132 1057 2157; x_wconf 93' lang='lat' dir='ltr'>con-</span> 
     </span>
     <span class='ocr_line' id='line_1_39' title="bbox 111 2173 1058 2224; baseline -0.003 -11"><span class='ocrx_word' id='word_1_237' title='bbox 111 2175 301 2213; x_wconf 86' lang='lat' dir='ltr'>versionis</span> <span class='ocrx_word' id='word_1_238' title='bbox 316 2175 608 2224; x_wconf 87' lang='lat' dir='ltr'>Visigothorum</span> <span class='ocrx_word' id='word_1_239' title='bbox 629 2176 668 2211; x_wconf 90' lang='lat' dir='ltr'>et</span> <span class='ocrx_word' id='word_1_240' title='bbox 688 2175 905 2211; x_wconf 86' lang='lat' dir='ltr'>Suevorum</span> <span class='ocrx_word' id='word_1_241' title='bbox 926 2173 974 2210; x_wconf 90' lang='lat' dir='ltr'>ad</span> <span class='ocrx_word' id='word_1_242' title='bbox 997 2185 1058 2210; x_wconf 89' lang='lat' dir='ltr'>ca-</span> 
     </span>
     <span class='ocr_line' id='line_1_40' title="bbox 112 2226 1059 2272; baseline -0.003 -6"><span class='ocrx_word' id='word_1_243' title='bbox 112 2229 296 2266; x_wconf 89' lang='lat' dir='ltr'>tholicam</span> <span class='ocrx_word' id='word_1_244' title='bbox 325 2228 439 2266; x_wconf 88' lang='lat' dir='ltr'>fidem</span> <span class='ocrx_word' id='word_1_245' title='bbox 459 2228 724 2266; x_wconf 87' lang='lat' dir='ltr'>introductum</span> <span class='ocrx_word' id='word_1_246' title='bbox 755 2227 831 2264; x_wconf 87' lang='lat' dir='ltr'>fuit</span> <span class='ocrx_word' id='word_1_247' title='bbox 847 2256 856 2272; x_wconf 91' lang='lat'>,</span> <span class='ocrx_word' id='word_1_248' title='bbox 878 2226 1016 2263; x_wconf 89' lang='lat' dir='ltr'>deinde</span> <span class='ocrx_word' id='word_1_249' title='bbox 1037 2238 1059 2263; x_wconf 93' lang='lat' dir='ltr'>a</span> 
     </span>
     <span class='ocr_line' id='line_1_41' title="bbox 112 2279 1059 2330; baseline -0.003 -11"><span class='ocrx_word' id='word_1_250' title='bbox 112 2282 248 2320; x_wconf 89' lang='lat' dir='ltr'>vicinis</span> <span class='ocrx_word' id='word_1_251' title='bbox 259 2281 409 2320; x_wconf 88' lang='lat' dir='ltr'>Galliae</span> <span class='ocrx_word' id='word_1_252' title='bbox 425 2285 464 2320; x_wconf 91' lang='lat' dir='ltr'>et</span> <span class='ocrx_word' id='word_1_253' title='bbox 480 2284 613 2330; x_wconf 87' lang='lat' dir='ltr'>postea</span> <span class='ocrx_word' id='word_1_254' title='bbox 628 2293 651 2318; x_wconf 92' lang='lat' dir='ltr'>a</span> <span class='ocrx_word' id='word_1_255' title='bbox 666 2280 829 2318; x_wconf 86' lang='lat' dir='ltr'>caeteris</span> <span class='ocrx_word' id='word_1_256' title='bbox 844 2279 1059 2317; x_wconf 88' lang='lat' dir='ltr'>Occidentis</span> 
     </span>
     <span class='ocr_line' id='line_1_42' title="bbox 113 2333 1060 2384; baseline -0.004 -11"><span class='ocrx_word' id='word_1_257' title='bbox 113 2335 285 2373; x_wconf 88' lang='lat' dir='ltr'>ecclesiis</span> <span class='ocrx_word' id='word_1_258' title='bbox 304 2338 533 2384; x_wconf 89' lang='lat' dir='ltr'>susceptum.</span> <span class='ocrx_word' id='word_1_259' title='bbox 553 2334 703 2371; x_wconf 87' lang='lat' dir='ltr'>Morem</span> <span class='ocrx_word' id='word_1_260' title='bbox 723 2333 883 2371; x_wconf 88' lang='lat' dir='ltr'>canendi</span> <span class='ocrx_word' id='word_1_261' title='bbox 905 2333 1060 2382; x_wconf 61' lang='lat' dir='ltr'>symbo=</span> 
     </span>
     <span class='ocr_line' id='line_1_43' title="bbox 113 2386 1059 2436; baseline -0.003 -10"><span class='ocrx_word' id='word_1_262' title='bbox 113 2388 195 2426; x_wconf 88' lang='lat' dir='ltr'>lum</span> <span class='ocrx_word' id='word_1_263' title='bbox 224 2400 312 2426; x_wconf 87' lang='lat' dir='ltr'>cum</span> <span class='ocrx_word' id='word_1_264' title='bbox 331 2388 519 2426; x_wconf 88' lang='lat' dir='ltr'>vocabulo</span> <span class='ocrx_word' id='word_1_265' title='bbox 539 2388 726 2436; x_wconf 60' lang='lat' dir='ltr'>Filioque</span> <span class='ocrx_word' id='word_1_266' title='bbox 745 2388 822 2424; x_wconf 88' lang='lat' dir='ltr'>iam</span> <span class='ocrx_word' id='word_1_267' title='bbox 842 2386 953 2424; x_wconf 89' lang='lat' dir='ltr'>initio</span> <span class='ocrx_word' id='word_1_268' title='bbox 973 2398 1059 2423; x_wconf 87' lang='lat' dir='ltr'>sae-</span> 
     </span>
     <span class='ocr_line' id='line_1_44' title="bbox 115 2439 1061 2486; baseline -0.003 -7"><span class='ocrx_word' id='word_1_269' title='bbox 115 2441 192 2479; x_wconf 88' lang='lat' dir='ltr'>culi</span> <span class='ocrx_word' id='word_1_270' title='bbox 211 2441 268 2478; x_wconf 90' lang='lat' dir='ltr'>IX</span> <span class='ocrx_word' id='word_1_271' title='bbox 282 2443 321 2479; x_wconf 93' lang='lat' dir='ltr'>in</span> <span class='ocrx_word' id='word_1_272' title='bbox 336 2440 663 2479; x_wconf 85' lang='lat' dir='ltr'>ecclesiisGalliae</span> <span class='ocrx_word' id='word_1_273' title='bbox 679 2439 1061 2486; x_wconf 89' lang='lat' dir='ltr'>obtinuisse,constat</span> 
     </span>
     <span class='ocr_line' id='line_1_45' title="bbox 116 2492 1060 2544; baseline -0.003 -12"><span class='ocrx_word' id='word_1_274' title='bbox 116 2507 165 2533; x_wconf 82' lang='lat' dir='ltr'>ex</span> <span class='ocrx_word' id='word_1_275' title='bbox 185 2495 282 2532; x_wconf 88' lang='lat' dir='ltr'>actis</span> <span class='ocrx_word' id='word_1_276' title='bbox 300 2495 521 2544; x_wconf 84' lang='lat' dir='ltr'>legationis,</span> <span class='ocrx_word' id='word_1_277' title='bbox 540 2505 654 2542; x_wconf 87' lang='lat' dir='ltr'>quam</span> <span class='ocrx_word' id='word_1_278' title='bbox 674 2505 773 2530; x_wconf 88' lang='lat' dir='ltr'>anno</span> <span class='ocrx_word' id='word_1_279' title='bbox 793 2492 870 2530; x_wconf 79' lang='grc'>809</span> <span class='ocrx_word' id='word_1_280' title='bbox 889 2493 1060 2541; x_wconf 76' lang='lat' dir='ltr'>synodus</span> 
     </span>
     <span class='ocr_line' id='line_1_46' title="bbox 117 2545 1058 2597; baseline -0.004 -11"><span class='ocrx_word' id='word_1_281' title='bbox 117 2547 439 2597; x_wconf 84' lang='lat' dir='ltr'>Aquisgranensis</span> <span class='ocrx_word' id='word_1_282' title='bbox 454 2547 662 2585; x_wconf 84' lang='lat' dir='ltr'>destinavit</span> <span class='ocrx_word' id='word_1_283' title='bbox 673 2547 721 2583; x_wconf 88' lang='lat' dir='ltr'>ad</span> <span class='ocrx_word' id='word_1_284' title='bbox 731 2547 897 2583; x_wconf 87' lang='lat' dir='ltr'>Leonem</span> <span class='ocrx_word' id='word_1_285' title='bbox 910 2545 979 2594; x_wconf 88' lang='lat' dir='ltr'>Pp.</span> <span class='ocrx_word' id='word_1_286' title='bbox 990 2546 1058 2582; x_wconf 88' lang='lat' dir='ltr'>III.</span> 
     </span>
    </p>

    <p class='ocr_par' dir='ltr' id='par_1_4' title="bbox 87 2598 1066 3231">
     <span class='ocr_line' id='line_1_47' title="bbox 169 2598 1059 2642; baseline -0.003 -4"><span class='ocrx_word' id='word_1_287' title='bbox 169 2601 297 2642; x_wconf 88' lang='lat' dir='ltr'>Quum</span> <span class='ocrx_word' id='word_1_288' title='bbox 326 2600 426 2638; x_wconf 89' lang='lat' dir='ltr'>enim</span> <span class='ocrx_word' id='word_1_289' title='bbox 453 2601 613 2637; x_wconf 91' lang='lat' dir='ltr'>Ioannes</span> <span class='ocrx_word' id='word_1_290' title='bbox 633 2600 844 2637; x_wconf 89' lang='lat' dir='ltr'>monachus</span> <span class='ocrx_word' id='word_1_291' title='bbox 864 2598 1059 2636; x_wconf 86' lang='lat' dir='ltr'>Palaesti-</span> 
     </span>
     <span class='ocr_line' id='line_1_48' title="bbox 118 2651 1061 2696; baseline -0.005 -4"><span class='ocrx_word' id='word_1_292' title='bbox 118 2666 190 2692; x_wconf 88' lang='lat' dir='ltr'>nus</span> <span class='ocrx_word' id='word_1_293' title='bbox 206 2656 341 2692; x_wconf 86' lang='lat' dir='ltr'>contra</span> <span class='ocrx_word' id='word_1_294' title='bbox 359 2653 568 2690; x_wconf 89' lang='lat' dir='ltr'>monachos</span> <span class='ocrx_word' id='word_1_295' title='bbox 586 2653 768 2696; x_wconf 84' lang='lat' dir='ltr'>Francos,</span> <span class='ocrx_word' id='word_1_296' title='bbox 784 2653 822 2689; x_wconf 93' lang='lat' dir='ltr'>in</span> <span class='ocrx_word' id='word_1_297' title='bbox 839 2654 966 2688; x_wconf 90' lang='lat' dir='ltr'>monte</span> <span class='ocrx_word' id='word_1_298' title='bbox 987 2651 1061 2688; x_wconf 92' lang='lat' dir='ltr'>Oli-</span> 
     </span>
     <span class='ocr_line' id='line_1_49' title="bbox 118 2706 1062 2756; baseline -0.004 -11"><span class='ocrx_word' id='word_1_299' title='bbox 118 2719 256 2745; x_wconf 86' lang='lat' dir='ltr'>varum</span> <span class='ocrx_word' id='word_1_300' title='bbox 277 2717 394 2756; x_wconf 88' lang='lat' dir='ltr'>prope</span> <span class='ocrx_word' id='word_1_301' title='bbox 411 2706 721 2754; x_wconf 79' lang='lat' dir='ltr'>Hierosolymam</span> <span class='ocrx_word' id='word_1_302' title='bbox 738 2706 935 2754; x_wconf 80' lang='lat' dir='ltr'>degentes,</span> <span class='ocrx_word' id='word_1_303' title='bbox 952 2716 1062 2752; x_wconf 86' lang='lat' dir='ltr'>quae-</span> 
     </span>
     <span class='ocr_line' id='line_1_50' title="bbox 118 2758 1061 2807; baseline -0.004 -9"><span class='ocrx_word' id='word_1_304' title='bbox 118 2761 280 2798; x_wconf 88' lang='lat' dir='ltr'>stionem</span> <span class='ocrx_word' id='word_1_305' title='bbox 300 2758 483 2797; x_wconf 87' lang='lat' dir='ltr'>movisset</span> <span class='ocrx_word' id='word_1_306' title='bbox 502 2758 548 2795; x_wconf 89' lang='lat' dir='ltr'>de</span> <span class='ocrx_word' id='word_1_307' title='bbox 569 2758 807 2807; x_wconf 89' lang='lat' dir='ltr'>processione</span> <span class='ocrx_word' id='word_1_308' title='bbox 826 2758 994 2807; x_wconf 86' lang='lat' dir='ltr'>Spiritus</span> <span class='ocrx_word' id='word_1_309' title='bbox 1009 2758 1061 2803; x_wconf 85' lang='lat' dir='ltr'>S.,</span> 
     </span>
     <span class='ocr_line' id='line_1_51' title="bbox 118 2811 1064 2861; baseline -0.005 -10"><span class='ocrx_word' id='word_1_310' title='bbox 118 2814 280 2851; x_wconf 86' lang='lat' dir='ltr'>Carolus</span> <span class='ocrx_word' id='word_1_311' title='bbox 300 2813 466 2861; x_wconf 85' lang='lat' dir='ltr'>Magnus</span> <span class='ocrx_word' id='word_1_312' title='bbox 481 2812 527 2848; x_wconf 92' lang='lat' dir='ltr'>dc</span> <span class='ocrx_word' id='word_1_313' title='bbox 541 2823 588 2848; x_wconf 90' lang='lat' dir='ltr'>ea</span> <span class='ocrx_word' id='word_1_314' title='bbox 602 2823 643 2848; x_wconf 89' lang='lat' dir='ltr'>re</span> <span class='ocrx_word' id='word_1_315' title='bbox 658 2811 798 2849; x_wconf 88' lang='lat' dir='ltr'>litteris</span> <span class='ocrx_word' id='word_1_316' title='bbox 816 2811 971 2848; x_wconf 89' lang='lat' dir='ltr'>illorum</span> <span class='ocrx_word' id='word_1_317' title='bbox 988 2822 1064 2847; x_wconf 87' lang='lat' dir='ltr'>mo-</span> 
     </span>
     <span class='ocr_line' id='line_1_52' title="bbox 119 2863 1061 2912; baseline -0.005 -8"><span class='ocrx_word' id='word_1_318' title='bbox 119 2867 331 2904; x_wconf 88' lang='lat' dir='ltr'>nachorum</span> <span class='ocrx_word' id='word_1_319' title='bbox 348 2865 490 2903; x_wconf 87' lang='lat' dir='ltr'>certior</span> <span class='ocrx_word' id='word_1_320' title='bbox 508 2864 691 2909; x_wconf 88' lang='lat' dir='ltr'>redditus,</span> <span class='ocrx_word' id='word_1_321' title='bbox 711 2864 961 2912; x_wconf 87' lang='lat' dir='ltr'>Theodulpho</span> <span class='ocrx_word' id='word_1_322' title='bbox 982 2863 1061 2912; x_wconf 89' lang='lat' dir='ltr'>epi-</span> 
     </span>
     <span class='ocr_line' id='line_1_53' title="bbox 120 2916 1062 2969; baseline -0.004 -12"><span class='ocrx_word' id='word_1_323' title='bbox 120 2931 235 2969; x_wconf 89' lang='lat' dir='ltr'>scopo</span> <span class='ocrx_word' id='word_1_324' title='bbox 260 2917 531 2957; x_wconf 86' lang='lat' dir='ltr'>Aurelianensi</span> <span class='ocrx_word' id='word_1_325' title='bbox 555 2917 764 2963; x_wconf 87' lang='lat' dir='ltr'>mandavit,</span> <span class='ocrx_word' id='word_1_326' title='bbox 785 2919 829 2953; x_wconf 89' lang='lat' dir='ltr'>ut</span> <span class='ocrx_word' id='word_1_327' title='bbox 849 2917 894 2953; x_wconf 82' lang='lat' dir='ltr'>cle</span> <span class='ocrx_word' id='word_1_328' title='bbox 915 2916 1062 2964; x_wconf 89' lang='lat' dir='ltr'>praefa-</span> 
     </span>
     <span class='ocr_line' id='line_1_54' title="bbox 121 2969 1064 3022; baseline -0.004 -13"><span class='ocrx_word' id='word_1_329' title='bbox 121 2974 162 3010; x_wconf 87' lang='lat' dir='ltr'>ta</span> <span class='ocrx_word' id='word_1_330' title='bbox 177 2973 401 3022; x_wconf 86' lang='lat' dir='ltr'>quaestione</span> <span class='ocrx_word' id='word_1_331' title='bbox 430 2971 509 3008; x_wconf 89' lang='lat' dir='ltr'>PP.</span> <span class='ocrx_word' id='word_1_332' title='bbox 530 2969 753 3007; x_wconf 87' lang='lat' dir='ltr'>testimonia</span> <span class='ocrx_word' id='word_1_333' title='bbox 781 2969 997 3018; x_wconf 89' lang='lat' dir='ltr'>colligeret,</span> <span class='ocrx_word' id='word_1_334' title='bbox 1026 2971 1064 3006; x_wconf 89' lang='lat' dir='ltr'>et</span> 
     </span>
     <span class='ocr_line' id='line_1_55' title="bbox 122 3023 1062 3071; baseline -0.005 -8"><span class='ocrx_word' id='word_1_335' title='bbox 122 3037 182 3063; x_wconf 88' lang='lat' dir='ltr'>an.</span> <span class='ocrx_word' id='word_1_336' title='bbox 197 3026 273 3064; x_wconf 84' lang='lat'>809</span> <span class='ocrx_word' id='word_1_337' title='bbox 288 3026 448 3063; x_wconf 88' lang='lat' dir='ltr'>eandem</span> <span class='ocrx_word' id='word_1_338' title='bbox 465 3023 727 3071; x_wconf 89' lang='lat' dir='ltr'>quaestionem</span> <span class='ocrx_word' id='word_1_339' title='bbox 742 3023 985 3059; x_wconf 88' lang='lat' dir='ltr'>tractandam</span> <span class='ocrx_word' id='word_1_340' title='bbox 1002 3034 1062 3059; x_wconf 91' lang='lat' dir='ltr'>cu-</span> 
     </span>
     <span class='ocr_line' id='line_1_56' title="bbox 87 3075 1063 3130; baseline -0.002 -15"><span class='ocrx_word' id='word_1_341' title='bbox 87 3126 91 3130; x_wconf 40' lang='grc'><em>,</em></span> <span class='ocrx_word' id='word_1_342' title='bbox 122 3080 226 3116; x_wconf 86' lang='lat' dir='ltr'>ravit</span> <span class='ocrx_word' id='word_1_343' title='bbox 257 3079 295 3116; x_wconf 91' lang='lat' dir='ltr'>in</span> <span class='ocrx_word' id='word_1_344' title='bbox 335 3089 539 3115; x_wconf 85' lang='lat' dir='ltr'>numerosa</span> <span class='ocrx_word' id='word_1_345' title='bbox 571 3075 717 3124; x_wconf 67' lang='lat' dir='ltr'>synodo</span> <span class='ocrx_word' id='word_1_346' title='bbox 749 3075 1063 3123; x_wconf 85' lang='lat' dir='ltr'>Aquisgranensi.</span> 
     </span>
     <span class='ocr_line' id='line_1_57' title="bbox 123 3130 1065 3182; baseline -0.006 -12"><span class='ocrx_word' id='word_1_347' title='bbox 123 3132 398 3182; x_wconf 87' lang='lat' dir='ltr'>Theodulphus</span> <span class='ocrx_word' id='word_1_348' title='bbox 422 3132 586 3169; x_wconf 87' lang='lat' dir='ltr'>Patrum</span> <span class='ocrx_word' id='word_1_349' title='bbox 620 3132 702 3166; x_wconf 89' lang='lat' dir='ltr'>tum</span> <span class='ocrx_word' id='word_1_350' title='bbox 730 3139 955 3176; x_wconf 80' lang='lat' dir='ltr'>graecorum</span> <span class='ocrx_word' id='word_1_351' title='bbox 983 3130 1065 3165; x_wconf 88' lang='lat' dir='ltr'>tum</span> 
     </span>
     <span class='ocr_line' id='line_1_58' title="bbox 124 3180 1066 3231; baseline -0.005 -8"><span class='ocrx_word' id='word_1_352' title='bbox 124 3184 333 3224; x_wconf 86' lang='lat' dir='ltr'>latinorum</span> <span class='ocrx_word' id='word_1_353' title='bbox 349 3184 571 3230; x_wconf 88' lang='lat' dir='ltr'>sententias,</span> <span class='ocrx_word' id='word_1_354' title='bbox 587 3182 724 3230; x_wconf 84' lang='lat' dir='ltr'>quibus</span> <span class='ocrx_word' id='word_1_355' title='bbox 742 3180 932 3231; x_wconf 89' lang='lat' dir='ltr'>processio</span> <span class='ocrx_word' id='word_1_356' title='bbox 951 3180 1066 3230; x_wconf 88' lang='lat' dir='ltr'>Spiri-</span> 
     </span>
    </p>
   </div>
   <div class='ocr_carea' id='block_1_3' title="bbox 1892 110 1970 149">
    <p class='ocr_par' dir='ltr' id='par_1_5' title="bbox 1892 110 1970 149">
     <span class='ocr_line' id='line_1_59' title="bbox 1892 110 1970 149; baseline -0.026 0"><span class='ocrx_word' id='word_1_357' title='bbox 1892 110 1970 149; x_wconf 80' lang='lat'>217</span> 
     </span>
    </p>
   </div>
   <div class='ocr_carea' id='block_1_4' title="bbox 1089 185 2052 3003">
    <p class='ocr_par' dir='ltr' id='par_1_6' title="bbox 1089 185 2042 1089">
     <span class='ocr_line' id='line_1_60' title="bbox 1090 185 2035 240; baseline -0.01 -10"><span class='ocrx_word' id='word_1_358' title='bbox 1090 195 1153 231; x_wconf 90' lang='lat' dir='ltr'>tus</span> <span class='ocrx_word' id='word_1_359' title='bbox 1167 193 1204 232; x_wconf 90' lang='lat' dir='ltr'>S.</span> <span class='ocrx_word' id='word_1_360' title='bbox 1221 205 1269 231; x_wconf 80' lang='lat' dir='ltr'>ex</span> <span class='ocrx_word' id='word_1_361' title='bbox 1285 192 1382 230; x_wconf 87' lang='lat' dir='ltr'>Filio</span> <span class='ocrx_word' id='word_1_362' title='bbox 1397 201 1518 240; x_wconf 88' lang='lat' dir='ltr'>aeque</span> <span class='ocrx_word' id='word_1_363' title='bbox 1537 201 1583 226; x_wconf 90' lang='lat' dir='ltr'>ac</span> <span class='ocrx_word' id='word_1_364' title='bbox 1602 199 1652 226; x_wconf 82' lang='lat' dir='ltr'>ex</span> <span class='ocrx_word' id='word_1_365' title='bbox 1671 187 1791 225; x_wconf 88' lang='lat' dir='ltr'>Patre</span> <span class='ocrx_word' id='word_1_366' title='bbox 1810 185 2035 235; x_wconf 85' lang='lat' dir='ltr'>comproba-</span> 
     </span>
     <span class='ocr_line' id='line_1_61' title="bbox 1089 237 2034 294; baseline -0.012 -9"><span class='ocrx_word' id='word_1_367' title='bbox 1089 249 1210 293; x_wconf 87' lang='lat' dir='ltr'>retur,</span> <span class='ocrx_word' id='word_1_368' title='bbox 1226 245 1453 294; x_wconf 87' lang='lat' dir='ltr'>eonscripsit</span> <span class='ocrx_word' id='word_1_369' title='bbox 1471 243 1631 291; x_wconf 88' lang='lat' dir='ltr'>eiusque</span> <span class='ocrx_word' id='word_1_370' title='bbox 1652 241 1748 279; x_wconf 89' lang='lat' dir='ltr'>liber</span> <span class='ocrx_word' id='word_1_371' title='bbox 1767 239 1899 289; x_wconf 85' lang='lat' dir='ltr'>procul</span> <span class='ocrx_word' id='word_1_372' title='bbox 1919 237 2034 276; x_wconf 90' lang='lat' dir='ltr'>dubio</span> 
     </span>
     <span class='ocr_line' id='line_1_62' title="bbox 1090 290 2037 345; baseline -0.011 -8"><span class='ocrx_word' id='word_1_373' title='bbox 1090 301 1270 345; x_wconf 88' lang='lat' dir='ltr'>contulit,</span> <span class='ocrx_word' id='word_1_374' title='bbox 1292 302 1334 337; x_wconf 92' lang='lat' dir='ltr'>nt</span> <span class='ocrx_word' id='word_1_375' title='bbox 1353 310 1447 336; x_wconf 88' lang='lat' dir='ltr'>vera</span> <span class='ocrx_word' id='word_1_376' title='bbox 1471 296 1647 335; x_wconf 88' lang='lat' dir='ltr'>doctrina</span> <span class='ocrx_word' id='word_1_377' title='bbox 1674 294 1713 331; x_wconf 91' lang='lat' dir='ltr'>in</span> <span class='ocrx_word' id='word_1_378' title='bbox 1733 290 2037 341; x_wconf 85' lang='lat' dir='ltr'>Aquisgranensi</span> 
     </span>
     <span class='ocr_line' id='line_1_63' title="bbox 1090 344 2038 402; baseline -0.011 -12"><span class='ocrx_word' id='word_1_379' title='bbox 1090 354 1235 402; x_wconf 64' lang='lat' dir='ltr'>synodo</span> <span class='ocrx_word' id='word_1_380' title='bbox 1252 352 1560 390; x_wconf 88' lang='lat' dir='ltr'>confirmaretur.</span> <span class='ocrx_word' id='word_1_381' title='bbox 1579 349 1633 387; x_wconf 91' lang='lat' dir='ltr'>Ut</span> <span class='ocrx_word' id='word_1_382' title='bbox 1648 349 1780 385; x_wconf 89' lang='lat' dir='ltr'>autem</span> <span class='ocrx_word' id='word_1_383' title='bbox 1797 344 1970 394; x_wconf 85' lang='lat' dir='ltr'>quaestio</span> <span class='ocrx_word' id='word_1_384' title='bbox 1986 344 2038 392; x_wconf 88' lang='lat' dir='ltr'>ip-</span> 
     </span>
     <span class='ocr_line' id='line_1_64' title="bbox 1090 399 2034 446; baseline -0.01 -4"><span class='ocrx_word' id='word_1_385' title='bbox 1090 409 1170 444; x_wconf 83' lang='lat' dir='ltr'>sius</span> <span class='ocrx_word' id='word_1_386' title='bbox 1187 405 1386 444; x_wconf 73' lang='lat' dir='ltr'>pontificis</span> <span class='ocrx_word' id='word_1_387' title='bbox 1402 403 1635 441; x_wconf 87' lang='lat' dir='ltr'>auctoritate</span> <span class='ocrx_word' id='word_1_388' title='bbox 1656 399 1894 444; x_wconf 85' lang='lat' dir='ltr'>definiretur,</span> <span class='ocrx_word' id='word_1_389' title='bbox 1914 409 2034 446; x_wconf 81' lang='lat' dir='ltr'>syno-</span> 
     </span>
     <span class='ocr_line' id='line_1_65' title="bbox 1090 451 2037 505; baseline -0.01 -10"><span class='ocrx_word' id='word_1_390' title='bbox 1090 460 1162 496; x_wconf 88' lang='lat' dir='ltr'>dus</span> <span class='ocrx_word' id='word_1_391' title='bbox 1191 461 1353 496; x_wconf 81' lang='lat' dir='ltr'>Romam</span> <span class='ocrx_word' id='word_1_392' title='bbox 1382 457 1530 505; x_wconf 84' lang='lat' dir='ltr'>legavit</span> <span class='ocrx_word' id='word_1_393' title='bbox 1557 454 1787 492; x_wconf 87' lang='lat' dir='ltr'>Bernarium</span> <span class='ocrx_word' id='word_1_394' title='bbox 1816 451 2037 500; x_wconf 90' lang='lat' dir='ltr'>episcopum</span> 
     </span>
     <span class='ocr_line' id='line_1_66' title="bbox 1091 504 2036 550; baseline -0.011 0"><span class='ocrx_word' id='word_1_395' title='bbox 1091 512 1419 550; x_wconf 73' lang='lat' dir='ltr'>Wovmationsem</span> <span class='ocrx_word' id='word_1_396' title='bbox 1437 513 1475 546; x_wconf 91' lang='lat' dir='ltr'>et</span> <span class='ocrx_word' id='word_1_397' title='bbox 1487 507 1724 546; x_wconf 85' lang='lat' dir='ltr'>Adalardum</span> <span class='ocrx_word' id='word_1_398' title='bbox 1742 506 1923 544; x_wconf 84' lang='lat' dir='ltr'>abbatem</span> <span class='ocrx_word' id='word_1_399' title='bbox 1939 504 2036 541; x_wconf 85' lang='lat' dir='ltr'>Cor-</span> 
     </span>
     <span class='ocr_line' id='line_1_67' title="bbox 1090 557 2038 609; baseline -0.009 -7"><span class='ocrx_word' id='word_1_400' title='bbox 1090 565 1296 602; x_wconf 89' lang='lat' dir='ltr'>beicnsem.</span> <span class='ocrx_word' id='word_1_401' title='bbox 1311 564 1388 600; x_wconf 89' lang='lat' dir='ltr'>Leo</span> <span class='ocrx_word' id='word_1_402' title='bbox 1405 562 1459 599; x_wconf 89' lang='lat' dir='ltr'>III</span> <span class='ocrx_word' id='word_1_403' title='bbox 1478 561 1692 599; x_wconf 87' lang='lat' dir='ltr'>doctrinam</span> <span class='ocrx_word' id='word_1_404' title='bbox 1721 560 1767 597; x_wconf 92' lang='lat' dir='ltr'>de</span> <span class='ocrx_word' id='word_1_405' title='bbox 1794 557 2038 609; x_wconf 87' lang='lat' dir='ltr'>processione</span> 
     </span>
     <span class='ocr_line' id='line_1_68' title="bbox 1091 610 2041 665; baseline -0.007 -11"><span class='ocrx_word' id='word_1_406' title='bbox 1091 617 1257 665; x_wconf 89' lang='lat' dir='ltr'>Spiritus</span> <span class='ocrx_word' id='word_1_407' title='bbox 1272 618 1309 654; x_wconf 91' lang='lat' dir='ltr'>S.</span> <span class='ocrx_word' id='word_1_408' title='bbox 1323 628 1370 654; x_wconf 79' lang='lat' dir='ltr'>ex</span> <span class='ocrx_word' id='word_1_409' title='bbox 1388 616 1507 652; x_wconf 86' lang='lat' dir='ltr'>Patre</span> <span class='ocrx_word' id='word_1_410' title='bbox 1528 617 1567 652; x_wconf 91' lang='lat' dir='ltr'>et</span> <span class='ocrx_word' id='word_1_411' title='bbox 1589 626 1637 651; x_wconf 83' lang='lat' dir='ltr'>ex</span> <span class='ocrx_word' id='word_1_412' title='bbox 1652 613 1752 651; x_wconf 85' lang='lat' dir='ltr'>Filio</span> <span class='ocrx_word' id='word_1_413' title='bbox 1768 613 1881 662; x_wconf 90' lang='lat' dir='ltr'>plane</span> <span class='ocrx_word' id='word_1_414' title='bbox 1901 610 2041 660; x_wconf 84' lang='lat' dir='ltr'>proba-</span> 
     </span>
     <span class='ocr_line' id='line_1_69' title="bbox 1091 665 2040 716; baseline -0.008 -8"><span class='ocrx_word' id='word_1_415' title='bbox 1091 670 1160 716; x_wconf 90' lang='lat' dir='ltr'>vit,</span> <span class='ocrx_word' id='word_1_416' title='bbox 1173 672 1212 707; x_wconf 90' lang='lat' dir='ltr'>et</span> <span class='ocrx_word' id='word_1_417' title='bbox 1227 669 1463 707; x_wconf 87' lang='lat' dir='ltr'>contrarium</span> <span class='ocrx_word' id='word_1_418' title='bbox 1480 667 1622 705; x_wconf 87' lang='lat' dir='ltr'>sentire</span> <span class='ocrx_word' id='word_1_419' title='bbox 1639 666 1701 703; x_wconf 89' lang='lat' dir='ltr'>vel</span> <span class='ocrx_word' id='word_1_420' title='bbox 1718 666 1854 703; x_wconf 90' lang='lat' dir='ltr'>docere</span> <span class='ocrx_word' id='word_1_421' title='bbox 1870 665 1940 702; x_wconf 92' lang='lat' dir='ltr'>sub</span> <span class='ocrx_word' id='word_1_422' title='bbox 1956 674 2040 713; x_wconf 88' lang='lat' dir='ltr'>poe-</span> 
     </span>
     <span class='ocr_line' id='line_1_70' title="bbox 1091 717 2039 768; baseline -0.006 -8"><span class='ocrx_word' id='word_1_423' title='bbox 1091 734 1139 759; x_wconf 88' lang='lat' dir='ltr'>na</span> <span class='ocrx_word' id='word_1_424' title='bbox 1175 720 1584 760; x_wconf 79' lang='lat' dir='ltr'>excommunicationis</span> <span class='ocrx_word' id='word_1_425' title='bbox 1612 719 1836 768; x_wconf 85' lang='lat' dir='ltr'>prohibuit</span> <span class='ocrx_word' id='word_1_426' title='bbox 1864 717 1932 756; x_wconf 90' lang='lat' dir='ltr'>sed</span> <span class='ocrx_word' id='word_1_427' title='bbox 1949 745 1958 761; x_wconf 89' lang='lat'>,</span> <span class='ocrx_word' id='word_1_428' title='bbox 1992 728 2039 753; x_wconf 90' lang='lat' dir='ltr'>ne</span> 
     </span>
     <span class='ocr_line' id='line_1_71' title="bbox 1090 769 2037 822; baseline -0.008 -8"><span class='ocrx_word' id='word_1_429' title='bbox 1090 776 1246 814; x_wconf 89' lang='lat' dir='ltr'>Graecis</span> <span class='ocrx_word' id='word_1_430' title='bbox 1261 775 1497 813; x_wconf 88' lang='lat' dir='ltr'>occasionem</span> <span class='ocrx_word' id='word_1_431' title='bbox 1513 773 1717 822; x_wconf 88' lang='lat' dir='ltr'>praeberet</span> <span class='ocrx_word' id='word_1_432' title='bbox 1727 770 1957 808; x_wconf 88' lang='lat' dir='ltr'>criminandi</span> <span class='ocrx_word' id='word_1_433' title='bbox 1969 769 2037 807; x_wconf 89' lang='lat' dir='ltr'>La-</span> 
     </span>
     <span class='ocr_line' id='line_1_72' title="bbox 1090 825 2039 878; baseline -0.008 -11"><span class='ocrx_word' id='word_1_434' title='bbox 1090 830 1203 876; x_wconf 87' lang='lat' dir='ltr'>tinos,</span> <span class='ocrx_word' id='word_1_435' title='bbox 1218 841 1262 867; x_wconf 90' lang='lat' dir='ltr'>ac</span> <span class='ocrx_word' id='word_1_436' title='bbox 1281 829 1312 867; x_wconf 89' lang='lat' dir='ltr'>si</span> <span class='ocrx_word' id='word_1_437' title='bbox 1333 827 1551 878; x_wconf 70' lang='lat' dir='ltr'>symbolum</span> <span class='ocrx_word' id='word_1_438' title='bbox 1567 825 1632 874; x_wconf 90' lang='lat' dir='ltr'>Cp.</span> <span class='ocrx_word' id='word_1_439' title='bbox 1649 826 1954 870; x_wconf 87' lang='lat' dir='ltr'>contemnerent,</span> <span class='ocrx_word' id='word_1_440' title='bbox 1969 835 2039 872; x_wconf 91' lang='lat' dir='ltr'>ap-</span> 
     </span>
     <span class='ocr_line' id='line_1_73' title="bbox 1090 878 2040 931; baseline -0.006 -13"><span class='ocrx_word' id='word_1_441' title='bbox 1090 884 1252 931; x_wconf 89' lang='lat' dir='ltr'>probare</span> <span class='ocrx_word' id='word_1_442' title='bbox 1281 882 1403 920; x_wconf 90' lang='lat' dir='ltr'>noluit</span> <span class='ocrx_word' id='word_1_443' title='bbox 1431 879 1665 918; x_wconf 88' lang='lat' dir='ltr'>additionem</span> <span class='ocrx_word' id='word_1_444' title='bbox 1686 878 1870 926; x_wconf 73' lang='lat' dir='ltr'>Filioque</span> <span class='ocrx_word' id='word_1_445' title='bbox 1887 906 1896 923; x_wconf 88' lang='lat'>,</span> <span class='ocrx_word' id='word_1_446' title='bbox 1924 887 2040 925; x_wconf 88' lang='lat' dir='ltr'>quam</span> 
     </span>
     <span class='ocr_line' id='line_1_74' title="bbox 1090 928 2042 984; baseline -0.009 -10"><span class='ocrx_word' id='word_1_447' title='bbox 1090 936 1231 974; x_wconf 85' lang='lat' dir='ltr'>Franci</span> <span class='ocrx_word' id='word_1_448' title='bbox 1258 935 1429 984; x_wconf 79' lang='lat' dir='ltr'>symbolo</span> <span class='ocrx_word' id='word_1_449' title='bbox 1446 933 1639 978; x_wconf 84' lang='lat' dir='ltr'>fecerant,</span> <span class='ocrx_word' id='word_1_450' title='bbox 1659 931 1873 978; x_wconf 88' lang='lat' dir='ltr'>horumque</span> <span class='ocrx_word' id='word_1_451' title='bbox 1901 928 2042 978; x_wconf 85' lang='lat' dir='ltr'>legatis</span> 
     </span>
     <span class='ocr_line' id='line_1_75' title="bbox 1092 981 2040 1038; baseline -0.009 -11"><span class='ocrx_word' id='word_1_452' title='bbox 1092 989 1302 1038; x_wconf 87' lang='lat' dir='ltr'>respondit,</span> <span class='ocrx_word' id='word_1_453' title='bbox 1327 991 1368 1025; x_wconf 89' lang='lat' dir='ltr'>ut</span> <span class='ocrx_word' id='word_1_454' title='bbox 1387 999 1469 1025; x_wconf 88' lang='lat' dir='ltr'>mos</span> <span class='ocrx_word' id='word_1_455' title='bbox 1487 987 1543 1023; x_wconf 89' lang='lat' dir='ltr'>ita</span> <span class='ocrx_word' id='word_1_456' title='bbox 1559 984 1779 1034; x_wconf 81' lang='lat' dir='ltr'>symbolum</span> <span class='ocrx_word' id='word_1_457' title='bbox 1799 983 1980 1020; x_wconf 88' lang='lat' dir='ltr'>cantandi</span> <span class='ocrx_word' id='word_1_458' title='bbox 2001 981 2040 1018; x_wconf 90' lang='lat' dir='ltr'>in</span> 
     </span>
     <span class='ocr_line' id='line_1_76' title="bbox 1093 1035 2040 1089; baseline -0.01 -9"><span class='ocrx_word' id='word_1_459' title='bbox 1093 1042 1262 1080; x_wconf 89' lang='lat' dir='ltr'>ecclesiis</span> <span class='ocrx_word' id='word_1_460' title='bbox 1282 1041 1432 1079; x_wconf 83' lang='lat' dir='ltr'>Galliae</span> <span class='ocrx_word' id='word_1_461' title='bbox 1453 1037 1635 1089; x_wconf 86' lang='lat' dir='ltr'>prudenti</span> <span class='ocrx_word' id='word_1_462' title='bbox 1654 1036 1804 1075; x_wconf 84' lang='lat' dir='ltr'>ratione</span> <span class='ocrx_word' id='word_1_463' title='bbox 1825 1035 2040 1073; x_wconf 87' lang='lat' dir='ltr'>tolleretur.</span> 
     </span>
    </p>

    <p class='ocr_par' dir='ltr' id='par_1_7' title="bbox 1095 1088 2045 1623">
     <span class='ocr_line' id='line_1_77' title="bbox 1145 1088 2042 1137; baseline -0.009 -4"><span class='ocrx_word' id='word_1_464' title='bbox 1145 1096 1424 1133; x_wconf 84' lang='lat' dir='ltr'>Verumtamen</span> <span class='ocrx_word' id='word_1_465' title='bbox 1449 1105 1523 1130; x_wconf 89' lang='lat' dir='ltr'>non</span> <span class='ocrx_word' id='word_1_466' title='bbox 1545 1093 1701 1128; x_wconf 88' lang='lat' dir='ltr'>tantum</span> <span class='ocrx_word' id='word_1_467' title='bbox 1720 1090 1758 1126; x_wconf 90' lang='lat' dir='ltr'>in</span> <span class='ocrx_word' id='word_1_468' title='bbox 1777 1088 1986 1137; x_wconf 84' lang='lat' dir='ltr'>Hispaniae</span> <span class='ocrx_word' id='word_1_469' title='bbox 2002 1091 2042 1126; x_wconf 91' lang='lat' dir='ltr'>et</span> 
     </span>
     <span class='ocr_line' id='line_1_78' title="bbox 1095 1141 2042 1195; baseline -0.011 -8"><span class='ocrx_word' id='word_1_470' title='bbox 1095 1149 1264 1195; x_wconf 83' lang='lat' dir='ltr'>Galliae,</span> <span class='ocrx_word' id='word_1_471' title='bbox 1284 1149 1350 1186; x_wconf 90' lang='lat' dir='ltr'>sed</span> <span class='ocrx_word' id='word_1_472' title='bbox 1372 1146 1514 1185; x_wconf 91' lang='lat' dir='ltr'>sensim</span> <span class='ocrx_word' id='word_1_473' title='bbox 1535 1145 1653 1182; x_wconf 90' lang='lat' dir='ltr'>etiam</span> <span class='ocrx_word' id='word_1_474' title='bbox 1674 1143 1710 1180; x_wconf 92' lang='lat' dir='ltr'>in</span> <span class='ocrx_word' id='word_1_475' title='bbox 1733 1141 1978 1187; x_wconf 82' lang='lat' dir='ltr'>Germaniae,</span> <span class='ocrx_word' id='word_1_476' title='bbox 1998 1142 2042 1179; x_wconf 91' lang='lat' dir='ltr'>I-</span> 
     </span>
     <span class='ocr_line' id='line_1_79' title="bbox 1095 1194 2044 1250; baseline -0.009 -11"><span class='ocrx_word' id='word_1_477' title='bbox 1095 1202 1215 1241; x_wconf 85' lang='lat' dir='ltr'>taliae</span> <span class='ocrx_word' id='word_1_478' title='bbox 1237 1202 1399 1250; x_wconf 82' lang='lat' dir='ltr'>aliisque</span> <span class='ocrx_word' id='word_1_479' title='bbox 1421 1198 1594 1237; x_wconf 87' lang='lat' dir='ltr'>ecclesiis</span> <span class='ocrx_word' id='word_1_480' title='bbox 1613 1196 1746 1235; x_wconf 88' lang='lat' dir='ltr'>latinis</span> <span class='ocrx_word' id='word_1_481' title='bbox 1765 1198 1884 1243; x_wconf 86' lang='lat' dir='ltr'>atque</span> <span class='ocrx_word' id='word_1_482' title='bbox 1904 1194 1942 1231; x_wconf 91' lang='lat' dir='ltr'>in</span> <span class='ocrx_word' id='word_1_483' title='bbox 1962 1195 2044 1243; x_wconf 89' lang='lat' dir='ltr'>ipsa</span> 
     </span>
     <span class='ocr_line' id='line_1_80' title="bbox 1096 1249 2043 1298; baseline -0.011 -5"><span class='ocrx_word' id='word_1_484' title='bbox 1096 1258 1273 1294; x_wconf 88' lang='lat' dir='ltr'>Romana</span> <span class='ocrx_word' id='word_1_485' title='bbox 1305 1266 1397 1292; x_wconf 88' lang='lat' dir='ltr'>usus</span> <span class='ocrx_word' id='word_1_486' title='bbox 1428 1251 1617 1298; x_wconf 84' lang='lat' dir='ltr'>obtinuit,</span> <span class='ocrx_word' id='word_1_487' title='bbox 1645 1253 1688 1287; x_wconf 90' lang='lat' dir='ltr'>ut</span> <span class='ocrx_word' id='word_1_488' title='bbox 1715 1249 1932 1298; x_wconf 79' lang='lat' dir='ltr'>symbolum</span> <span class='ocrx_word' id='word_1_489' title='bbox 1953 1258 2043 1284; x_wconf 91' lang='lat' dir='ltr'>cum</span> 
     </span>
     <span class='ocr_line' id='line_1_81' title="bbox 1096 1303 2045 1356; baseline -0.011 -9"><span class='ocrx_word' id='word_1_490' title='bbox 1096 1309 1291 1347; x_wconf 89' lang='lat' dir='ltr'>additione</span> <span class='ocrx_word' id='word_1_491' title='bbox 1319 1309 1510 1356; x_wconf 64' lang='lat' dir='ltr'>Filioque</span> <span class='ocrx_word' id='word_1_492' title='bbox 1528 1305 1726 1353; x_wconf 87' lang='lat' dir='ltr'>legeretur</span> <span class='ocrx_word' id='word_1_493' title='bbox 1744 1304 1784 1339; x_wconf 90' lang='lat' dir='ltr'>et</span> <span class='ocrx_word' id='word_1_494' title='bbox 1803 1303 2045 1338; x_wconf 87' lang='lat' dir='ltr'>cantaretur.</span> 
     </span>
     <span class='ocr_line' id='line_1_82' title="bbox 1096 1354 2045 1404; baseline -0.012 -4"><span class='ocrx_word' id='word_1_495' title='bbox 1096 1363 1296 1404; x_wconf 83' lang='lat' dir='ltr'>Quodnam</span> <span class='ocrx_word' id='word_1_496' title='bbox 1327 1361 1365 1398; x_wconf 90' lang='lat' dir='ltr'>id</span> <span class='ocrx_word' id='word_1_497' title='bbox 1394 1360 1543 1398; x_wconf 88' lang='lat' dir='ltr'>factum</span> <span class='ocrx_word' id='word_1_498' title='bbox 1572 1357 1623 1396; x_wconf 87' lang='lat' dir='ltr'>sit</span> <span class='ocrx_word' id='word_1_499' title='bbox 1648 1356 1688 1393; x_wconf 90' lang='lat' dir='ltr'>in</span> <span class='ocrx_word' id='word_1_500' title='bbox 1719 1354 1879 1393; x_wconf 85' lang='lat' dir='ltr'>ecclesia</span> <span class='ocrx_word' id='word_1_501' title='bbox 1900 1354 2045 1391; x_wconf 86' lang='lat' dir='ltr'>Roma-</span> 
     </span>
     <span class='ocr_line' id='line_1_83' title="bbox 1098 1406 2044 1460; baseline -0.011 -7"><span class='ocrx_word' id='word_1_502' title='bbox 1098 1428 1159 1460; x_wconf 90' lang='lat' dir='ltr'>na,</span> <span class='ocrx_word' id='word_1_503' title='bbox 1188 1416 1291 1453; x_wconf 90' lang='lat' dir='ltr'>haud</span> <span class='ocrx_word' id='word_1_504' title='bbox 1312 1418 1462 1452; x_wconf 90' lang='lat' dir='ltr'>certum</span> <span class='ocrx_word' id='word_1_505' title='bbox 1483 1414 1554 1457; x_wconf 89' lang='lat' dir='ltr'>est,</span> <span class='ocrx_word' id='word_1_506' title='bbox 1575 1410 1638 1448; x_wconf 88' lang='lat' dir='ltr'>alii</span> <span class='ocrx_word' id='word_1_507' title='bbox 1658 1410 1751 1447; x_wconf 89' lang='lat' dir='ltr'>illud</span> <span class='ocrx_word' id='word_1_508' title='bbox 1773 1409 1822 1446; x_wconf 91' lang='lat' dir='ltr'>ad</span> <span class='ocrx_word' id='word_1_509' title='bbox 1841 1406 1994 1445; x_wconf 87' lang='lat' dir='ltr'>Nicolai</span> <span class='ocrx_word' id='word_1_510' title='bbox 2014 1407 2044 1452; x_wconf 93' lang='lat' dir='ltr'>I,</span> 
     </span>
     <span class='ocr_line' id='line_1_84' title="bbox 1097 1460 2043 1518; baseline -0.012 -11"><span class='ocrx_word' id='word_1_511' title='bbox 1097 1470 1161 1518; x_wconf 88' lang='lat' dir='ltr'>qui</span> <span class='ocrx_word' id='word_1_512' title='bbox 1182 1468 1392 1506; x_wconf 87' lang='lat' dir='ltr'>Ecclesiam</span> <span class='ocrx_word' id='word_1_513' title='bbox 1410 1467 1512 1504; x_wconf 80' lang='lat' dir='ltr'>rexit</span> <span class='ocrx_word' id='word_1_514' title='bbox 1527 1466 1575 1503; x_wconf 87' lang='lat' dir='ltr'>ab</span> <span class='ocrx_word' id='word_1_515' title='bbox 1596 1476 1656 1501; x_wconf 88' lang='lat' dir='ltr'>an.</span> <span class='ocrx_word' id='word_1_516' title='bbox 1679 1462 1754 1500; x_wconf 82' lang='lat'>858</span> <span class='ocrx_word' id='word_1_517' title='bbox 1776 1473 1898 1509; x_wconf 88' lang='lat' dir='ltr'>usque</span> <span class='ocrx_word' id='word_1_518' title='bbox 1918 1460 1965 1497; x_wconf 90' lang='lat' dir='ltr'>ad</span> <span class='ocrx_word' id='word_1_519' title='bbox 1982 1471 2043 1497; x_wconf 87' lang='lat' dir='ltr'>an.</span> 
     </span>
     <span class='ocr_line' id='line_1_85' title="bbox 1098 1514 2042 1568; baseline -0.011 -9"><span class='ocrx_word' id='word_1_520' title='bbox 1098 1522 1186 1568; x_wconf 77' lang='lat'>867,</span> <span class='ocrx_word' id='word_1_521' title='bbox 1207 1522 1273 1559; x_wconf 90' lang='lat' dir='ltr'>alii</span> <span class='ocrx_word' id='word_1_522' title='bbox 1293 1522 1341 1559; x_wconf 88' lang='lat' dir='ltr'>ad</span> <span class='ocrx_word' id='word_1_523' title='bbox 1361 1519 1558 1558; x_wconf 88' lang='lat' dir='ltr'>Benedicti</span> <span class='ocrx_word' id='word_1_524' title='bbox 1580 1517 1687 1562; x_wconf 89' lang='lat' dir='ltr'>VIII,</span> <span class='ocrx_word' id='word_1_525' title='bbox 1707 1516 1772 1564; x_wconf 89' lang='lat' dir='ltr'>qui</span> <span class='ocrx_word' id='word_1_526' title='bbox 1793 1514 1893 1552; x_wconf 82' lang='lat' dir='ltr'>sedit</span> <span class='ocrx_word' id='word_1_527' title='bbox 1913 1514 1960 1550; x_wconf 87' lang='lat' dir='ltr'>ab</span> <span class='ocrx_word' id='word_1_528' title='bbox 1980 1525 2042 1550; x_wconf 88' lang='lat' dir='ltr'>an-</span> 
     </span>
     <span class='ocr_line' id='line_1_86' title="bbox 1099 1563 2045 1623; baseline -0.011 -10"><span class='ocrx_word' id='word_1_529' title='bbox 1099 1588 1146 1613; x_wconf 91' lang='lat' dir='ltr'>no</span> <span class='ocrx_word' id='word_1_530' title='bbox 1178 1576 1279 1613; x_wconf 75' lang='lat'>1012</span> <span class='ocrx_word' id='word_1_531' title='bbox 1300 1586 1418 1623; x_wconf 85' lang='lat' dir='ltr'>usque</span> <span class='ocrx_word' id='word_1_532' title='bbox 1438 1574 1485 1610; x_wconf 90' lang='lat' dir='ltr'>ad</span> <span class='ocrx_word' id='word_1_533' title='bbox 1508 1572 1622 1616; x_wconf 77' lang='lat'>1024,</span> <span class='ocrx_word' id='word_1_534' title='bbox 1641 1572 1819 1618; x_wconf 88' lang='lat' dir='ltr'>tempora</span> <span class='ocrx_word' id='word_1_535' title='bbox 1837 1563 2045 1605; x_wconf 49' lang='lat' dir='ltr'>referunt&amp;</span> 
     </span>
    </p>

    <p class='ocr_par' dir='ltr' id='par_1_8' title="bbox 1097 1620 2048 1891">
     <span class='ocr_line' id='line_1_87' title="bbox 1151 1620 2046 1676; baseline -0.011 -10"><span class='ocrx_word' id='word_1_536' title='bbox 1151 1629 1294 1666; x_wconf 86' lang='lat' dir='ltr'>Postea</span> <span class='ocrx_word' id='word_1_537' title='bbox 1327 1632 1366 1665; x_wconf 90' lang='lat' dir='ltr'>et</span> <span class='ocrx_word' id='word_1_538' title='bbox 1394 1628 1522 1676; x_wconf 88' lang='lat' dir='ltr'>ipsum</span> <span class='ocrx_word' id='word_1_539' title='bbox 1561 1625 1700 1672; x_wconf 81' lang='lat' dir='ltr'>dogma</span> <span class='ocrx_word' id='word_1_540' title='bbox 1729 1623 1774 1659; x_wconf 91' lang='lat' dir='ltr'>de</span> <span class='ocrx_word' id='word_1_541' title='bbox 1803 1620 2046 1670; x_wconf 82' lang='lat' dir='ltr'>processione</span> 
     </span>
     <span class='ocr_line' id='line_1_88' title="bbox 1097 1673 2048 1731; baseline -0.012 -11"><span class='ocrx_word' id='word_1_542' title='bbox 1097 1680 1265 1731; x_wconf 88' lang='lat' dir='ltr'>Spiritus</span> <span class='ocrx_word' id='word_1_543' title='bbox 1293 1682 1346 1728; x_wconf 91' lang='lat' dir='ltr'>S.,</span> <span class='ocrx_word' id='word_1_544' title='bbox 1367 1683 1406 1718; x_wconf 91' lang='lat' dir='ltr'>et</span> <span class='ocrx_word' id='word_1_545' title='bbox 1425 1678 1729 1717; x_wconf 84' lang='lat' dir='ltr'>declarationem</span> <span class='ocrx_word' id='word_1_546' title='bbox 1757 1687 1822 1712; x_wconf 88' lang='lat' dir='ltr'>seu</span> <span class='ocrx_word' id='word_1_547' title='bbox 1844 1673 2048 1723; x_wconf 84' lang='lat' dir='ltr'>expositio-</span> 
     </span>
     <span class='ocr_line' id='line_1_89' title="bbox 1099 1727 2047 1784; baseline -0.012 -11"><span class='ocrx_word' id='word_1_548' title='bbox 1099 1747 1185 1772; x_wconf 90' lang='lat' dir='ltr'>nem</span> <span class='ocrx_word' id='word_1_549' title='bbox 1202 1734 1406 1784; x_wconf 79' lang='lat' dir='ltr'>dogmatis,</span> <span class='ocrx_word' id='word_1_550' title='bbox 1427 1732 1599 1770; x_wconf 87' lang='lat' dir='ltr'>additam</span> <span class='ocrx_word' id='word_1_551' title='bbox 1620 1728 1795 1779; x_wconf 79' lang='lat' dir='ltr'>symbolo</span> <span class='ocrx_word' id='word_1_552' title='bbox 1810 1727 1875 1776; x_wconf 89' lang='lat' dir='ltr'>Cp.</span> <span class='ocrx_word' id='word_1_553' title='bbox 1897 1738 1964 1776; x_wconf 88' lang='lat' dir='ltr'>per</span> <span class='ocrx_word' id='word_1_554' title='bbox 1986 1738 2047 1764; x_wconf 94' lang='lat' dir='ltr'>vo-</span> 
     </span>
     <span class='ocr_line' id='line_1_90' title="bbox 1099 1779 2046 1835; baseline -0.011 -9"><span class='ocrx_word' id='word_1_555' title='bbox 1099 1788 1279 1826; x_wconf 87' lang='lat' dir='ltr'>cabulum</span> <span class='ocrx_word' id='word_1_556' title='bbox 1310 1788 1497 1835; x_wconf 73' lang='lat' dir='ltr'>Filioque</span> <span class='ocrx_word' id='word_1_557' title='bbox 1515 1815 1524 1831; x_wconf 94' lang='lat'>,</span> <span class='ocrx_word' id='word_1_558' title='bbox 1552 1796 1575 1822; x_wconf 87' lang='lat' dir='ltr'>a</span> <span class='ocrx_word' id='word_1_559' title='bbox 1603 1782 1762 1821; x_wconf 88' lang='lat' dir='ltr'>Graecis</span> <span class='ocrx_word' id='word_1_560' title='bbox 1789 1779 2046 1818; x_wconf 87' lang='lat' dir='ltr'>schismaticis</span> 
     </span>
     <span class='ocr_line' id='line_1_91' title="bbox 1099 1839 1574 1891; baseline -0.011 -11"><span class='ocrx_word' id='word_1_561' title='bbox 1099 1842 1328 1891; x_wconf 86' lang='lat' dir='ltr'>impugnata</span> <span class='ocrx_word' id='word_1_562' title='bbox 1346 1839 1574 1877; x_wconf 87' lang='lat' dir='ltr'>videbimus.</span> 
     </span>
    </p>

    <p class='ocr_par' dir='ltr' id='par_1_9' title="bbox 1100 1887 2052 2686">
     <span class='ocr_line' id='line_1_92' title="bbox 1154 1887 2045 1942; baseline -0.013 -9"><span class='ocrx_word' id='word_1_563' title='bbox 1154 1895 1214 1933; x_wconf 82' lang='lat'>16.</span> <span class='ocrx_word' id='word_1_564' title='bbox 1238 1894 1277 1932; x_wconf 81' lang='lat' dir='ltr'>S.</span> <span class='ocrx_word' id='word_1_565' title='bbox 1301 1893 1514 1942; x_wconf 65' lang='lat' dir='ltr'>Ludyerus</span> <span class='ocrx_word' id='word_1_566' title='bbox 1536 1891 1752 1929; x_wconf 67' lang='lat' dir='ltr'>Samonum</span> <span class='ocrx_word' id='word_1_567' title='bbox 1771 1887 1982 1936; x_wconf 78' lang='lat' dir='ltr'>apostolus</span> <span class='ocrx_word' id='word_1_568' title='bbox 1996 1906 2045 1913; x_wconf 91' lang='lat'></span> 
     </span>
     <span class='ocr_line' id='line_1_93' title="bbox 1100 1941 2047 1995; baseline -0.012 -9"><span class='ocrx_word' id='word_1_569' title='bbox 1100 1949 1252 1986; x_wconf 89' lang='lat' dir='ltr'>Interea</span> <span class='ocrx_word' id='word_1_570' title='bbox 1297 1944 1434 1995; x_wconf 86' lang='lat' dir='ltr'>religio</span> <span class='ocrx_word' id='word_1_571' title='bbox 1480 1943 1692 1983; x_wconf 88' lang='lat' dir='ltr'>christiana</span> <span class='ocrx_word' id='word_1_572' title='bbox 1736 1941 1840 1978; x_wconf 88' lang='lat' dir='ltr'>inter</span> <span class='ocrx_word' id='word_1_573' title='bbox 1872 1941 2047 1978; x_wconf 83' lang='lat' dir='ltr'>Saxones</span> 
     </span>
     <span class='ocr_line' id='line_1_94' title="bbox 1101 1992 2047 2051; baseline -0.012 -12"><span class='ocrx_word' id='word_1_574' title='bbox 1101 2013 1242 2051; x_wconf 83' lang='lat' dir='ltr'>magna</span> <span class='ocrx_word' id='word_1_575' title='bbox 1261 2000 1503 2038; x_wconf 88' lang='lat' dir='ltr'>incrementa</span> <span class='ocrx_word' id='word_1_576' title='bbox 1521 1996 1710 2046; x_wconf 88' lang='lat' dir='ltr'>capiebat.</span> <span class='ocrx_word' id='word_1_577' title='bbox 1731 1995 1838 2032; x_wconf 87' lang='lat' dir='ltr'>Inter</span> <span class='ocrx_word' id='word_1_578' title='bbox 1856 1992 2047 2030; x_wconf 78' lang='lat' dir='ltr'>Saxoniae</span> 
     </span>
     <span class='ocr_line' id='line_1_95' title="bbox 1102 2046 2048 2104; baseline -0.012 -11"><span class='ocrx_word' id='word_1_579' title='bbox 1102 2055 1293 2104; x_wconf 89' lang='lat' dir='ltr'>apostolos</span> <span class='ocrx_word' id='word_1_580' title='bbox 1315 2052 1477 2091; x_wconf 87' lang='lat' dir='ltr'>celebris</span> <span class='ocrx_word' id='word_1_581' title='bbox 1498 2053 1557 2089; x_wconf 87' lang='lat' dir='ltr'>est</span> <span class='ocrx_word' id='word_1_582' title='bbox 1575 2062 1605 2087; x_wconf 88' lang='grc'>3.</span> <span class='ocrx_word' id='word_1_583' title='bbox 1626 2050 1854 2098; x_wconf 84' lang='lat' dir='ltr'>Ludgerus,</span> <span class='ocrx_word' id='word_1_584' title='bbox 1875 2046 1940 2095; x_wconf 88' lang='lat' dir='ltr'>qui</span> <span class='ocrx_word' id='word_1_585' title='bbox 1960 2057 2048 2083; x_wconf 90' lang='lat' dir='ltr'>cum</span> 
     </span>
     <span class='ocr_line' id='line_1_96' title="bbox 1102 2098 2048 2156; baseline -0.012 -10"><span class='ocrx_word' id='word_1_586' title='bbox 1102 2108 1211 2146; x_wconf 89' lang='lat' dir='ltr'>annis</span> <span class='ocrx_word' id='word_1_587' title='bbox 1241 2107 1390 2156; x_wconf 87' lang='lat' dir='ltr'>aliquot</span> <span class='ocrx_word' id='word_1_588' title='bbox 1426 2103 1685 2154; x_wconf 81' lang='lat' dir='ltr'>Evangelium</span> <span class='ocrx_word' id='word_1_589' title='bbox 1713 2100 1976 2150; x_wconf 88' lang='lat' dir='ltr'>praedicasset</span> <span class='ocrx_word' id='word_1_590' title='bbox 2009 2098 2048 2136; x_wconf 90' lang='lat' dir='ltr'>in</span> 
     </span>
     <span class='ocr_line' id='line_1_97' title="bbox 1101 2152 2047 2207; baseline -0.013 -7"><span class='ocrx_word' id='word_1_591' title='bbox 1101 2161 1249 2207; x_wconf 82' lang='lat' dir='ltr'>Frisia,</span> <span class='ocrx_word' id='word_1_592' title='bbox 1288 2160 1422 2198; x_wconf 87' lang='lat' dir='ltr'>eodem</span> <span class='ocrx_word' id='word_1_593' title='bbox 1459 2156 1674 2196; x_wconf 85' lang='lat' dir='ltr'>ministerio</span> <span class='ocrx_word' id='word_1_594' title='bbox 1713 2155 1870 2192; x_wconf 83' lang='lat' dir='ltr'>functus</span> <span class='ocrx_word' id='word_1_595' title='bbox 1908 2154 1967 2190; x_wconf 89' lang='lat' dir='ltr'>est</span> <span class='ocrx_word' id='word_1_596' title='bbox 2009 2152 2047 2188; x_wconf 92' lang='lat' dir='ltr'>in</span> 
     </span>
     <span class='ocr_line' id='line_1_98' title="bbox 1102 2205 2048 2252; baseline -0.012 0"><span class='ocrx_word' id='word_1_597' title='bbox 1102 2215 1283 2252; x_wconf 79' lang='lat' dir='ltr'>Saxonia.</span> <span class='ocrx_word' id='word_1_598' title='bbox 1305 2214 1378 2251; x_wconf 88' lang='lat' dir='ltr'>An.</span> <span class='ocrx_word' id='word_1_599' title='bbox 1398 2212 1473 2250; x_wconf 84' lang='lat'>801</span> <span class='ocrx_word' id='word_1_600' title='bbox 1495 2213 1542 2249; x_wconf 86' lang='lat' dir='ltr'>ab</span> <span class='ocrx_word' id='word_1_601' title='bbox 1558 2206 1780 2248; x_wconf 87' lang='lat' dir='ltr'>Hildibaldo</span> <span class='ocrx_word' id='word_1_602' title='bbox 1796 2205 1967 2244; x_wconf 87' lang='lat' dir='ltr'>antistite</span> <span class='ocrx_word' id='word_1_603' title='bbox 1984 2205 2048 2242; x_wconf 89' lang='lat' dir='ltr'>Co-</span> 
     </span>
     <span class='ocr_line' id='line_1_99' title="bbox 1102 2259 2048 2312; baseline -0.012 -7"><span class='ocrx_word' id='word_1_604' title='bbox 1102 2268 1264 2305; x_wconf 88' lang='lat' dir='ltr'>loniensi</span> <span class='ocrx_word' id='word_1_605' title='bbox 1284 2267 1482 2304; x_wconf 87' lang='lat' dir='ltr'>ordinatus</span> <span class='ocrx_word' id='word_1_606' title='bbox 1502 2266 1560 2302; x_wconf 89' lang='lat' dir='ltr'>est</span> <span class='ocrx_word' id='word_1_607' title='bbox 1578 2263 1779 2312; x_wconf 83' lang='lat' dir='ltr'>episcopus</span> <span class='ocrx_word' id='word_1_608' title='bbox 1800 2259 2048 2307; x_wconf 87' lang='lat' dir='ltr'>Mimigarde-</span> 
     </span>
     <span class='ocr_line' id='line_1_100' title="bbox 1106 2314 2049 2367; baseline -0.013 -8"><span class='ocrx_word' id='word_1_609' title='bbox 1106 2321 1294 2359; x_wconf 83' lang='lat' dir='ltr'>fordensis</span> <span class='ocrx_word' id='word_1_610' title='bbox 1315 2320 1353 2357; x_wconf 91' lang='lat' dir='ltr'>in</span> <span class='ocrx_word' id='word_1_611' title='bbox 1373 2317 1624 2367; x_wconf 71' lang='lat' dir='ltr'>&#39;Westphalia</span> <span class='ocrx_word' id='word_1_612' title='bbox 1637 2345 1647 2363; x_wconf 96' lang='lat'>,</span> <span class='ocrx_word' id='word_1_613' title='bbox 1666 2315 1730 2364; x_wconf 88' lang='lat' dir='ltr'>qui</span> <span class='ocrx_word' id='word_1_614' title='bbox 1749 2315 1856 2351; x_wconf 90' lang='lat' dir='ltr'>locus</span> <span class='ocrx_word' id='word_1_615' title='bbox 1875 2314 2007 2361; x_wconf 86' lang='lat' dir='ltr'>postea</span> <span class='ocrx_word' id='word_1_616' title='bbox 2027 2323 2049 2348; x_wconf 89' lang='lat' dir='ltr'>a</span> 
     </span>
     <span class='ocr_line' id='line_1_101' title="bbox 1103 2364 2050 2421; baseline -0.014 -8"><span class='ocrx_word' id='word_1_617' title='bbox 1103 2374 1354 2419; x_wconf 86' lang='lat' dir='ltr'>monasterio,</span> <span class='ocrx_word' id='word_1_618' title='bbox 1374 2372 1476 2421; x_wconf 87' lang='lat' dir='ltr'>quod</span> <span class='ocrx_word' id='word_1_619' title='bbox 1496 2372 1534 2408; x_wconf 91' lang='lat' dir='ltr'>in</span> <span class='ocrx_word' id='word_1_620' title='bbox 1555 2383 1600 2408; x_wconf 91' lang='grc'>00</span> <span class='ocrx_word' id='word_1_621' title='bbox 1616 2367 1816 2413; x_wconf 77' lang='lat' dir='ltr'>excitavit,</span> <span class='ocrx_word' id='word_1_622' title='bbox 1833 2364 2050 2415; x_wconf 85' lang='lat' dir='ltr'>appellatus</span> 
     </span>
     <span class='ocr_line' id='line_1_102' title="bbox 1103 2419 2049 2470; baseline -0.015 -4"><span class='ocrx_word' id='word_1_623' title='bbox 1103 2430 1160 2466; x_wconf 88' lang='lat' dir='ltr'>est</span> <span class='ocrx_word' id='word_1_624' title='bbox 1180 2426 1473 2465; x_wconf 84' lang='lat' dir='ltr'>Monasterium.</span> <span class='ocrx_word' id='word_1_625' title='bbox 1493 2424 1572 2462; x_wconf 78' lang='lat' dir='ltr'>Vix</span> <span class='ocrx_word' id='word_1_626' title='bbox 1593 2422 1668 2460; x_wconf 89' lang='lat' dir='ltr'>dici</span> <span class='ocrx_word' id='word_1_627' title='bbox 1687 2423 1836 2470; x_wconf 88' lang='lat' dir='ltr'>potest,</span> <span class='ocrx_word' id='word_1_628' title='bbox 1865 2419 2049 2466; x_wconf 87' lang='lat' dir='ltr'>quantam</span> 
     </span>
     <span class='ocr_line' id='line_1_103' title="bbox 1104 2470 2051 2530; baseline -0.014 -11"><span class='ocrx_word' id='word_1_629' title='bbox 1104 2492 1259 2530; x_wconf 90' lang='lat' dir='ltr'>operam</span> <span class='ocrx_word' id='word_1_630' title='bbox 1276 2478 1431 2518; x_wconf 89' lang='lat' dir='ltr'>navarit</span> <span class='ocrx_word' id='word_1_631' title='bbox 1446 2475 1685 2525; x_wconf 84' lang='lat' dir='ltr'>extirpandis</span> <span class='ocrx_word' id='word_1_632' title='bbox 1704 2472 1946 2511; x_wconf 88' lang='lat' dir='ltr'>idololatriae</span> <span class='ocrx_word' id='word_1_633' title='bbox 1964 2470 2051 2507; x_wconf 89' lang='lat' dir='ltr'>reli-</span> 
     </span>
     <span class='ocr_line' id='line_1_104' title="bbox 1104 2524 2048 2583; baseline -0.014 -11"><span class='ocrx_word' id='word_1_634' title='bbox 1104 2535 1204 2583; x_wconf 87' lang='lat' dir='ltr'>quiis</span> <span class='ocrx_word' id='word_1_635' title='bbox 1233 2536 1272 2571; x_wconf 91' lang='lat' dir='ltr'>et</span> <span class='ocrx_word' id='word_1_636' title='bbox 1292 2531 1507 2570; x_wconf 77' lang='lat' dir='ltr'>excitandis</span> <span class='ocrx_word' id='word_1_637' title='bbox 1526 2529 1699 2567; x_wconf 89' lang='lat' dir='ltr'>ecclesiis</span> <span class='ocrx_word' id='word_1_638' title='bbox 1718 2529 1834 2574; x_wconf 83' lang='lat' dir='ltr'>atque</span> <span class='ocrx_word' id='word_1_639' title='bbox 1853 2524 2048 2562; x_wconf 88' lang='lat' dir='ltr'>monaste-</span> 
     </span>
     <span class='ocr_line' id='line_1_105' title="bbox 1105 2576 2052 2627; baseline -0.014 -2"><span class='ocrx_word' id='word_1_640' title='bbox 1105 2588 1183 2625; x_wconf 91' lang='lat' dir='ltr'>riis.</span> <span class='ocrx_word' id='word_1_641' title='bbox 1204 2587 1309 2624; x_wconf 83' lang='lat' dir='ltr'>Obiit</span> <span class='ocrx_word' id='word_1_642' title='bbox 1328 2597 1427 2623; x_wconf 90' lang='lat' dir='ltr'>anno</span> <span class='ocrx_word' id='word_1_643' title='bbox 1447 2584 1523 2621; x_wconf 81' lang='lat'>809</span> <span class='ocrx_word' id='word_1_644' title='bbox 1543 2583 1646 2620; x_wconf 84' lang='lat' dir='ltr'>vitae</span> <span class='ocrx_word' id='word_1_645' title='bbox 1665 2579 1870 2619; x_wconf 86' lang='lat' dir='ltr'>sanctitate</span> <span class='ocrx_word' id='word_1_646' title='bbox 1884 2579 1924 2627; x_wconf 87' lang='lat' dir='ltr'>et</span> <span class='ocrx_word' id='word_1_647' title='bbox 1938 2576 2052 2614; x_wconf 89' lang='lat' dir='ltr'>mira-</span> 
     </span>
     <span class='ocr_line' id='line_1_106' title="bbox 1105 2635 1612 2686; baseline -0.01 -8"><span class='ocrx_word' id='word_1_648' title='bbox 1105 2641 1279 2678; x_wconf 87' lang='lat' dir='ltr'>culorum</span> <span class='ocrx_word' id='word_1_649' title='bbox 1302 2640 1400 2676; x_wconf 88' lang='lat' dir='ltr'>dono</span> <span class='ocrx_word' id='word_1_650' title='bbox 1420 2635 1612 2686; x_wconf 75' lang='lat' dir='ltr'>insignis2.</span> 
     </span>
    </p>

    <p class='ocr_par' dir='ltr' id='par_1_10' title="bbox 1106 2682 2052 3003">
     <span class='ocr_line' id='line_1_107' title="bbox 1159 2682 2049 2733; baseline -0.015 -2"><span class='ocrx_word' id='word_1_651' title='bbox 1159 2694 1219 2731; x_wconf 87' lang='grc'>17.</span> <span class='ocrx_word' id='word_1_652' title='bbox 1240 2694 1445 2730; x_wconf 74' lang='lat' dir='ltr'>Ecclesiae</span> <span class='ocrx_word' id='word_1_653' title='bbox 1463 2695 1596 2728; x_wconf 65' lang='lat' dir='ltr'>sicclus</span> <span class='ocrx_word' id='word_1_654' title='bbox 1617 2689 1659 2724; x_wconf 76' lang='lat' dir='ltr'>in</span> <span class='ocrx_word' id='word_1_655' title='bbox 1678 2685 1895 2733; x_wconf 66' lang='lat' dir='ltr'>Anylz&#39;a</span> <span class='ocrx_word' id='word_1_656' title='bbox 1912 2683 1955 2720; x_wconf 91' lang='lat' dir='ltr'>In</span> <span class='ocrx_word' id='word_1_657' title='bbox 1975 2682 2049 2720; x_wconf 88' lang='lat' dir='ltr'>An-</span> 
     </span>
     <span class='ocr_line' id='line_1_108' title="bbox 1106 2737 2050 2796; baseline -0.014 -11"><span class='ocrx_word' id='word_1_658' title='bbox 1106 2747 1183 2796; x_wconf 87' lang='lat' dir='ltr'>glia</span> <span class='ocrx_word' id='word_1_659' title='bbox 1203 2758 1315 2794; x_wconf 87' lang='lat' dir='ltr'>reges</span> <span class='ocrx_word' id='word_1_660' title='bbox 1335 2747 1373 2790; x_wconf 88' lang='lat' dir='ltr'>et</span> <span class='ocrx_word' id='word_1_661' title='bbox 1393 2743 1521 2793; x_wconf 89' lang='lat' dir='ltr'>populi</span> <span class='ocrx_word' id='word_1_662' title='bbox 1544 2742 1581 2779; x_wconf 91' lang='lat' dir='ltr'>in</span> <span class='ocrx_word' id='word_1_663' title='bbox 1603 2739 1795 2788; x_wconf 88' lang='lat' dir='ltr'>religionis</span> <span class='ocrx_word' id='word_1_664' title='bbox 1816 2737 2050 2774; x_wconf 89' lang='lat' dir='ltr'>christianae</span> 
     </span>
     <span class='ocr_line' id='line_1_109' title="bbox 1106 2792 2050 2849; baseline -0.014 -11"><span class='ocrx_word' id='word_1_665' title='bbox 1106 2799 1340 2849; x_wconf 86' lang='lat' dir='ltr'>professione</span> <span class='ocrx_word' id='word_1_666' title='bbox 1361 2795 1671 2846; x_wconf 84' lang='lat' dir='ltr'>perseverabant.</span> <span class='ocrx_word' id='word_1_667' title='bbox 1693 2792 1977 2830; x_wconf 86' lang='lat' dir='ltr'>Verumtamen</span> <span class='ocrx_word' id='word_1_668' title='bbox 1993 2801 2050 2826; x_wconf 89' lang='lat' dir='ltr'>ec-</span> 
     </span>
     <span class='ocr_line' id='line_1_110' title="bbox 1107 2841 2052 2895; baseline -0.014 -4"><span class='ocrx_word' id='word_1_669' title='bbox 1107 2853 1311 2891; x_wconf 87' lang='lat' dir='ltr'>clesiarum</span> <span class='ocrx_word' id='word_1_670' title='bbox 1332 2851 1491 2888; x_wconf 82' lang='lat' dir='ltr'>libertas</span> <span class='ocrx_word' id='word_1_671' title='bbox 1511 2852 1628 2895; x_wconf 83' lang='lat' dir='ltr'>atque</span> <span class='ocrx_word' id='word_1_672' title='bbox 1649 2845 1885 2894; x_wconf 87' lang='lat' dir='ltr'>prosperitas</span> <span class='ocrx_word' id='word_1_673' title='bbox 1904 2843 1943 2880; x_wconf 88' lang='lat' dir='ltr'>in</span> <span class='ocrx_word' id='word_1_674' title='bbox 1957 2841 2052 2880; x_wconf 91' lang='lat' dir='ltr'>mul-</span> 
     </span>
     <span class='ocr_line' id='line_1_111' title="bbox 1106 2895 2051 2955; baseline -0.014 -11"><span class='ocrx_word' id='word_1_675' title='bbox 1106 2907 1155 2944; x_wconf 85' lang='lat' dir='ltr'>tis</span> <span class='ocrx_word' id='word_1_676' title='bbox 1174 2905 1383 2955; x_wconf 86' lang='lat' dir='ltr'>provinciis</span> <span class='ocrx_word' id='word_1_677' title='bbox 1403 2900 1750 2951; x_wconf 85' lang='lat' dir='ltr'>praepediebantur</span> <span class='ocrx_word' id='word_1_678' title='bbox 1770 2898 1852 2935; x_wconf 89' lang='lat' dir='ltr'>sive</span> <span class='ocrx_word' id='word_1_679' title='bbox 1872 2895 2051 2933; x_wconf 85' lang='lat' dir='ltr'>ambitio-</span> 
     </span>
     <span class='ocr_line' id='line_1_112' title="bbox 1109 2948 2050 3003; baseline -0.013 -6"><span class='ocrx_word' id='word_1_680' title='bbox 1109 2972 1155 2997; x_wconf 90' lang='lat' dir='ltr'>ne</span> <span class='ocrx_word' id='word_1_681' title='bbox 1176 2962 1216 2996; x_wconf 89' lang='lat' dir='ltr'>et</span> <span class='ocrx_word' id='word_1_682' title='bbox 1236 2957 1403 2996; x_wconf 88' lang='lat' dir='ltr'>avaritia</span> <span class='ocrx_word' id='word_1_683' title='bbox 1422 2957 1649 3003; x_wconf 87' lang='lat' dir='ltr'>magnatum</span> <span class='ocrx_word' id='word_1_684' title='bbox 1669 2952 1751 2989; x_wconf 85' lang='lat' dir='ltr'>sive</span> <span class='ocrx_word' id='word_1_685' title='bbox 1770 2949 1950 2988; x_wconf 84' lang='lat' dir='ltr'>civilibus</span> <span class='ocrx_word' id='word_1_686' title='bbox 1971 2948 2050 2986; x_wconf 90' lang='lat' dir='ltr'>dis-</span> 
     </span>
    </p>
   </div>
   <div class='ocr_carea' id='block_1_5' title="bbox 1243 3034 1320 3037">
    <p class='ocr_par' dir='ltr' id='par_1_11' title="bbox 1243 3034 1320 3037">
     <span class='ocr_line' id='line_1_113' title="bbox 1243 3034 1320 3037; baseline 0 0"><span class='ocrx_word' id='word_1_687' title='bbox 1243 3034 1320 3037; x_wconf 95' lang='lat' dir='ltr'> </span> 
     </span>
    </p>
   </div>
   <div class='ocr_carea' id='block_1_6' title="bbox 1110 3053 2051 3218">
    <p class='ocr_par' dir='ltr' id='par_1_12' title="bbox 1110 3053 2051 3178">
     <span class='ocr_line' id='line_1_114' title="bbox 1150 3053 2051 3100; baseline -0.013 -5"><span class='ocrx_word' id='word_1_688' title='bbox 1150 3065 1160 3086; x_wconf 72' lang='grc'>1</span> <span class='ocrx_word' id='word_1_689' title='bbox 1179 3066 1277 3095; x_wconf 75' lang='lat' dir='ltr'>Pelav.</span> <span class='ocrx_word' id='word_1_690' title='bbox 1294 3061 1450 3100; x_wconf 60' lang='lat' dir='ltr'>Damnata</span> <span class='ocrx_word' id='word_1_691' title='bbox 1481 3058 1571 3090; x_wconf 78' lang='lat' dir='ltr'>theol.</span> <span class='ocrx_word' id='word_1_692' title='bbox 1597 3061 1617 3089; x_wconf 89' lang='lat' dir='ltr'>t.</span> <span class='ocrx_word' id='word_1_693' title='bbox 1633 3058 1666 3095; x_wconf 82' lang='lat'>11,</span> <span class='ocrx_word' id='word_1_694' title='bbox 1683 3056 1721 3088; x_wconf 83' lang='lat' dir='ltr'>de</span> <span class='ocrx_word' id='word_1_695' title='bbox 1740 3066 1779 3088; x_wconf 81' lang='lat' dir='ltr'>ss.</span> <span class='ocrx_word' id='word_1_696' title='bbox 1801 3054 1952 3088; x_wconf 80' lang='lat' dir='ltr'>Trinitat.</span> <span class='ocrx_word' id='word_1_697' title='bbox 1973 3053 1993 3084; x_wconf 88' lang='lat' dir='ltr'>l.</span> <span class='ocrx_word' id='word_1_698' title='bbox 2017 3053 2051 3090; x_wconf 90' lang='lat'>7</span> 
     </span>
     <span class='ocr_line' id='line_1_115' title="bbox 1110 3093 2049 3138; baseline -0.012 -2"><span class='ocrx_word' id='word_1_699' title='bbox 1110 3106 1204 3136; x_wconf 78' lang='lat' dir='ltr'>Natat.</span> <span class='ocrx_word' id='word_1_700' title='bbox 1224 3103 1369 3134; x_wconf 76' lang='lat' dir='ltr'>Alexand.</span> <span class='ocrx_word' id='word_1_701' title='bbox 1385 3101 1461 3133; x_wconf 76' lang='lat' dir='ltr'>Hisl.</span> <span class='ocrx_word' id='word_1_702' title='bbox 1478 3100 1550 3131; x_wconf 81' lang='lat' dir='ltr'>eccl.</span> <span class='ocrx_word' id='word_1_703' title='bbox 1567 3099 1644 3130; x_wconf 87' lang='lat' dir='ltr'>Diss.</span> <span class='ocrx_word' id='word_1_704' title='bbox 1661 3099 1712 3138; x_wconf 86' lang='lat'>37,</span> <span class='ocrx_word' id='word_1_705' title='bbox 1730 3108 1757 3130; x_wconf 86' lang='lat' dir='ltr'>a.</span> <span class='ocrx_word' id='word_1_706' title='bbox 1774 3098 1802 3136; x_wconf 83' lang='lat'>3,</span> <span class='ocrx_word' id='word_1_707' title='bbox 1818 3097 1851 3129; x_wconf 75' lang='lat' dir='ltr'>in</span> <span class='ocrx_word' id='word_1_708' title='bbox 1867 3103 1936 3127; x_wconf 82' lang='lat' dir='ltr'>soec.</span> <span class='ocrx_word' id='word_1_709' title='bbox 1955 3093 2006 3134; x_wconf 89' lang='lat' dir='ltr'>IV,</span> <span class='ocrx_word' id='word_1_710' title='bbox 2021 3098 2049 3125; x_wconf 84' lang='lat' dir='ltr'>et</span> 
     </span>
     <span class='ocr_line' id='line_1_116' title="bbox 1110 3141 1522 3178; baseline -0.017 0"><span class='ocrx_word' id='word_1_711' title='bbox 1110 3149 1186 3178; x_wconf 83' lang='lat' dir='ltr'>Diss.</span> <span class='ocrx_word' id='word_1_712' title='bbox 1202 3146 1239 3176; x_wconf 74' lang='lat'>&#39;18</span> <span class='ocrx_word' id='word_1_713' title='bbox 1253 3145 1285 3175; x_wconf 82' lang='lat' dir='ltr'>in</span> <span class='ocrx_word' id='word_1_714' title='bbox 1299 3152 1370 3174; x_wconf 68' lang='lat' dir='ltr'>mcc.</span> <span class='ocrx_word' id='word_1_715' title='bbox 1389 3142 1430 3174; x_wconf 77' lang='lat' dir='ltr'>IX</span> <span class='ocrx_word' id='word_1_716' title='bbox 1444 3143 1473 3172; x_wconf 79' lang='lat' dir='ltr'>cl</span> <span class='ocrx_word' id='word_1_717' title='bbox 1489 3141 1522 3173; x_wconf 82' lang='grc' dir='ltr'>.</span> 
     </span>
    </p>

    <p class='ocr_par' dir='ltr' id='par_1_13' title="bbox 1150 3182 1670 3218">
     <span class='ocr_line' id='line_1_117' title="bbox 1150 3182 1670 3218; baseline -0.008 0"><span class='ocrx_word' id='word_1_718' title='bbox 1150 3189 1164 3210; x_wconf 79' lang='lat'>2</span> <span class='ocrx_word' id='word_1_719' title='bbox 1181 3186 1317 3218; x_wconf 84' lang='lat' dir='ltr'>Bolland.</span> <span class='ocrx_word' id='word_1_720' title='bbox 1335 3184 1414 3216; x_wconf 77' lang='grc' dir='ltr'><em></em></span> <span class='ocrx_word' id='word_1_721' title='bbox 1430 3182 1489 3215; x_wconf 86' lang='lat' dir='ltr'>SS.</span> <span class='ocrx_word' id='word_1_722' title='bbox 1506 3182 1545 3214; x_wconf 74' lang='lat'>26</span> <span class='ocrx_word' id='word_1_723' title='bbox 1561 3182 1670 3214; x_wconf 80' lang='lat' dir='ltr'>martii.</span> 
     </span>
    </p>
   </div>
  </div>
 </body>
</html>
