2241 3473
668 155 794 186 VSQvE
821 154 875 183 AD
902 153 1031 181 FINEM
1056 153 1215 182 IMPERII
1242 154 1390 184 GRAECI

109 221 146 260 9.
169 221 397 269 Scriptores
415 221 676 259 ecclesiastici
689 241 738 250 —
754 220 862 258 Inter
879 217 993 267 scrip-

54 277 160 312 tores
180 284 275 312 vero
293 273 585 319 ecclesiasticos,
604 274 668 323 qui
689 272 894 323 posteriori
913 283 993 310 sae-

54 326 134 365 culi
165 326 262 365 XIV
295 327 451 364 dimidio
483 327 702 365 floruerunt
717 356 726 371 ,
761 325 990 363 numerandi

52 382 160 425 sunt,
171 378 357 418 Nicolaus
370 380 609 429 Eymericus,
622 379 776 417 Ordinis
787 378 863 416 FF.
877 379 991 415 Prae-

53 433 267 471 dicatorum
288 438 327 471 et
354 433 549 482 generalis
583 432 792 480 inquisitor
823 431 931 469 Fidei
952 432 990 469 in

52 485 264 536 Aragonia,
281 487 345 536 qui
368 491 521 535 praeter
539 486 620 524 alia
637 484 788 533 scripsit
807 484 991 522 Direclo-

52 539 169 578 n‘um
191 538 494 589 Inquisitorum
517 536 550 585 ι;
581 539 623 576 Β.
654 537 846 575 Henricus
880 537 990 583 Suso,

52 591 367 638 Constantiensis,
377 592 550 630 eiusdem
562 591 730 636 Ordinis,
742 589 808 638 qui
833 589 991 638 reliquit

51 644 322 693 Horoeoyium
341 645 496 683 divinae
515 644 742 692 sapientiae,
762 642 990 686 Meditatio-

53 709 120 736 nes
147 697 322 747 aliaque3
346 698 510 736 Ioannes
542 696 820 746 Ruysbroech‚
845 696 989 755 Belga,

51 750 159 800 prior
178 751 460 789 Canonicorum
478 762 509 788 s.
529 749 737 798 Augustini
756 748 795 786 in
816 748 987 786 Vallevi-

50 802 126 841 ridi
146 815 262 854 prope
282 803 488 842 Bruxellas
504 832 514 849 ‚
542 803 608 851 qui
629 801 841 851 composuit
868 802 988 839 Sum-

50 867 152 894 mam
175 857 280 895 vitae
298 856 523 907 spiritualis,
544 856 665 893 libros
686 855 732 893 de
752 860 901 903 septem
921 867 987 914 cu-

50 909 186 947 stodiis
205 911 312 948 vitae
330 909 547 959 spiritualis
566 912 606 947 et
625 909 672 946 de
695 911 840 956 septem
860 909 986 956 gradi-

50 963 122 1000 bus
140 963 295 1009 amoris,
317 962 525 1012 Speculum
546 962 652 1000 vitae
671 965 871 1006 aeternae,
886 961 987 998 alia-

50 1027 138 1064 que;
156 1027 187 1054 s.
207 1015 417 1054 Catharina
436 1015 632 1060 Senensis,
650 1015 761 1052 cuius
779 1015 856 1051 iam
875 1026 987 1051 men-

50 1068 194 1105 tionem
211 1067 370 1106 fecimus
386 1067 415 1115 2,
429 1068 584 1118 scripsit
599 1067 779 1117 Dialogos
794 1078 862 1106 sex
881 1072 920 1105 et
935 1068 988 1105 Ε-

49 1121 208 1169 pistolas
223 1121 303 1159 364
320 1121 347 1159 3.

103 1173 164 1212 10.
177 1176 448 1213 Innocentius
470 1174 553 1212 VII
559 1175 756 1222 Pontifex
768 1172 853 1223 (an.
870 1173 986 1224 1404)

50 1247 99 1256 -
114 1227 209 1264 Post
236 1227 381 1266 obitum
415 1228 605 1266 Bonifacii
640 1227 698 1265 IX
717 1256 726 1271 ‚
767 1227 987 1265 Cardinales

49 1280 232 1317 conclave
267 1281 455 1330 ingressi,
484 1282 574 1319 xvi⁰
609 1281 792 1318 calendas
822 1293 984 1318 novem-

50 1332 128 1370 bris
149 1332 252 1371 1404
271 1334 474 1383 elegerunt
494 1334 767 1372 Innocentium
786 1333 874 1379 VII,
896 1334 985 1371 Sul-

48 1397 284 1434 monensem‚
303 1395 420 1424 antea
439 1387 676 1436 appellatum
708 1387 885 1425 Cosmam
905 1387 983 1424 Me-

46 1438 229 1476 lioratum
246 1469 256 1486 ,
284 1440 521 1478 cardinalem
548 1440 878 1490 archiepiscopum
905 1441 984 1478 Ra-

47 1495 340 1540 vennatensem,
350 1494 415 1541 qui
435 1494 493 1531 1v⁰
511 1505 632 1531 nonas
646 1494 770 1531 eiusd.
782 1505 898 1532 mens.
915 1494 986 1531 tia-

47 1556 93 1582 ra
102 1545 308 1584 redimitus
319 1552 389 1584 est.
405 1547 442 1584 Is
461 1547 524 1584 vir
538 1546 730 1592 doctrina,
746 1558 899 1584 morum
917 1547 982 1584 in-

46 1597 231 1646 tegritate
252 1606 292 1636 et
313 1600 574 1648 gerendarum
595 1611 725 1637 rerum
744 1599 883 1648 peritia
897 1599 983 1637 cla-

46 1652 128 1697 rus,
137 1662 206 1699 pro
220 1663 328 1689 more
347 1653 552 1701 encyclicis
567 1653 616 1690 ad
633 1652 825 1701 praelatos
842 1652 983 1690 litteris

47 1702 274 1742 electionem
294 1716 407 1743 suam
423 1706 670 1754 animumque
688 1706 736 1743 ad
752 1705 982 1743 exstinctio-

46 1767 134 1793 nem
149 1757 369 1796 schismatis
381 1759 718 1807 propensissimum
732 1758 980 1808 significavit.

47 1809 194 1847 Romae
222 1811 428 1848 concilium
452 1812 605 1857 indixit,
625 1812 691 1850 sed
710 1812 807 1849 illud
828 1816 982 1861 propter

45 1864 223 1900 exortam
252 1865 290 1901 in
311 1863 416 1902 Urbe
435 1865 665 1902 seditionem
687 1866 885 1902 celebrare
909 1877 979 1902 non

46 1915 193 1964 potuit;
213 1916 435 1954 Viterbium
455 1917 680 1966 confugiens
693 1947 701 1963 ‚
722 1918 762 1954 in
782 1918 981 1955 seditionis

45 1974 228 2006 auctores
267 1969 537 2008 ecclesiasticis
583 1971 758 2008 censuris
805 1970 980 2008 animad-

45 2021 177 2068 vertit,
196 2025 235 2060 et
267 2022 493 2061 Ladislaum
526 2035 660 2072 regem
690 2023 889 2072 Neapolis,
916 2024 977 2072 qui

44 2074 237 2112 seditiosis
256 2076 446 2113 auxilium
470 2077 695 2126 praestabat
710 2106 720 2122 ‚
740 2088 859 2125 regno
879 2077 982 2115 Nea-

44 2126 214 2176 politano
239 2129 438 2177 privatum
459 2130 688 2167 declaravit.
710 2129 805 2166 Post
825 2131 848 2166 7
868 2142 981 2168 men-

42 2191 102 2218 ses
120 2180 160 2217 iu
179 2180 325 2219 Urbem
345 2186 566 2228 revocatus,
586 2195 673 2220 cum
694 2194 846 2220 summa
865 2195 980 2232 popu-

43 2232 72 2269 li
100 2233 250 2271 laetitia
270 2240 455 2285 exceptus
476 2239 547 2274 est.
567 2236 788 2282 Ladislaus,
809 2237 978 2273 deterri-

43 2289 106 2323 tus
132 2286 200 2324 illa
230 2298 367 2336 poena,
388 2289 540 2327 veniam
575 2301 784 2338 pacemque
806 2289 979 2338 postula-

45 2338 103 2375 vit
122 2338 169 2376 iis
188 2341 483 2387 conditionibus,
511 2354 608 2391 quas
628 2342 876 2379 Innocentius
895 2343 977 2391 ipse

42 2390 82 2427 in
90 2390 314 2440 diplomate,
327 2396 426 2443 apud
440 2395 525 2444 Ray
536 2395 707 2441 naldum,
729 2395 920 2433 describit.
935 2396 978 2432 In

43 2444 210 2492 gratiam
222 2450 421 2495 receptum
433 2447 617 2486 Pontifex
629 2459 705 2485 non
725 2449 848 2485 solum
865 2449 978 2485 hono-

42 2496 148 2534 ribus
159 2497 332 2545 pristinis
345 2500 528 2546 restituit,
542 2503 609 2539 sed
623 2513 723 2538 nova
742 2513 892 2549 quoque
915 2513 978 2538 au-

42 2549 99 2586 xit
109 2549 298 2598 dignitate
314 2552 516 2601 Szyniferz‘
528 2566 572 2591 ac
585 2554 822 2602 Defensori-s·
837 2555 975 2592 Roma-

42 2613 115 2639 nae
132 2602 339 2642 Ecclesiae.
357 2605 432 2643 Sed
448 2606 626 2655 ingratus
643 2618 713 2644 rex
729 2607 843 2645 fidem
860 2607 979 2656 fregit

41 2666 237 2704 novasque
248 2656 409 2696 iniurias
424 2671 489 2707 pro
501 2660 670 2708 acceptis
682 2659 877 2698 beneficiis
896 2661 976 2698 red-

41 2707 139 2745 didit
155 2721 165 2755 ;
199 2720 315 2757 quem
357 2710 445 2748 ideo
484 2712 731 2750 Innocentius
764 2713 836 2761 Pp.
870 2714 979 2752 novis

41 2761 214 2800 censuris
244 2763 384 2801 merito
421 2766 738 2812 perstrinxisset,
761 2766 833 2804 nisi
854 2770 977 2804 morte

41 2812 176 2851 fuisset
212 2819 449 2865 praereptus.
486 2817 592 2855 Idem
626 2819 808 2856 Pontifex
845 2821 978 2857 acade-

40 2866 157 2904 miam
190 2867 408 2907 Romanam
444 2870 680 2909 instauravit
718 2873 894 2920 virosque
932 2885 977 2910 o-

39 2919 186 2957 mnium
199 2921 489 2971 disciplinarum
505 2924 744 2962 doctissimos
761 2926 975 2972 arcessivit,

80 3026 90 3047 ¹
107 3027 182 3073 Cum
197 3027 448 3059 adnotationibus
464 3030 596 3068 pennae,
611 3031 693 3062 Rom.
720 3030 796 3062 1587
819 3036 848 3063 ct
873 3034 973 3064 Venet.

39 3065 231 3149 1697νέ3ἔῗξ
243 3108 311 3141 106.

77 3148 93 3172 3
107 3149 209 3181 Lucae
223 3155 253 3182 et
266 3152 365 3183 Senae
384 3152 470 3193 1713,
486 3152 506 3184 4
530 3155 597 3186 voll.
614 3154 706 3186 ιἰι-4.ο
729 3157 810 3190 Cons.
835 3158 974 3193 Bolland.

39 3188 120 3223 Acta
132 3189 188 3224 SS.
205 3190 245 3224 30
259 3194 332 3232 Apr.

246 3236 486 3278 WOU'I'ERS
499 3270 509 3287 ,
537 3237 581 3279 11.

1034 219 1098 266 qui
1129 219 1408 270 philosophiam
1424 251 1434 269 ,
1453 222 1688 272 theologiam
1709 225 1749 261 et
1768 225 1977 274 utrumque

1033 271 1093 309 ius
1114 272 1152 308 in
1168 285 1213 310 ea
1228 274 1425 313 docerent.
1441 275 1546 314 Obiit
1559 276 1746 325 postridie
1761 288 1881 315 nonas
1903 290 1976 316 no-

1034 325 1205 362 vembris
1219 326 1319 365 1400
1331 327 1618 373 ¹,Pontificatus
1631 340 1743 367 anno
1757 330 1884 375 2⁰,dz'e
1893 331 1980 370 21⁰.

1089 377 1147 415 11.
1161 377 1384 426 Greyore'us
1393 381 1480 419 XII
1491 382 1690 430 Pontifex
1701 381 1790 433 (an.
1806 382 1976 434 1406)-

1034 429 1351 469 InnocentionI
1383 433 1565 472 defuncto
1587 436 1813 474 Cardinales
1834 436 1874 473 in
1894 449 1980 474 con-

1033 482 1134 520 clavi
1152 494 1192 520 se
1209 483 1460 523 iureiurando
1482 487 1802 535 obstrinxerunt,
1823 493 1868 527 ut
1887 490 1977 538 qui-

1033 547 1202 584 cumque
1221 542 1321 575 esset
1343 538 1508 585 electus,
1527 541 1630 578 omni
1648 541 1712 578 via
1726 542 1893 580 schisma
1912 555 1976 581 ex-

1031 588 1229 638 stinguere
1245 596 1467 637 conaretur,
1483 592 1601 630 etiam
1613 594 1842 642 pontificatu
1856 596 1973 634 cede-

1032 644 1106 687 ret,
1125 642 1155 680 si
1176 642 1215 679 id
1235 642 1390 681 fecisset
1412 644 1554 683 Petrus
1573 647 1621 683 de
1637 646 1750 685 Luna
1764 659 1834 685 seu
1850 649 1974 687 Bene-

1031 694 1157 733 dictus
1176 695 1286 733 XIII.
1308 696 1391 738 Quo
1414 697 1515 734 facto
1529 727 1538 743 ‚
1556 701 1617 735 1v⁰
1637 711 1758 738 nonas
1777 701 1969 741 decembr.

1033 746 1150 793 1406,
1171 748 1316 786 electus
1337 749 1413 787 fuit
1439 750 1654 800 Gregorius
1672 752 1764 798 XII,
1785 755 1972 802 patricius

1030 799 1202 839 Venetus
1219 831 1228 847 ‚
1258 804 1374 840 antea
1408 803 1531 841 dictus
1563 805 1734 854 Angelus
1761 806 1942 846 Corarius
1959 837 1970 855 ,

1031 853 1233 902 presbyter
1257 853 1487 902 cardinalis,
1513 856 1618 894 tituli
1651 870 1680 895 s.
1706 858 1856 906 Marci,
1875 872 1970 910 pro-

1031 909 1117 955 pter
1131 919 1312 956 magnam
1326 908 1430 946 vitae
1446 910 1688 947 honestatem
1704 914 1745 948 et
1755 912 1972 962 Scriptura-

1029 971 1115 996 rum
1140 960 1318 1008 peritiam
1330 962 1579 1000 reverendus.
1593 963 1630 1001 Is
1649 966 1972 1011 quemadmodum

1029 1017 1119 1050 ante
1147 1013 1375 1051 electionem
1405 1027 1514 1052 suam
1534 1017 1806 1065 spoponderat,
1824 1018 1976 1057 litteris

1030 1068 1069 1103 et
1105 1066 1365 1114 legationibus
1401 1079 1490 1106 usus
1525 1072 1584 1106 est
1613 1070 1662 1107 ad
1692 1071 1972 1110 restituendam

1032 1118 1222 1164 unionem,
1243 1120 1436 1169 pollicitus
1456 1121 1590 1168 etiam,
1612 1134 1652 1159 se
1674 1122 1710 1160 in
1731 1124 1834 1161 hunc
1855 1125 1972 1163 finem

1029 1171 1295 1220 depositurum
1315 1174 1600 1222 pontificatum,
1623 1176 1654 1213 si
1674 1176 1714 1213 id
1733 1175 1882 1215 faceret
1897 1179 1969 1215 Pe-

1028 1228 1112 1262 trus
1127 1225 1174 1262 de
1191 1226 1303 1264 Luna
1318 1239 1385 1264 seu
1396 1227 1635 1266 Benedictus
1646 1229 1757 1276 XIII;
1768 1231 1835 1268 sed
1855 1231 1970 1269 huius

1029 1279 1393 1327 tergiversationem
1407 1280 1658 1329 conspiciens,
1684 1294 1779 1331 rem,
1799 1286 1843 1322 ut
1860 1284 1970 1322 vide-

1030 1331 1170 1378 bimus,
1190 1333 1386 1370 re'missius
1406 1335 1603 1373 tractavit.
1915 1378 1925 1387 ,

1081 1385 1140 1422 12.
1165 1385 1410 1424 Schz'smatz's
1431 1392 1563 1424 status
1581 1410 1629 1416 —
1645 1388 1911 1428 Ecclesiarum
1932 1404 1970 1429 u-

1028 1438 1179 1475 nionem
1205 1440 1445 1487 exoptabant
1478 1441 1567 1477 boni
1599 1453 1731 1480 omnes
1763 1443 1971 1493 pluresque

1025 1491 1176 1528 ardenti
1205 1492 1331 1530 studio
1352 1494 1638 1542 componendae
1663 1495 1835 1534 scissioni
1859 1498 1971 1537 adla-

1026 1544 1226 1591 borabant3
1244 1547 1286 1582 at
1295 1546 1439 1583 Petrus
1456 1547 1502 1584 de
1522 1547 1634 1585 Luna
1647 1560 1714 1586 seu
1733 1549 1972 1589 Benedictus

1025 1597 1122 1634 XIII
1142 1598 1247 1634 nullo
1268 1599 1380 1635 modo
1400 1600 1541 1637 adduci
1562 1606 1726 1649 poterat,
1748 1605 1791 1641 ut
1806 1604 1968 1651 pontifi-

1025 1653 1115 1687 catu
1141 1651 1308 1688 cederet.
1330 1651 1366 1689 Is
1386 1664 1448 1690 an.
1472 1653 1572 1692 1403
1592 1666 1613 1692 e
1632 1655 1777 1703 palatio
1796 1657 1971 1694 Avenio-

1026 1703 1147 1750 nensi,
1167 1704 1205 1740 in
1225 1716 1301 1752 quo
1321 1706 1526 1744 conclusus
1549 1707 1811 1755 detinebatur,
1831 1709 1967 1748 favore

1024 1756 1130 1793 ducis
1150 1757 1445 1796 Aurelianensis
1463 1759 1634 1808 elapsus,
1655 1761 1778 1809 primo
1793 1762 1832 1799 in
1849 1763 1968 1801 Cata-

1023 1809 1210 1856 launiam,
1239 1811 1410 1858 patriam
1437 1823 1562 1859 suam,
1591 1814 1729 1852 deinde
1758 1816 1966 1865 Perpinia-

1024 1873 1115 1899 num
1129 1875 1169 1900 se
1184 1875 1270 1900 rece
1276 1864 1524 1914 pit,datisque
1540 1866 1586 1903 ad
1604 1867 1798 1916 principes
1811 1872 1851 1906 et
1858 1881 1968 1918 prae-

1023 1915 1122 1953 latos
1154 1916 1298 1954 litteris
1327 1919 1531 1967 spopondit
1547 1949 1557 1965 ,
1582 1931 1623 1957 se
1644 1921 1775 1959 omnia
1795 1921 1965 1969 fideliter

1022 1968 1323 2016 adimpleturum
1343 1982 1442 2018 quae
1463 1972 1728 2011 restituendae
1749 1975 1881 2013 unioni
1901 1976 1963 2014 fo-

1022 2025 1109 2058 rent
1128 2023 1362 2069 necessaria,
1381 2024 1499 2062 etiam
1520 2026 1790 2074 depositurum
1809 2029 1960 2077 pontifi-

1021 2077 1166 2120 catum,
1187 2076 1438 2125 competitore
1459 2090 1527 2116 suo
1548 2080 1708 2118 cedente
1729 2082 1791 2118 vel
1807 2086 1964 2121 mortuo

1022 2127 1083 2164 vel
1099 2128 1234 2176 eiect03
1247 2129 1386 2177 quibus
1397 2131 1545 2170 artibus
1566 2133 1784 2171 cardinales
1800 2138 1840 2172 et
1858 2135 1963 2173 cives

1020 2181 1323 2228 Avenionenses,
1359 2183 1491 2221 Gallos
1523 2189 1562 2222 et
1591 2186 1784 2235 Hispanos
1813 2189 1862 2226 ad
1882 2190 1969 2226 obe-

1021 2233 1206 2271 dientiam
1234 2247 1345 2272 suam
1375 2238 1545 2276 reduxit.
1575 2239 1687 2277 Tunc
1715 2243 1758 2278 ut
1785 2241 1964 2279 universo

1021 2287 1104 2323 orbi
1123 2287 1296 2325 studium
1316 2301 1427 2327 suum
1450 2302 1519 2339 pro
1537 2293 1678 2330 unione
1695 2295 1964 2342 persuaderet,

1020 2339 1254 2378 Benedictus
1275 2354 1337 2379 an.
1362 2343 1463 2382 1404
1481 2344 1632 2393 legatos
1652 2347 1818 2383 Romam
1838 2348 1961 2385 desti-

1020 2392 1129 2429 navit
1158 2394 1206 2431 ad
1234 2394 1482 2434 Bonifacium
1510 2398 1594 2445 IX;
1623 2402 1665 2436 at
1693 2411 1780 2436 cum
1809 2399 1866 2437 illi
1886 2412 1961 2437 non

1019 2445 1302 2484 abdicationem
1328 2448 1542 2496 Benedicti,
1562 2452 1628 2489 sed
1649 2452 1844 2501 colloquia
1860 2453 1961 2490 inter

1021 2503 1228 2547 utramque
1245 2503 1395 2548 partem
1411 2502 1596 2541 offerrent
1614 2534 1623 2550 ,
1653 2504 1749 2542 nihil
1779 2505 1961 2543 effectum

1020 2554 1090 2589 est.
1104 2551 1233 2593 Quum
1247 2559 1379 2590 autem
1392 2556 1577 2594 subdolae
1589 2557 1788 2595 Benedicti
1802 2562 1909 2596 artes
1921 2563 1962 2597 et

1021 2605 1192 2653 speciosa
1220 2607 1410 2654 promissa
1432 2610 1556 2658 magis
1575 2610 1715 2647 fierent
1733 2610 1957 2659 manifesta,

1018 2670 1079 2695 an.
1099 2657 1199 2695 1406
1219 2660 1259 2695 in
1281 2658 1473 2707 frequenti
1491 2663 1754 2710 episcoporum
1773 2666 1812 2701 et
1827 2665 1960 2703 docto-

1019 2723 1106 2747 rum
1133 2715 1343 2760 conventu,
1365 2714 1527 2751 Parisiis
1547 2715 1693 2760 habito,
1714 2716 1958 2756 obedientiae

1020 2763 1102 2801 eius
1123 2765 1338 2802 subtractio
1360 2777 1498 2804 rursus
1518 2767 1590 2804 fuit
1611 2768 1780 2816 decreta,
1801 2770 1833 2807 si
1854 2774 1957 2809 stato

1019 2819 1192 2865 tempore
1221 2829 1262 2854 se
1291 2818 1525 2857 Pontificatu
1556 2832 1629 2857 non
1656 2821 1865 2860 abdicaret.
1887 2824 1954 2860 In-

1018 2871 1135 2907 terim
1157 2870 1369 2918 Gregorius
1383 2873 1461 2909 XII
1478 2880 1516 2909 et
1531 2873 1764 2912 Benedictus
1778 2876 1875 2913 XIII
1892 2877 1955 2913 in-

1018 2926 1079 2960 ter
1105 2935 1146 2960 se
1174 2924 1314 2960 litteris
1341 2931 1380 2961 ot
1401 2926 1660 2973 legationibus
1681 2927 1726 2964 de
1749 2928 1888 2966 unione
1911 2942 1956 2966 a-

1019 2987 1111 3024 gere
1141 2975 1375 3013 videbantur
1392 3007 1400 3023 ‚
1421 2982 1503 3014 tum
1533 2978 1596 3016 hic
1615 2982 1701 3016 tum
1721 2980 1787 3017 ille
1810 2982 1957 3019 cessio-

1017 3041 1118 3074 nem,
1146 3028 1270 3065 altero
1291 3031 1466 3076 cedente,
1489 3032 1752 3079 promittebat,
1774 3035 1842 3072 sed
1863 3047 1954 3072 cum

1018 3087 1156 3118 neuter
1174 3081 1281 3128 prius
1301 3083 1438 3120 cedere
1460 3084 1590 3132 vellet,
1612 3085 1707 3123 nihil
1723 3086 1950 3126 effecerunt.

1057 3203 1067 3224 ¹
1083 3204 1260 3243 Raynaldus
1276 3201 1514 3243 et'Spondanus‚
1532 3202 1570 3234 au
1587 3211 1635 3234 an.
1655 3201 1840 3284 1404ἐ1406.
