2241 3473
204 127 286 167 274

150 211 307 253 dicitur,
335 218 451 256 quam
481 205 639 253 plurimi
665 203 790 240 secuti
814 203 975 248 genium
993 202 1102 236 aeta-

150 266 215 310 tis,
235 275 260 300 a
277 261 470 299 doctrinis
487 257 675 295 revelatis
689 256 972 292 abhorrentem
989 258 1030 290 et
1043 256 1103 289 tot

148 317 305 365 scriptis
320 316 358 351 in
374 313 521 360 Anglia
535 311 743 352 nutritum,
760 309 809 345 ad
825 308 1100 351 arianismum,

150 368 486 409 socinianismum,
505 364 826 404 naturalismum‚
844 360 1101 397 indifferenti-

149 435 277 462 smum
314 425 354 458 et
379 420 677 467 scepticismum
703 417 965 453 deflexerunt.
993 415 1101 450 Inter

148 479 255 525 ipsos
281 475 446 512 clericos
472 472 705 520 anglicanos
725 470 830 506 haud
849 468 966 517 pauci
985 471 1102 504 erant

148 532 220 568 hoc
239 535 433 577 tempore,
454 527 519 575 qui
534 526 735 562 doctrinas
750 523 1010 560 orthodoxiae
1025 525 1102 557 sta-

150 589 258 622 tutae
284 582 486 629 oppositas
511 579 786 616 defenderent.
816 578 988 613 Praeter
1007 576 1104 612 alios

148 637 289 674 Daniel
307 635 487 683 Whitby,
508 633 762 681 praedicator
778 629 1102 672 Sarisberiensis,

147 692 186 728 in
202 692 302 728 libro
317 700 420 726 anno
438 688 527 725 1711
544 688 664 730 edito,
682 690 888 734 peccatum
907 684 1102 731 originale

148 745 337 793 negavit,
365 747 406 780 et
432 743 474 778 in
501 742 577 778 alio
604 742 813 789 posthumo
841 740 1103 775 arianismum

150 800 355 847 professus
388 800 463 833 est.
501 796 663 833 Samuel
697 795 845 832 Clarke
864 822 872 837 ,
908 791 1107 840 parochus

147 851 410 890 Londinensis
429 854 469 887 et
488 850 744 898 praedicator
763 849 929 890 aulicus,
948 846 986 881 in
1006 845 1105 881 libro

148 918 214 943 an.
243 906 336 942 1712
360 904 481 946 edito,
509 904 657 945 docuit,
685 903 811 939 solum
832 902 999 937 Patrem
1018 910 1106 947 pro-

148 961 279 1009 prium
307 964 347 996 et
371 970 513 996 verum
531 970 620 994 esse
640 957 790 999 Deum3
810 956 954 991 Filium
974 957 1107 990 autem

149 1019 191 1052 et
208 1015 397 1061 Spiritum
417 1014 456 1049 S.
478 1012 690 1048 virtutibus
718 1010 875 1058 quidem
895 1007 1036 1043 divinis
1054 1006 1109 1042 in-

149 1072 324 1105 structos
350 1078 453 1110 esse,
479 1077 577 1114 quas
604 1070 740 1102 tamen
766 1075 843 1099 non
871 1074 922 1099 ex
951 1074 994 1098 se
1015 1060 1110 1109 ipsis

148 1122 356 1165 haberent,
384 1121 453 1157 sed
481 1132 504 1157 a
523 1120 645 1156 Patre
667 1122 761 1155 actu
780 1118 866 1154 eius
884 1115 1108 1153 voluntario

150 1177 413 1224 accepissent.
428 1174 577 1212 Eodem
595 1179 774 1220 tempore
790 1172 890 1208 Guil.
905 1171 1110 1211 XVhiston,

151 1231 349 1279 parochus
375 1229 657 1271 Suffolciensis,
685 1227 971 1268 arianismum,
999 1223 1110 1272 quasi

150 1296 176 1322 a
200 1285 358 1323 Christo
386 1286 470 1332 ipso
499 1287 539 1320 et
562 1282 764 1330 Apostolis
783 1281 972 1317 traditum
992 1282 1110 1326 atque

151 1350 176 1375 a
202 1339 400 1387 plerisque
427 1337 664 1375 Christianis
682 1348 803 1384 usque
824 1335 873 1371 ad
899 1333 1111 1370 concilium

149 1393 373 1429 Nicaenum
401 1392 619 1435 creditum,
646 1392 684 1427 in
713 1389 978 1429 sermonibus,
1007 1389 1112 1423 cate-

152 1448 332 1484 chesibus
371 1446 591 1493 litterisque
631 1443 927 1493 propugnavit;
967 1451 1110 1477 novum

152 1501 271 1538 etiam
292 1500 438 1537 Christi
466 1501 504 1535 in
534 1503 667 1536 terras
686 1499 900 1534 adventum
927 1504 1113 1542 regnum-

154 1567 229 1603 que
257 1554 308 1591 ab
335 1566 382 1591 eo
410 1553 655 1590 condendum
674 1552 819 1595 docuit3
840 1550 1113 1586 narrationem

151 1609 354 1646 Geneseos
380 1608 428 1645 de
454 1609 570 1656 lapsu
600 1609 931 1655 protoparentum
966 1603 1111 1648 allego-

152 1665 235 1699 rice
251 1664 543 1710 interpretatus
559 1666 632 1698 est.
646 1660 904 1697 Beniaminus
918 1657 1114 1704 Hoadley,

154 1718 363 1765 episcopus
385 1715 862 1755 'Wincestriensfflmnes
882 1712 1033 1760 gratias
1054 1722 1114 1746 su-

155 1771 433 1819 pernaturales
448 1770 627 1817 negavit,
643 1769 814 1816 nullique
830 1767 1034 1803 hominum
1054 1765 1113 1801 ius

157 1825 349 1862 condendi
385 1823 640 1871 praescripta
666 1822 870 1869 religionis
888 1849 896 1864 ,
923 1819 1115 1856 formulas

157 1879 248 1916 fidei
284 1883 352 1915 aut
385 1879 498 1925 leges
539 1877 832 1914 ecclesiasticas
849 1904 857 1919 ,
886 1885 985 1923 quae
1020 1873 1116 1909 alios

157 1934 359 1980 obligent,
404 1936 633 1980 competere
673 1930 860 1967 asseruit.
897 1928 1088 1977 Sykesius
1105 1956 1113 1969 ,

159 1987 382 2034 theologiae
401 1986 540 2022 doctor
559 1991 597 2022 et
619 1985 870 2032 praedicator
890 1981 1113 2019 Londinen-

158 2041 225 2085 sis,
245 2042 282 2076 in
303 2041 401 2076 libro
421 2051 522 2075 anno
544 2041 634 2076 1737
654 2039 759 2075 edito
780 2038 1003 2079 contendit,
1024 2036 1116 2071 dae·

160 2095 362 2131 moniacos
379 2094 588 2141 Evangelii
608 2105 683 2129 non
705 2103 728 2128 a
745 2092 900 2128 diabolo
917 2092 1111 2133 obsessos,

159 2148 229 2186 sed
256 2149 421 2191 insania,
450 2148 629 2195 epilepsi,
658 2150 724 2182 aut
751 2146 838 2182 aliis
866 2145 1012 2181 morbis
1032 2155 1116 2180 cor-

160 2207 294 2249 reptos
313 2203 446 2238 fuisse.
467 2202 689 2237 Praeterea
704 2200 852 2246 plures,
869 2203 908 2235 et
924 2200 1024 2235 inter
1043 2198 1114 2234 hos

162 2257 285 2293 etiam
313 2255 503 2304 episcopi,
530 2255 722 2291 librorum
751 2253 1054 2300 symbolicorum
1076 2255 1116 2287 et

159 2310 367 2358 speciatim
395 2310 440 2346 39
459 2308 720 2345 articulorum
741 2307 968 2342 auctoritati
988 2306 1117 2342 detra-

160 2370 318 2407 xerunt,
335 2364 420 2400 illos
439 2364 501 2400 vel
521 2361 786 2408 abrogandos,
802 2361 863 2396 vel
880 2360 1020 2395 saltem
1038 2371 1115 2395 non

160 2423 204 2455 ut
229 2419 333 2461 fidei,
361 2418 429 2455 sed
449 2417 654 2453 doctrinae
677 2421 828 2452 tantum
850 2426 1032 2450 normam
1052 2415 1117 2450 ha-

161 2471 311 2508 bendos
336 2484 424 2509 esse
451 2470 781 2507 contenderuntl.

209 2527 269 2562 53.
298 2525 728 2561 Nlctlzodistac-Cum
755 2523 812 2558 sic
839 2523 1013 2569 plerique
1043 2523 1119 2559 cle—

165 2581 235 2617 rici
265 2579 468 2627 anglicani
490 2580 598 2615 circa
617 2578 785 2626 positiva
805 2577 913 2613 Fidei
933 2577 1119 2623 dogmata

165 2638 435 2682 tepescerent,
447 2633 625 2669 nonnulli
643 2632 744 2668 inter
758 2643 827 2667 eos
842 2635 1117 2673 surrexerunt,

164 2689 228 2738 qui
256 2699 305 2725 ea
332 2688 590 2730 resuscitare,
618 2687 849 2733 frequenter
876 2695 922 2720 ac
941 2686 1118 2731 graviter

167 2743 369 2779 inculcare
397 2742 528 2777 conati
557 2746 658 2777 sunt.
692 2740 730 2776 ld
758 2741 941 2776 fecerunt
968 2739 1117 2785 praedi-

166 2802 326 2833 catores
347 2795 693 2837 Mctliodistamim,
714 2794 776 2842 qui
794 2793 988 2840 originem
1006 2804 1118 2828 suam

166 2851 413 2898 potissimum
460 2849 604 2886 debent
654 2848 785 2885 loanni
824 2848 1004 2895 NVesley.
1048 2847 1120 2882 Hic

167 2905 275 2941 circa
289 2915 436 2940 annum
457 2904 546 2939 1729
563 2904 598 2939 in
615 2902 887 2940 Universitate
905 2901 1121 2937 Oxoniensi

168 2958 310 2995 litteris
336 2968 497 3001 vacans,
525 2969 614 2994 cum
644 2957 789 3004 aliquot
816 2955 1034 2991 studiorum
1063 2966 1120 2989 so-

217 3053 222 3073 Ι
247 3052 400 3093 Bellatny,
433 3050 626 3083 Geschichte
653 3051 738 3083 aller
769 3050 982 3090 Reliqioneru
1006 3047 1125 3080 Sliiud-

171 3100 231 3134 lin,
248 3098 437 3130 li'irchlicha
457 3097 663 3138 quraphic
679 3097 750 3128 und
766 3097 936 3133 malisei&
954 3094 1122 3132 Gro'gniro,

172 3145 316 3178 Histoire
335 3143 391 3174 dos
409 3147 513 3175 κασία·
528 3144 738 3182 rumiens-rm
757 3143 895 3179 Allwrli,
915 3142 1031 3184 Briafe
1046 3142 1124 3173 iiber

171 3192 236 3223 den
254 3191 502 3221 alim-nenesten
520 3189 674 3221 Znseamt
693 3189 752 3219 ‹lrr
775 3189 927 3230 llcliyion
946 3188 1018 3220 und
1040 3188 1125 3221 Wis-

172 3236 389 3278 senschastcn
408 3235 442 3266 in
464 3234 746 3267 Grossbritanien.

677 145 682 151 ·
717 133 885 161 EPOCHA
902 131 977 160 XII.
999 132 1028 159 A
1045 129 1215 158 LITIBVS
1233 128 1545 158 IANSENISTICIS

1156 198 1226 236 ciis
1251 197 1487 234 societatem
1512 196 1601 233 iniit
1625 196 1674 233 ad
1691 197 1805 234 varia
1823 197 1982 246 pietatis
1999 208 2111 235 exer-

1155 252 1249 288 citia
1269 251 1573 299 frequentanda,
1602 252 1752 287 Eorum
1771 252 2026 297 condiscipuli
2044 264 2110 289 no-

1154 317 1246 341 vam
1286 306 1334 341 ab
1367 306 1424 342 eis
1459 304 1702 341 christianae
1738 305 1842 342 vitae
1881 306 2111 343 methodum

1155 359 1360 396 observari
1375 359 1626 403 iocabantur,
1637 369 1781 406 eosque
1798 364 2013 407 propterea
2027 360 2112 398 Me-

1156 413 1346 449 thodistas
1357 413 1623 460 appellabant,
1634 412 1735 459 quod
1754 423 1896 449 nomen
1911 413 1938 448 ii
1951 413 2114 462 adopta-

1155 470 1248 503 runt
1265 471 1305 504 et
1321 471 1462 515 postea
1477 466 1525 503 ad
1541 477 1679 502 omnes
1689 477 1783 502 suos
1794 468 1967 504 asseclas
1986 470 2115 504 trans-

1154 521 1343 557 tulerunt.
1374 522 1489 556 Anno
1517 519 1611 556 1732
1636 519 1694 556 eis
1720 519 1890 556 accessit
1918 520 2116 569 Georgius

1154 574 1410 617 Whitefield,
1438 574 1503 622 qui
1530 572 1749 609 incredibili
1774 572 1929 608 dicendi
1945 573 1986 609 vi
2003 585 2118 622 prae-

1155 628 1274 672 ditus,
1286 628 1323 663 in
1339 628 1465 664 sacris
1480 627 1737 664 concionibus
1749 626 1943 663 materias
1955 626 2118 675 dogma-

1159 682 1273 725 ticas,
1290 693 1314 718 a
1328 682 1526 730 plerisque
1541 680 1886 728 praedicatoribus
1900 681 2117 728 neglectas,

1157 735 1205 772 de
1232 740 1398 782 peccato
1432 735 1639 783 originali,
1667 734 1715 770 de
1741 733 2039 782 redemptione,
2069 734 2118 772 de

1157 788 1233 825 fide
1260 789 1299 824 in
1317 790 1532 833 Christum,
1558 789 1607 825 de
1629 788 1954 836 regeneratione,
1972 787 2020 824 de
2038 791 2118 825 stu-

1158 842 1220 878 dio
1248 844 1408 890 pietatis
1435 844 1602 891 aliisque
1629 842 1734 878 omni
1753 842 2002 890 eloquentiae
2021 842 2060 878 vi
2078 846 2121 879 et

1158 896 1354 943 frequenti
1389 898 1569 933 locorum
1602 896 1835 933 biblicorum
1859 907 1934 932 usu
1968 899 2121 943 pertra-

1160 950 1307 995 ctabat,
1336 953 1590 999 omniumque
1616 951 1751 987 oculos
1777 953 1818 986 et
1843 949 1999 986 animos
2016 949 2057 985 in
2077 960 2120 986 se

1160 1006 1435 1041 convertebat.
1475 1004 1667 1041 Eamdem
1701 1003 1928 1040 methodum
1953 1002 2120 1051 Wesley

1160 1059 1389 1107 caeterique
1430 1059 1729 1106 praedicatores
1763 1057 2029 1094 Methodistae
2062 1068 2122 1093 se·

1161 1114 1240 1149 cuti
1268 1118 1370 1151 sunt.
1402 1115 1498 1151 Mox
1526 1115 1659 1162 plures
1683 1126 1704 1150 e
1723 1113 1868 1161 populo
1886 1112 1946 1149 eis
1971 1111 2123 1148 arctius

1164 1168 1447 1211 adhaeserunt,
1460 1181 1555 1217 quos
1572 1168 1740 1216 XVesley
1758 1178 1820 1203 an.
1844 1167 1937 1204 1738
1953 1165 2122 1202 Londini

1165 1222 1205 1257 in
1231 1234 1350 1258 unam
1378 1224 1612 1260 societatem
1632 1222 1832 1259 coniunxit
1846 1221 2044 1268 certisque
2063 1231 2123 1256 re—

1161 1276 1277 1322 gulis,
1308 1282 1350 1313 ut
1377 1277 1587 1325 plurimum
1616 1277 1776 1325 pietatis
1794 1275 1989 1312 exercitia
2008 1285 2120 1322 prae-

1162 1331 1442 1376 scribentibus,
1453 1332 1652 1368 instruxit.
1664 1332 1813 1367 Eorum
1828 1340 2019 1365 numerus
2034 1339 2124 1364 con-

1166 1384 1272 1420 tinuo
1289 1386 1525 1432 augebatur;
1540 1397 1708 1433 cumque
1723 1384 2025 1431 praedicatores
2039 1382 2125 1418 Me-

1165 1437 1362 1475 thodistae
1389 1439 1437 1475 ab
1464 1439 1644 1475 ecclesiis
1670 1437 1992 1480 excluderentur,
2018 1447 2123 1472 anno

1166 1492 1257 1529 1739
1284 1494 1449 1541 propria
1475 1493 1655 1529 oratoria
1677 1496 1864 1529 extruere
1891 1493 2123 1538 coeperunt,

1164 1549 1206 1582 et
1232 1547 1280 1582 ab
1307 1547 1381 1583 hoc
1407 1551 1588 1595 tempore
1616 1547 1850 1583 distinctam
1876 1544 1924 1581 ab
1950 1545 2037 1581 aliis
2064 1556 2124 1582 se-

1165 1603 1268 1635 ctam
1298 1601 1532 1638 effecerunt.

1216 1656 1486 1692 Methodistae
1518 1655 1555 1691 in
1582 1655 1768 1703 dogmate
1794 1654 1862 1691 vix
1885 1653 1934 1690 ab
1955 1652 2127 1690 ecclesia

1167 1709 1394 1757 Episcopali
1429 1709 1742 1753 d'issentiebant;
1779 1708 1974 1756 singulari
1999 1707 2126 1744 studio

1168 1763 1348 1809 positivis
1388 1764 1631 1800 christianae
1672 1763 1878 1810 religionis
1907 1760 2127 1806 doctrinis,

1167 1829 1288 1866 supra
1315 1818 1517 1861 indicatis,
1546 1817 1832 1861 adhaerebant;
1859 1815 2018 1853 eosdem
2037 1825 2126 1851 cum

1168 1872 1575 1920 ecclesiaEpiscopali
1598 1871 1698 1908 ritus
1713 1870 2016 1914 conservabant,
2031 1879 2128 1918 quos

1168 1926 1309 1962 maiori
1339 1939 1429 1963 cum
1457 1926 1667 1962 devotione
1695 1924 1962 1974 peragebant3
1989 1935 2013 1960 a
2038 1923 2128 1960 reli-

1168 1981 1289 2029 giosis
1324 1981 1545 2028 phantasiis
1578 1992 1655 2016 non
1681 1983 1798 2017 erant
1829 1978 1965 2022 liberi;
1992 1978 2128 2014 imme-

1168 2035 1296 2071 diatas
1324 2036 1496 2083 Spiritus
1523 2035 1642 2070 divini
1661 2034 1700 2069 in
1715 2033 1914 2070 hominem
1932 2033 2128 2080 operatio-

1170 2101 1239 2125 nes
1272 2090 1452 2126 sensibus
1486 2088 1638 2135 percipi
1672 2088 1889 2130 docebant,
1916 2086 2040 2133 iisque
2066 2097 2126 2122 su-

1169 2143 1302 2189 spiria,
1334 2143 1528 2190 singultus
1555 2143 1729 2189 aliosque
1757 2140 1936 2188 corporis
1970 2142 2126 2183 motus,

1169 2197 1305 2243 quibus
1324 2197 1361 2232 in
1381 2197 1508 2233 sacris
1528 2196 1608 2232 suis
1628 2194 1889 2231 conventibus
1905 2193 2128 2230 afficieban-

1169 2256 1246 2292 tur,
1276 2251 1569 2293 attribuebant;
1598 2260 1754 2285 morum
1773 2247 2047 2291 severitatem,
2063 2247 2128 2284 ha-

1171 2306 1291 2341 bitum
1320 2305 1504 2341 devotum
1526 2316 1572 2340 ac
1596 2304 1816 2351 simplicem
1830 2302 1988 2339 vivendi
2008 2302 2127 2339 ratio-

1171 2371 1257 2395 nem
1294 2370 1389 2406 prae
1423 2371 1464 2395 se
1493 2359 1690 2395 serebant.
1720 2357 1796 2399 Qui
1824 2360 1955 2393 autem
1983 2355 2033 2392 ad
2059 2367 2128 2393 eos

1170 2412 1429 2455 accedebant,
1457 2413 1653 2449 ecclesIae
1680 2422 1775 2448 suae
1799 2410 2030 2448 renuntiare
2050 2421 2128 2446 non

1171 2467 1422 2510 tenebantur,
1451 2467 1602 2514 hacque
1631 2466 1785 2502 ratione
1806 2464 1982 2501 omnium
2002 2468 2127 2500 secta-

1172 2533 1256 2557 rum
1285 2521 1463 2558 homines
1490 2521 1539 2557 ad
1566 2532 1636 2558 eos
1661 2520 1863 2568 pertinere
1883 2521 2069 2567 poterant
2087 2522 2129 2554 et

1172 2575 1303 2622 reipsa
1334 2575 1598 2622 pertinebant,
1626 2572 1956 2622 quemadmodum
1984 2572 2127 2609 Luthe-

1172 2630 1257 2665 rani
1293 2634 1333 2666 et
1366 2630 1609 2667 Calvinistae
1639 2629 1840 2676 pertinere
1866 2629 2053 2674 poterant
2078 2625 2128 2662 ad

1173 2684 1544 2720 llerrenliuthanos.
1580 2685 1726 2719 Eorum
1753 2684 1864 2718 secta
1890 2681 1928 2716 in
1955 2680 2126 2728 Anglia,

1173 2737 1365 2774 Hibernia
1399 2742 1439 2774 et
1472 2735 1660 2773 Ame‘rica
1693 2734 1996 2784 septentrionali
2023 2734 2129 2770 latis-

1172 2790 1269 2827 sime
1299 2796 1520 2839 propagata
1546 2795 1648 2828 estl.

1220 2846 1278 2880 54.
1309 2845 1329 2880 I
1335 2845 1637 2893 rreligyiosc'tatis
1655 2853 1886 2893 proyressas
1914 2842 1955 2878 in
1977 2841 2129 2890 Anqlia

1177 2921 1213 2926 —
1239 2899 1421 2935 Vidimus
1459 2899 1693 2946 iampridem
1735 2902 1839 2935 tetra
1879 2896 2127 2940 certamina,

1174 2964 1271 3000 quae
1318 2953 1525 3001 irreligiosi
1562 2954 1778 3001 scriptores
1827 2950 2128 2990 Cliristianismo

1175 3013 1214 3043 et
1249 3007 1431 3054 religioni
1467 3009 1667 3044 revelatae
1697 3007 1734 3043 in
1768 3007 1996 3044 universum
2029 3004 2128 3040 intu-

1223 3099 1228 3118 ¹
1253 3098 1408 3137 saunier,
1423 3096 1472 3128 l'ie
1491 3097 1529 3129 cle
1546 3097 1632 3129 Jean
1655 3095 1794 3137 msam,
1815 3094 1854 3127 de
1871 3091 2026 3134 ror-igine
2041 3093 2073 3124 et
2086 3091 2126 3124 de

1176 3143 1209 3173 la
1225 3145 1449 3183 propaqalion
1466 3144 1511 3175 (lu
1529 3142 1762 3178 lllr'thodixme,
1785 3141 1865 3173 trad,
1883 3140 1920 3171 (le
1942 3139 1962 3169 l'
1978 3137 2127 3175 anglais:

1151 3213 1154 3217 .
1180 3189 1374 3223 {hulduni-ds,
1396 3189 1618 3229 l‘nllsta'ndiqa
1634 3185 1896 3219 (Jeschichlecler
1906 3183 2128 3217 Methodiscen

1178 3234 1213 3264 in
1233 3234 1405 3273 limatam&
1427 3235 1583 3272 Moolilcr,
1604 3234 1647 3265 La
1667 3233 1893 3274 symbolique,
1912 3239 1993 3263 vers.
2012 3228 2095 3262 1.11.
