2241 3473
713 196 851 226 VSQVE
873 196 927 224 AD
950 196 1237 224 PRAESENTEM
1261 195 1464 224 AETATEM

104 270 209 301 ctum
237 276 314 300 non
341 265 518 312 alligant,
538 265 637 313 quod
664 265 856 302 abiectum
883 275 959 300 non
989 275 1047 300 re·

105 317 280 360 ducunt,
311 323 349 354 et
382 319 480 365 quod
520 320 694 366 perierat
728 330 802 354 non
838 322 1044 365 quaerunt.

104 371 256 407 Monita
284 372 339 408 eis
359 373 425 408 dat
444 373 662 420 aptissima,
680 378 721 409 ut
740 378 848 408 sarta
866 376 1045 419 tectaque

101 424 206 460 Cleri
233 425 436 473 disciplina
463 432 643 462 servetur
660 455 668 467 ,
697 437 742 462 ac
770 425 931 473 proinde
960 425 1048 472 Epi-

99 487 308 523 scoporum
336 479 465 514 officia
492 484 690 515 memorat
716 480 823 514 circa
842 479 1047 514 institutio-

100 541 189 567 nem
209 531 444 568 clericorum
464 534 499 568 in
519 534 762 574 Scminariis,
779 533 826 568 dc
846 532 1048 577 vigilantia

99 594 218 631 super
234 586 553 633 presbyterorum
566 587 703 627 vitam,
716 591 754 622 et
772 597 889 633 super
907 586 1047 621 utrius-

99 647 173 684 que
214 650 329 675 sexus
362 639 566 686 religiosas
605 639 807 674 Familias.
842 639 965 674 Instat
1007 644 1048 674 ut

100 691 259 727 visitent
285 703 375 728 suas
400 692 601 729 dioeceses
618 721 626 733 ,
655 692 848 739 parochos
875 692 1048 728 excitent

98 743 147 778 ad
173 755 246 780 sua
273 756 437 781 munera
464 745 671 791 implenda,
692 746 876 782 astutiam
911 756 1044 781 eorum

99 797 337 839 retundent,
364 799 426 845 qui
455 799 538 834 vias
565 810 700 834 omnes
732 802 1044 846 persequuntur,

99 854 140 885 ut
168 850 381 887 catholicos
408 852 633 888 desertores
650 852 737 888 fidei
757 852 916 888 faciant.
940 852 1047 888 Iubet

98 913 193 945 eos,
226 915 274 940 ne
310 916 352 940 se
379 905 485 940 civili
518 905 701 952 potestati
736 905 941 947 addicant,
978 905 1045 941 sed

102 961 254 992 tantum
282 958 507 994 obedientes
535 960 611 994 sint
636 958 806 1005 legibuS,
835 970 932 1006 quae
959 959 1046 1003 Dei,

98 1013 139 1045 et
173 1010 376 1048 Ecclesiae
412 1013 636 1058 praeceptis
669 1023 744 1047 non
781 1016 1041 1059 opponuntur.

96 1063 242 1110 Utpote
270 1070 383 1112 pater
409 1067 720 1108 amantissimus,
740 1065 832 1102 Pius
853 1066 906 1101 lX
925 1066 1043 1101 etiam

97 1120 362 1165 conqueritur,
382 1131 428 1156 eo
456 1120 555 1167 quod
574 1131 622 1156 ex
641 1119 844 1166 Episcopis
866 1119 1044 1155 lusitanis

95 1184 144 1208 ne
170 1184 269 1209 unus
296 1174 449 1221 quidem
477 1175 588 1221 petiit
615 1175 783 1210 Romam
811 1175 849 1209 in
880 1174 1043 1209 solemni

95 1227 310 1264 Beatorum
346 1228 651 1265 Canonizatione
686 1228 887 1264 celebrata
924 1227 985 1263 die
1023 1228 1044 1264 8

95 1281 190 1316 iunii
216 1281 318 1317 illius
343 1283 433 1318 anni
452 1282 559 1324 1862,
578 1282 670 1318 dum
689 1292 713 1317 a
731 1281 875 1317 dissitis
894 1292 1044 1329 quoque

96 1335 201 1371 orbis
236 1336 464 1383 regionibus
491 1335 674 1383 Episcopi
706 1335 745 1371 in
775 1335 925 1371 Urbem
957 1346 1046 1370 con-

94 1395 302 1426 venerunt.

143 1443 484 1480 Admonitionibus
510 1445 568 1480 his
587 1473 595 1487 ‚
630 1444 722 1480 licet
749 1454 826 1479 non
859 1454 1042 1491 semper,

96 1497 288 1544 neglectis
306 1527 314 1540 ,
342 1503 468 1534 status
496 1509 627 1534 rerum
654 1497 858 1534 Ecclesiae
889 1498 952 1533 vix
980 1502 1044 1533 aut

97 1561 144 1586 ne
183 1551 248 1588 vix
290 1552 443 1599 quidem
487 1552 718 1588 immutatus
759 1551 797 1586 in
840 1551 1044 1587 Lusitania

95 1603 220 1640 adhuc
248 1606 433 1652 persistit.
453 1606 510 1641 De
528 1605 634 1641 fideli
655 1605 811 1652 populo,
828 1605 891 1651 qui
910 1608 951 1640 ut
968 1605 1042 1651 pri-

95 1667 201 1692 mum
229 1659 385 1694 occasio
412 1659 505 1694 data
530 1663 605 1701 est,
625 1658 793 1711 studiugyi
813 1669 925 1693 suum
945 1668 1043 1705 erga

94 1709 316 1748 Romanum
344 1712 574 1748 Pontificem
605 1711 815 1748 manifeste
846 1711 1042 1754 ostendit,

94 1762 179 1800 iure
211 1766 353 1801 merito
387 1766 425 1801 in
464 1766 586 1802 citata
624 1765 844 1813 Encyclica
874 1764 1039 1800 dicitur:

92 1816 262 1853 Parvuli
283 1818 483 1866 petierant
507 1830 663 1866 panem,
699 1821 735 1854 et
760 1829 835 1854 non
861 1820 950 1854 erat
977 1817 1042 1865 qai

83 1869 307 1918 frangeret
334 1872 402 1907 eis.
431 1872 672 1909 Gubernium
699 1883 794 1908 vero
822 1883 934 1907 arma
965 1883 1040 1907 non

93 1923 274 1969 proiecit,
301 1926 438 1972 quibus
466 1926 578 1961 modo
606 1925 832 1966 manifeste,
861 1929 900 1960 et
926 1925 1039 1960 modo

93 1977 245 2014 occulte
270 1978 359 2014 iura
385 1990 432 2015 ac
457 1979 566 2025 leges
584 1978 731 2016 Christi
752 1978 954 2014 Ecclesiae
973 1989 1040 2025 op-

93 2035 255 2077 pugnat.
276 2032 355 2067 Iam
385 2034 549 2068 multum
576 2032 767 2079 temporis
785 2032 945 2074 effluxit,
965 2043 1039 2079 quo

94 2084 224 2130 plures
257 2086 486 2122 Lusitaniae
516 2086 718 2122 dioeceses
751 2085 914 2121 orbatae
949 2089 1040 2121 sunt

92 2137 310 2186 Episcopis,
327 2144 368 2175 et
395 2140 529 2187 paucis
555 2141 659 2176 inter
685 2149 733 2175 ea
758 2139 884 2186 potuit
912 2139 1038 2186 provi-

93 2189 187 2227 dere
214 2192 251 2227 in
286 2194 436 2229 recenti
470 2193 713 2230 Consistorio
747 2193 809 2228 die
836 2192 858 2228 9
884 2193 1039 2239 augusti

95 2244 185 2281 1883
212 2246 292 2282 Leo
313 2247 415 2289 Xlll,
435 2258 547 2294 quem
575 2247 681 2283 Deus
707 2246 884 2294 sospitet·

142 2297 202 2334 85.
213 2297 555 2335 Ecclesiaescatas
565 2300 604 2334 in
612 2299 760 2335 Bassia
774 2299 1039 2335 etPolonia—

94 2351 154 2387 Ab
172 2353 282 2388 initio
301 2354 359 2388 sui
379 2353 636 2389 Pontificatus
660 2353 751 2389 Pius
769 2353 839 2400 Pp.
862 2353 915 2389 lX
942 2354 1042 2391 Con-

94 2405 296 2441 cordatum
321 2418 409 2442 cum
428 2407 670 2454 Imperatore
687 2407 918 2443 Russiarum
939 2407 1038 2451 iniit,

94 2459 208 2494 sicuti
227 2459 436 2504 diximusl,
462 2466 503 2496 et
521 2460 753 2496 allocutione
781 2461 817 2495 in
844 2461 1040 2497 Consisto-

95 2512 154 2547 rio
173 2512 220 2548 ad
236 2513 576 2550 aedesVaticanas
594 2514 725 2550 habito
741 2514 802 2550 die
822 2515 843 2550 3
861 2513 940 2550 iulii
953 2514 1042 2551 1848

95 2566 320 2613 evulgatum
337 2567 652 2603 fuit.Nonnullas
670 2568 707 2603 in
723 2568 788 2603 illo
803 2567 969 2614 imperio
988 2568 1039 2603 la-

97 2619 166 2654 tini
182 2620 280 2655 ritus
292 2621 491 2657 Ecclesias
500 2621 681 2656 diuturna
695 2621 884 2656 viduitate
895 2621 1038 2657 misere

96 2673 261 2709 afflictas
288 2674 325 2708 in
345 2675 428 2721 ipso
445 2675 688 2711 Consistorio
709 2674 890 2710 Pontifex
916 2675 1041 2721 potuit

97 2737 284 2764 recreare
304 2757 312 2771 ,
339 2739 483 2774 easque
518 2728 668 2764 idoneis
699 2728 926 2764 Pastoribus
953 2739 1042 2763 con·

99 2780 277 2817 credere.
310 2782 570 2818 Constitutum
599 2793 747 2828 quoque
767 2781 837 2817 fuit
864 2782 961 2817 utin
979 2794 1040 2818 ur-

98 2834 144 2870 be
163 2835 411 2871 Chersoneso
443 2847 545 2871 nova
563 2837 788 2883 erigeretur
807 2837 1040 2884 episcopalis

97 2892 248 2936 Sedes,
281 2903 379 2940 quae
412 2903 525 2928 suum
559 2892 722 2928 haberet
753 2891 1041 2928 Canonicorum

98 2948 316 2994 Collegium
353 2952 392 2984 et
427 2947 692 2983 Seminarium
715 2974 723 2989 ‚
758 2957 804 2981 ac
842 2946 1040 2993 Suffraga-

100 3013 218 3038 neum
238 3002 274 3036 in
294 3002 454 3037 civitate
471 3001 703 3043 Saratovia;
721 3004 839 3046 utque
857 3011 927 3036 sex
941 3000 1042 3037 aliae

99 3055 310 3091 Dioeceses
338 3054 449 3089 latini
475 3054 566 3089 item
595 3054 692 3090 ritus
719 3053 756 3088 in
783 3053 848 3088 illo
875 3054 1043 3101 Imperio

103 3109 176 3144 iam
216 3108 430 3144 existentes
468 3108 579 3143 novis
621 3106 1045 3143 circumscriberentur

100 3162 300 3198 limitibus.
336 3161 401 3196 Nil
427 3172 523 3198 vero
556 3161 805 3196 immutatum
841 3160 911 3196 suit
938 3160 1045 3197 circa

148 3283 155 3303 ι
175 3275 248 3315 pag.
270 3273 347 3305 354.

1915 182 1992 222 395

1099 262 1309 300 Dioeceses
1337 263 1374 298 in
1395 262 1581 298 Poloniae
1601 271 1725 308 regno
1745 270 1769 296 a
1789 259 1861 296 Pio
1881 260 1956 307 Pp.
1975 260 2046 296 Vll

1101 317 1259 353 Litteris
1285 317 1330 354 30
1359 317 1435 352 iun.
1457 315 1548 353 1818
1566 314 1809 350 constitutas.
1831 313 1950 350 Omni
1968 313 2049 360 qui-

1100 369 1187 407 dem
1220 371 1345 407 studio
1373 374 1561 407 statutum
1597 369 1681 412 fuit,
1703 372 1746 404 ut
1777 367 1982 415 Episcopis
2009 367 2047 403 in

1099 425 1176 460 suis
1213 424 1457 460 dioecesibus
1486 424 1644 469 integra
1674 422 1725 458 sit
1755 420 2047 458 ecclesiastica.-

1102 488 1186 512 rum
1215 488 1350 513 rerum
1380 476 1619 524 procuratio,
1638 486 1711 523 quo
1731 475 1803 522 ipsi
1829 485 1899 522 pro
1918 478 2048 522 pasto-

1101 530 1196 566 ralis
1223 530 1397 567 muneris
1422 530 1553 567 debito
1598 533 1638 566 et
1664 528 1897 564 catholicam
1929 527 2046 564 fidem

1101 585 1216 625 tueri,
1235 587 1274 620 et
1290 583 1612 620 Ecclesiasticam
1631 582 1877 628 disciplinam
1896 582 2046 625 fovere,

1099 642 1139 673 et
1166 637 1302 674 fideles
1328 637 1376 673 ad
1405 637 1641 684 religionem
1673 640 1714 672 et
1746 636 1934 683 pietatem
1969 636 2045 671 for·

1100 702 1225 733 mare,
1246 702 1462 738 eorumque
1489 701 1622 726 mores
1648 690 1916 732 continere‚et
1941 691 2047 726 iuve-

1100 755 1182 785 nes,
1205 755 1251 780 ac
1275 745 1507 792 praesertim
1528 744 1628 787 illos,
1647 743 1710 790 qui
1738 743 1775 778 in
1800 748 1950 780 sortem
1971 743 2046 778 Do-

1099 798 1192 832 mini
1220 798 1350 834 vocati
1378 802 1482 839 sunt,
1499 809 1546 833 ex
1566 796 1822 844 praescriptis
1848 796 2045 832 Tridenti-

1100 861 1173 886 nae
1209 850 1355 899 Synodi
1395 850 1442 886 ad
1478 861 1632 886 omnem
1667 850 1854 885 virtutem
1888 854 2044 886 mature

1097 904 1262 951 fingere,
1283 905 1474 951 rebusque
1494 903 1654 950 optimis
1673 903 1897 947 instituere,
1919 903 2041 938 sanis-

1097 969 1169 1003 que
1196 958 1384 993 doctrinis
1417 958 1620 1000 imbuere,
1653 960 1693 992 et
1726 956 2043 992 Ecclesiasticam

1097 1011 1354 1047 Academiam
1383 1010 1610 1053 moderari,
1638 1009 1750 1056 eique
1777 1009 1911 1046 sedulo
1939 1009 2044 1046 advi-

1097 1064 1221 1110 gilare
1239 1065 1399 1112 possint.
1420 1064 1548 1105 Quum
1563 1068 1695 1099 autem
1724 1063 1763 1098 in
1789 1063 1854 1098 illo
1876 1062 2045 1109 Imperio

1097 1119 1373 1165 quamplurimi
1403 1119 1650 1154 diversorum
1679 1116 1822 1152 rituum
1853 1116 2044 1154 Catholici

1095 1172 1326 1214 existerent,
1349 1172 1468 1208 etiam
1503 1170 1694 1218 peculiari
1731 1170 1861 1217 aliqua
1888 1171 2042 1207 ratione

1097 1230 1349 1272 prospectum
1382 1226 1466 1262 fuit.
1504 1226 1589 1261 Hoc
1625 1228 1829 1272 peractum
1866 1224 1939 1260 fuit
1977 1225 2044 1261 illa

1095 1279 1366 1316 Conventione
1394 1283 1420 1323 1,
1449 1280 1573 1315 multa
1597 1278 1753 1326 quidem
1780 1278 1858 1314 alia
1891 1282 1931 1315 et
1964 1289 2044 1316 ma-

1093 1332 1188 1367 ximi
1229 1343 1323 1369 sane
1364 1333 1554 1369 momenti
1588 1332 1636 1368 ad
1674 1335 1853 1379 optatum
1891 1333 2040 1369 exitum

1093 1384 1322 1423 adducenda
1347 1390 1596 1433 supererant,
1615 1397 1715 1433 quae
1741 1397 1764 1422 a
1792 1385 2042 1434 plenipoten-

1094 1439 1220 1476 tiariis
1247 1440 1286 1475 in
1315 1440 1554 1476 tractatione
1581 1440 1717 1487 perfici
1742 1439 1845 1476 haud
1864 1444 2041 1487 potuere,

1092 1504 1266 1541 quaeque
1282 1494 1498 1541 respiciunt
1514 1493 1718 1530 Ecclesiae
1735 1493 1971 1538 libertatem,
1988 1494 2042 1531 iu-

1092 1556 1153 1589 ra,
1179 1547 1355 1583 rationes
1381 1551 1422 1584 et
1445 1547 1618 1583 fidelium
1645 1547 1826 1583 salutem.

1139 1600 1298 1637 Interea
1317 1601 1492 1637 civilium
1508 1600 1849 1648 perturbationum
1864 1601 2042 1639 fautores

1092 1658 1132 1690 et
1151 1665 1365 1701 pravarum
1384 1655 1611 1702 opinionum
1632 1658 1921 1702 propagatores
1946 1655 2045 1692 iam—

1091 1707 1234 1743 dudum
1277 1709 1483 1744 consilium
1517 1714 1778 1754 susceperant
1817 1708 2043 1756 impellendi

1092 1760 1298 1797 Poloniam
1312 1762 1352 1797 in
1367 1761 1516 1798 erroris
1524 1761 1642 1804 viam,
1656 1765 1697 1797 ut
1712 1762 1912 1798 saniorem
1929 1773 2043 1810 prae-

1090 1815 1401 1863 stantioremque
1433 1815 1543 1851 istius
1581 1815 1694 1862 regni
1727 1819 1885 1862 partem
1918 1827 1942 1852 a
1967 1816 2042 1852 sin-

1091 1879 1184 1904 cera
1209 1868 1277 1904 illa
1303 1868 1496 1905 catholica
1522 1868 1598 1905 fide
1629 1872 1670 1904 et
1694 1869 1956 1906 veneratione
1981 1881 2043 1906 er-

1091 1932 1142 1968 ga
1181 1921 1289 1958 Petri
1327 1922 1567 1960 Cathedram
1606 1922 1765 1957 omnino
1805 1923 2038 1960 avellerent.

1090 1975 1357 2016 Quamobrem
1389 1975 1536 2012 eisdem
1563 1975 1739 2012 fidelibus
1773 1975 1942 2012 suadere
1976 1988 2040 2013 co—

1090 2029 1170 2065 nati
1197 2036 1307 2072 sunt,
1335 2031 1536 2066 Romanos
1561 2029 1773 2066 Pontifices
1807 2041 1885 2066 non
1910 2031 2037 2068 solum

1089 2081 1135 2118 de
1163 2083 1356 2130 spirituali
1371 2083 1527 2119 illorum
1546 2083 1716 2120 utilitate
1735 2083 1897 2120 minime
1914 2083 2036 2122 fuisse

1090 2136 1288 2180 sollicitos,
1303 2148 1443 2173 verum
1461 2137 1582 2173 etiam
1604 2136 1699 2172 nihil
1726 2148 1911 2184 umquam
1938 2138 2037 2185 egis-

1088 2194 1198 2233 se,ut
1223 2190 1426 2228 Catholica
1451 2191 1633 2227 Ecclesia
1648 2191 1687 2226 in
1702 2190 1892 2227 Poloniae
1911 2191 2038 2238 regio·

1091 2243 1203 2279 nibus
1222 2255 1294 2281 sua
1308 2244 1425 2291 plena
1443 2244 1627 2281 libertate
1648 2244 1828 2292 polleret.
1850 2244 1934 2285 Quo
1953 2256 2037 2281 cer-

1089 2302 1126 2334 te
1150 2297 1243 2333 nihil
1268 2297 1405 2334 falsius
1424 2298 1544 2335 etiam
1572 2303 1737 2346 apparet
1767 2309 1816 2334 ex
1842 2298 2036 2336 factorum

1088 2352 1332 2399 expositione
1366 2352 1569 2399 multiplici
1602 2352 1931 2388 documentorum
1967 2364 2034 2399 ge-

1089 2406 1400 2447 nereinstructa,
1422 2417 1470 2442 ac
1484 2407 1585 2453 typis
1599 2405 1704 2441 edita
1718 2405 1825 2442 iussu
1847 2406 2032 2452 Gregorii

1089 2459 1161 2506 Pp.
1188 2460 1282 2496 XVI
1307 2462 1334 2492 2.
1363 2459 1440 2496 Sed
1467 2460 1532 2495 vix
1559 2459 1692 2505 paucis
1718 2458 1862 2506 elapsis
1893 2460 2007 2496 annis
2025 2489 2033 2505 ,

1089 2513 1205 2549 iidem
1232 2513 1430 2556 homines,
1464 2513 1574 2549 abusi
1609 2516 1700 2548 sunt
1727 2516 1804 2548 tum
1834 2512 2039 2549 difficulta-

1090 2567 1207 2610 tibus,
1236 2578 1334 2614 quae
1362 2567 1525 2604 liberam
1554 2567 1717 2602 istorum
1744 2566 1918 2602 fidelium
1946 2578 2034 2603 cum

1089 2621 1317 2667 Apostolica
1344 2620 1444 2657 Sede
1481 2619 1881 2656 communicationem
1915 2619 2037 2667 impe—

1089 2674 1260 2719 diebant,
1280 2679 1361 2715 tum,
1387 2673 1628 2710 lamentabili
1654 2684 1762 2715 sane,
1784 2674 1822 2708 in
1849 2684 1925 2720 qua
1949 2686 2038 2711 ver-

1089 2727 1291 2772 sabantur,
1315 2728 1549 2769 conditione,
1570 2730 1609 2762 et
1623 2726 1802 2762 eamdem
1817 2726 1956 2763 salsam
1981 2729 2038 2764 in-

1089 2781 1310 2828 iustamque
1326 2782 1548 2828 opinionem
1562 2780 1688 2816 denuo
1705 2781 1881 2816 excitare
1897 2785 1935 2817 et
1951 2781 2038 2818 istis

1090 2835 1265 2872 fidelibus
1293 2835 1493 2871 insinuare
1525 2845 1602 2869 non
1622 2833 1851 2877 timuerunt,
1874 2836 2036 2882 Aposto-

1091 2888 1208 2924 licam
1236 2888 1379 2925 Sedem
1406 2888 1535 2934 magis
1563 2897 1704 2923 curare
1731 2889 1958 2935 temporalis
1975 2889 2040 2925 do-

1091 2942 1200 2977 minii
1226 2942 1399 2978 rationes
1417 2970 1425 2984 ‚
1453 2951 1569 2988 quam
1602 2941 1850 2988 spiritualem
1882 2943 2039 2989 populo-

1094 3006 1180 3030 rum
1196 2995 1379 3031 salutem.
1392 2994 1518 3035 Quam
1536 2994 1634 3030 haec
1646 2994 1778 3030 omnia
1795 2994 1953 3030 fallacia
1965 2995 2041 3032 sint

1142 3133 1338 3166 1Allocutio
1366 3132 1475 3164 habita
1502 3132 1552 3164 die
1580 3131 1598 3164 3
1626 3132 1687 3164 iul.
1715 3130 1821 3169 1848,
1849 3135 1881 3163 et
1908 3132 2037 3165 articuli

1094 3177 1563 3212 Convenlionis·inveniuntur
1588 3177 1620 3208 in
1647 3178 1720 3219 eph.
1742 3176 1786 3209 La
1805 3176 1947 3210 Scienza
1965 3186 1982 3209 e
2003 3178 2036 3210 la

1097 3225 1195 3262 Facie,
1212 3225 1275 3256 vol.
1298 3231 1370 3260 xvh
1391 3232 1443 3265 pp.
1462 3223 1504 3255 48
1524 3232 1595 3265 sqq,
1618 3222 1732 3265 Napoli
1761 3222 1859 3256 1848.

1141 3269 1154 3290 ‘²
1174 3270 1241 3301 Vid.
1263 3278 1294 3312 p.
1314 3268 1391 3300 354.
