<?xml version="1.0" encoding="UTF-8"?>
<!DOCTYPE html PUBLIC "-//W3C//DTD XHTML 1.0 Transitional//EN"
    "http://www.w3.org/TR/xhtml1/DTD/xhtml1-transitional.dtd">
<html xmlns="http://www.w3.org/1999/xhtml" xml:lang="en" lang="en">
 <head>
  <title>
</title>
<meta http-equiv="Content-Type" content="text/html;charset=utf-8" />
  <meta name='ocr-system' content='tesseract 3.04.00' />
  <meta name='ocr-capabilities' content='ocr_page ocr_carea ocr_par ocr_line ocrx_word'/>
</head>
<body>
  <div class='ocr_page' id='page_1' title='image "./historiaeecclesi01wout_0704.png"; bbox 0 0 2241 3473; ppageno 0'>
   <div class='ocr_carea' id='block_1_1' title="bbox 293 107 370 149">
    <p class='ocr_par' dir='ltr' id='par_1_1' title="bbox 293 107 370 149">
     <span class='ocr_line' id='line_1_1' title="bbox 293 107 370 149; baseline -0.052 1"><span class='ocrx_word' id='word_1_1' title='bbox 293 107 370 149; x_wconf 86' lang='grc'>382</span> 
     </span>
    </p>
   </div>
   <div class='ocr_carea' id='block_1_2' title="bbox 220 195 1183 2939">
    <p class='ocr_par' dir='ltr' id='par_1_2' title="bbox 230 195 1183 991">
     <span class='ocr_line' id='line_1_2' title="bbox 238 195 1183 242; baseline 0.003 -12"><span class='ocrx_word' id='word_1_2' title='bbox 238 195 346 242; x_wconf 88' lang='lat' dir='ltr'>pioso</span> <span class='ocrx_word' id='word_1_3' title='bbox 373 195 565 232; x_wconf 88' lang='lat' dir='ltr'>exercitui</span> <span class='ocrx_word' id='word_1_4' title='bbox 591 206 662 230; x_wconf 91' lang='lat' dir='ltr'>suo</span> <span class='ocrx_word' id='word_1_5' title='bbox 683 196 795 230; x_wconf 88' lang='lat' dir='ltr'>ruina</span> <span class='ocrx_word' id='word_1_6' title='bbox 811 197 1026 241; x_wconf 87' lang='lat' dir='ltr'>parabatur</span> <span class='ocrx_word' id='word_1_7' title='bbox 1043 199 1069 229; x_wconf 90' lang='lat'>1.</span> <span class='ocrx_word' id='word_1_8' title='bbox 1090 196 1183 233; x_wconf 87' lang='lat' dir='ltr'>Pius</span> 
     </span>
     <span class='ocr_line' id='line_1_3' title="bbox 240 247 1179 291; baseline 0 -7"><span class='ocrx_word' id='word_1_9' title='bbox 240 249 309 291; x_wconf 89' lang='lat' dir='ltr'>IX,</span> <span class='ocrx_word' id='word_1_10' title='bbox 338 260 473 285; x_wconf 92' lang='lat' dir='ltr'>verum</span> <span class='ocrx_word' id='word_1_11' title='bbox 494 276 502 289; x_wconf 87' lang='lat'>,</span> <span class='ocrx_word' id='word_1_12' title='bbox 532 247 671 283; x_wconf 89' lang='lat' dir='ltr'>litteris</span> <span class='ocrx_word' id='word_1_13' title='bbox 698 247 773 283; x_wconf 87' lang='lat' dir='ltr'>diei</span> <span class='ocrx_word' id='word_1_14' title='bbox 800 248 845 284; x_wconf 93' lang='grc'>22</span> <span class='ocrx_word' id='word_1_15' title='bbox 872 249 952 284; x_wconf 87' lang='lat' dir='ltr'>iulii</span> <span class='ocrx_word' id='word_1_16' title='bbox 981 249 1073 286; x_wconf 77' lang='lat'>1870</span> <span class='ocrx_word' id='word_1_17' title='bbox 1100 253 1179 285; x_wconf 84' lang='lat' dir='ltr'>tam</span> 
     </span>
     <span class='ocr_line' id='line_1_4' title="bbox 236 301 1182 349; baseline 0 -11"><span class='ocrx_word' id='word_1_18' title='bbox 236 303 321 349; x_wconf 85' lang='lat' dir='ltr'>regi</span> <span class='ocrx_word' id='word_1_19' title='bbox 359 301 570 337; x_wconf 87' lang='lat' dir='ltr'>Borussiae</span> <span class='ocrx_word' id='word_1_20' title='bbox 605 311 719 347; x_wconf 87' lang='lat' dir='ltr'>quam</span> <span class='ocrx_word' id='word_1_21' title='bbox 755 302 908 338; x_wconf 89' lang='lat' dir='ltr'>Galliae</span> <span class='ocrx_word' id='word_1_22' title='bbox 943 303 1182 349; x_wconf 87' lang='lat' dir='ltr'>Imperatori</span> 
     </span>
     <span class='ocr_line' id='line_1_5' title="bbox 238 354 1183 402; baseline 0.001 -12"><span class='ocrx_word' id='word_1_23' title='bbox 238 355 350 396; x_wconf 89' lang='lat' dir='ltr'>datis,</span> <span class='ocrx_word' id='word_1_24' title='bbox 369 355 449 390; x_wconf 90' lang='lat' dir='ltr'>iras</span> <span class='ocrx_word' id='word_1_25' title='bbox 470 364 723 398; x_wconf 80' lang='lat' dir='ltr'>compescere</span> <span class='ocrx_word' id='word_1_26' title='bbox 745 354 975 402; x_wconf 90' lang='lat' dir='ltr'>animosque</span> <span class='ocrx_word' id='word_1_27' title='bbox 994 355 1183 402; x_wconf 86' lang='lat' dir='ltr'>mitigare</span> 
     </span>
     <span class='ocr_line' id='line_1_6' title="bbox 237 406 1181 455; baseline 0.001 -12"><span class='ocrx_word' id='word_1_28' title='bbox 237 407 459 454; x_wconf 78' lang='lat' dir='ltr'>exoptabat,</span> <span class='ocrx_word' id='word_1_29' title='bbox 479 406 547 442; x_wconf 90' lang='lat' dir='ltr'>sed</span> <span class='ocrx_word' id='word_1_30' title='bbox 567 406 797 443; x_wconf 88' lang='lat' dir='ltr'>Guilielmus</span> <span class='ocrx_word' id='word_1_31' title='bbox 817 407 1001 444; x_wconf 88' lang='lat' dir='ltr'>Pontifici</span> <span class='ocrx_word' id='word_1_32' title='bbox 1022 420 1181 455; x_wconf 79' lang='lat' dir='ltr'>respon-</span> 
     </span>
     <span class='ocr_line' id='line_1_7' title="bbox 234 460 1180 506; baseline 0.003 -11"><span class='ocrx_word' id='word_1_33' title='bbox 234 460 301 503; x_wconf 84' lang='lat' dir='ltr'>dit,</span> <span class='ocrx_word' id='word_1_34' title='bbox 322 471 363 496; x_wconf 89' lang='lat' dir='ltr'>se</span> <span class='ocrx_word' id='word_1_35' title='bbox 383 471 507 506; x_wconf 86' lang='lat' dir='ltr'>neque</span> <span class='ocrx_word' id='word_1_36' title='bbox 528 470 682 496; x_wconf 89' lang='lat' dir='ltr'>amasse</span> <span class='ocrx_word' id='word_1_37' title='bbox 702 472 802 496; x_wconf 91' lang='lat' dir='ltr'>neve</span> <span class='ocrx_word' id='word_1_38' title='bbox 822 461 1002 498; x_wconf 89' lang='lat' dir='ltr'>intulisse</span> <span class='ocrx_word' id='word_1_39' title='bbox 1023 462 1180 506; x_wconf 91' lang='lat' dir='ltr'>bellum,</span> 
     </span>
     <span class='ocr_line' id='line_1_8' title="bbox 232 513 1179 560; baseline 0.005 -13"><span class='ocrx_word' id='word_1_40' title='bbox 232 513 401 560; x_wconf 78' lang='lat' dir='ltr'>quinimo</span> <span class='ocrx_word' id='word_1_41' title='bbox 432 518 616 560; x_wconf 85' lang='lat' dir='ltr'>paratum</span> <span class='ocrx_word' id='word_1_42' title='bbox 642 525 729 550; x_wconf 91' lang='lat' dir='ltr'>esse</span> <span class='ocrx_word' id='word_1_43' title='bbox 749 518 789 550; x_wconf 91' lang='lat' dir='ltr'>et</span> <span class='ocrx_word' id='word_1_44' title='bbox 807 515 928 551; x_wconf 86' lang='lat' dir='ltr'>armis</span> <span class='ocrx_word' id='word_1_45' title='bbox 946 515 1179 558; x_wconf 67' lang='lat' dir='ltr'>subsistere,</span> 
     </span>
     <span class='ocr_line' id='line_1_9' title="bbox 230 565 1178 615; baseline -0.001 -12"><span class='ocrx_word' id='word_1_46' title='bbox 230 566 263 603; x_wconf 91' lang='lat' dir='ltr'>si</span> <span class='ocrx_word' id='word_1_47' title='bbox 303 565 423 602; x_wconf 82' lang='lat' dir='ltr'>hostis</span> <span class='ocrx_word' id='word_1_48' title='bbox 456 566 650 602; x_wconf 89' lang='lat' dir='ltr'>mitiorem</span> <span class='ocrx_word' id='word_1_49' title='bbox 685 568 859 604; x_wconf 89' lang='lat' dir='ltr'>animum</span> <span class='ocrx_word' id='word_1_50' title='bbox 895 569 1178 615; x_wconf 71' lang='lat' dir='ltr'>praeseferret.</span> 
     </span>
     <span class='ocr_line' id='line_1_10' title="bbox 236 620 1179 669; baseline 0.002 -13"><span class='ocrx_word' id='word_1_51' title='bbox 236 621 345 662; x_wconf 84' lang='lat' dir='ltr'>Quae</span> <span class='ocrx_word' id='word_1_52' title='bbox 371 631 468 656; x_wconf 90' lang='lat' dir='ltr'>vero</span> <span class='ocrx_word' id='word_1_53' title='bbox 495 620 702 666; x_wconf 88' lang='lat' dir='ltr'>Napoleon</span> <span class='ocrx_word' id='word_1_54' title='bbox 736 621 1004 669; x_wconf 72' lang='lat' dir='ltr'>respondisset</span> <span class='ocrx_word' id='word_1_55' title='bbox 1037 634 1107 658; x_wconf 90' lang='lat' dir='ltr'>nos</span> <span class='ocrx_word' id='word_1_56' title='bbox 1141 635 1179 658; x_wconf 95' lang='lat' dir='ltr'>o-</span> 
     </span>
     <span class='ocr_line' id='line_1_11' title="bbox 236 673 1180 723; baseline 0.002 -13"><span class='ocrx_word' id='word_1_57' title='bbox 236 675 369 710; x_wconf 92' lang='lat' dir='ltr'>mnino</span> <span class='ocrx_word' id='word_1_58' title='bbox 396 674 532 716; x_wconf 89' lang='lat' dir='ltr'>latent;</span> <span class='ocrx_word' id='word_1_59' title='bbox 561 674 632 708; x_wconf 82' lang='lat' dir='ltr'>hoc</span> <span class='ocrx_word' id='word_1_60' title='bbox 652 673 778 710; x_wconf 85' lang='lat' dir='ltr'>solum</span> <span class='ocrx_word' id='word_1_61' title='bbox 797 680 1046 723; x_wconf 86' lang='lat' dir='ltr'>compertum</span> <span class='ocrx_word' id='word_1_62' title='bbox 1065 676 1180 713; x_wconf 86' lang='lat' dir='ltr'>habe—</span> 
     </span>
     <span class='ocr_line' id='line_1_12' title="bbox 234 727 1181 777; baseline 0.003 -14"><span class='ocrx_word' id='word_1_63' title='bbox 234 740 319 764; x_wconf 89' lang='lat' dir='ltr'>mus</span> <span class='ocrx_word' id='word_1_64' title='bbox 337 756 345 769; x_wconf 87' lang='lat'><em>‚</em></span> <span class='ocrx_word' id='word_1_65' title='bbox 374 732 461 775; x_wconf 91' lang='lat' dir='ltr'>post</span> <span class='ocrx_word' id='word_1_66' title='bbox 486 727 647 763; x_wconf 87' lang='lat' dir='ltr'>caedem</span> <span class='ocrx_word' id='word_1_67' title='bbox 678 728 822 765; x_wconf 86' lang='lat' dir='ltr'>Sedani</span> <span class='ocrx_word' id='word_1_68' title='bbox 850 742 969 777; x_wconf 88' lang='lat' dir='ltr'>quum</span> <span class='ocrx_word' id='word_1_69' title='bbox 998 730 1181 767; x_wconf 83' lang='lat' dir='ltr'>Pontifex</span> 
     </span>
     <span class='ocr_line' id='line_1_13' title="bbox 235 780 1181 828; baseline 0.002 -10"><span class='ocrx_word' id='word_1_70' title='bbox 235 783 379 818; x_wconf 88' lang='lat' dir='ltr'>iterum</span> <span class='ocrx_word' id='word_1_71' title='bbox 406 780 453 816; x_wconf 87' lang='lat' dir='ltr'>ad</span> <span class='ocrx_word' id='word_1_72' title='bbox 480 782 793 828; x_wconf 90' lang='lat' dir='ltr'>componendum</span> <span class='ocrx_word' id='word_1_73' title='bbox 822 784 981 828; x_wconf 88' lang='lat' dir='ltr'>bellum,</span> <span class='ocrx_word' id='word_1_74' title='bbox 1008 788 1051 819; x_wconf 89' lang='lat' dir='ltr'>ut</span> <span class='ocrx_word' id='word_1_75' title='bbox 1070 788 1181 820; x_wconf 88' lang='lat' dir='ltr'>tanta</span> 
     </span>
     <span class='ocr_line' id='line_1_14' title="bbox 233 836 1180 885; baseline 0.001 -12"><span class='ocrx_word' id='word_1_76' title='bbox 233 836 386 873; x_wconf 86' lang='lat' dir='ltr'>excidia</span> <span class='ocrx_word' id='word_1_77' title='bbox 412 840 630 876; x_wconf 71' lang='lat' dir='ltr'>cessarent,</span> <span class='ocrx_word' id='word_1_78' title='bbox 658 836 815 873; x_wconf 73' lang='lat' dir='ltr'>litteras</span> <span class='ocrx_word' id='word_1_79' title='bbox 842 837 980 874; x_wconf 90' lang='lat' dir='ltr'>iisdem</span> <span class='ocrx_word' id='word_1_80' title='bbox 1004 839 1180 885; x_wconf 91' lang='lat' dir='ltr'>scripsis-</span> 
     </span>
     <span class='ocr_line' id='line_1_15' title="bbox 231 889 1174 933; baseline 0.001 -6"><span class='ocrx_word' id='word_1_81' title='bbox 231 896 290 927; x_wconf 88' lang='lat' dir='ltr'>set</span> <span class='ocrx_word' id='word_1_82' title='bbox 312 918 320 933; x_wconf 93' lang='lat'>,</span> <span class='ocrx_word' id='word_1_83' title='bbox 355 890 554 925; x_wconf 88' lang='lat' dir='ltr'>neminem</span> <span class='ocrx_word' id='word_1_84' title='bbox 587 889 694 925; x_wconf 90' lang='lat' dir='ltr'>illum</span> <span class='ocrx_word' id='word_1_85' title='bbox 730 891 926 927; x_wconf 86' lang='lat' dir='ltr'>audivisse</span> <span class='ocrx_word' id='word_1_86' title='bbox 960 896 999 928; x_wconf 88' lang='lat' dir='ltr'>et</span> <span class='ocrx_word' id='word_1_87' title='bbox 1032 893 1174 928; x_wconf 90' lang='lat' dir='ltr'>molem</span> 
     </span>
     <span class='ocr_line' id='line_1_16' title="bbox 231 943 988 991; baseline 0.001 -11"><span class='ocrx_word' id='word_1_88' title='bbox 231 943 387 991; x_wconf 87' lang='lat' dir='ltr'>imperii</span> <span class='ocrx_word' id='word_1_89' title='bbox 414 943 566 979; x_wconf 89' lang='lat' dir='ltr'>Galliae</span> <span class='ocrx_word' id='word_1_90' title='bbox 595 944 748 990; x_wconf 88' lang='lat' dir='ltr'>penitus</span> <span class='ocrx_word' id='word_1_91' title='bbox 774 945 988 981; x_wconf 85' lang='lat' dir='ltr'>corruisse.</span> 
     </span>
    </p>

    <p class='ocr_par' dir='ltr' id='par_1_3' title="bbox 224 998 1178 1479">
     <span class='ocr_line' id='line_1_17' title="bbox 275 998 1175 1045; baseline 0.002 -11"><span class='ocrx_word' id='word_1_92' title='bbox 275 999 359 1034; x_wconf 88' lang='lat' dir='ltr'>Hac</span> <span class='ocrx_word' id='word_1_93' title='bbox 386 1000 624 1043; x_wconf 83' lang='lat' dir='ltr'>tempestate</span> <span class='ocrx_word' id='word_1_94' title='bbox 654 998 900 1045; x_wconf 81' lang='lat' dir='ltr'>subalpinum</span> <span class='ocrx_word' id='word_1_95' title='bbox 935 999 1175 1036; x_wconf 89' lang='lat' dir='ltr'>Gubernium</span> 
     </span>
     <span class='ocr_line' id='line_1_18' title="bbox 231 1051 1177 1099; baseline 0.004 -13"><span class='ocrx_word' id='word_1_96' title='bbox 231 1052 377 1087; x_wconf 87' lang='lat' dir='ltr'>nullum</span> <span class='ocrx_word' id='word_1_97' title='bbox 405 1062 482 1086; x_wconf 87' lang='lat' dir='ltr'>non</span> <span class='ocrx_word' id='word_1_98' title='bbox 512 1051 633 1087; x_wconf 88' lang='lat' dir='ltr'>movit</span> <span class='ocrx_word' id='word_1_99' title='bbox 660 1052 845 1099; x_wconf 81' lang='lat' dir='ltr'>lapidem,</span> <span class='ocrx_word' id='word_1_100' title='bbox 872 1056 916 1088; x_wconf 90' lang='lat' dir='ltr'>ut</span> <span class='ocrx_word' id='word_1_101' title='bbox 942 1057 1050 1090; x_wconf 88' lang='lat' dir='ltr'>sarte</span> <span class='ocrx_word' id='word_1_102' title='bbox 1078 1054 1177 1090; x_wconf 82' lang='lat' dir='ltr'>frue-</span> 
     </span>
     <span class='ocr_line' id='line_1_19' title="bbox 229 1104 1177 1155; baseline 0.002 -13"><span class='ocrx_word' id='word_1_103' title='bbox 229 1110 351 1150; x_wconf 89' lang='lat' dir='ltr'>retur,</span> <span class='ocrx_word' id='word_1_104' title='bbox 368 1108 422 1149; x_wconf 86' lang='lat' dir='ltr'>et,</span> <span class='ocrx_word' id='word_1_105' title='bbox 438 1104 637 1141; x_wconf 77' lang='lat' dir='ltr'>distractis</span> <span class='ocrx_word' id='word_1_106' title='bbox 656 1106 808 1142; x_wconf 85' lang='lat' dir='ltr'>Romae</span> <span class='ocrx_word' id='word_1_107' title='bbox 828 1106 1045 1143; x_wconf 86' lang='lat' dir='ltr'>Galliarum</span> <span class='ocrx_word' id='word_1_108' title='bbox 1067 1119 1177 1155; x_wconf 89' lang='lat' dir='ltr'>prae-</span> 
     </span>
     <span class='ocr_line' id='line_1_20' title="bbox 227 1159 1178 1206; baseline 0.002 -10"><span class='ocrx_word' id='word_1_109' title='bbox 227 1160 349 1205; x_wconf 85' lang='lat' dir='ltr'>sidiis,</span> <span class='ocrx_word' id='word_1_110' title='bbox 376 1159 511 1196; x_wconf 87' lang='lat' dir='ltr'>statim</span> <span class='ocrx_word' id='word_1_111' title='bbox 539 1160 816 1206; x_wconf 82' lang='lat' dir='ltr'>patrimonium</span> <span class='ocrx_word' id='word_1_112' title='bbox 848 1162 888 1196; x_wconf 83' lang='lat' dir='ltr'>S.</span> <span class='ocrx_word' id='word_1_113' title='bbox 917 1160 1025 1197; x_wconf 85' lang='lat' dir='ltr'>Petri</span> <span class='ocrx_word' id='word_1_114' title='bbox 1053 1162 1178 1198; x_wconf 88' lang='lat' dir='ltr'>adhuc</span> 
     </span>
     <span class='ocr_line' id='line_1_21' title="bbox 226 1213 1175 1252; baseline 0.001 -1"><span class='ocrx_word' id='word_1_115' title='bbox 226 1216 423 1251; x_wconf 84' lang='lat' dir='ltr'>incolume</span> <span class='ocrx_word' id='word_1_116' title='bbox 440 1214 595 1250; x_wconf 88' lang='lat' dir='ltr'>invasit.</span> <span class='ocrx_word' id='word_1_117' title='bbox 608 1213 852 1251; x_wconf 87' lang='lat' dir='ltr'>Administer</span> <span class='ocrx_word' id='word_1_118' title='bbox 868 1215 986 1250; x_wconf 90' lang='lat' dir='ltr'>italus</span> <span class='ocrx_word' id='word_1_119' title='bbox 999 1215 1175 1252; x_wconf 90' lang='lat' dir='ltr'>Visconti</span> 
     </span>
     <span class='ocr_line' id='line_1_22' title="bbox 226 1269 1178 1316; baseline 0.001 -11"><span class='ocrx_word' id='word_1_120' title='bbox 226 1270 405 1306; x_wconf 90' lang='lat' dir='ltr'>Venosta</span> <span class='ocrx_word' id='word_1_121' title='bbox 424 1269 619 1306; x_wconf 88' lang='lat' dir='ltr'>interdum</span> <span class='ocrx_word' id='word_1_122' title='bbox 637 1281 704 1316; x_wconf 88' lang='lat' dir='ltr'>per</span> <span class='ocrx_word' id='word_1_123' title='bbox 729 1269 882 1305; x_wconf 82' lang='lat' dir='ltr'>litteras</span> <span class='ocrx_word' id='word_1_124' title='bbox 902 1269 1096 1306; x_wconf 80' lang='lat' dir='ltr'>certiores</span> <span class='ocrx_word' id='word_1_125' title='bbox 1121 1271 1178 1307; x_wconf 81' lang='lat' dir='ltr'>i&#39;e-</span> 
     </span>
     <span class='ocr_line' id='line_1_23' title="bbox 227 1323 1176 1371; baseline -0.001 -11"><span class='ocrx_word' id='word_1_126' title='bbox 227 1325 280 1360; x_wconf 88' lang='lat' dir='ltr'>cit</span> <span class='ocrx_word' id='word_1_127' title='bbox 310 1328 469 1361; x_wconf 82' lang='lat' dir='ltr'>exteras</span> <span class='ocrx_word' id='word_1_128' title='bbox 502 1323 682 1359; x_wconf 87' lang='lat' dir='ltr'>nationes</span> <span class='ocrx_word' id='word_1_129' title='bbox 718 1323 870 1359; x_wconf 86' lang='lat' dir='ltr'>consilii</span> <span class='ocrx_word' id='word_1_130' title='bbox 903 1323 963 1359; x_wconf 91' lang='lat' dir='ltr'>sui</span> <span class='ocrx_word' id='word_1_131' title='bbox 997 1324 1176 1371; x_wconf 84' lang='lat' dir='ltr'>gubernii</span> 
     </span>
     <span class='ocr_line' id='line_1_24' title="bbox 227 1377 1176 1421; baseline 0.001 -7"><span class='ocrx_word' id='word_1_132' title='bbox 227 1377 437 1415; x_wconf 87' lang='lat' dir='ltr'>invadendi</span> <span class='ocrx_word' id='word_1_133' title='bbox 456 1378 640 1421; x_wconf 83' lang='lat' dir='ltr'>Romam,</span> <span class='ocrx_word' id='word_1_134' title='bbox 656 1389 704 1413; x_wconf 91' lang='lat' dir='ltr'>ne</span> <span class='ocrx_word' id='word_1_135' title='bbox 723 1377 956 1413; x_wconf 80' lang='lat' dir='ltr'>Pontificem</span> <span class='ocrx_word' id='word_1_136' title='bbox 978 1382 1176 1415; x_wconf 89' lang='lat' dir='ltr'>contume-</span> 
     </span>
     <span class='ocr_line' id='line_1_25' title="bbox 224 1431 1034 1479; baseline -0.002 -11"><span class='ocrx_word' id='word_1_137' title='bbox 224 1433 284 1468; x_wconf 90' lang='lat' dir='ltr'>liis</span> <span class='ocrx_word' id='word_1_138' title='bbox 310 1437 428 1479; x_wconf 89' lang='lat' dir='ltr'>atque</span> <span class='ocrx_word' id='word_1_139' title='bbox 456 1432 634 1468; x_wconf 87' lang='lat' dir='ltr'>tristibus</span> <span class='ocrx_word' id='word_1_140' title='bbox 660 1431 815 1468; x_wconf 85' lang='lat' dir='ltr'>casibus</span> <span class='ocrx_word' id='word_1_141' title='bbox 844 1432 1034 1468; x_wconf 83' lang='lat' dir='ltr'>traderet!</span> 
     </span>
    </p>

    <p class='ocr_par' dir='ltr' id='par_1_4' title="bbox 220 1484 1178 2939">
     <span class='ocr_line' id='line_1_26' title="bbox 269 1484 1174 1529; baseline 0 -7"><span class='ocrx_word' id='word_1_142' title='bbox 269 1488 327 1523; x_wconf 77' lang='lat'>77.</span> <span class='ocrx_word' id='word_1_143' title='bbox 347 1486 482 1522; x_wconf 76' lang='lat' dir='ltr'>Ruina</span> <span class='ocrx_word' id='word_1_144' title='bbox 497 1484 688 1521; x_wconf 78' lang='lat' dir='ltr'>moenium</span> <span class='ocrx_word' id='word_1_145' title='bbox 707 1484 760 1519; x_wconf 78' lang='lat' dir='ltr'>(ch</span> <span class='ocrx_word' id='word_1_146' title='bbox 778 1485 947 1521; x_wconf 75' lang='lat' dir='ltr'>Portam</span> <span class='ocrx_word' id='word_1_147' title='bbox 961 1485 1078 1521; x_wconf 62' lang='lat' dir='ltr'>Picum</span> <span class='ocrx_word' id='word_1_148' title='bbox 1098 1491 1174 1529; x_wconf 77' lang='lat' dir='ltr'>(an.</span> 
     </span>
     <span class='ocr_line' id='line_1_27' title="bbox 226 1539 1177 1586; baseline 0 -9"><span class='ocrx_word' id='word_1_149' title='bbox 226 1541 326 1584; x_wconf 75' lang='lat'>1870)</span> <span class='ocrx_word' id='word_1_150' title='bbox 345 1562 384 1567; x_wconf 92' lang='lat'>—</span> <span class='ocrx_word' id='word_1_151' title='bbox 401 1541 457 1576; x_wconf 88' lang='lat' dir='ltr'>Eo</span> <span class='ocrx_word' id='word_1_152' title='bbox 486 1543 680 1586; x_wconf 86' lang='lat' dir='ltr'>tempore,</span> <span class='ocrx_word' id='word_1_153' title='bbox 707 1551 780 1586; x_wconf 87' lang='lat' dir='ltr'>quo</span> <span class='ocrx_word' id='word_1_154' title='bbox 809 1539 1042 1576; x_wconf 87' lang='lat' dir='ltr'>administer</span> <span class='ocrx_word' id='word_1_155' title='bbox 1061 1541 1177 1577; x_wconf 89' lang='lat' dir='ltr'>italus</span> 
     </span>
     <span class='ocr_line' id='line_1_28' title="bbox 224 1593 1177 1640; baseline 0 -9"><span class='ocrx_word' id='word_1_156' title='bbox 224 1595 378 1631; x_wconf 86' lang='lat' dir='ltr'>litteras</span> <span class='ocrx_word' id='word_1_157' title='bbox 411 1594 528 1629; x_wconf 89' lang='lat' dir='ltr'>dabat</span> <span class='ocrx_word' id='word_1_158' title='bbox 559 1593 620 1629; x_wconf 91' lang='lat' dir='ltr'>die</span> <span class='ocrx_word' id='word_1_159' title='bbox 654 1593 677 1628; x_wconf 84' lang='grc'>4</span> <span class='ocrx_word' id='word_1_160' title='bbox 708 1593 970 1640; x_wconf 81' lang='lat' dir='ltr'>septembris,</span> <span class='ocrx_word' id='word_1_161' title='bbox 1005 1595 1106 1631; x_wconf 87' lang='lat' dir='ltr'>alter</span> <span class='ocrx_word' id='word_1_162' title='bbox 1139 1595 1177 1631; x_wconf 89' lang='lat' dir='ltr'>in</span> 
     </span>
     <span class='ocr_line' id='line_1_29' title="bbox 224 1647 1175 1693; baseline 0 -8"><span class='ocrx_word' id='word_1_163' title='bbox 224 1649 518 1685; x_wconf 86' lang='lat' dir='ltr'>coniuratorum</span> <span class='ocrx_word' id='word_1_164' title='bbox 546 1647 862 1683; x_wconf 86' lang='lat' dir='ltr'>conventiculum</span> <span class='ocrx_word' id='word_1_165' title='bbox 893 1647 1083 1693; x_wconf 85' lang='lat' dir='ltr'>adscitus,</span> <span class='ocrx_word' id='word_1_166' title='bbox 1112 1660 1175 1685; x_wconf 88' lang='lat' dir='ltr'>co—</span> 
     </span>
     <span class='ocr_line' id='line_1_30' title="bbox 224 1701 1176 1748; baseline 0.001 -9"><span class='ocrx_word' id='word_1_167' title='bbox 224 1715 307 1739; x_wconf 81' lang='lat' dir='ltr'>mes</span> <span class='ocrx_word' id='word_1_168' title='bbox 327 1702 469 1738; x_wconf 86' lang='lat' dir='ltr'>Pontia</span> <span class='ocrx_word' id='word_1_169' title='bbox 488 1701 809 1737; x_wconf 84' lang='lat' dir='ltr'>Sancti-Martini</span> <span class='ocrx_word' id='word_1_170' title='bbox 830 1701 984 1748; x_wconf 88' lang='lat' dir='ltr'>legatus</span> <span class='ocrx_word' id='word_1_171' title='bbox 1011 1703 1176 1740; x_wconf 86' lang='lat' dir='ltr'>Romam</span> 
     </span>
     <span class='ocr_line' id='line_1_31' title="bbox 223 1755 1178 1804; baseline 0.001 -12"><span class='ocrx_word' id='word_1_172' title='bbox 223 1757 564 1804; x_wconf 82' lang='lat' dir='ltr'>proficiscebatur,</span> <span class='ocrx_word' id='word_1_173' title='bbox 592 1758 636 1791; x_wconf 89' lang='lat' dir='ltr'>ut</span> <span class='ocrx_word' id='word_1_174' title='bbox 663 1755 842 1790; x_wconf 83' lang='lat' dir='ltr'>Pontifici</span> <span class='ocrx_word' id='word_1_175' title='bbox 871 1756 1081 1803; x_wconf 87' lang='lat' dir='ltr'>epistolam</span> <span class='ocrx_word' id='word_1_176' title='bbox 1110 1759 1178 1794; x_wconf 88' lang='lat' dir='ltr'>Vi-</span> 
     </span>
     <span class='ocr_line' id='line_1_32' title="bbox 223 1809 1174 1856; baseline 0.002 -10"><span class='ocrx_word' id='word_1_177' title='bbox 223 1810 338 1846; x_wconf 87' lang='lat' dir='ltr'>ctorii</span> <span class='ocrx_word' id='word_1_178' title='bbox 364 1810 593 1846; x_wconf 90' lang='lat' dir='ltr'>Emanuelis</span> <span class='ocrx_word' id='word_1_179' title='bbox 623 1809 730 1856; x_wconf 87' lang='lat' dir='ltr'>regis</span> <span class='ocrx_word' id='word_1_180' title='bbox 748 1838 756 1853; x_wconf 94' lang='lat'>,</span> <span class='ocrx_word' id='word_1_181' title='bbox 792 1809 930 1856; x_wconf 83' lang='lat' dir='ltr'>cuique</span> <span class='ocrx_word' id='word_1_182' title='bbox 962 1810 1044 1846; x_wconf 88' lang='lat' dir='ltr'>dies</span> <span class='ocrx_word' id='word_1_183' title='bbox 1071 1811 1092 1847; x_wconf 88' lang='grc'>8</span> <span class='ocrx_word' id='word_1_184' title='bbox 1118 1824 1174 1848; x_wconf 88' lang='lat' dir='ltr'>se-</span> 
     </span>
     <span class='ocr_line' id='line_1_33' title="bbox 223 1864 1175 1913; baseline 0.001 -12"><span class='ocrx_word' id='word_1_185' title='bbox 223 1864 412 1913; x_wconf 86' lang='lat' dir='ltr'>ptembris</span> <span class='ocrx_word' id='word_1_186' title='bbox 440 1865 531 1902; x_wconf 78' lang='lat'>1870</span> <span class='ocrx_word' id='word_1_187' title='bbox 558 1864 760 1910; x_wconf 87' lang='lat' dir='ltr'>appositus</span> <span class='ocrx_word' id='word_1_188' title='bbox 787 1868 887 1907; x_wconf 84' lang='lat' dir='ltr'>erat,</span> <span class='ocrx_word' id='word_1_189' title='bbox 918 1865 1106 1901; x_wconf 89' lang='lat' dir='ltr'>traderet.</span> <span class='ocrx_word' id='word_1_190' title='bbox 1134 1867 1175 1902; x_wconf 90' lang='lat' dir='ltr'>In</span> 
     </span>
     <span class='ocr_line' id='line_1_34' title="bbox 221 1917 1173 1968; baseline 0.001 -13"><span class='ocrx_word' id='word_1_191' title='bbox 221 1930 269 1955; x_wconf 92' lang='lat' dir='ltr'>ea</span> <span class='ocrx_word' id='word_1_192' title='bbox 309 1931 378 1955; x_wconf 90' lang='lat' dir='ltr'>rex</span> <span class='ocrx_word' id='word_1_193' title='bbox 418 1924 655 1965; x_wconf 85' lang='lat' dir='ltr'>praetexens</span> <span class='ocrx_word' id='word_1_194' title='bbox 690 1917 891 1954; x_wconf 87' lang='lat' dir='ltr'>exerando</span> <span class='ocrx_word' id='word_1_195' title='bbox 927 1930 996 1954; x_wconf 86' lang='lat' dir='ltr'>suo</span> <span class='ocrx_word' id='word_1_196' title='bbox 1037 1931 1173 1968; x_wconf 90' lang='lat' dir='ltr'>propo-</span> 
     </span>
     <span class='ocr_line' id='line_1_35' title="bbox 222 1972 1175 2020; baseline 0.002 -12"><span class='ocrx_word' id='word_1_197' title='bbox 222 1974 297 2008; x_wconf 84' lang='lat' dir='ltr'>sito</span> <span class='ocrx_word' id='word_1_198' title='bbox 326 1972 463 2009; x_wconf 91' lang='lat' dir='ltr'>Italiae</span> <span class='ocrx_word' id='word_1_199' title='bbox 482 1972 668 2015; x_wconf 86' lang='lat' dir='ltr'>salutem,</span> <span class='ocrx_word' id='word_1_200' title='bbox 689 1983 762 2008; x_wconf 88' lang='lat' dir='ltr'>eeu</span> <span class='ocrx_word' id='word_1_201' title='bbox 781 1983 1011 2019; x_wconf 86' lang='lat' dir='ltr'>supremam</span> <span class='ocrx_word' id='word_1_202' title='bbox 1032 1974 1175 2020; x_wconf 79' lang='lat' dir='ltr'>legem,</span> 
     </span>
     <span class='ocr_line' id='line_1_36' title="bbox 223 2026 1176 2063; baseline 0.002 -2"><span class='ocrx_word' id='word_1_203' title='bbox 223 2026 449 2063; x_wconf 86' lang='lat' dir='ltr'>affirmabat</span> <span class='ocrx_word' id='word_1_204' title='bbox 481 2026 539 2062; x_wconf 88' lang='lat' dir='ltr'>sui</span> <span class='ocrx_word' id='word_1_205' title='bbox 568 2026 744 2062; x_wconf 87' lang='lat' dir='ltr'>muneris</span> <span class='ocrx_word' id='word_1_206' title='bbox 771 2037 857 2062; x_wconf 87' lang='lat' dir='ltr'>esse</span> <span class='ocrx_word' id='word_1_207' title='bbox 885 2037 934 2062; x_wconf 86' lang='lat' dir='ltr'>ea</span> <span class='ocrx_word' id='word_1_208' title='bbox 960 2027 1093 2063; x_wconf 90' lang='lat' dir='ltr'>omnia</span> <span class='ocrx_word' id='word_1_209' title='bbox 1121 2028 1176 2063; x_wconf 89' lang='lat' dir='ltr'>di-</span> 
     </span>
     <span class='ocr_line' id='line_1_37' title="bbox 221 2079 1175 2128; baseline 0.003 -13"><span class='ocrx_word' id='word_1_210' title='bbox 221 2092 406 2128; x_wconf 86' lang='lat' dir='ltr'>sponere,</span> <span class='ocrx_word' id='word_1_211' title='bbox 424 2091 523 2127; x_wconf 89' lang='lat' dir='ltr'>quae</span> <span class='ocrx_word' id='word_1_212' title='bbox 544 2079 772 2116; x_wconf 87' lang='lat' dir='ltr'>necessaria</span> <span class='ocrx_word' id='word_1_213' title='bbox 791 2080 920 2116; x_wconf 86' lang='lat' dir='ltr'>forent</span> <span class='ocrx_word' id='word_1_214' title='bbox 941 2082 1051 2127; x_wconf 80' lang='lat' dir='ltr'>regni</span> <span class='ocrx_word' id='word_1_215' title='bbox 1070 2087 1175 2118; x_wconf 90' lang='lat' dir='ltr'>tran-</span> 
     </span>
     <span class='ocr_line' id='line_1_38' title="bbox 222 2134 1175 2182; baseline 0.003 -13"><span class='ocrx_word' id='word_1_216' title='bbox 222 2134 420 2182; x_wconf 86' lang='lat' dir='ltr'>quillitati;</span> <span class='ocrx_word' id='word_1_217' title='bbox 442 2134 604 2181; x_wconf 83' lang='lat' dir='ltr'>ideoque</span> <span class='ocrx_word' id='word_1_218' title='bbox 632 2145 728 2180; x_wconf 81' lang='lat' dir='ltr'>opus</span> <span class='ocrx_word' id='word_1_219' title='bbox 756 2145 844 2170; x_wconf 90' lang='lat' dir='ltr'>esse</span> <span class='ocrx_word' id='word_1_220' title='bbox 870 2138 911 2170; x_wconf 90' lang='lat' dir='ltr'>ut</span> <span class='ocrx_word' id='word_1_221' title='bbox 939 2137 1076 2182; x_wconf 87' lang='lat' dir='ltr'>copiae</span> <span class='ocrx_word' id='word_1_222' title='bbox 1104 2137 1175 2172; x_wconf 82' lang='lat' dir='ltr'>ita-</span> 
     </span>
     <span class='ocr_line' id='line_1_39' title="bbox 221 2188 1175 2235; baseline 0.002 -11"><span class='ocrx_word' id='word_1_223' title='bbox 221 2189 284 2224; x_wconf 87' lang='lat' dir='ltr'>lici</span> <span class='ocrx_word' id='word_1_224' title='bbox 330 2189 530 2225; x_wconf 86' lang='lat' dir='ltr'>exercitus</span> <span class='ocrx_word' id='word_1_225' title='bbox 570 2188 739 2223; x_wconf 80' lang='lat' dir='ltr'>Romam</span> <span class='ocrx_word' id='word_1_226' title='bbox 783 2194 1038 2235; x_wconf 85' lang='lat' dir='ltr'>occuparent.</span> <span class='ocrx_word' id='word_1_227' title='bbox 1082 2190 1175 2226; x_wconf 77' lang='lat' dir='ltr'>Pius</span> 
     </span>
     <span class='ocr_line' id='line_1_40' title="bbox 222 2242 1172 2291; baseline 0.005 -15"><span class='ocrx_word' id='word_1_228' title='bbox 222 2242 295 2291; x_wconf 87' lang='lat' dir='ltr'>Pp.</span> <span class='ocrx_word' id='word_1_229' title='bbox 316 2243 387 2286; x_wconf 89' lang='lat' dir='ltr'>IX,</span> <span class='ocrx_word' id='word_1_230' title='bbox 407 2242 586 2291; x_wconf 86' lang='lat' dir='ltr'>perlecta</span> <span class='ocrx_word' id='word_1_231' title='bbox 611 2242 793 2289; x_wconf 78' lang='lat' dir='ltr'>epistola,</span> <span class='ocrx_word' id='word_1_232' title='bbox 815 2253 956 2289; x_wconf 89' lang='lat' dir='ltr'>magno</span> <span class='ocrx_word' id='word_1_233' title='bbox 984 2243 1057 2280; x_wconf 86' lang='lat' dir='ltr'>fuit</span> <span class='ocrx_word' id='word_1_234' title='bbox 1082 2246 1172 2282; x_wconf 84' lang='lat' dir='ltr'>asse—</span> 
     </span>
     <span class='ocr_line' id='line_1_41' title="bbox 222 2295 1173 2346; baseline 0.003 -14"><span class='ocrx_word' id='word_1_235' title='bbox 222 2301 308 2332; x_wconf 88' lang='lat' dir='ltr'>ctus</span> <span class='ocrx_word' id='word_1_236' title='bbox 335 2296 485 2340; x_wconf 89' lang='lat' dir='ltr'>dolore,</span> <span class='ocrx_word' id='word_1_237' title='bbox 513 2306 585 2331; x_wconf 89' lang='lat' dir='ltr'>nec</span> <span class='ocrx_word' id='word_1_238' title='bbox 612 2295 697 2331; x_wconf 89' lang='lat' dir='ltr'>idco</span> <span class='ocrx_word' id='word_1_239' title='bbox 726 2300 947 2342; x_wconf 87' lang='lat' dir='ltr'>permotus,</span> <span class='ocrx_word' id='word_1_240' title='bbox 968 2297 1059 2344; x_wconf 86' lang='lat' dir='ltr'>quia</span> <span class='ocrx_word' id='word_1_241' title='bbox 1085 2310 1173 2346; x_wconf 90' lang='lat' dir='ltr'>poe-</span> 
     </span>
     <span class='ocr_line' id='line_1_42' title="bbox 225 2349 1173 2396; baseline 0.001 -10"><span class='ocrx_word' id='word_1_242' title='bbox 225 2350 330 2387; x_wconf 84' lang='lat' dir='ltr'>nitus</span> <span class='ocrx_word' id='word_1_243' title='bbox 357 2354 539 2392; x_wconf 88' lang='lat' dir='ltr'>noverat,</span> <span class='ocrx_word' id='word_1_244' title='bbox 567 2360 641 2396; x_wconf 85' lang='lat' dir='ltr'>quo</span> <span class='ocrx_word' id='word_1_245' title='bbox 669 2349 851 2385; x_wconf 88' lang='lat' dir='ltr'>tenderet</span> <span class='ocrx_word' id='word_1_246' title='bbox 878 2352 1012 2387; x_wconf 84' lang='lat' dir='ltr'>Status</span> <span class='ocrx_word' id='word_1_247' title='bbox 1039 2352 1173 2387; x_wconf 82' lang='lat' dir='ltr'>subdo-</span> 
     </span>
     <span class='ocr_line' id='line_1_43' title="bbox 224 2404 1174 2453; baseline 0.002 -13"><span class='ocrx_word' id='word_1_248' title='bbox 224 2404 284 2441; x_wconf 85' lang='lat' dir='ltr'>lus</span> <span class='ocrx_word' id='word_1_249' title='bbox 319 2409 358 2442; x_wconf 91' lang='lat' dir='ltr'>et</span> <span class='ocrx_word' id='word_1_250' title='bbox 385 2404 601 2447; x_wconf 83' lang='lat' dir='ltr'>factiosus,</span> <span class='ocrx_word' id='word_1_251' title='bbox 640 2404 746 2448; x_wconf 75' lang='lat' dir='ltr'>regis</span> <span class='ocrx_word' id='word_1_252' title='bbox 784 2404 938 2440; x_wconf 86' lang='lat' dir='ltr'>litterae</span> <span class='ocrx_word' id='word_1_253' title='bbox 973 2406 1174 2453; x_wconf 87' lang='lat' dir='ltr'>respondit</span> 
     </span>
     <span class='ocr_line' id='line_1_44' title="bbox 226 2457 1169 2508; baseline 0.001 -13"><span class='ocrx_word' id='word_1_254' title='bbox 226 2460 357 2495; x_wconf 89' lang='lat' dir='ltr'>verbis</span> <span class='ocrx_word' id='word_1_255' title='bbox 396 2458 588 2495; x_wconf 78' lang='lat' dir='ltr'>Pontifice</span> <span class='ocrx_word' id='word_1_256' title='bbox 625 2457 780 2504; x_wconf 80' lang='lat' dir='ltr'>dignis,</span> <span class='ocrx_word' id='word_1_257' title='bbox 820 2458 1048 2506; x_wconf 85' lang='lat' dir='ltr'>litterasque</span> <span class='ocrx_word' id='word_1_258' title='bbox 1088 2462 1169 2508; x_wconf 88' lang='lat' dir='ltr'>regi</span> 
     </span>
     <span class='ocr_line' id='line_1_45' title="bbox 225 2510 1171 2561; baseline 0.001 -13"><span class='ocrx_word' id='word_1_259' title='bbox 225 2513 329 2549; x_wconf 85' lang='lat' dir='ltr'>misit</span> <span class='ocrx_word' id='word_1_260' title='bbox 355 2511 650 2559; x_wconf 77' lang='lat' dir='ltr'>authograplias</span> <span class='ocrx_word' id='word_1_261' title='bbox 676 2510 737 2547; x_wconf 88' lang='lat' dir='ltr'>die</span> <span class='ocrx_word' id='word_1_262' title='bbox 764 2511 804 2546; x_wconf 88' lang='lat'>11</span> <span class='ocrx_word' id='word_1_263' title='bbox 824 2513 1073 2558; x_wconf 85' lang='lat' dir='ltr'>septembris,</span> <span class='ocrx_word' id='word_1_264' title='bbox 1093 2514 1171 2561; x_wconf 86' lang='lat' dir='ltr'>qui-</span> 
     </span>
     <span class='ocr_line' id='line_1_46' title="bbox 222 2564 1171 2613; baseline 0.004 -14"><span class='ocrx_word' id='word_1_265' title='bbox 222 2566 290 2602; x_wconf 86' lang='lat' dir='ltr'>bus</span> <span class='ocrx_word' id='word_1_266' title='bbox 319 2566 518 2613; x_wconf 79' lang='lat' dir='ltr'>indignam</span> <span class='ocrx_word' id='word_1_267' title='bbox 548 2576 710 2612; x_wconf 84' lang='lat' dir='ltr'>prorsus</span> <span class='ocrx_word' id='word_1_268' title='bbox 736 2564 814 2600; x_wconf 86' lang='lat' dir='ltr'>filio</span> <span class='ocrx_word' id='word_1_269' title='bbox 832 2565 1036 2602; x_wconf 74' lang='lat' dir='ltr'>Ecclesiae</span> <span class='ocrx_word' id='word_1_270' title='bbox 1058 2567 1171 2604; x_wconf 91' lang='lat' dir='ltr'>bene-</span> 
     </span>
     <span class='ocr_line' id='line_1_47' title="bbox 222 2618 1171 2667; baseline 0.003 -13"><span class='ocrx_word' id='word_1_271' title='bbox 222 2622 340 2665; x_wconf 89' lang='lat' dir='ltr'>volo,</span> <span class='ocrx_word' id='word_1_272' title='bbox 379 2620 441 2667; x_wconf 82' lang='lat' dir='ltr'>qui</span> <span class='ocrx_word' id='word_1_273' title='bbox 481 2618 725 2666; x_wconf 78' lang='lat' dir='ltr'>gloriabatur</span> <span class='ocrx_word' id='word_1_274' title='bbox 764 2618 1010 2655; x_wconf 83' lang='lat' dir='ltr'>confessione</span> <span class='ocrx_word' id='word_1_275' title='bbox 1049 2633 1171 2657; x_wconf 87' lang='lat' dir='ltr'>verae</span> 
     </span>
     <span class='ocr_line' id='line_1_48' title="bbox 220 2673 1169 2719; baseline 0.003 -11"><span class='ocrx_word' id='word_1_276' title='bbox 220 2674 323 2718; x_wconf 83' lang='lat' dir='ltr'>fidei,</span> <span class='ocrx_word' id='word_1_277' title='bbox 344 2679 384 2711; x_wconf 87' lang='lat' dir='ltr'>et</span> <span class='ocrx_word' id='word_1_278' title='bbox 411 2673 533 2719; x_wconf 87' lang='lat' dir='ltr'>regali</span> <span class='ocrx_word' id='word_1_279' title='bbox 563 2673 808 2716; x_wconf 80' lang='lat' dir='ltr'>sinceritate,</span> <span class='ocrx_word' id='word_1_280' title='bbox 829 2673 1036 2719; x_wconf 85' lang='lat' dir='ltr'>epistolam</span> <span class='ocrx_word' id='word_1_281' title='bbox 1066 2675 1169 2711; x_wconf 89' lang='lat' dir='ltr'>illam</span> 
     </span>
     <span class='ocr_line' id='line_1_49' title="bbox 221 2727 1168 2774; baseline 0.003 -12"><span class='ocrx_word' id='word_1_282' title='bbox 221 2729 561 2774; x_wconf 83' lang='lat' dir='ltr'>praenuntiantem</span> <span class='ocrx_word' id='word_1_283' title='bbox 591 2727 709 2762; x_wconf 81' lang='lat' dir='ltr'>Urbis</span> <span class='ocrx_word' id='word_1_284' title='bbox 733 2727 1044 2774; x_wconf 84' lang='lat' dir='ltr'>usurpationem.</span> <span class='ocrx_word' id='word_1_285' title='bbox 1080 2729 1168 2765; x_wconf 89' lang='lat' dir='ltr'>Inde</span> 
     </span>
     <span class='ocr_line' id='line_1_50' title="bbox 220 2782 1170 2829; baseline 0.002 -12"><span class='ocrx_word' id='word_1_286' title='bbox 220 2782 401 2819; x_wconf 78' lang='lat' dir='ltr'>Pontifex</span> <span class='ocrx_word' id='word_1_287' title='bbox 431 2782 625 2818; x_wconf 83' lang='lat' dir='ltr'>inferebat</span> <span class='ocrx_word' id='word_1_288' title='bbox 651 2793 693 2817; x_wconf 86' lang='lat' dir='ltr'>se</span> <span class='ocrx_word' id='word_1_289' title='bbox 721 2793 796 2816; x_wconf 89' lang='lat' dir='ltr'>non</span> <span class='ocrx_word' id='word_1_290' title='bbox 832 2792 945 2828; x_wconf 85' lang='lat' dir='ltr'>posse</span> <span class='ocrx_word' id='word_1_291' title='bbox 974 2784 1170 2829; x_wconf 83' lang='lat' dir='ltr'>postulata</span> 
     </span>
     <span class='ocr_line' id='line_1_51' title="bbox 220 2834 1166 2884; baseline 0 -12"><span class='ocrx_word' id='word_1_292' title='bbox 220 2837 454 2880; x_wconf 80' lang='lat' dir='ltr'>concedere,</span> <span class='ocrx_word' id='word_1_293' title='bbox 475 2848 599 2884; x_wconf 86' lang='lat' dir='ltr'>neque</span> <span class='ocrx_word' id='word_1_294' title='bbox 627 2834 820 2872; x_wconf 84' lang='lat' dir='ltr'>desiderio</span> <span class='ocrx_word' id='word_1_295' title='bbox 848 2836 953 2882; x_wconf 86' lang='lat' dir='ltr'>regis</span> <span class='ocrx_word' id='word_1_296' title='bbox 971 2838 1166 2872; x_wconf 85' lang='lat' dir='ltr'>assentiri.</span> 
     </span>
     <span class='ocr_line' id='line_1_52' title="bbox 220 2890 1167 2939; baseline 0 -12"><span class='ocrx_word' id='word_1_297' title='bbox 220 2892 367 2927; x_wconf 86' lang='lat' dir='ltr'>Verum</span> <span class='ocrx_word' id='word_1_298' title='bbox 397 2891 565 2927; x_wconf 84' lang='lat' dir='ltr'>nondum</span> <span class='ocrx_word' id='word_1_299' title='bbox 588 2901 819 2937; x_wconf 81' lang='lat' dir='ltr'>responsum</span> <span class='ocrx_word' id='word_1_300' title='bbox 839 2890 1054 2926; x_wconf 85' lang='lat' dir='ltr'>istiusmodi</span> <span class='ocrx_word' id='word_1_301' title='bbox 1073 2893 1167 2939; x_wconf 45' lang='lat' dir='ltr'>,regi</span> 
     </span>
    </p>
   </div>
   <div class='ocr_carea' id='block_1_3' title="bbox 219 2962 429 2969">
    <p class='ocr_par' dir='ltr' id='par_1_5' title="bbox 219 2962 429 2969">
     <span class='ocr_line' id='line_1_53' title="bbox 219 2962 429 2969; baseline 0 504"><span class='ocrx_word' id='word_1_302' title='bbox 219 2962 429 2969; x_wconf 95' lang='lat' dir='ltr'> </span> 
     </span>
    </p>
   </div>
   <div class='ocr_carea' id='block_1_4' title="bbox 218 2997 1169 3265">
    <p class='ocr_par' dir='ltr' id='par_1_6' title="bbox 218 2997 1169 3265">
     <span class='ocr_line' id='line_1_54' title="bbox 267 2997 1169 3040; baseline 0.002 -12"><span class='ocrx_word' id='word_1_303' title='bbox 267 2997 272 3017; x_wconf 93' lang='lat'><strong>¹</strong></span> <span class='ocrx_word' id='word_1_304' title='bbox 294 2998 391 3030; x_wconf 74' lang='lat' dir='ltr'>Adde:</span> <span class='ocrx_word' id='word_1_305' title='bbox 413 3009 508 3040; x_wconf 80' lang='lat' dir='ltr'>qnuni</span> <span class='ocrx_word' id='word_1_306' title='bbox 531 2999 560 3030; x_wconf 87' lang='lat' dir='ltr'>in</span> <span class='ocrx_word' id='word_1_307' title='bbox 580 2997 746 3038; x_wconf 82' lang='lat' dir='ltr'>colloquio</span> <span class='ocrx_word' id='word_1_308' title='bbox 775 3006 844 3030; x_wconf 82' lang='lat' dir='ltr'>Cum</span> <span class='ocrx_word' id='word_1_309' title='bbox 875 2997 1000 3029; x_wconf 71' lang='lat' dir='ltr'>Fannio</span> <span class='ocrx_word' id='word_1_310' title='bbox 1029 3001 1059 3029; x_wconf 77' lang='lat' dir='ltr'>ot</span> <span class='ocrx_word' id='word_1_311' title='bbox 1084 2997 1169 3030; x_wconf 77' lang='lat' dir='ltr'>Cini-</span> 
     </span>
     <span class='ocr_line' id='line_1_55' title="bbox 218 3043 1165 3084; baseline 0.003 -12"><span class='ocrx_word' id='word_1_312' title='bbox 218 3043 303 3074; x_wconf 74' lang='lat' dir='ltr'>(linio</span> <span class='ocrx_word' id='word_1_313' title='bbox 329 3044 532 3078; x_wconf 74' lang='lat' dir='ltr'>camberiaco</span> <span class='ocrx_word' id='word_1_314' title='bbox 560 3054 611 3076; x_wconf 73' lang='lat' dir='ltr'>an.</span> <span class='ocrx_word' id='word_1_315' title='bbox 640 3043 724 3076; x_wconf 68' lang='lat'>1859</span> <span class='ocrx_word' id='word_1_316' title='bbox 746 3043 867 3080; x_wconf 74' lang='lat' dir='ltr'>habito,</span> <span class='ocrx_word' id='word_1_317' title='bbox 889 3044 1060 3084; x_wconf 62' lang='lat' dir='ltr'>imperator</span> <span class='ocrx_word' id='word_1_318' title='bbox 1086 3045 1165 3077; x_wconf 71' lang='lat' dir='ltr'>clam</span> 
     </span>
     <span class='ocr_line' id='line_1_56' title="bbox 220 3089 1166 3133; baseline 0.004 -15"><span class='ocrx_word' id='word_1_319' title='bbox 220 3089 260 3119; x_wconf 77' lang='lat' dir='ltr'>iis</span> <span class='ocrx_word' id='word_1_320' title='bbox 286 3090 434 3122; x_wconf 58' lang='lat' dir='ltr'>‹lixissw</span> <span class='ocrx_word' id='word_1_321' title='bbox 467 3093 662 3133; x_wconf 76' lang='lat' dir='ltr'>Properate:</span> <span class='ocrx_word' id='word_1_322' title='bbox 691 3089 886 3130; x_wconf 77' lang='lat' dir='ltr'>Pontificias</span> <span class='ocrx_word' id='word_1_323' title='bbox 903 3089 1046 3121; x_wconf 76' lang='lat' dir='ltr'>ditiones</span> <span class='ocrx_word' id='word_1_324' title='bbox 1064 3100 1166 3132; x_wconf 64' lang='lat' dir='ltr'>(luam</span> 
     </span>
     <span class='ocr_line' id='line_1_57' title="bbox 218 3133 1167 3179; baseline 0.004 -16"><span class='ocrx_word' id='word_1_325' title='bbox 218 3134 319 3165; x_wconf 60' lang='lat' dir='ltr'>(ilius</span> <span class='ocrx_word' id='word_1_326' title='bbox 345 3141 504 3179; x_wconf 76' lang='lat' dir='ltr'>occupate</span> <span class='ocrx_word' id='word_1_327' title='bbox 526 3163 533 3175; x_wconf 91' lang='lat'>‚</span> <span class='ocrx_word' id='word_1_328' title='bbox 563 3146 677 3178; x_wconf 70' lang='lat' dir='ltr'>paceos</span> <span class='ocrx_word' id='word_1_329' title='bbox 705 3139 775 3176; x_wconf 75' lang='lat' dir='ltr'>post</span> <span class='ocrx_word' id='word_1_330' title='bbox 802 3144 904 3166; x_wconf 71' lang='lat' dir='ltr'>annos</span> <span class='ocrx_word' id='word_1_331' title='bbox 935 3133 1051 3167; x_wconf 69' lang='lat' dir='ltr'>Seduni</span> <span class='ocrx_word' id='word_1_332' title='bbox 1081 3141 1167 3169; x_wconf 73' lang='lat' dir='ltr'>cata—</span> 
     </span>
     <span class='ocr_line' id='line_1_58' title="bbox 218 3181 1165 3222; baseline 0.006 -13"><span class='ocrx_word' id='word_1_333' title='bbox 218 3182 349 3221; x_wconf 63' lang='lat' dir='ltr'>strophe</span> <span class='ocrx_word' id='word_1_334' title='bbox 376 3185 470 3216; x_wconf 67' lang='lat' dir='ltr'>onam</span> <span class='ocrx_word' id='word_1_335' title='bbox 501 3185 583 3215; x_wconf 53' lang='lat' dir='ltr'>nvn&lt;</span> <span class='ocrx_word' id='word_1_336' title='bbox 610 3192 679 3214; x_wconf 78' lang='lat' dir='ltr'>cuni</span> <span class='ocrx_word' id='word_1_337' title='bbox 711 3181 897 3222; x_wconf 69' lang='lat' dir='ltr'>anolenno</span> <span class='ocrx_word' id='word_1_338' title='bbox 924 3181 966 3213; x_wconf 89' lang='lat' dir='ltr'>Ill</span> <span class='ocrx_word' id='word_1_339' title='bbox 992 3191 1093 3222; x_wconf 72' lang='lat' dir='ltr'>(luam</span> <span class='ocrx_word' id='word_1_340' title='bbox 1120 3182 1165 3214; x_wconf 80' lang='lat' dir='ltr'>ci-</span> 
     </span>
     <span class='ocr_line' id='line_1_59' title="bbox 220 3225 391 3265; baseline 0 -9"><span class='ocrx_word' id='word_1_341' title='bbox 220 3225 287 3256; x_wconf 73' lang='lat' dir='ltr'>liux</span> <span class='ocrx_word' id='word_1_342' title='bbox 315 3229 391 3265; x_wconf 70' lang='lat' dir='ltr'>rgil,</span> 
     </span>
    </p>
   </div>
   <div class='ocr_carea' id='block_1_5' title="bbox 570 120 1842 155">
    <p class='ocr_par' dir='ltr' id='par_1_7' title="bbox 570 120 1842 155">
     <span class='ocr_line' id='line_1_60' title="bbox 570 120 1842 155; baseline 0.006 -8"><span class='ocrx_word' id='word_1_343' title='bbox 570 120 734 148; x_wconf 84' lang='lat' dir='ltr'><strong>EPOCHA</strong></span> <span class='ocrx_word' id='word_1_344' title='bbox 755 122 844 150; x_wconf 90' lang='lat' dir='ltr'>XIII.</span> <span class='ocrx_word' id='word_1_345' title='bbox 873 125 899 149; x_wconf 94' lang='lat' dir='ltr'><strong>A</strong></span> <span class='ocrx_word' id='word_1_346' title='bbox 920 123 1103 150; x_wconf 84' lang='lat' dir='ltr'>PVBLICA</span> <span class='ocrx_word' id='word_1_347' title='bbox 1126 123 1275 150; x_wconf 81' lang='lat' dir='ltr'>RERVM</span> <span class='ocrx_word' id='word_1_348' title='bbox 1298 124 1339 150; x_wconf 92' lang='lat' dir='ltr'>IN</span> <span class='ocrx_word' id='word_1_349' title='bbox 1362 124 1533 154; x_wconf 83' lang='lat' dir='ltr'>GALLIIS</span> <span class='ocrx_word' id='word_1_350' title='bbox 1552 126 1842 155; x_wconf 83' lang='lat' dir='ltr'>SVBVERSIONE</span> 
     </span>
    </p>
   </div>
   <div class='ocr_carea' id='block_1_6' title="bbox 1214 197 2241 3277">
    <p class='ocr_par' dir='ltr' id='par_1_8' title="bbox 1235 197 2184 341">
     <span class='ocr_line' id='line_1_61' title="bbox 1235 197 2184 248; baseline 0.004 -16"><span class='ocrx_word' id='word_1_351' title='bbox 1235 197 1467 243; x_wconf 88' lang='lat' dir='ltr'>advenerat,</span> <span class='ocrx_word' id='word_1_352' title='bbox 1487 203 1526 235; x_wconf 91' lang='lat' dir='ltr'>et</span> <span class='ocrx_word' id='word_1_353' title='bbox 1551 199 1631 235; x_wconf 89' lang='lat' dir='ltr'>iam</span> <span class='ocrx_word' id='word_1_354' title='bbox 1659 201 1858 237; x_wconf 85' lang='lat' dir='ltr'>exercitus</span> <span class='ocrx_word' id='word_1_355' title='bbox 1876 201 2085 248; x_wconf 86' lang='lat' dir='ltr'>sexaginta</span> <span class='ocrx_word' id='word_1_356' title='bbox 2103 201 2184 236; x_wconf 91' lang='lat' dir='ltr'>mil-</span> 
     </span>
     <span class='ocr_line' id='line_1_62' title="bbox 1240 251 2184 302; baseline 0.005 -17"><span class='ocrx_word' id='word_1_357' title='bbox 1240 251 1330 286; x_wconf 91' lang='lat' dir='ltr'>lium</span> <span class='ocrx_word' id='word_1_358' title='bbox 1352 251 1553 289; x_wconf 89' lang='lat' dir='ltr'>hominum</span> <span class='ocrx_word' id='word_1_359' title='bbox 1571 252 1758 289; x_wconf 89' lang='lat' dir='ltr'>ditionem</span> <span class='ocrx_word' id='word_1_360' title='bbox 1774 265 1929 291; x_wconf 88' lang='lat' dir='ltr'>omnem</span> <span class='ocrx_word' id='word_1_361' title='bbox 1945 254 2184 302; x_wconf 87' lang='lat' dir='ltr'>pontificiam</span> 
     </span>
     <span class='ocr_line' id='line_1_63' title="bbox 1235 305 1455 341; baseline 0.005 -3"><span class='ocrx_word' id='word_1_362' title='bbox 1235 305 1455 341; x_wconf 85' lang='lat' dir='ltr'>invaderat.</span> 
     </span>
    </p>

    <p class='ocr_par' dir='ltr' id='par_1_9' title="bbox 1233 358 2241 889">
     <span class='ocr_line' id='line_1_64' title="bbox 1281 358 2186 407; baseline 0.004 -14"><span class='ocrx_word' id='word_1_363' title='bbox 1281 358 1496 405; x_wconf 87' lang='lat' dir='ltr'>Supremus</span> <span class='ocrx_word' id='word_1_364' title='bbox 1524 359 1821 396; x_wconf 84' lang='lat' dir='ltr'>Pontificiarum</span> <span class='ocrx_word' id='word_1_365' title='bbox 1839 361 2065 397; x_wconf 88' lang='lat' dir='ltr'>militiarum</span> <span class='ocrx_word' id='word_1_366' title='bbox 2093 361 2186 407; x_wconf 86' lang='lat' dir='ltr'>dux,</span> 
     </span>
     <span class='ocr_line' id='line_1_65' title="bbox 1235 411 2183 460; baseline 0.005 -14"><span class='ocrx_word' id='word_1_367' title='bbox 1235 411 1422 456; x_wconf 84' lang='lat' dir='ltr'>Kanzler,</span> <span class='ocrx_word' id='word_1_368' title='bbox 1449 425 1491 449; x_wconf 91' lang='lat' dir='ltr'>se</span> <span class='ocrx_word' id='word_1_369' title='bbox 1519 424 1688 460; x_wconf 89' lang='lat' dir='ltr'>suasque</span> <span class='ocrx_word' id='word_1_370' title='bbox 1715 414 1847 460; x_wconf 81' lang='lat' dir='ltr'>coplas</span> <span class='ocrx_word' id='word_1_371' title='bbox 1874 414 1922 450; x_wconf 87' lang='lat' dir='ltr'>ad</span> <span class='ocrx_word' id='word_1_372' title='bbox 1946 415 2093 451; x_wconf 88' lang='lat' dir='ltr'>Urbem</span> <span class='ocrx_word' id='word_1_373' title='bbox 2121 415 2183 451; x_wconf 89' lang='lat' dir='ltr'>de-</span> 
     </span>
     <span class='ocr_line' id='line_1_66' title="bbox 1235 465 2185 514; baseline 0.005 -14"><span class='ocrx_word' id='word_1_374' title='bbox 1235 465 1466 502; x_wconf 88' lang='lat' dir='ltr'>fendendam</span> <span class='ocrx_word' id='word_1_375' title='bbox 1502 471 1741 514; x_wconf 89' lang='lat' dir='ltr'>paraverat,</span> <span class='ocrx_word' id='word_1_376' title='bbox 1781 468 1985 504; x_wconf 89' lang='lat' dir='ltr'>accersitis</span> <span class='ocrx_word' id='word_1_377' title='bbox 2016 469 2185 505; x_wconf 85' lang='lat' dir='ltr'>Romam</span> 
     </span>
     <span class='ocr_line' id='line_1_67' title="bbox 1233 519 2183 567; baseline 0.003 -13"><span class='ocrx_word' id='word_1_378' title='bbox 1233 522 1273 554; x_wconf 84' lang='lat' dir='ltr'>et</span> <span class='ocrx_word' id='word_1_379' title='bbox 1307 519 1597 556; x_wconf 86' lang='lat' dir='ltr'>Centumcellas</span> <span class='ocrx_word' id='word_1_380' title='bbox 1632 520 1754 567; x_wconf 91' lang='lat' dir='ltr'>copiis</span> <span class='ocrx_word' id='word_1_381' title='bbox 1779 521 1870 556; x_wconf 88' lang='lat' dir='ltr'>hinc</span> <span class='ocrx_word' id='word_1_382' title='bbox 1899 521 1988 557; x_wconf 86' lang='lat' dir='ltr'>inde</span> <span class='ocrx_word' id='word_1_383' title='bbox 2021 522 2183 559; x_wconf 82' lang='lat' dir='ltr'>diffusis.</span> 
     </span>
     <span class='ocr_line' id='line_1_68' title="bbox 1234 573 2186 612; baseline 0.005 -5"><span class='ocrx_word' id='word_1_384' title='bbox 1234 573 1405 608; x_wconf 85' lang='lat' dir='ltr'>Strenuo</span> <span class='ocrx_word' id='word_1_385' title='bbox 1432 573 1522 610; x_wconf 90' lang='lat' dir='ltr'>huic</span> <span class='ocrx_word' id='word_1_386' title='bbox 1543 574 1743 610; x_wconf 83' lang='lat' dir='ltr'>Pontificis</span> <span class='ocrx_word' id='word_1_387' title='bbox 1769 574 1911 610; x_wconf 88' lang='lat' dir='ltr'>iurium</span> <span class='ocrx_word' id='word_1_388' title='bbox 1929 574 2072 610; x_wconf 88' lang='lat' dir='ltr'>vindici</span> <span class='ocrx_word' id='word_1_389' title='bbox 2090 575 2186 612; x_wconf 87' lang='lat' dir='ltr'>Pius</span> 
     </span>
     <span class='ocr_line' id='line_1_69' title="bbox 1236 626 2184 676; baseline 0.004 -15"><span class='ocrx_word' id='word_1_390' title='bbox 1236 626 1305 673; x_wconf 84' lang='lat' dir='ltr'>Pp.</span> <span class='ocrx_word' id='word_1_391' title='bbox 1327 627 1379 662; x_wconf 88' lang='lat' dir='ltr'>IX</span> <span class='ocrx_word' id='word_1_392' title='bbox 1398 627 1565 663; x_wconf 85' lang='lat' dir='ltr'>dixerat:</span> <span class='ocrx_word' id='word_1_393' title='bbox 1587 641 1606 663; x_wconf 80' lang='lat'>«</span> <span class='ocrx_word' id='word_1_394' title='bbox 1627 628 1668 664; x_wconf 87' lang='lat' dir='ltr'>Si</span> <span class='ocrx_word' id='word_1_395' title='bbox 1686 639 1763 663; x_wconf 92' lang='lat' dir='ltr'>non</span> <span class='ocrx_word' id='word_1_396' title='bbox 1784 640 1987 676; x_wconf 88' lang='lat' dir='ltr'>possumus</span> <span class='ocrx_word' id='word_1_397' title='bbox 2008 629 2184 674; x_wconf 85' lang='lat' dir='ltr'>efficere,</span> 
     </span>
     <span class='ocr_line' id='line_1_70' title="bbox 1233 681 2241 727; baseline 0.006 -12"><span class='ocrx_word' id='word_1_398' title='bbox 1233 681 1325 727; x_wconf 90' lang='lat' dir='ltr'>quin</span> <span class='ocrx_word' id='word_1_399' title='bbox 1353 681 1415 716; x_wconf 89' lang='lat' dir='ltr'>fur</span> <span class='ocrx_word' id='word_1_400' title='bbox 1443 681 1578 725; x_wconf 86' lang='lat' dir='ltr'>intret,</span> <span class='ocrx_word' id='word_1_401' title='bbox 1598 682 1730 718; x_wconf 87' lang='lat' dir='ltr'>sciant</span> <span class='ocrx_word' id='word_1_402' title='bbox 1754 693 1891 719; x_wconf 90' lang='lat' dir='ltr'>omnes</span> <span class='ocrx_word' id='word_1_403' title='bbox 1907 683 2047 719; x_wconf 87' lang='lat' dir='ltr'>saltem</span> <span class='ocrx_word' id='word_1_404' title='bbox 2073 683 2183 720; x_wconf 90' lang='lat' dir='ltr'>illum</span> <span class='ocrx_word' id='word_1_405' title='bbox 2240 718 2241 722; x_wconf 73' lang='grc'>,</span> 
     </span>
     <span class='ocr_line' id='line_1_71' title="bbox 1234 733 2185 773; baseline 0.005 -5"><span class='ocrx_word' id='word_1_406' title='bbox 1234 733 1377 769; x_wconf 86' lang='lat' dir='ltr'>iniuria</span> <span class='ocrx_word' id='word_1_407' title='bbox 1411 740 1450 770; x_wconf 89' lang='lat' dir='ltr'>et</span> <span class='ocrx_word' id='word_1_408' title='bbox 1483 735 1522 770; x_wconf 91' lang='lat' dir='ltr'>vi</span> <span class='ocrx_word' id='word_1_409' title='bbox 1558 736 1710 772; x_wconf 88' lang='lat' dir='ltr'>intrare</span> <span class='ocrx_word' id='word_1_410' title='bbox 1729 749 1766 770; x_wconf 86' lang='lat'>».</span> <span class='ocrx_word' id='word_1_411' title='bbox 1795 737 1846 772; x_wconf 90' lang='lat' dir='ltr'>Et</span> <span class='ocrx_word' id='word_1_412' title='bbox 1872 747 2015 773; x_wconf 90' lang='lat' dir='ltr'>revera</span> <span class='ocrx_word' id='word_1_413' title='bbox 2046 736 2185 773; x_wconf 90' lang='lat' dir='ltr'>decem</span> 
     </span>
     <span class='ocr_line' id='line_1_72' title="bbox 1234 787 2186 827; baseline 0.006 -6"><span class='ocrx_word' id='word_1_414' title='bbox 1234 787 1356 823; x_wconf 91' lang='lat' dir='ltr'>millia</span> <span class='ocrx_word' id='word_1_415' title='bbox 1382 788 1545 824; x_wconf 88' lang='lat' dir='ltr'>militum</span> <span class='ocrx_word' id='word_1_416' title='bbox 1574 789 1744 825; x_wconf 80' lang='lat' dir='ltr'>Romani</span> <span class='ocrx_word' id='word_1_417' title='bbox 1771 790 1967 826; x_wconf 88' lang='lat' dir='ltr'>exercitus</span> <span class='ocrx_word' id='word_1_418' title='bbox 1994 789 2043 826; x_wconf 88' lang='lat' dir='ltr'>ad</span> <span class='ocrx_word' id='word_1_419' title='bbox 2068 790 2186 827; x_wconf 89' lang='lat' dir='ltr'>Urbis</span> 
     </span>
     <span class='ocr_line' id='line_1_73' title="bbox 1233 840 1890 889; baseline 0.002 -14"><span class='ocrx_word' id='word_1_420' title='bbox 1233 840 1500 878; x_wconf 87' lang='lat' dir='ltr'>defensionem</span> <span class='ocrx_word' id='word_1_421' title='bbox 1529 848 1688 889; x_wconf 88' lang='lat' dir='ltr'>praesto</span> <span class='ocrx_word' id='word_1_422' title='bbox 1716 843 1890 880; x_wconf 86' lang='lat' dir='ltr'>fuerunt.</span> 
     </span>
    </p>

    <p class='ocr_par' dir='ltr' id='par_1_10' title="bbox 1229 895 2187 1757">
     <span class='ocr_line' id='line_1_74' title="bbox 1280 895 2187 936; baseline 0.008 -7"><span class='ocrx_word' id='word_1_423' title='bbox 1280 895 1393 931; x_wconf 90' lang='lat' dir='ltr'>Unus</span> <span class='ocrx_word' id='word_1_424' title='bbox 1410 907 1459 932; x_wconf 91' lang='lat' dir='ltr'>ex</span> <span class='ocrx_word' id='word_1_425' title='bbox 1474 897 1632 933; x_wconf 86' lang='lat' dir='ltr'>ducibus</span> <span class='ocrx_word' id='word_1_426' title='bbox 1649 898 1809 934; x_wconf 87' lang='lat' dir='ltr'>Italicae</span> <span class='ocrx_word' id='word_1_427' title='bbox 1825 897 1988 935; x_wconf 87' lang='lat' dir='ltr'>militiae</span> <span class='ocrx_word' id='word_1_428' title='bbox 2002 898 2187 936; x_wconf 87' lang='lat' dir='ltr'>Cadorna</span> 
     </span>
     <span class='ocr_line' id='line_1_75' title="bbox 1232 947 2186 998; baseline 0.006 -15"><span class='ocrx_word' id='word_1_429' title='bbox 1232 947 1293 984; x_wconf 91' lang='lat' dir='ltr'>die</span> <span class='ocrx_word' id='word_1_430' title='bbox 1321 949 1365 985; x_wconf 84' lang='lat'>19</span> <span class='ocrx_word' id='word_1_431' title='bbox 1391 951 1625 997; x_wconf 72' lang='lat' dir='ltr'>septembris</span> <span class='ocrx_word' id='word_1_432' title='bbox 1653 963 1740 987; x_wconf 89' lang='lat' dir='ltr'>cum</span> <span class='ocrx_word' id='word_1_433' title='bbox 1772 952 1981 998; x_wconf 87' lang='lat' dir='ltr'>sexaginta</span> <span class='ocrx_word' id='word_1_434' title='bbox 2016 952 2186 989; x_wconf 89' lang='lat' dir='ltr'>millibus</span> 
     </span>
     <span class='ocr_line' id='line_1_76' title="bbox 1233 1002 2185 1054; baseline 0.005 -16"><span class='ocrx_word' id='word_1_435' title='bbox 1233 1002 1421 1040; x_wconf 85' lang='lat' dir='ltr'>militibus</span> <span class='ocrx_word' id='word_1_436' title='bbox 1439 1004 1487 1040; x_wconf 86' lang='lat' dir='ltr'>ad</span> <span class='ocrx_word' id='word_1_437' title='bbox 1506 1005 1666 1041; x_wconf 87' lang='lat' dir='ltr'>moenia</span> <span class='ocrx_word' id='word_1_438' title='bbox 1679 1006 1861 1042; x_wconf 79' lang='lat' dir='ltr'>Romana</span> <span class='ocrx_word' id='word_1_439' title='bbox 1875 1007 2096 1054; x_wconf 86' lang='lat' dir='ltr'>appulerat,</span> <span class='ocrx_word' id='word_1_440' title='bbox 2113 1018 2185 1044; x_wconf 89' lang='lat' dir='ltr'>nec</span> 
     </span>
     <span class='ocr_line' id='line_1_77' title="bbox 1232 1057 2186 1110; baseline 0.004 -18"><span class='ocrx_word' id='word_1_441' title='bbox 1232 1057 1357 1093; x_wconf 90' lang='lat' dir='ltr'>labori</span> <span class='ocrx_word' id='word_1_442' title='bbox 1385 1070 1458 1095; x_wconf 90' lang='lat' dir='ltr'>nec</span> <span class='ocrx_word' id='word_1_443' title='bbox 1485 1059 1687 1095; x_wconf 85' lang='lat' dir='ltr'>fraudibus</span> <span class='ocrx_word' id='word_1_444' title='bbox 1707 1071 1889 1107; x_wconf 88' lang='lat' dir='ltr'>parcens,</span> <span class='ocrx_word' id='word_1_445' title='bbox 1907 1064 1951 1110; x_wconf 81' lang='lat' dir='ltr'>ut</span> <span class='ocrx_word' id='word_1_446' title='bbox 1966 1060 2116 1097; x_wconf 86' lang='lat' dir='ltr'>Urbem</span> <span class='ocrx_word' id='word_1_447' title='bbox 2132 1061 2186 1108; x_wconf 90' lang='lat' dir='ltr'>ip-</span> 
     </span>
     <span class='ocr_line' id='line_1_78' title="bbox 1231 1113 2186 1151; baseline 0.002 -3"><span class='ocrx_word' id='word_1_448' title='bbox 1231 1123 1314 1148; x_wconf 88' lang='lat' dir='ltr'>sam</span> <span class='ocrx_word' id='word_1_449' title='bbox 1344 1117 1383 1149; x_wconf 90' lang='lat' dir='ltr'>et</span> <span class='ocrx_word' id='word_1_450' title='bbox 1410 1113 1518 1149; x_wconf 88' lang='lat' dir='ltr'>cives</span> <span class='ocrx_word' id='word_1_451' title='bbox 1553 1113 1744 1151; x_wconf 85' lang='lat' dir='ltr'>adversus</span> <span class='ocrx_word' id='word_1_452' title='bbox 1770 1115 1994 1150; x_wconf 85' lang='lat' dir='ltr'>Romanum</span> <span class='ocrx_word' id='word_1_453' title='bbox 2026 1114 2186 1151; x_wconf 88' lang='lat' dir='ltr'>Pontifi-</span> 
     </span>
     <span class='ocr_line' id='line_1_79' title="bbox 1235 1170 2186 1209; baseline 0.002 -6"><span class='ocrx_word' id='word_1_454' title='bbox 1235 1179 1320 1204; x_wconf 89' lang='lat' dir='ltr'>cem</span> <span class='ocrx_word' id='word_1_455' title='bbox 1349 1173 1634 1206; x_wconf 82' lang='lat' dir='ltr'>eommoveret.</span> <span class='ocrx_word' id='word_1_456' title='bbox 1654 1170 1886 1209; x_wconf 84' lang='lat' dir='ltr'>Clanculum</span> <span class='ocrx_word' id='word_1_457' title='bbox 1914 1180 2027 1205; x_wconf 89' lang='lat' dir='ltr'>arma</span> <span class='ocrx_word' id='word_1_458' title='bbox 2046 1170 2085 1205; x_wconf 88' lang='lat' dir='ltr'>in</span> <span class='ocrx_word' id='word_1_459' title='bbox 2111 1170 2186 1206; x_wconf 89' lang='lat' dir='ltr'>Ur-</span> 
     </span>
     <span class='ocr_line' id='line_1_80' title="bbox 1237 1223 2185 1272; baseline 0.003 -14"><span class='ocrx_word' id='word_1_460' title='bbox 1237 1223 1326 1260; x_wconf 88' lang='lat' dir='ltr'>bem</span> <span class='ocrx_word' id='word_1_461' title='bbox 1345 1223 1575 1269; x_wconf 88' lang='lat' dir='ltr'>introduxit,</span> <span class='ocrx_word' id='word_1_462' title='bbox 1598 1224 1807 1272; x_wconf 90' lang='lat' dir='ltr'>pecuniam</span> <span class='ocrx_word' id='word_1_463' title='bbox 1827 1224 2021 1271; x_wconf 89' lang='lat' dir='ltr'>pollicitus</span> <span class='ocrx_word' id='word_1_464' title='bbox 2046 1228 2108 1260; x_wconf 91' lang='lat' dir='ltr'>est</span> <span class='ocrx_word' id='word_1_465' title='bbox 2124 1225 2185 1269; x_wconf 84' lang='lat' dir='ltr'>iis,</span> 
     </span>
     <span class='ocr_line' id='line_1_81' title="bbox 1232 1277 2185 1326; baseline 0.001 -14"><span class='ocrx_word' id='word_1_466' title='bbox 1232 1278 1294 1323; x_wconf 85' lang='lat' dir='ltr'>qui</span> <span class='ocrx_word' id='word_1_467' title='bbox 1314 1277 1570 1314; x_wconf 90' lang='lat' dir='ltr'>rebellionem</span> <span class='ocrx_word' id='word_1_468' title='bbox 1590 1278 1846 1323; x_wconf 79' lang='lat' dir='ltr'>excitassent3</span> <span class='ocrx_word' id='word_1_469' title='bbox 1867 1289 1943 1326; x_wconf 90' lang='lat' dir='ltr'>qua</span> <span class='ocrx_word' id='word_1_470' title='bbox 1962 1279 1999 1313; x_wconf 91' lang='lat' dir='ltr'>in</span> <span class='ocrx_word' id='word_1_471' title='bbox 2020 1277 2185 1325; x_wconf 85' lang='lat' dir='ltr'>perfidia</span> 
     </span>
     <span class='ocr_line' id='line_1_82' title="bbox 1232 1331 2184 1379; baseline 0.001 -12"><span class='ocrx_word' id='word_1_472' title='bbox 1232 1331 1267 1367; x_wconf 91' lang='lat' dir='ltr'>ei</span> <span class='ocrx_word' id='word_1_473' title='bbox 1301 1332 1429 1368; x_wconf 85' lang='lat' dir='ltr'>extitit</span> <span class='ocrx_word' id='word_1_474' title='bbox 1462 1332 1617 1368; x_wconf 88' lang='lat' dir='ltr'>adiutor</span> <span class='ocrx_word' id='word_1_475' title='bbox 1649 1336 1784 1368; x_wconf 91' lang='lat' dir='ltr'>orator</span> <span class='ocrx_word' id='word_1_476' title='bbox 1820 1332 1933 1379; x_wconf 85' lang='lat' dir='ltr'>regni</span> <span class='ocrx_word' id='word_1_477' title='bbox 1971 1332 2184 1369; x_wconf 88' lang='lat' dir='ltr'>Borussiae</span> 
     </span>
     <span class='ocr_line' id='line_1_83' title="bbox 1232 1385 2184 1434; baseline 0.003 -14"><span class='ocrx_word' id='word_1_478' title='bbox 1232 1385 1335 1432; x_wconf 88' lang='lat' dir='ltr'>apud</span> <span class='ocrx_word' id='word_1_479' title='bbox 1351 1387 1391 1422; x_wconf 82' lang='lat' dir='ltr'>S.</span> <span class='ocrx_word' id='word_1_480' title='bbox 1407 1386 1550 1423; x_wconf 87' lang='lat' dir='ltr'>Sedem</span> <span class='ocrx_word' id='word_1_481' title='bbox 1566 1398 1699 1422; x_wconf 89' lang='lat' dir='ltr'>eomes</span> <span class='ocrx_word' id='word_1_482' title='bbox 1713 1386 1943 1434; x_wconf 88' lang='lat' dir='ltr'>Arnim,qui</span> <span class='ocrx_word' id='word_1_483' title='bbox 1960 1386 2064 1422; x_wconf 87' lang='lat' dir='ltr'>intra</span> <span class='ocrx_word' id='word_1_484' title='bbox 2079 1398 2184 1423; x_wconf 90' lang='lat' dir='ltr'>moe-</span> 
     </span>
     <span class='ocr_line' id='line_1_84' title="bbox 1232 1440 2182 1487; baseline 0.003 -13"><span class='ocrx_word' id='word_1_485' title='bbox 1232 1440 1297 1475; x_wconf 89' lang='lat' dir='ltr'>nia</span> <span class='ocrx_word' id='word_1_486' title='bbox 1325 1441 1525 1487; x_wconf 88' lang='lat' dir='ltr'>pontificia</span> <span class='ocrx_word' id='word_1_487' title='bbox 1557 1441 1760 1477; x_wconf 82' lang='lat' dir='ltr'>Pontificis</span> <span class='ocrx_word' id='word_1_488' title='bbox 1786 1441 1874 1477; x_wconf 89' lang='lat' dir='ltr'>iura</span> <span class='ocrx_word' id='word_1_489' title='bbox 1901 1440 2002 1477; x_wconf 89' lang='lat' dir='ltr'>tueri</span> <span class='ocrx_word' id='word_1_490' title='bbox 2028 1440 2182 1477; x_wconf 86' lang='lat' dir='ltr'>simula-</span> 
     </span>
     <span class='ocr_line' id='line_1_85' title="bbox 1232 1493 2184 1532; baseline 0.002 -4"><span class='ocrx_word' id='word_1_491' title='bbox 1232 1493 1309 1529; x_wconf 91' lang='lat' dir='ltr'>bat.</span> <span class='ocrx_word' id='word_1_492' title='bbox 1342 1494 1487 1531; x_wconf 90' lang='lat' dir='ltr'>Verum</span> <span class='ocrx_word' id='word_1_493' title='bbox 1515 1506 1604 1530; x_wconf 88' lang='lat' dir='ltr'>cum</span> <span class='ocrx_word' id='word_1_494' title='bbox 1631 1494 1731 1531; x_wconf 88' lang='lat' dir='ltr'>haec</span> <span class='ocrx_word' id='word_1_495' title='bbox 1757 1495 1891 1530; x_wconf 88' lang='lat' dir='ltr'>omnia</span> <span class='ocrx_word' id='word_1_496' title='bbox 1917 1493 2102 1532; x_wconf 88' lang='lat' dir='ltr'>Cadorna</span> <span class='ocrx_word' id='word_1_497' title='bbox 2127 1495 2184 1531; x_wconf 91' lang='lat' dir='ltr'>in-</span> 
     </span>
     <span class='ocr_line' id='line_1_86' title="bbox 1231 1548 2182 1596; baseline 0.002 -13"><span class='ocrx_word' id='word_1_498' title='bbox 1231 1558 1388 1585; x_wconf 86' lang='lat' dir='ltr'>cassum</span> <span class='ocrx_word' id='word_1_499' title='bbox 1414 1548 1501 1585; x_wconf 89' lang='lat' dir='ltr'>fieri</span> <span class='ocrx_word' id='word_1_500' title='bbox 1529 1548 1652 1592; x_wconf 88' lang='lat' dir='ltr'>vidit,</span> <span class='ocrx_word' id='word_1_501' title='bbox 1681 1549 1728 1584; x_wconf 93' lang='lat' dir='ltr'>ob</span> <span class='ocrx_word' id='word_1_502' title='bbox 1756 1548 1887 1596; x_wconf 84' lang='lat' dir='ltr'>populi</span> <span class='ocrx_word' id='word_1_503' title='bbox 1914 1548 2182 1585; x_wconf 87' lang='lat' dir='ltr'>reverentiam</span> 
     </span>
     <span class='ocr_line' id='line_1_87' title="bbox 1232 1601 2183 1650; baseline 0.002 -14"><span class='ocrx_word' id='word_1_504' title='bbox 1232 1601 1269 1637; x_wconf 92' lang='lat' dir='ltr'>in</span> <span class='ocrx_word' id='word_1_505' title='bbox 1297 1601 1525 1650; x_wconf 87' lang='lat' dir='ltr'>Principem</span> <span class='ocrx_word' id='word_1_506' title='bbox 1562 1602 1721 1650; x_wconf 88' lang='lat' dir='ltr'>eiusque</span> <span class='ocrx_word' id='word_1_507' title='bbox 1756 1602 1956 1639; x_wconf 86' lang='lat' dir='ltr'>exercitus</span> <span class='ocrx_word' id='word_1_508' title='bbox 1981 1602 2183 1646; x_wconf 87' lang='lat' dir='ltr'>virtutem,</span> 
     </span>
     <span class='ocr_line' id='line_1_88' title="bbox 1229 1655 2181 1703; baseline 0.001 -12"><span class='ocrx_word' id='word_1_509' title='bbox 1229 1656 1369 1692; x_wconf 84' lang='lat' dir='ltr'>statuit</span> <span class='ocrx_word' id='word_1_510' title='bbox 1393 1657 1542 1692; x_wconf 91' lang='lat' dir='ltr'>Urbem</span> <span class='ocrx_word' id='word_1_511' title='bbox 1570 1656 1736 1703; x_wconf 78' lang='lat' dir='ltr'>aggredi</span> <span class='ocrx_word' id='word_1_512' title='bbox 1763 1655 1942 1703; x_wconf 85' lang='lat' dir='ltr'>sequenti</span> <span class='ocrx_word' id='word_1_513' title='bbox 1973 1655 2048 1699; x_wconf 88' lang='lat' dir='ltr'>die,</span> <span class='ocrx_word' id='word_1_514' title='bbox 2082 1666 2181 1703; x_wconf 89' lang='lat' dir='ltr'>quae</span> 
     </span>
     <span class='ocr_line' id='line_1_89' title="bbox 1230 1709 1645 1757; baseline 0.005 -13"><span class='ocrx_word' id='word_1_515' title='bbox 1230 1709 1302 1745; x_wconf 86' lang='lat' dir='ltr'>fuit</span> <span class='ocrx_word' id='word_1_516' title='bbox 1328 1710 1373 1746; x_wconf 90' lang='grc'>20</span> <span class='ocrx_word' id='word_1_517' title='bbox 1398 1710 1645 1757; x_wconf 86' lang='lat' dir='ltr'>septembris.</span> 
     </span>
    </p>

    <p class='ocr_par' dir='ltr' id='par_1_11' title="bbox 1226 1764 2183 2352">
     <span class='ocr_line' id='line_1_90' title="bbox 1278 1764 2180 1811; baseline 0.001 -12"><span class='ocrx_word' id='word_1_518' title='bbox 1278 1764 1477 1800; x_wconf 87' lang='lat' dir='ltr'>Eiusmodi</span> <span class='ocrx_word' id='word_1_519' title='bbox 1505 1764 1713 1811; x_wconf 79' lang='lat' dir='ltr'>aggressio</span> <span class='ocrx_word' id='word_1_520' title='bbox 1747 1764 1945 1811; x_wconf 87' lang='lat' dir='ltr'>sacrilega</span> <span class='ocrx_word' id='word_1_521' title='bbox 1979 1774 2180 1800; x_wconf 87' lang='lat' dir='ltr'>consuma-</span> 
     </span>
     <span class='ocr_line' id='line_1_91' title="bbox 1230 1817 2183 1865; baseline 0.002 -13"><span class='ocrx_word' id='word_1_522' title='bbox 1230 1818 1295 1853; x_wconf 85' lang='lat' dir='ltr'>bat</span> <span class='ocrx_word' id='word_1_523' title='bbox 1322 1817 1501 1854; x_wconf 87' lang='lat' dir='ltr'>facinora</span> <span class='ocrx_word' id='word_1_524' title='bbox 1527 1828 1551 1853; x_wconf 89' lang='lat' dir='ltr'>a</span> <span class='ocrx_word' id='word_1_525' title='bbox 1577 1818 1783 1865; x_wconf 86' lang='lat' dir='ltr'>subalpino</span> <span class='ocrx_word' id='word_1_526' title='bbox 1811 1817 2011 1854; x_wconf 87' lang='lat' dir='ltr'>Gubernio</span> <span class='ocrx_word' id='word_1_527' title='bbox 2043 1817 2183 1854; x_wconf 87' lang='lat' dir='ltr'>admis-</span> 
     </span>
     <span class='ocr_line' id='line_1_92' title="bbox 1227 1872 2182 1916; baseline 0 -8"><span class='ocrx_word' id='word_1_528' title='bbox 1227 1883 1286 1908; x_wconf 89' lang='lat' dir='ltr'>sa.</span> <span class='ocrx_word' id='word_1_529' title='bbox 1315 1872 1500 1909; x_wconf 82' lang='lat' dir='ltr'>Profecto</span> <span class='ocrx_word' id='word_1_530' title='bbox 1527 1873 1612 1909; x_wconf 90' lang='lat' dir='ltr'>iure</span> <span class='ocrx_word' id='word_1_531' title='bbox 1640 1873 1746 1908; x_wconf 91' lang='lat' dir='ltr'>omni</span> <span class='ocrx_word' id='word_1_532' title='bbox 1767 1872 2012 1916; x_wconf 90' lang='lat' dir='ltr'>conculcato,</span> <span class='ocrx_word' id='word_1_533' title='bbox 2030 1872 2182 1908; x_wconf 82' lang='lat' dir='ltr'>exerci-</span> 
     </span>
     <span class='ocr_line' id='line_1_93' title="bbox 1228 1925 2178 1974; baseline -0.001 -12"><span class='ocrx_word' id='word_1_534' title='bbox 1228 1930 1290 1962; x_wconf 89' lang='lat' dir='ltr'>tus</span> <span class='ocrx_word' id='word_1_535' title='bbox 1305 1926 1487 1963; x_wconf 88' lang='lat' dir='ltr'>catholici</span> <span class='ocrx_word' id='word_1_536' title='bbox 1498 1926 1694 1974; x_wconf 87' lang='lat' dir='ltr'>Principis</span> <span class='ocrx_word' id='word_1_537' title='bbox 1710 1927 1819 1962; x_wconf 88' lang='lat' dir='ltr'>nulla</span> <span class='ocrx_word' id='word_1_538' title='bbox 1834 1925 1977 1961; x_wconf 88' lang='lat' dir='ltr'>iniuria</span> <span class='ocrx_word' id='word_1_539' title='bbox 1992 1925 2178 1970; x_wconf 88' lang='lat' dir='ltr'>lacessiti,</span> 
     </span>
     <span class='ocr_line' id='line_1_94' title="bbox 1228 1980 2178 2029; baseline 0 -13"><span class='ocrx_word' id='word_1_540' title='bbox 1228 1980 1347 2016; x_wconf 89' lang='lat' dir='ltr'>immo</span> <span class='ocrx_word' id='word_1_541' title='bbox 1368 1981 1473 2017; x_wconf 89' lang='lat' dir='ltr'>nulla</span> <span class='ocrx_word' id='word_1_542' title='bbox 1488 1992 1536 2018; x_wconf 89' lang='lat' dir='ltr'>ne</span> <span class='ocrx_word' id='word_1_543' title='bbox 1553 1986 1772 2029; x_wconf 87' lang='lat' dir='ltr'>apparente</span> <span class='ocrx_word' id='word_1_544' title='bbox 1789 1980 1946 2028; x_wconf 88' lang='lat' dir='ltr'>quidem</span> <span class='ocrx_word' id='word_1_545' title='bbox 1962 1980 2178 2024; x_wconf 88' lang='lat' dir='ltr'>causa‚Ur-</span> 
     </span>
     <span class='ocr_line' id='line_1_95' title="bbox 1227 2034 2181 2082; baseline 0 -11"><span class='ocrx_word' id='word_1_546' title='bbox 1227 2034 1333 2079; x_wconf 89' lang='lat' dir='ltr'>bem,</span> <span class='ocrx_word' id='word_1_547' title='bbox 1353 2035 1535 2071; x_wconf 84' lang='lat' dir='ltr'>catholici</span> <span class='ocrx_word' id='word_1_548' title='bbox 1561 2035 1667 2071; x_wconf 89' lang='lat' dir='ltr'>orbis</span> <span class='ocrx_word' id='word_1_549' title='bbox 1694 2039 1825 2082; x_wconf 84' lang='lat' dir='ltr'>caput,</span> <span class='ocrx_word' id='word_1_550' title='bbox 1845 2034 2046 2070; x_wconf 87' lang='lat' dir='ltr'>obsessam</span> <span class='ocrx_word' id='word_1_551' title='bbox 2074 2039 2181 2071; x_wconf 90' lang='lat' dir='ltr'>tene-</span> 
     </span>
     <span class='ocr_line' id='line_1_96' title="bbox 1227 2088 2176 2137; baseline 0 -14"><span class='ocrx_word' id='word_1_552' title='bbox 1227 2089 1320 2133; x_wconf 90' lang='lat' dir='ltr'>bat,</span> <span class='ocrx_word' id='word_1_553' title='bbox 1349 2101 1473 2137; x_wconf 86' lang='lat' dir='ltr'>eaque</span> <span class='ocrx_word' id='word_1_554' title='bbox 1504 2101 1572 2136; x_wconf 88' lang='lat' dir='ltr'>per</span> <span class='ocrx_word' id='word_1_555' title='bbox 1599 2089 1676 2125; x_wconf 90' lang='lat' dir='ltr'>vim</span> <span class='ocrx_word' id='word_1_556' title='bbox 1704 2088 1822 2136; x_wconf 82' lang='lat' dir='ltr'>potiri</span> <span class='ocrx_word' id='word_1_557' title='bbox 1854 2100 1896 2124; x_wconf 87' lang='lat' dir='ltr'>se</span> <span class='ocrx_word' id='word_1_558' title='bbox 1930 2088 2176 2135; x_wconf 86' lang='lat' dir='ltr'>accingebat.</span> 
     </span>
     <span class='ocr_line' id='line_1_97' title="bbox 1227 2142 2179 2190; baseline 0 -12"><span class='ocrx_word' id='word_1_559' title='bbox 1227 2144 1372 2180; x_wconf 85' lang='lat' dir='ltr'>Merito</span> <span class='ocrx_word' id='word_1_560' title='bbox 1402 2144 1522 2190; x_wconf 88' lang='lat' dir='ltr'>igitur</span> <span class='ocrx_word' id='word_1_561' title='bbox 1557 2144 1741 2179; x_wconf 86' lang='lat' dir='ltr'>Summus</span> <span class='ocrx_word' id='word_1_562' title='bbox 1777 2142 1960 2178; x_wconf 83' lang='lat' dir='ltr'>Pontifex</span> <span class='ocrx_word' id='word_1_563' title='bbox 1994 2153 2179 2190; x_wconf 87' lang='lat' dir='ltr'>supremo</span> 
     </span>
     <span class='ocr_line' id='line_1_98' title="bbox 1229 2195 2176 2233; baseline 0 -1"><span class='ocrx_word' id='word_1_564' title='bbox 1229 2198 1326 2233; x_wconf 87' lang='lat' dir='ltr'>Duci</span> <span class='ocrx_word' id='word_1_565' title='bbox 1361 2197 1589 2233; x_wconf 88' lang='lat' dir='ltr'>militiarum</span> <span class='ocrx_word' id='word_1_566' title='bbox 1620 2208 1782 2233; x_wconf 85' lang='lat' dir='ltr'>suarum</span> <span class='ocrx_word' id='word_1_567' title='bbox 1817 2195 1997 2232; x_wconf 86' lang='lat' dir='ltr'>edixerat</span> <span class='ocrx_word' id='word_1_568' title='bbox 2024 2200 2176 2233; x_wconf 89' lang='lat' dir='ltr'>tantum</span> 
     </span>
     <span class='ocr_line' id='line_1_99' title="bbox 1229 2251 2179 2297; baseline 0 -11"><span class='ocrx_word' id='word_1_569' title='bbox 1229 2252 1264 2286; x_wconf 90' lang='lat' dir='ltr'>in</span> <span class='ocrx_word' id='word_1_570' title='bbox 1294 2251 1523 2288; x_wconf 87' lang='lat' dir='ltr'>defensione</span> <span class='ocrx_word' id='word_1_571' title='bbox 1551 2251 1768 2297; x_wconf 87' lang='lat' dir='ltr'>persistere</span> <span class='ocrx_word' id='word_1_572' title='bbox 1786 2279 1794 2294; x_wconf 94' lang='lat'>‚</span> <span class='ocrx_word' id='word_1_573' title='bbox 1821 2254 2014 2297; x_wconf 88' lang='lat' dir='ltr'>quatenus</span> <span class='ocrx_word' id='word_1_574' title='bbox 2041 2261 2179 2287; x_wconf 90' lang='lat' dir='ltr'>omnes</span> 
     </span>
     <span class='ocr_line' id='line_1_100' title="bbox 1226 2305 2113 2352; baseline -0.001 -11"><span class='ocrx_word' id='word_1_575' title='bbox 1226 2306 1387 2341; x_wconf 83' lang='lat' dir='ltr'>inlatam</span> <span class='ocrx_word' id='word_1_576' title='bbox 1416 2305 1494 2341; x_wconf 87' lang='lat' dir='ltr'>vim</span> <span class='ocrx_word' id='word_1_577' title='bbox 1522 2309 1803 2352; x_wconf 88' lang='lat' dir='ltr'>agnoscerent,</span> <span class='ocrx_word' id='word_1_578' title='bbox 1830 2316 1904 2340; x_wconf 89' lang='lat' dir='ltr'>nec</span> <span class='ocrx_word' id='word_1_579' title='bbox 1930 2305 2113 2352; x_wconf 88' lang='lat' dir='ltr'>amplius.</span> 
     </span>
    </p>

    <p class='ocr_par' dir='ltr' id='par_1_12' title="bbox 1214 2358 2178 3277">
     <span class='ocr_line' id='line_1_101' title="bbox 1273 2358 2178 2406; baseline 0 -11"><span class='ocrx_word' id='word_1_580' title='bbox 1273 2359 1405 2395; x_wconf 87' lang='lat' dir='ltr'>Primo</span> <span class='ocrx_word' id='word_1_581' title='bbox 1440 2370 1555 2395; x_wconf 90' lang='lat' dir='ltr'>mane</span> <span class='ocrx_word' id='word_1_582' title='bbox 1574 2388 1582 2403; x_wconf 92' lang='lat'>,</span> <span class='ocrx_word' id='word_1_583' title='bbox 1611 2359 1672 2395; x_wconf 88' lang='lat' dir='ltr'>die</span> <span class='ocrx_word' id='word_1_584' title='bbox 1701 2359 1745 2396; x_wconf 88' lang='grc'>20</span> <span class='ocrx_word' id='word_1_585' title='bbox 1780 2358 2015 2406; x_wconf 86' lang='lat' dir='ltr'>septembris</span> <span class='ocrx_word' id='word_1_586' title='bbox 2033 2387 2041 2403; x_wconf 94' lang='lat'>,</span> <span class='ocrx_word' id='word_1_587' title='bbox 2076 2358 2178 2395; x_wconf 87' lang='lat' dir='ltr'>Urbs</span> 
     </span>
     <span class='ocr_line' id='line_1_102' title="bbox 1225 2412 2176 2462; baseline -0.001 -12"><span class='ocrx_word' id='word_1_588' title='bbox 1225 2414 1445 2462; x_wconf 82' lang='lat' dir='ltr'>oppugnari</span> <span class='ocrx_word' id='word_1_589' title='bbox 1487 2413 1695 2449; x_wconf 88' lang='lat' dir='ltr'>tormentis</span> <span class='ocrx_word' id='word_1_590' title='bbox 1735 2413 1866 2460; x_wconf 85' lang='lat' dir='ltr'>coepit</span> <span class='ocrx_word' id='word_1_591' title='bbox 1905 2423 1975 2459; x_wconf 87' lang='lat' dir='ltr'>per</span> <span class='ocrx_word' id='word_1_592' title='bbox 2008 2412 2176 2460; x_wconf 91' lang='lat' dir='ltr'>quinque</span> 
     </span>
     <span class='ocr_line' id='line_1_103' title="bbox 1225 2467 2175 2514; baseline -0.001 -11"><span class='ocrx_word' id='word_1_593' title='bbox 1225 2468 1420 2505; x_wconf 88' lang='lat' dir='ltr'>moenium</span> <span class='ocrx_word' id='word_1_594' title='bbox 1451 2468 1598 2510; x_wconf 85' lang='lat' dir='ltr'>latera;</span> <span class='ocrx_word' id='word_1_595' title='bbox 1632 2467 1701 2503; x_wconf 90' lang='lat' dir='ltr'>sed</span> <span class='ocrx_word' id='word_1_596' title='bbox 1727 2471 1888 2503; x_wconf 89' lang='lat' dir='ltr'>strenue</span> <span class='ocrx_word' id='word_1_597' title='bbox 1915 2477 2175 2514; x_wconf 85' lang='lat' dir='ltr'>aggressores</span> 
     </span>
     <span class='ocr_line' id='line_1_104' title="bbox 1225 2520 2173 2569; baseline -0.002 -12"><span class='ocrx_word' id='word_1_598' title='bbox 1225 2522 1481 2569; x_wconf 83' lang='lat' dir='ltr'>propulsabat</span> <span class='ocrx_word' id='word_1_599' title='bbox 1507 2522 1730 2568; x_wconf 89' lang='lat' dir='ltr'>manipulus</span> <span class='ocrx_word' id='word_1_600' title='bbox 1756 2521 1957 2557; x_wconf 86' lang='lat' dir='ltr'>animosus</span> <span class='ocrx_word' id='word_1_601' title='bbox 1986 2520 2173 2566; x_wconf 89' lang='lat' dir='ltr'>militum,</span> 
     </span>
     <span class='ocr_line' id='line_1_105' title="bbox 1222 2574 2171 2623; baseline -0.001 -13"><span class='ocrx_word' id='word_1_602' title='bbox 1222 2577 1283 2623; x_wconf 88' lang='lat' dir='ltr'>qui</span> <span class='ocrx_word' id='word_1_603' title='bbox 1312 2577 1383 2613; x_wconf 74' lang='lat' dir='ltr'>sub</span> <span class='ocrx_word' id='word_1_604' title='bbox 1409 2578 1580 2613; x_wconf 86' lang='lat' dir='ltr'>Sanctae</span> <span class='ocrx_word' id='word_1_605' title='bbox 1609 2575 1720 2612; x_wconf 81' lang='lat' dir='ltr'>Sedis</span> <span class='ocrx_word' id='word_1_606' title='bbox 1755 2575 1899 2612; x_wconf 88' lang='lat' dir='ltr'>vexillo</span> <span class='ocrx_word' id='word_1_607' title='bbox 1934 2574 2171 2622; x_wconf 84' lang='lat' dir='ltr'>pugnabant.</span> 
     </span>
     <span class='ocr_line' id='line_1_106' title="bbox 1224 2629 2176 2678; baseline -0.001 -13"><span class='ocrx_word' id='word_1_608' title='bbox 1224 2631 1341 2667; x_wconf 81' lang='lat' dir='ltr'>Brevi</span> <span class='ocrx_word' id='word_1_609' title='bbox 1369 2642 1391 2667; x_wconf 90' lang='lat' dir='ltr'>a</span> <span class='ocrx_word' id='word_1_610' title='bbox 1420 2631 1599 2678; x_wconf 86' lang='lat' dir='ltr'>repetitis</span> <span class='ocrx_word' id='word_1_611' title='bbox 1628 2634 1913 2665; x_wconf 88' lang='lat' dir='ltr'>tormentorum</span> <span class='ocrx_word' id='word_1_612' title='bbox 1941 2629 2082 2665; x_wconf 88' lang='lat' dir='ltr'>ictibus</span> <span class='ocrx_word' id='word_1_613' title='bbox 2110 2629 2176 2665; x_wconf 85' lang='lat' dir='ltr'>ali-</span> 
     </span>
     <span class='ocr_line' id='line_1_107' title="bbox 1220 2683 2173 2731; baseline 0.001 -13"><span class='ocrx_word' id='word_1_614' title='bbox 1220 2690 1408 2731; x_wconf 79' lang='lat' dir='ltr'>quantum</span> <span class='ocrx_word' id='word_1_615' title='bbox 1438 2686 1538 2721; x_wconf 88' lang='lat' dir='ltr'>muri</span> <span class='ocrx_word' id='word_1_616' title='bbox 1567 2684 1614 2720; x_wconf 86' lang='lat' dir='ltr'>ad</span> <span class='ocrx_word' id='word_1_617' title='bbox 1635 2684 1798 2720; x_wconf 86' lang='lat' dir='ltr'>Portam</span> <span class='ocrx_word' id='word_1_618' title='bbox 1826 2683 1935 2719; x_wconf 84' lang='lat' dir='ltr'>Piam</span> <span class='ocrx_word' id='word_1_619' title='bbox 1955 2683 2173 2719; x_wconf 88' lang='lat' dir='ltr'>discussum</span> 
     </span>
     <span class='ocr_line' id='line_1_108' title="bbox 1220 2737 2173 2786; baseline -0.002 -11"><span class='ocrx_word' id='word_1_620' title='bbox 1220 2745 1306 2781; x_wconf 86' lang='lat' dir='ltr'>est;</span> <span class='ocrx_word' id='word_1_621' title='bbox 1338 2751 1406 2786; x_wconf 76' lang='lat' dir='ltr'>pro</span> <span class='ocrx_word' id='word_1_622' title='bbox 1441 2739 1582 2774; x_wconf 75' lang='lat' dir='ltr'>dirutis</span> <span class='ocrx_word' id='word_1_623' title='bbox 1617 2738 1820 2775; x_wconf 81' lang='lat' dir='ltr'>moenibus</span> <span class='ocrx_word' id='word_1_624' title='bbox 1853 2738 2012 2774; x_wconf 86' lang='lat' dir='ltr'>stabant</span> <span class='ocrx_word' id='word_1_625' title='bbox 2037 2737 2173 2785; x_wconf 89' lang='lat' dir='ltr'>copiae</span> 
     </span>
     <span class='ocr_line' id='line_1_109' title="bbox 1222 2794 2172 2843; baseline 0.006 -17"><span class='ocrx_word' id='word_1_626' title='bbox 1222 2794 1443 2840; x_wconf 75' lang='lat' dir='ltr'>pontificiae</span> <span class='ocrx_word' id='word_1_627' title='bbox 1471 2795 1664 2841; x_wconf 85' lang='lat' dir='ltr'>intrepide</span> <span class='ocrx_word' id='word_1_628' title='bbox 1693 2795 1859 2831; x_wconf 86' lang='lat' dir='ltr'>hostium</span> <span class='ocrx_word' id='word_1_629' title='bbox 1879 2795 2067 2842; x_wconf 89' lang='lat' dir='ltr'>impetum</span> <span class='ocrx_word' id='word_1_630' title='bbox 2085 2807 2172 2843; x_wconf 90' lang='lat' dir='ltr'>pro-</span> 
     </span>
     <span class='ocr_line' id='line_1_110' title="bbox 1220 2848 2172 2897; baseline 0.005 -15"><span class='ocrx_word' id='word_1_631' title='bbox 1220 2849 1442 2894; x_wconf 85' lang='lat' dir='ltr'>pulsantes;</span> <span class='ocrx_word' id='word_1_632' title='bbox 1469 2848 1537 2885; x_wconf 89' lang='lat' dir='ltr'>sed</span> <span class='ocrx_word' id='word_1_633' title='bbox 1566 2851 1718 2897; x_wconf 87' lang='lat' dir='ltr'>signum</span> <span class='ocrx_word' id='word_1_634' title='bbox 1747 2850 1953 2886; x_wconf 87' lang='lat' dir='ltr'>deditionis</span> <span class='ocrx_word' id='word_1_635' title='bbox 1978 2850 2082 2887; x_wconf 91' lang='lat' dir='ltr'>iussu</span> <span class='ocrx_word' id='word_1_636' title='bbox 2111 2862 2172 2887; x_wconf 81' lang='lat' dir='ltr'>su-</span> 
     </span>
     <span class='ocr_line' id='line_1_111' title="bbox 1221 2903 2172 2954; baseline 0.004 -17"><span class='ocrx_word' id='word_1_637' title='bbox 1221 2903 1344 2949; x_wconf 89' lang='lat' dir='ltr'>premi</span> <span class='ocrx_word' id='word_1_638' title='bbox 1372 2903 1480 2939; x_wconf 88' lang='lat' dir='ltr'>ducis</span> <span class='ocrx_word' id='word_1_639' title='bbox 1507 2904 1681 2940; x_wconf 82' lang='lat' dir='ltr'>Kanzler</span> <span class='ocrx_word' id='word_1_640' title='bbox 1707 2904 1838 2941; x_wconf 87' lang='lat' dir='ltr'>datum</span> <span class='ocrx_word' id='word_1_641' title='bbox 1867 2906 1960 2942; x_wconf 80' lang='lat' dir='ltr'>feeit</span> <span class='ocrx_word' id='word_1_642' title='bbox 1979 2916 2046 2943; x_wconf 85' lang='lat' dir='ltr'>eas</span> <span class='ocrx_word' id='word_1_643' title='bbox 2065 2918 2085 2942; x_wconf 86' lang='lat' dir='ltr'>a</span> <span class='ocrx_word' id='word_1_644' title='bbox 2105 2918 2172 2954; x_wconf 89' lang='lat' dir='ltr'>pu-</span> 
     </span>
     <span class='ocr_line' id='line_1_112' title="bbox 1218 2959 2167 3003; baseline 0.007 -11"><span class='ocrx_word' id='word_1_645' title='bbox 1218 2968 1297 3003; x_wconf 87' lang='lat' dir='ltr'>gna</span> <span class='ocrx_word' id='word_1_646' title='bbox 1324 2969 1497 2994; x_wconf 81' lang='lat' dir='ltr'>cessare·</span> <span class='ocrx_word' id='word_1_647' title='bbox 1518 2959 1606 2995; x_wconf 88' lang='lat' dir='ltr'>Non</span> <span class='ocrx_word' id='word_1_648' title='bbox 1634 2959 1780 2998; x_wconf 80' lang='lat' dir='ltr'>destitit</span> <span class='ocrx_word' id='word_1_649' title='bbox 1809 2965 1938 2998; x_wconf 87' lang='lat' dir='ltr'>tamen</span> <span class='ocrx_word' id='word_1_650' title='bbox 1965 2962 2167 2999; x_wconf 89' lang='lat' dir='ltr'>missilium</span> 
     </span>
     <span class='ocr_line' id='line_1_113' title="bbox 1217 3011 2170 3058; baseline 0.009 -14"><span class='ocrx_word' id='word_1_651' title='bbox 1217 3011 1411 3058; x_wconf 75' lang='lat' dir='ltr'>subalpini</span> <span class='ocrx_word' id='word_1_652' title='bbox 1440 3013 1641 3049; x_wconf 84' lang='lat' dir='ltr'>exercitus</span> <span class='ocrx_word' id='word_1_653' title='bbox 1668 3014 1808 3058; x_wconf 84' lang='lat' dir='ltr'>imber,</span> <span class='ocrx_word' id='word_1_654' title='bbox 1829 3015 1953 3052; x_wconf 86' lang='lat' dir='ltr'>donec</span> <span class='ocrx_word' id='word_1_655' title='bbox 1972 3016 2080 3052; x_wconf 87' lang='lat' dir='ltr'>ducis</span> <span class='ocrx_word' id='word_1_656' title='bbox 2098 3016 2170 3053; x_wconf 85' lang='lat' dir='ltr'>Ca-</span> 
     </span>
     <span class='ocr_line' id='line_1_114' title="bbox 1217 3064 2165 3117; baseline 0.008 -19"><span class='ocrx_word' id='word_1_657' title='bbox 1217 3064 1364 3102; x_wconf 87' lang='lat' dir='ltr'>dornae</span> <span class='ocrx_word' id='word_1_658' title='bbox 1392 3067 1551 3110; x_wconf 76' lang='lat' dir='ltr'>milites,</span> <span class='ocrx_word' id='word_1_659' title='bbox 1569 3072 1608 3103; x_wconf 91' lang='lat' dir='ltr'>ct</span> <span class='ocrx_word' id='word_1_660' title='bbox 1635 3069 1697 3114; x_wconf 81' lang='lat' dir='ltr'>qui</span> <span class='ocrx_word' id='word_1_661' title='bbox 1717 3080 1785 3105; x_wconf 80' lang='lat' dir='ltr'>eos</span> <span class='ocrx_word' id='word_1_662' title='bbox 1803 3070 2064 3117; x_wconf 86' lang='lat' dir='ltr'>sequebantur</span> <span class='ocrx_word' id='word_1_663' title='bbox 2083 3081 2165 3116; x_wconf 89' lang='lat' dir='ltr'>per-</span> 
     </span>
     <span class='ocr_line' id='line_1_115' title="bbox 1219 3118 2165 3167; baseline 0.008 -15"><span class='ocrx_word' id='word_1_664' title='bbox 1219 3118 1389 3154; x_wconf 84' lang='lat' dir='ltr'>ditorum</span> <span class='ocrx_word' id='word_1_665' title='bbox 1425 3120 1623 3156; x_wconf 78' lang='lat' dir='ltr'>hominum</span> <span class='ocrx_word' id='word_1_666' title='bbox 1662 3122 1914 3167; x_wconf 82' lang='lat' dir='ltr'>perditissimi</span> <span class='ocrx_word' id='word_1_667' title='bbox 1955 3125 1992 3159; x_wconf 89' lang='lat' dir='ltr'>in</span> <span class='ocrx_word' id='word_1_668' title='bbox 2018 3123 2165 3159; x_wconf 85' lang='lat' dir='ltr'>Urbem</span> 
     </span>
     <span class='ocr_line' id='line_1_116' title="bbox 1221 3172 2165 3221; baseline 0.007 -16"><span class='ocrx_word' id='word_1_669' title='bbox 1221 3172 1476 3216; x_wconf 83' lang='lat' dir='ltr'>invaserunt,</span> <span class='ocrx_word' id='word_1_670' title='bbox 1506 3185 1552 3209; x_wconf 86' lang='lat' dir='ltr'>ac</span> <span class='ocrx_word' id='word_1_671' title='bbox 1586 3175 1836 3221; x_wconf 74' lang='lat' dir='ltr'>pacificorum</span> <span class='ocrx_word' id='word_1_672' title='bbox 1865 3177 2005 3213; x_wconf 90' lang='lat' dir='ltr'>civium</span> <span class='ocrx_word' id='word_1_673' title='bbox 2039 3176 2165 3221; x_wconf 85' lang='lat' dir='ltr'>bona,</span> 
     </span>
     <span class='ocr_line' id='line_1_117' title="bbox 1214 3225 2164 3277; baseline 0.006 -18"><span class='ocrx_word' id='word_1_674' title='bbox 1214 3225 1349 3261; x_wconf 85' lang='lat' dir='ltr'>domos</span> <span class='ocrx_word' id='word_1_675' title='bbox 1375 3231 1415 3262; x_wconf 87' lang='lat' dir='ltr'>ct</span> <span class='ocrx_word' id='word_1_676' title='bbox 1442 3227 1564 3273; x_wconf 86' lang='lat' dir='ltr'>ipsam</span> <span class='ocrx_word' id='word_1_677' title='bbox 1594 3239 1711 3275; x_wconf 79' lang='lat' dir='ltr'>saepe</span> <span class='ocrx_word' id='word_1_678' title='bbox 1740 3230 1859 3266; x_wconf 88' lang='lat' dir='ltr'>vitam</span> <span class='ocrx_word' id='word_1_679' title='bbox 1889 3231 2044 3276; x_wconf 88' lang='lat' dir='ltr'>impune</span> <span class='ocrx_word' id='word_1_680' title='bbox 2077 3241 2164 3277; x_wconf 87' lang='lat' dir='ltr'>per—</span> 
     </span>
    </p>
   </div>
  </div>
 </body>
</html>
