2241 3473
728 152 855 184 VSQVE.
884 152 936 180 AD
963 150 1134 178 SCHISMA
1163 150 1390 178 OCCIDENTIS

68 230 140 259 sus
156 218 288 266 legato
306 228 375 255 suo
396 217 611 264 mandavit,
632 219 675 255 ut
694 229 826 267 regem
849 228 1006 255 excom-

69 270 307 310 municatum
328 271 587 317 denuntiaret,
609 276 650 309 et
668 271 740 308 sub
756 281 1007 308 censurarum

69 323 420 364 ecclesiasticarum
459 324 632 373 periculo
669 324 893 372 prohiberet
915 353 924 369 ,
961 335 1008 360 ne

71 377 154 427 quis
171 376 208 414 ei
227 378 472 414 sacramenta
489 377 779 415 administraret
795 379 863 414 aut
877 388 1008 413 coram

70 442 114 469 eo
149 440 263 467 sacra
299 430 527 468 celebraret.
571 430 716 468 Verum
733 458 743 474 ,
775 441 864 466 cum
898 429 1009 466 Nico·

69 482 158 521 laus
185 482 454 529 Benefractus,
475 484 540 533 qui
560 482 759 520 Pontificis
778 481 932 519 litteras
947 481 1008 519 fe-

69 536 194 581 rebat,
223 535 357 573 Trecis
378 536 618 585 interceptus
638 536 675 573 in
696 535 854 572 vincula
874 534 1012 571 fuisset

70 589 287 635 coniectus,
315 589 406 627 illae
433 589 481 626 ad
510 590 703 637 Legatum
722 600 797 625 non
818 599 1009 637 pervene-

71 647 175 680 runt.
192 642 280 679 Rex
301 654 456 680 rursum
478 643 584 691 regni
607 638 772 681 Ordines
803 644 868 677 ιιιο
891 651 1012 677 nonas

73 695 167 733 iunii
198 695 371 733 Parisios
403 694 651 740 convocavit,
691 694 754 731 ubi
788 694 1012 739 haereseos,

72 747 281 794 simoniae,
301 748 543 797 aliorumque
571 748 778 785 criminum
818 746 1013 784 accusatio

73 805 209 839 contra
236 801 477 839 Bonifacium
509 800 659 850 prolata
678 803 719 838 et
738 801 786 837 ad
807 799 1013 837 concilium

73 853 256 904 generale
275 855 526 902 futurumque
542 854 763 903 legitimum
779 852 1012 890 Pontificem

73 907 310 956 appellatum
331 907 415 945 fuit.
431 907 652 945 Bonifacius
668 906 815 945 veroin
835 906 1014 944 Cardina-

73 960 169 998 lium
197 961 444 1005 consistorio,
464 961 666 1009 Anagniae
688 960 841 1006 habito,
862 960 908 997 ab
931 958 1015 996 asti-

74 1013 145 1051 ctis
172 1013 245 1051 sibi
274 1014 499 1051 criminibus
527 1025 570 1051 se
595 1014 848 1051 iureiurando
869 1024 1014 1061 purga-

77 1067 136 1104 vit
151 1095 160 1110 ,
193 1066 498 1116 appellationem
534 1071 750 1105 conventus
785 1066 1015 1104 Parisiensis

76 1119 218 1158 nullius
237 1132 320 1158 esse
341 1120 486 1157 valoris
506 1120 737 1166 declaravit,
759 1123 797 1158 ct
817 1120 855 1156 in
875 1130 1015 1168 proca-

75 1185 158 1210 cem
178 1184 310 1222 regem
330 1174 562 1211 sententiam
581 1173 751 1222 scripsit,
770 1185 859 1210 eum
883 1172 1016 1209 Eccle-

76 1226 155 1264 siae
183 1226 450 1263 communione
479 1228 744 1275 regnandique
775 1227 856 1264 iure
883 1225 1016 1274 priva-

77 1283 160 1317 tum
187 1283 227 1317 et
249 1279 424 1317 subditos
444 1280 492 1317 ab
513 1280 754 1318 obedientiae
774 1284 1018 1317 sacramento

76 1332 223 1370 solutos
243 1332 394 1380 dicens3
414 1333 482 1370 sed
503 1334 728 1382 priusquam
749 1334 848 1370 hanc
863 1335 1016 1369 senten-

76 1385 172 1423 tiam
192 1386 486 1435 promulgasset,
506 1386 544 1423 in
567 1387 736 1425 hostium
757 1398 897 1423 manus
917 1385 1018 1422 iuci-

78 1439 144 1476 dit..
174 1437 398 1488 Nogaretus
417 1440 534 1490 enim,
554 1440 654 1488 regii
674 1440 789 1489 sigilli
811 1443 940 1477 eustos
954 1469 962 1482 ,
982 1441 1021 1475 et

78 1491 234 1530 Sciarra
254 1492 444 1531 Columna
464 1500 540 1530 V11⁰
561 1494 647 1531 idus
666 1493 896 1542 septembris
919 1492 1020 1530 1303

79 1547 233 1583 armata
251 1557 367 1583 manu
388 1546 546 1583 domum
564 1546 766 1584 Pontificis
781 1547 1021 1591 invaserunt,

81 1610 245 1646 eumque
268 1599 402 1637 multis
422 1599 572 1637 iniuriis
593 1600 808 1637 affecerunt
826 1599 851 1638 ¹.

132 1651 277 1689 Triduo
310 1655 396 1700 post
429 1652 653 1691 Bonifacius
684 1665 707 1690 a
739 1653 890 1690 civibus
911 1654 1020 1690 Ana-

83 1704 198 1753 gniae
230 1716 280 1742 ex
311 1705 467 1742 illorum
501 1706 679 1743 manibus
712 1705 902 1744 liberatus
935 1705 1021 1742 fuit.

83 1758 248 1795 Romam
269 1757 468 1805 deductus,
488 1759 634 1807 ingenti
655 1759 786 1808 populi
804 1759 945 1809 gaudio
962 1770 1025 1796 ex·

83 1813 216 1859 ceptus
245 1814 322 1858 est;
353 1812 418 1849 sed
448 1812 690 1862 paulopost,
723 1812 784 1850 die
818 1813 951 1861 quinto
981 1823 1025 1849 ac

82 1863 280 1901 tricesimo
308 1868 513 1914 postquam
534 1869 671 1914 captus
699 1865 830 1903 fuerat
845 1895 854 1911 ,
876 1872 918 1902 νο
939 1865 1029 1904 idus.

83 1917 252 1954 octobris
271 1917 624 1965 an.1303,interiit,
637 1931 726 1956 cum
737 1931 837 1956 ann.
851 1919 888 1964 8,
898 1930 1023 1956 mens.

84 1970 108 2007 9
128 1973 169 2008 et
185 1969 267 2007 dies
290 1970 337 2008 18
353 1972 569 2009 Ecclesiam
589 1972 784 2021 impavide
805 1978 971 2021 regeret.

137 2023 314 2072 Reliquis
329 2024 409 2061 eius
426 2025 544 2073 gestis
560 2026 776 2063 addendum
791 2028 863 2071 est,
874 2025 1026 2073 quod—-

86 2076 360 2125 Apostolorum
375 2107 384 2122 ,
405 2078 751 2127 Evangelistarum
766 2108 775 2125 ,
792 2083 832 2116 et
861 2081 1029 2126 quatuor

85 2129 284 2167 Ecclesiae
323 2130 532 2169 Doctorum
572 2144 620 2170 ss.
653 2132 832 2181 Gregorii
873 2132 1005 2180 Papae
1018 2160 1028 2177 ,

87 2182 325 2231 Augustini,
359 2185 553 2222 Ambrosii
583 2188 622 2223 et
652 2185 885 2234 Hieronymi
913 2184 1029 2222 festi—

90 2235 233 2274 vitates
265 2237 336 2274 sub
369 2237 510 2275 Officio
545 2238 688 2287 duplici
724 2250 790 2287 per
826 2238 1030 2275 universas

89 2289 191 2326 orbis
210 2289 401 2327 Ecclesias
421 2292 662 2340 praeceperit
678 2292 906 2329 solemniter
936 2291 1032 2328 cele-

91 2341 196 2379 brari
214 2340 243 2388 ²3
271 2342 514 2383 Ludovicum
543 2345 600 2382 IX
628 2357 759 2394 regem
789 2345 1032 2383 Francorum

132 2429 144 2451 ¹
162 2431 189 2462 S.
211 2431 391 2470 Antoninus,
409 2433 438 2464 in
458 2433 574 2466 Chr-on.
592 2442 674 2476 pai-t.
694 2436 722 2476 3,
736 2439 778 2468 tit.
799 2436 847 2474 ⁶20,
865 2447 889 2468 c.
908 2435 936 2473 8,
953 2436 967 2477 ᾖ
984 2435 1033 2474 ⁶22,

93 2472 171 2503 haec
184 2471 403 2520 habetzsubilo
419 2478 554 2519 captura
566 2478 672 2518 Papae
680 2478 843 2518 slavulqata
857 2480 901 2509 est
912 2488 969 2518 per
986 2488 1034 2507 or·

94 2512 194 2560 bem...
210 2513 384 2554 zopzscopus
401 2517 540 2548 civitatis
555 2518 786 2557 Morianerisis,
802 2520 856 2560 qui
878 2521 948 2550 erat
964 2519 1036 2550 reli-

94 2564 206 2595 qzosae
220 2560 250 2585 et
271 2557 402 2601 sanctae
415 2561 678 2598 conversationis,
697 2561 775 2592 haec
798 2570 871 2592 cum
888 2561 1032 2592 audivis-

95 2598 151 2631 set,
169 2605 280 2643 coram
302 2596 413 2642 mullis
429 2599 487 2629 ait:
511 2600 604 2632 «Ποῦ
628 2611 747 2633 novum
769 2602 857 2633 dabit
879 2611 1035 2642 magnum

96 2637 255 2683 qaudzuni
273 2637 352 2678 Περι
367 2637 547 2678 Franciae,
563 2643 620 2673 sed
642 2646 787 2675 extrema
801 2643 915 2684 (laudii
931 2644 1036 2674 luctus

97 2679 288 2725 occupem&
305 2687 382 2725 nom
401 2683 536 2720 propter
559 2686 686 2715 lantum
708 2693 873 2716 excessum
897 2685 1037 2716 violabile

97 2719 254 2752 audactum
267 2721 321 2752 Dei
339 2724 441 2751 irruet
457 2731 554 2763 super
575 2734 659 2762 eum,
684 2729 713 2756 et
734 2727 921 2766 proyeniem
943 2726 1036 2763 eins,-

96 2770 232 2808 raamias
249 2761 313 2793 luet
326 2770 448 2801 poenas
463 2790 470 2799 ,
485 2763 618 2797 adversa
636 2766 738 2798 multa
752 2768 906 2807 patietur,
922 2771 952 2798 ει
963 2768 1037 2807 plu-

99 2811 176 2833 rimi
186 2804 354 2844 insurgent
365 2807 478 2834 contra
491 2814 564 2836 eum
576 2811 605 2838 el
616 2807 698 2847 filios
710 2809 777 2839 eius
790 2820 816 2839 ο.
833 2809 922 2848 Quod
935 2810 1039 2840 totum

98 2843 296 2890 completum
311 2847 357 2876 est
373 2853 436 2875 non
452 2846 555 2879 mullo
569 2851 641 2887 post
658 2851 807 2889 tempore.
824 2850 862 2881 Et
886 2850 954 2884 hoc,
968 2849 1038 2880 ideo

99 2888 258 2926 scriptum
273 2889 332 2924 est,
352 2887 388 2930 15!
412 2885 471 2917 hoc
486 2889 631 2929 exemplo
647 2890 765 2921 caeteri
781 2890 861 2921 illud
877 2890 1041 2922 observent

100 2930 290 2958 oracutum:
313 2940 325 2956 a
338 2926 442 2972 A'oltle
459 2931 588 2969 langere
607 2928 752 2962 Christos
767 2940 861 2963 meos.
881 2931 940 2971 Qui
956 2933 1041 2963 euim

100 2976 155 2998 vos
184 2969 306 3009 tanqu,
334 2971 438 3007 tanqu
460 2971 551 3010 quasi
575 2971 736 3011 pupillum
759 2972 844 3004 oculi
858 2973 923 3004 mei
949 2985 976 3003 n.
1000 2975 1041 3004 De

101 3009 230 3041 dissidio
255 3011 334 3041 inter
361 3009 551 3042 Bonisacium
568 3013 630 3043 vni
657 3016 687 3043 et
710 3014 883 3052 Philippum
902 3015 1042 3045 Pulcrum

102 3051 222 3090 prolixe
237 3055 335 3092 agunt
360 3051 510 3089 Ray-naid.
527 3054 565 3083 ad
587 3063 637 3084 an.
656 3053 852 3093 1296·1303;
869 3057 887 3086 Ι.
908 3056 1043 3092 Rubeus,

103 3091 292 3132 Bonisacius
319 3091 398 3127 VIII,
415 3093 500 3125 Rom.
518 3094 593 3126 1651
621 3094 714 3133 in·40;
733 3095 753 3126 l.
771 3096 802 3126 B.
818 3097 925 3127 Palma
939 3102 970 3127 ct
984 3096 1045 3127 Wi-

104 3141 221 3179 sqman,
237 3135 295 3166 loc.
311 3135 361 3167 cit,
377 3134 469 3171 Tomi,
485 3134 596 3167 Storia
619 3135 652 3167 di
668 3136 837 3176 Bonifazio
859 3137 937 3176 VIII,
951 3137 970 3168 2
986 3138 1044 3168 vol.

106 3175 216 3220 hiriane
232 3175 311 3206 1848
324 3194 362 3199 —
374 3178 389 3200 ’Ζ
406 3180 436 3210 iu
452 3187 520 3216 cap.
537 3179 618 3210 unic.
635 3177 678 3210 De
693 3178 848 3220 Iteliquiis
864 3181 893 3211 el
909 3188 1044 3210 venera-

109 3215 194 3246 tione
208 3215 420 3259 Sanctorum,
434 3220 464 3251 in
481 3221 508 3251 ϋ.

1891 137 1942 176 85

1050 215 1136 252 albo
1165 215 1300 253 Ssrum
1321 213 1576 264 inscripserit,
1599 215 1639 251 et
1657 213 1767 252 libris
1795 213 1820 252 5
1849 213 1995 251 Decre-

1050 268 1209 314 talium,
1243 281 1267 306 a
1301 269 1488 317 Gregorio
1524 267 1580 305 IX
1608 267 1745 313 editis,
1775 267 1997 305 adiunxerit

1050 327 1213 360 sextum
1228 350 1239 365 ,
1260 322 1322 370 qui
1353 322 1526 359 continet
1545 320 1767 358 Decretales
1795 319 1918 357 editas
1937 331 1997 369 po-

1051 379 1135 412 stea
1155 386 1178 412 a
1199 375 1387 423 Gregorio
1405 375 1461 412 IX
1482 378 1522 412 et
1540 375 1588 411 ab
1609 374 1780 412 eiusdem
1797 385 1998 411 suecesso-

1051 428 1168 466 ribus.
1186 428 1388 465 Statuerat
1403 439 1556 476 quoque
1574 426 1769 472 Pontifex,
1783 426 1877 465 utin
1894 425 1998 463 Urbe

1052 481 1247 530 perpetuis
1266 480 1411 518 futuris
1437 481 1676 529 temporibus
1697 480 1872 529 generale
1892 479 2000 528 vige-

1052 538 1114 571 ret
1146 533 1320 571 studium
1350 533 1390 570 in
1425 533 1597 582 qualibet
1626 533 1812 571 facultate
1847 532 1870 570 ¹.
1901 532 2001 570 Illud

1052 591 1260 635 praeterea
1279 587 1661 624 commemorandum
1677 589 1747 632 cst,
1759 586 1858 635 quod
1876 588 1962 634 post
1977 586 2002 623 3

1052 639 1220 685 saecula,
1238 651 1340 676 anno
1361 651 1499 688 nempe
1523 639 1634 685 1605,
1656 651 1795 688 corpus
1814 638 2002 676 Bonis-acii

1053 693 1146 730 VIII
1163 693 1198 729 in
1219 692 1411 730 Vaticano
1431 693 1515 730 eius
1535 692 1714 742 sepulcro
1735 693 2002 741 incorruptum

1054 745 1175 783 fuerit
1196 748 1395 794 repertum
1417 745 1564 792 codem,
1587 757 1660 794 quo
1681 746 1844 790 obierat,
1864 744 2005 782 mensis

1055 800 1116 836 die
1137 801 1363 836 recurrente
1385 797 1411 836 ².
1430 811 1452 836 ‹<
1473 799 1560 840 Qua
1576 799 1791 836 delectione
1813 799 1918 836 Deus
1945 798 2005 847 ip-

1055 865 1108 897 se,
1129 852 1255 901 inquit
1271 852 1575 900 Papebroehius,
1592 851 1790 889 Pontificis
1811 851 1925 889 huius
1945 850 2005 888 fa-

1056 917 1172 951 mam,
1193 905 1327 943 multis
1347 905 1553 943 calumniis
1570 905 1804 951 laceratam,
1824 905 2005 942 vindica-

1057 971 1098 996 re
1119 959 1286 996 voluisse
1306 959 1463 996 videtur
1478 956 1493 979 ³
1510 970 1545 996 ».

1110 1013 1171 1050 57.
1186 1013 1231 1050 B.
1248 1012 1494 1050 Benedictus
1502 1011 1568 1049 XI
1571 1011 1726 1060 Pontis.
1738 1010 1823 1062 (an.
1832 1009 2004 1060 1303)—

1058 1065 1269 1103 Undecimo
1304 1065 1364 1102 die
1397 1068 1484 1113 post
1518 1064 1664 1102 obitum
1695 1063 1889 1102 Bonifacii
1910 1064 2003 1101 VIII

1058 1131 1209 1156 summo
1240 1119 1506 1156 Cardinalium
1535 1129 1726 1156 consensu
1756 1118 1906 1155 electus
1934 1117 2008 1153 fuit

1060 1174 1102 1210 B.
1126 1172 1361 1210 Benedictus
1380 1172 1452 1217 XI,
1479 1171 1724 1217 Tarvisinus,
1744 1170 1899 1208 Ordinis
1930 1170 2007 1207 FF.

1060 1226 1399 1270 Praedicatorum,
1419 1225 1626 1263 cardinalis
1643 1225 1844 1274 episcopus
1861 1222 2009 1260 Ostien-

1060 1279 1124 1325 sis,
1141 1282 1257 1316 antea
1274 1278 1495 1328 appellatus
1510 1278 1695 1316 Nicolaus
1714 1277 1931 1322 Boccasini,
1948 1276 2010 1312 vir

1061 1333 1207 1382 pietate
1241 1335 1281 1370 et
1315 1333 1433 1370 animi
1467 1332 1660 1369 modestia
1688 1330 2005 1381 spectatissimus

1063 1387 1099 1424 Is
1128 1398 1189 1423 an.
1215 1385 1340 1431 1303,
1367 1388 1430 1423 xi⁰
1461 1385 1643 1423 calendas
1680 1384 1914 1428 novembris,
1933 1383 2010 1420 Ca·-

1062 1440 1227 1477 tholicae
1248 1439 1448 1476 Ecclesiae
1469 1439 1667 1488 regendae
1690 1437 1912 1487 praefectus
1932 1438 2013 1481 est,

1063 1505 1151 1530 cum
1162 1493 1271 1541 prius
1289 1492 1496 1530 restitisset
1512 1504 1557 1530 ac
1570 1493 1834 1541 repugnasset,
1845 1502 1893 1527 ne
1910 1500 2016 1538 prae-

1063 1546 1248 1583 ficeretur
1263 1544 1297 1583 ⁴.
1321 1546 1503 1590 Dissidia,
1520 1557 1619 1594 quae
1650 1546 1752 1582 inter
1771 1545 2012 1581 decessorem

1064 1611 1176 1637 suum
1199 1602 1238 1637 et
1254 1599 1476 1648 Philippum
1494 1599 1736 1636 Francorum
1753 1609 1884 1647 regem
1903 1607 2015 1633 exar-

1066 1654 1211 1698 serant,
1227 1652 1455 1700 composuit.
1474 1653 1561 1690 Rex
1589 1653 1740 1701 legatos
1760 1663 1846 1688 cum
1866 1649 2011 1687 litteris

1069 1707 1236 1743 Romam
1265 1706 1398 1751 misit,
1418 1706 1559 1754 quibus
1579 1705 1789 1743 Benedicto
1818 1713 2015 1741 summum

1069 1759 1338 1809 pontificatum
1368 1759 1606 1808 gratulatus,
1635 1758 1895 1796 omnimodam
1920 1756 2014 1793 obe-

1070 1813 1259 1850 dientiam
1294 1815 1334 1850 et
1371 1812 1617 1850 devotionem
1648 1812 1681 1849 ei
1713 1810 1912 1860 professus
1933 1810 1992 1846 est
2009 1838 2018 1852 ,

1069 1865 1230 1914 eiusque
1258 1865 1554 1903 benevolentiae
1573 1877 1736 1914 regnum
1758 1867 1798 1902 et
1817 1863 2016 1901 ecclesiam

1070 1919 1220 1956 Galliae
1237 1919 1538 1957 commendavit.
1555 1918 1740 1956 Pontifex
1751 1928 1899 1967 regem,
1911 1927 2016 1965 prae·

1071 1973 1172 2009 latos
1201 1984 1411 2020 omnesque
1441 1973 1546 2010 viros
1573 1971 1859 2009 ecclesiasticos
1886 1973 1925 2007 et
1952 1980 2018 2006 re-

1071 2025 1229 2074 ligiosos
1251 2029 1368 2074 atque
1388 2025 1487 2063 alios
1509 2037 1532 2062 a
1552 2025 1700 2063 cunctis
1718 2023 1907 2069 censuris,
1923 2034 2019 2071 quas

1073 2092 1094 2116 e
1114 2079 1301 2117 Bonifacii
1324 2079 1540 2117 aliorumve
1562 2078 1798 2116 Pontificum
1815 2076 2021 2115 sententiis

1072 2132 1343 2179 incurrerant,
1381 2133 1570 2179 absolvit3
1605 2131 1814 2181 privilegia
1843 2133 1883 2168 et
1910 2130 2022 2173 iura,

1074 2185 1216 2234 quibus
1246 2197 1316 2224 rex
1347 2198 1370 2224 a
1388 2185 1590 2223 Bonifacio
1611 2185 1742 2222 fuerat
1760 2185 1943 2233 privatus
1956 2212 1966 2228 ,
1985 2182 2020 2218 ei

1074 2239 1269 2286 reddidit3
1305 2251 1437 2288 regem
1473 2241 1513 2276 et
1544 2250 1710 2288 regnum
1744 2239 1782 2274 in
1813 2236 2021 2286 pristinum

1075 2294 1222 2330 statum
1250 2293 1448 2339 restituit3
1479 2292 1805 2330 Constitutionem
1826 2286 2023 2327 Bonifacii

1081 2346 1248 2384 clericis
1269 2347 1394 2383 laicos
1431 2346 1669 2394 temperavit
1705 2344 1920 2382 secundum
1954 2353 2022 2378 ca-

1078 2411 1216 2436 nonem
1245 2399 1295 2436 46
1324 2398 1481 2437 Concilii
1511 2397 1785 2437 Lateranensis
1807 2396 1883 2441 IV,
1903 2394 2020 2431 nimi-

1078 2464 1164 2489 rum
1194 2454 1238 2490 ut
1267 2452 1336 2489 soli
1367 2452 1571 2501 exigentes
1601 2452 1648 2489 ab
1677 2449 1847 2488 ecclesiis
1869 2447 1933 2486 vel
1953 2459 2020 2484 ec—

1077 2505 1304 2543 clesiasticis
1334 2505 1428 2542 viris
1457 2506 1628 2543 decimas
1657 2507 1727 2541 aut
1756 2502 1941 2551 pecunias
1961 2501 2021 2537 in-

1077 2562 1282 2596 currerent
1310 2569 1508 2596 censuras.
1530 2557 1720 2596 Iniuriam
1742 2567 1838 2593 vero
1860 2555 2022 2602 vimque

1077 2612 1307 2662 sacrilegam
1325 2641 1334 2659 ,
1364 2623 1481 2662 supra
1510 2623 1532 2648 a
1561 2611 1760 2660 Nogareto
1795 2611 1835 2646 et
1863 2607 2021 2645 Sciarra

1121 2728 1131 2749 ¹
1153 2726 1285 2760 Con-stit.
1302 2727 1330 2763 9,
1345 2727 1363 2756 ἓ
1381 2726 1407 2761 l,
1423 2736 1450 2766 p.
1467 2725 1538 2763 205,
1556 2729 1576 2756 t.
1593 2726 1613 2762 Ι,
1630 2724 1782 2757 ΒιιΙΙαι·ιί’.

1122 2768 1137 2790 ‘2
1151 2772 1225 2800 Acta
1235 2767 1419 2799 inventionis
1429 2771 1531 2798 extant
1543 2767 1622 2805 apud
1636 2766 1785 2805 ltaynald.
1796 2765 1834 2796 ad
1847 2764 2033 2797 an.1303.--

1082 2811 1157 2841 Vide
1180 2810 1274 2841 etiam
1306 2809 1501 2840 Benedictum
1527 2809 1601 2846 xlv,
1623 2808 1673 2838 De
1688 2806 1814 2839 Servor.
1831 2807 1890 2839 Dei
1916 2806 2030 2847 Bealif.

1083 2857 1140 2883 etc.
1157 2851 1177 2883 l.
1193 2851 1241 2887 lV,
1258 2855 1336 2889 part.
1354 2850 1382 2888 1,
1398 2860 1423 2879 c.
1441 2848 1492 2888 30,
1512 2859 1539 2880 n.
1556 2849 1581 2879 7.

1124 2893 1139 2916 3
1155 2895 1235 2924 Acta
1251 2890 1306 2923 SS.
1325 2891 1362 2921 19
1383 2891 1455 2921 maii

1125 2935 1139 2957 ⁴¹
1155 2936 1267 2965 Nolani
1288 2941 1410 2968 omnes,
1434 2932 1463 2961 in
1486 2931 1576 2961 huius
1599 2931 1753 2962 Pontificis
1783 2931 1932 2962 electione
1962 2940 2034 2962 coe-

1085 2979 1168 3014 piam
1185 2974 1347 3006 observari
1361 2974 1461 3012 legem
1475 2973 1761 3012 Gregoriix‚quam
1779 2976 1951 3003 renovarat
1961 2974 2036 3003 Cae-

1087 3016 1216 3047 les-tinus
1230 3013 1473 3051 inconfirmarat
1487 3014 1662 3044 Bonii'acius
1681 3014 1754 3053 Vlii,
1770 3014 1806 3044 de
1821 3014 1975 3045 novendio
1988 3015 2034 3045 in-

1087 3057 1278 3097 terponendo
1295 3056 1375 3086 inter
1391 3053 1549 3086 Pontificis
1567 3056 1681 3094 prioris
1696 3059 1826 3086 mortem
1850 3059 1879 3086 et
1894 3064 2033 3087 conven-

1088 3100 1202 3130 tionem
1220 3097 1259 3128 ad
1282 3097 1429 3127 conclave
1453 3105 1509 3135 pro
1532 3097 1726 3127 successoris
1749 3097 1908 3128 electione.
1926 3097 2031 3137 ltaque

1088 3141 1156 3179 ipse
1179 3138 1327 3178 postridie
1353 3138 1513 3176 ingressus
1539 3137 1747 3168 Cardinalium
1775 3138 1814 3168 ab
1844 3138 1953 3169 iisdem
1970 3138 2034 3169 ele-

1091 3186 1231 3211 ctumsse
1258 3179 1366 3209 scribit
1386 3180 1418 3209 in
1441 3179 1534 3217 Epist.
1549 3179 1587 3209 ad
1605 3180 1693 3210 Arch.
1715 3179 1837 3211 mediol.
1853 3179 1917 3210 Vid.
1936 3181 2032 3219 Pape-

1092 3222 1200 3253 broch.
1216 3222 1246 3251 in
1260 3219 1384 3252 Conatu
1398 3219 1437 3250 ad
1455 3220 1652 3253 Benedicium
1674 3220 1728 3259 xi,
1742 3229 1772 3253 n.
1790 3220 1819 3251 1.
