2241 3473
705 144 833 175 VSQVE
861 144 915 171 AD
943 143 1109 171 scmSMA
1139 144 1370 172 occmEN'ris

78 209 224 260 pietate
243 207 281 246 iu
303 208 441 254 Deum,
464 208 572 246 Fidei
596 209 866 258 propagandae
885 208 1025 253 studio,

79 262 431 312 componendorum
448 262 695 299 dissidiorum
717 262 976 299 sollicitudine
987 267 1026 298 et

78 327 264 366 propenso
280 315 316 351 in
335 315 436 352 viros
454 315 585 353 doctos
601 316 740 352 animo.
757 316 794 352 ls
810 316 847 352 in
865 315 1025 352 Perside

81 368 291 417 vicinisque
321 368 545 416 regionibns
559 396 568 411 ,
588 367 625 404 in
657 369 796 416 quibus
813 368 1026 405 christiana

79 421 216 471 religio
252 433 371 470 opera
400 422 478 459 1³1³.
501 421 818 458 Praedicatorum
841 433 1025 469 propaga-

78 475 206 518 batur,
217 474 408 512 Francuui
424 474 655 512 Perusinum
673 486 719 510 cx
737 486 871 511 corum
885 476 1025 512 Ordine

77 527 229 565 creavit
244 525 574 576 archiepiscopum
589 527 874 565 Sultanieuscm
890 557 898 571 ,
914 529 1024 576 eique

76 581 259 618 adiunxit
286 581 310 618 [i
335 582 600 629 sutl'raganeos
627 579 825 629 episcopos
852 581 1022 618 eiusdem

75 633 243 672 Ordinis.
274 634 380 672 Alios
408 646 457 671 ex
486 634 620 670 codem
649 634 792 670 Ordine
820 635 1022 683 Evangelii

1900 133 1949 172 91

1068 209 1168 246 liora
1191 207 1405 257 (animaist
1429 209 1502 245 sub
1517 207 1760 245 concubium
1783 212 1843 244 ter
1861 209 2005 246 recita-

1068 263 1110 298 ri
1127 265 1274 299 statuit
1294 263 1566 310 indumentiis
1585 260 1692 298 dalis
1707 259 1734 298 ².

1120 315 1215 352 Tria
1235 317 1419 364 graviora
1441 314 1598 363 negotia
1625 325 1834 353 exercuere
1858 314 2007 363 pariter

1070 368 1170 405 hunc
1183 368 1616 414 Pontificem‚nimirum
1633 367 1903 405 controversia
1918 379 2004 404 cum

1069 421 1339 458 Franciscanis
1352 422 1398 457 dc
1411 423 1638 470 paupertate
1647 421 1786 459 Christi
1801 421 2008 468 etAposto-

1068 474 1209 518 lorum,
1232 474 1427 511 dissidium
1449 486 1535 511 cum
1556 474 1789 523 imperatore
1809 473 2006 511 Ludovieo

1068 528 1221 564 Bavaro
1239 531 1279 564 ct
1293 527 1470 575 quaestio
1481 528 1528 564 de
1542 527 1688 564 visione
1704 527 1894 573 beatifica,
1906 539 2006 576 quae

1066 581 1217 627 quidem
1256 581 1415 629 negotia
1451 580 1552 616 illico
1568 580 1737 617 breviter
1756 592 2002 629 exponemus.

1118 633 1207 671 Alia
1235 645 1386 682 quoquc
1411 634 1585 682 patravit
1613 633 1774 671 Ioannes
1788 634 1813 671 ³.
1843 633 2002 671 Interim

76 699 287 736 praecones
315 687 526 725 destinavit
553 686 591 724 in
612 686 787 734 regiones
817 687 1024 725 orientales
1065 698 1084 722 e
1100 686 1182 724 vita
1201 687 1368 724 excessit
1387 698 1448 723 an.
1466 686 1579 732 1334,
1592 686 1716 734 pridie
1728 699 1846 724 nonas
1858 687 2007 724 decem-

70 743 117 778 'et
136 740 459 790 septentrionales
475 740 522 778 ad
540 740 712 789 populos,
727 740 810 777 sive
824 741 1024 777 maliome-
1067 739 1156 785 bris,
1190 739 1407 784 Avenione,
1425 739 1487 776 ubi
1503 739 1677 788 sepultus
1705 742 1765 778 est
1792 741 1830 777 in
1859 740 2004 788 templo

77 794 156 832 tica
184 794 459 842 superstitione
479 794 560 831 sive
589 793 796 831 schismate
830 797 900 830 aut
932 794 1022 831 hae-

76 848 153 885 resi
175 847 350 885 infectos.
371 847 413 884 In
432 846 557 884 Gallia
571 846 773 884 eeclesiam
790 847 1020 884 Tolosanam

78 900 371 948 metropoliticis
398 900 547 937 iuribus
579 899 691 937 auxit
719 911 918 948 novosque
948 901 1023 950 epi-

78 956 260 1002 scopatus
282 954 465 1000 instituit,
481 953 761 991 Gadurcensem
780 954 1019 991 academiam

76 1007 114 1043 in
135 1007 263 1055 patria
281 1018 349 1045 sua
376 1013 416 1044 et
436 1007 780 1055 Cantabrigensem
803 1007 840 1043 in
864 1007 1019 1056 Anglia,

75 1059 298 1108 postulante
328 1061 509 1098 Eduardo
537 1072 628 1109 rege
642 1089 652 1105 ,
672 1059 860 1098 excitavit
880 1063 920 1097 et
939 1061 1018 1109 pri-
1043 1098 1046 1099 γ

76 1113 229 1161 vilegiis
244 1114 410 1158 ornavit;
436 1116 584 1150 rectum
606 1113 765 1150 docendi
788 1116 828 1150 et
848 1114 1018 1151 discendi

76 1167 233 1203 modum
253 1167 503 1215 praescripsit
522 1167 560 1203 in
580 1167 743 1215 epistola
772 1167 820 1204 ad
840 1167 1018 1204 doctores

78 1219 327 1265 Parisienses,
338 1220 376 1257 in
390 1232 467 1268 qua
482 1221 731 1269 querebatur,
741 1221 842 1268 quod
861 1220 1016 1268 quidam

74 1272 256 1322 theologi,
272 1273 501 1322 posthabitis
517 1274 716 1318 doctrinis,
734 1274 958 1311 necessariis
978 1277 1018 1310 et

74 1326 252 1371 utilibus,
278 1338 317 1364 se
345 1327 606 1364 immiscerent
634 1328 794 1364 curiosis
830 1327 1015 1376 vanisque

72 1379 336 1428 philosophiae
369 1380 663 1418 subtilitatibus.
698 1381 838 1417 Plures
866 1381 1014 1428 pleros-

73 1443 148 1480 que
169 1432 303 1470 Gallos
329 1435 479 1470 creavit
497 1434 727 1471 cardinales.
764 1434 1013 1471 Concordiam

78 1484 182 1522 inter
222 1486 436 1524 Robertum
479 1487 661 1535 Neapolis
700 1490 740 1524 et
776 1484 1016 1524 Friderieum

75 1538 232 1576 Siciliae
266 1550 376 1588 reges
408 1543 525 1589 atque
553 1541 656 1577 inter
690 1540 908 1589 Philippum
946 1554 1014 1578 co-

73 1592 256 1639 gnomine
288 1593 462 1641 Longum
505 1605 634 1641 regem
671 1593 822 1631 Galliae
860 1598 899 1631 ct
928 1595 1012 1631 Ro-

74 1645 225 1682 bertum
245 1646 422 1683 comitem
445 1646 650 1684 Flandriae
671 1647 881 1684 conciliare
903 1659 1015 1685 cona-

72 1701 136 1734 tus
161 1700 231 1736 est.
253 1698 438 1748 Alphonsi
458 1700 516 1737 XI
537 1699 637 1749 regis
657 1699 845 1738 Castellae
858 1730 868 1746 ,
888 1701 1016 1737 adhuc

73 1750 304 1800 impuberis,
343 1753 600 1801 patrocinium
630 1753 817 1791 adversus
853 1754 1015 1792 rebelles

73 1804 241 1853 suscepit
267 1806 380 1854 eique
395 1806 569 1844 ablatum
584 1818 746 1856 regnum
768 1807 920 1845 restitui
940 1808 1014 1845 ius-

74 1857 138 1895 sit.
159 1857 298 1895 Sancto
319 1859 597 1897 Maioricarum
615 1860 699 1909 regi
720 1862 766 1897 ad
788 1861 1011 1910 propulsan-

73 1910 140 1948 dos
162 1910 394 1949 Maurorum
424 1912 591 1961 impetus
619 1914 788 1951 decimas
807 1914 1013 1960 concessit;

71 1963 263 2013 Guelphis
288 1970 424 2003 contra
443 1966 661 2011 Gibclinos,
681 1968 745 2014 qui
774 1967 812 2004 in
835 1967 950 2005 Italia
975 1971 1015 2005 et

74 2017 114 2053 in
133 2017 217 2065 ipsa
236 2018 342 2056 Urbe
362 2019 492 2056 Roma
506 2020 826 2067 dominabantur,
847 2032 915 2070 pro
935 2021 1013 2058 Ec-

73 2070 213 2108 clesiae
233 2071 384 2110 iuribus
404 2076 444 2110 et
463 2074 623 2122 antiqua
642 2073 824 2111 libertate
853 2078 1012 2112 certan-

72 2123 190 2169 tibus,
209 2136 322 2173 opem
343 2126 558 2173 praestitit,
577 2128 617 2163 et
636 2127 880 2164 Matthaeum
902 2128 1012 2165 vice-

74 2178 273 2223 comitem,
292 2179 563 2217 Gibelinorum
583 2179 719 2217 ducem
734 2209 744 2226 ‚
765 2181 1014 2219 anathemate

74 2230 237 2278 perculit
257 2229 281 2269 ἶ.
302 2232 511 2270 Constituit
529 2233 646 2270 etiam
669 2233 865 2280 Pontifex,
886 2237 930 2272 ut
948 2234 1016 2272 Fe-

75 2287 179 2320 stum
206 2283 272 2322 SS.
292 2285 498 2324 Trinitatis
527 2287 587 2324 die
613 2287 814 2324 Dominica
842 2288 1016 2337 proxime

77 2341 265 2384 sequente
299 2338 460 2376 Festum
496 2340 746 2378 Pentecostes
779 2341 1018 2379 sollemniter

75 2389 363 2437 celebraretur,
382 2391 473 2430 licet
491 2393 670 2430 Romana
689 2394 863 2432 Ecclesia
880 2395 952 2432 hoc
966 2394 1018 2432 fe-

74 2445 178 2480 stum
206 2446 321 2481 antea
346 2446 499 2493 speciali
520 2446 657 2483 Officio
677 2459 750 2484 non
772 2448 1020 2486 consueverit

75 2495 495 2546 celebrare².1demque
505 2500 784 2538 Salutationem
794 2503 1019 2551 Angelicam

75 2676 155 2698 onus
183 2666 376 2707 suscipere?
402 2668 462 2699 Cur
488 2669 617 2708 denique
642 2670 772 2700 Alvarns
800 2670 953 2709 Pelagius,
967 2672 1018 2711 qui

76 2708 181 2739 loanni
204 2710 343 2748 aequalis
361 2710 417 2740 suit
432 2710 499 2746 (lib.
518 2710 530 2741 I
547 2710 591 2742 De
610 2710 745 2742 Planclv
762 2711 930 2750 Ecclesiae,
942 2722 967 2743 c.
980 2714 990 2743 1
1008 2715 1018 2752 )

74 2751 201 2781 certum
223 2750 282 2787 ait,
299 2753 330 2781 et
345 2751 513 2781 notorium
531 2751 590 2783 tuli
611 2752 731 2783 niunclo
747 2755 802 2791 est,
819 2752 902 2793 quod
917 2752 1020 2785 (lictus

75 2790 209 2822 loannes
235 2791 391 2822 Dominus
418 2792 504 2832 Papa
530 2793 648 2824 electus
677 2793 745 2833 suit
770 2794 974 2826 concorditer
1001 2806 1018 2826 α

76 2831 299 2864 cardinalibus
313 2833 459 2865 omnibus
469 2835 486 2864 ?

120 2872 128 2894 ¹
145 2873 294 2912 Raynald.
312 2875 352 2905 ad
370 2884 419 2904 an.
436 2874 583 2906 1316-34.

113 2913 128 2936 2
143 2915 181 2945 Cf
193 2916 387 2946 Benedictum
415 2917 488 2952 xlv,
508 2915 550 2947 De
573 2915 675 2948 Feslis
701 2916 772 2948 lesu
800 2916 921 2949 Christi
935 2921 966 2949 el
981 2918 1016 2950 B.

73 2955 120 2986 M.
151 2955 180 2987 V.
197 2957 225 2987 in
243 2959 344 2997 capite
379 2957 428 2987 ubi
456 2958 522 2997 agit
552 2957 588 2987 ‹le
619 2959 713 2988 Festo
745 2959 908 2989 Trinitatis.
924 2977 964 2982 —
976 2961 1018 2991 De

75 2998 296 3029 Constitutione
313 3008 392 3038 quae
417 2999 521 3029 Ioanni
539 2998 620 3029 xxti
638 3000 836 3038 adscribitur,
851 3004 881 3031 et
898 3000 1017 3032 Sabba-

77 3038 168 3069 lhina
184 3039 306 3077 dicitur,
323 3040 404 3080 quod
426 3041 456 3070 B.
475 3041 579 3079 Virgo,
595 3041 636 3070 nti
661 3042 710 3079 pie
735 3045 864 3075 tenetur.
881 3042 1017 3080 pollicita

75 3080 126 3118 sit,
145 3089 178 3110 se
194 3086 343 3121 quotquot
358 3082 562 3112 Carmelitauo
580 3082 692 3112 Mariae
709 3082 801 3112 cultui
819 3082 934 3113 addicti
951 3083 1016 3115 sue-

75 3121 144 3158 rint,
161 3122 260 3160 primo
284 3127 353 3161 post
375 3132 480 3153 eorum
505 3123 620 3153 obitum
643 3122 779 3153 Sabbato
803 3132 819 3152 a
842 3125 1016 3163 purgatorii

76 3162 147 3201 igne
163 3167 349 3203 erepturam,
364 3165 460 3196 videri
477 3165 560 3195 iuvat
572 3164 710 3195 adnotat.
728 3165 767 3195 ad
784 3165 910 3197 Paulum
931 3167 980 3206 Pp.
995 3167 1016 3198 V

77 3203 106 3233 in
122 3204 246 3244 Epocba
262 3205 314 3238 Xl.

1065 792 1223 838 maiore,
1244 805 1332 830 cum
1354 792 1495 840 egisset
1514 804 1650 829 annos
1662 793 1922 831 Pontificatus
1945 793 2006 840 18,

1064 848 1103 882 et
1122 857 1247 883 mens.
1269 847 1293 882 4
1315 846 1439 883 minus
1460 846 1538 882 dies
1553 846 1588 882 2.

1115 899 1178 937 63.
1207 899 1277 936 Lis
1307 899 1481 936 loannis
1510 898 1632 935 XXII
1667 910 1760 936 cum
1790 900 2006 937 Minorz'lz's

1063 950 1154 1000 (an.
1182 950 1299 1001 1321)
1314 952 1469 989 ——Cum
1491 952 1654 988 Ioannes
1674 952 1791 990 XXII
1814 953 1852 989 in
1872 952 2006 1002 primis

1062 1006 1354 1043 condemnasset
1387 1008 1532 1042 sectam
1559 1005 1900 1052 Fratricellorum,
1922 1018 2005 1043 con-

1062 1059 1259 1096 demnavit
1289 1059 1407 1096 etiam
1437 1058 1648 1096 sententias
1669 1059 1822 1096 Ioannis
1852 1060 1898 1096 de
1919 1060 2004 1097 Pol-

1061 1112 1171 1157 liaco,
1187 1112 1353 1149 doctoris
1370 1112 1613 1157 Parisiensis,
1634 1111 1700 1159 qui
1720 1112 1897 1158 docebat,
1918 1124 2003 1149 con-

1061 1164 1181 1202 fessos
1201 1165 1388 1203 fratribus
1408 1177 1475 1202 seu
1498 1165 1592 1202 viris
1608 1165 1812 1213 religiosis,
1829 1166 2003 1203 habenti-

1059 1219 1129 1256 bus
1149 1218 1371 1268 generalem
1391 1218 1617 1256 facultatem
1640 1218 1821 1255 audiendi
1850 1218 2003 1256 confes-

1059 1272 1200 1317 siones,
1212 1272 1333 1309 teneri
1351 1273 1488 1309 eadem
1505 1274 1666 1320 peccata
1682 1273 1808 1309 denuo
1824 1272 2001 1309 confiteri

1059 1326 1215 1374 proprio
1236 1325 1440 1371 sacerdoti,
1460 1325 1649 1373 quinimo,
1669 1328 1796 1362 stante
1811 1325 1896 1374 lege
1911 1325 2005 1362 Con-

1058 1379 1136 1415 cilii
1157 1379 1433 1417 Lateranensis
1460 1380 1597 1415 Omnis
1616 1381 1837 1428 utriusque
1856 1390 2003 1424 sexuS,

1098 1505 1108 1526 1
1128 1505 1325 1545 syniteqium
1341 1505 1380 1534 ab
1400 1504 1474 1544 igne
1491 1503 1624 1543 tegendo
1643 1503 1758 1534 dietum
1776 1504 1931 1544 significat
1947 1505 2003 1535 ini-

1057 1549 1129 1578 tium
1158 1549 1255 1577 noctis
1268 1572 1275 1583 ‚
1292 1556 1352 1586 quo
1366 1550 1503 1584 tempore
1520 1546 1657 1576 solerent
1679 1546 1819 1576 homiues
1833 1571 1840 1584 ,
1863 1551 2003 1578 contecto

1058 1590 1130 1629 igne
1147 1590 1176 1619 in
1194 1589 1274 1626 socc,
1291 1588 1425 1618 cubitum
1443 1587 1496 1617 ire.

1097 1630 1111 1651 2
1127 1630 1324 1660 Mabillonius
1350 1629 1480 1660 Praetat.
1505 1628 1542 1658 ad
1562 1628 1643 1659 Acta
1667 1637 1748 1659 saec*
1767 1629 1788 1658 V
1805 1628 2002 1661 Benedictin.

1057 1676 1072 1704 ἓ
1088 1672 1156 1702 ΗΞ.
1179 1683 1189 1699 ιι
1204 1673 1314 1702 Postea
1332 1670 1410 1701 idem
1427 1671 1502 1700 ritus
1520 1670 1672 1708 inductus,
1691 1673 1737 1700 est
1753 1670 1867 1709 subdit,
1884 1671 1921 1701 ad
1939 1680 2002 1701 ma-

1056 1714 1186 1744 tutinum
1210 1712 1520 1751 tempus,ctmedium
1538 1711 1616 1741 diem
1635 1722 1661 1741 ».
1687 1711 1833 1743 Obloinus
1848 1737 1855 1749 ‚
1876 1713 1906 1742 in
1922 1721 2002 1743 nova

1054 1754 1160 1786 Artitit.
1179 1755 1216 1784 ad
1233 1754 1407 1784 (liaconium
1421 1757 1440 1784 t.
1453 1753 1481 1784 ΙΙ
1497 1753 1573 1783 baec
1589 1752 1684 1783 babet
1700 1762 1708 1784 :
1722 1753 1819 1784 «Cum
1843 1753 1911 1793 pius
1933 1762 2002 1785 mos

1056 1799 1086 1828 iu
1103 1796 1306 1827 sanctonensi
1327 1795 1465 1826 Ecclesia
1482 1798 1646 1833 susceptus
1663 1799 1754 1832 esset,
1769 1798 1799 1825 ut
1811 1799 2001 1835 vergentem

1056 1842 1176 1869 noctem
1195 1837 1243 1868 die
1263 1845 1416 1875 campana
1432 1835 1611 1876 pulsaretur
1623 1835 1660 1865 ad
1675 1837 1920 1875 praemonendos
1933 1836 2003 1868 fide-

1055 1879 1109 1918 les,
1133 1882 1164 1910 ut
1193 1878 1382 1909 Salutatione
1405 1876 1554 1917 Angelica
1571 1878 1705 1917 Virginis
1723 1877 1873 1917 suffragia
1889 1879 2000 1916 implo-

1055 1925 1177 1959 rarent,
1193 1921 1323 1951 loannes
1339 1919 1479 1950 Pontifex
1507 1918 1611 1949 decem
1639 1919 1757 1949 dierum
1774 1919 2001 1959 indulgentiam

1055 1964 1094 1993 iis
1109 1963 1278 1999 concessit,
1295 1962 1346 2001 qui
1365 1961 1413 2000 pie
1425 1965 1471 1992 ter
1484 1959 1568 1990 illam
1581 1959 1669 1990 ssexis
1682 1960 1815 2000 genibus
1828 1961 2001 2000 funderent,

1057 2005 1083 2035 si
1101 2013 1172 2034 vere
1190 2013 1243 2034 eos
1260 2003 1418 2034 eriminum
1436 2003 1616 2041 poeniteret.
1633 2001 1769 2040 Singulis
1785 2003 1912 2042 insuper
1927 2012 2001 2034 can-

1055 2047 1146 2076 ticum
1164 2044 1256 2076 Salve
1271 2044 1394 2084 Ιῖρῃιῖηα
1430 2045 1540 2074 devote
1567 2043 1767 2074 recitantibus
1794 2044 2000 2084 quadraginta

1057 2087 1123 2118 dies
1141 2087 1352 2125 Indulgentiae
1369 2084 1546 2125 proposuit;
1571 2085 1774 2123 prolationem
1793 2086 1883 2116 etiam
1899 2086 2000 2116 nomi·

1054 2129 1102 2160 nis
1118 2128 1248 2165 Mariae,
1263 2132 1295 2158 ut
1316 2128 1381 2158 eius
1405 2130 1488 2158 esset
1509 2126 1698 2166 frequentior
1719 2127 1886 2164 invocatio,
1902 2128 2000 2158 sacris

1058 2170 1259 2211 indulgentiis
1276 2168 1424 2200 ditavit».
1441 2168 1517 2207 Quid
1531 2168 1589 2198 hac
1605 2167 1642 2198 de
1655 2177 1688 2198 re
1701 2169 1915 2208 praeceperint
1930 2178 2002 2209 quo-

1057 2221 1115 2252 que
1139 2211 1327 2250 posteriores
1351 2210 1465 2241 Summi
1489 2208 1651 2241 Pontifices
1671 2218 1741 2240 mox
1765 2210 1793 2240 in
1811 2211 1936 2241 Callisto
1956 2210 1998 2240 ΙΙΙ

1057 2253 1239 2284 videbimus.

1096 2294 1110 2316 3
1125 2293 1272 2325 Tribunal
1295 2292 1449 2324 Pontificis
1473 2291 1721 2332 Capellanorum,
1736 2301 1813 2333 quos
1829 2292 1927 2325 Rotae
1938 2293 2000 2324 Au-

1059 2336 1175 2368 ditm-es
1200 2335 1408 2375 appellantur,
1435 2333 1567 2365 Ioannes
1596 2334 1689 2372 XXII,
1719 2336 1748 2365 in
1775 2335 1878 2366 Const.
1901 2333 1941 2364 14
1956 2337 1966 2373 (
1981 2339 1998 2365 t.

1061 2380 1069 2410 l
1099 2377 1230 2408 Bullar.
1248 2378 1256 2411 1
1275 2401 1282 2414 ,
1308 2386 1368 2407 non
1398 2376 1525 2406 instituit
1545 2401 1553 2415 ‚
1585 2376 1638 2406 sed
1669 2376 1858 2407 reformavit.
1888 2376 2000 2407 Horum

1060 2420 1292 2459 Capellanorum
1324 2417 1458 2448 officium
1493 2421 1539 2448 est
1563 2421 1742 2456 perpetuum
1764 2421 1813 2455 ,et
1838 2419 1938 2456 Papae
1954 2418 2001 2447 in·

1061 2462 1200 2492 serviunt
1232 2461 1272 2490 uti
1305 2459 1493 2489 Subdiaconi
1520 2458 1698 2498 ApostolIci.
1720 2460 1823 2489 Sixtus
1838 2459 1875 2489 IV
1895 2457 2000 2489 Consi.

1061 2504 1080 2534 ‘2
1097 2506 1136 2539 (t.
1154 2504 1163 2533 l
1181 2501 1318 2540 Bullar.)
1335 2500 1481 2538 decrevit,
1503 2500 1680 2530 Auditorum
1705 2509 1830 2531 numero
1847 2499 1885 2530 ⁴1⁶2
1901 2501 1930 2530 in
1947 2508 2000 2540 po-

1062 2550 1177 2575 sterum
1201 2553 1270 2574 esse
1292 2551 1361 2573 cnm
1378 2545 1468 2572 antea
1486 2541 1524 2572 tt
1539 2545 1654 2572 essent.
1668 2544 1742 2574 Tres
1758 2544 1846 2572 erant
1862 2542 2001 2580 Romani,

1061 2586 1154 2617 ceteri
1173 2586 1354 2621 Germanus,
1371 2583 1486 2621 Gallus
1509 2583 1713 2621 Castellanus,
1732 2583 1916 2621 Aragonius,
1941 2583 1999 2612 Ve-

1061 2631 1161 2665 netus,
1178 2626 1381 2663 Mediolanus,
1391 2624 1536 2655 Senensis
1554 2628 1583 2654 et
1600 2626 1764 2655 Perusinus
1778 2624 1923 2661 vicissim,
1941 2623 2000 2654 no-

1062 2669 1222 2700 noniensis
1252 2671 1282 2698 et
1311 2665 1502 2697 Ferrariens.
1525 2666 1630 2695 benis
1655 2666 1776 2696 abunde
1800 2665 1942 2704 Cohelius
1969 2666 1999 2695 in

1061 2711 1182 2742 Nomia
1199 2708 1427 2740 Carslinaldlus
1443 2707 1490 2744 (c.
1506 2707 1543 2737 ta
1561 2708 1578 2743 ).
1595 2708 1654 2745 lpsi
1678 2710 1774 2746 agunt
1788 2707 1825 2737 de
1841 2707 1999 2746 processi-

1060 2753 1118 2784 bus
1134 2753 1240 2783 Status
1264 2749 1481 2785 Eizclcsiastici,
1504 2748 1541 2778 de
1564 2750 1699 2779 materiis
1722 2748 1954 2779 beneficialibus
1971 2751 2000 2778 et

1061 2792 1338 2833 patrimonialibus.
1365 2791 1425 2820 Hoc
1449 2791 1563 2820 Romae
1586 2799 1762 2828 supremum
1785 2790 1998 2829 magistratum

1060 2837 1102 2866 ita
1118 2834 1271 2874 sapientia
1289 2832 1432 2863 excelluit
1447 2835 1478 2860 et
1493 2831 1572 2860 sama
1590 2831 1804 2870 pervulgatum
1821 2833 1878 2865 est.
1892 2834 1923 2861 ut
1939 2831 2001 2861 ubi-

1060 2886 1119 2917 que
1141 2880 1292 2907 terrarum
1319 2878 1348 2904 ct
1370 2873 1427 2911 ipsi
1447 2880 1535 2911 reges
1552 2876 1581 2902 et
1598 2873 1752 2912 principes
1768 2873 1798 2903 in
1816 2871 1954 2903 dissidiis
1971 2876 2001 2902 et

1060 2917 1281 2949 controversiis
1295 2923 1374 2954 quac
1389 2914 1530 2943 intereos
1548 2913 1750 2952 insurgebant
1765 2914 1802 2944 ad
1817 2914 1929 2944 Sacrae
1942 2914 2000 2944 Ro-

1061 2964 1109 2990 tae
1127 2957 1261 2990 tribunal
1279 2954 1438 2986 dirimendi
1463 2955 1675 2986 recurrebant.
1696 2956 1780 2986 Inter
1796 2955 1998 2986 Collectiones

1061 3001 1249 3031 decisionum
1272 2998 1360 3027 buius
1379 2997 1551 3025 Conventus
1577 2997 1747 3036 praecipua
1764 3000 1811 3027 cst
1825 3000 1936 3026 veneta
1951 3004 1999 3027 an.

1063 3042 1149 3079 1697,
1167 3041 1205 3072 ‘29
1225 3040 1285 3069 vol.
1304 3040 1331 3068 in
1349 3036 1399 3067 fol.
1417 3035 1588 3067 Amatores
1603 3037 1703 3068 Italae
1727 3037 1879 3077 appellari
1905 3036 2001 3076 pleri-

1060 3093 1119 3123 que
1136 3085 1272 3119 censcnt‚
1294 3078 1374 3119 quod
1400 3078 1529 3108 alternis
1553 3079 1672 3109 vicibus
1690 3081 1776 3118 qnasi
1804 3079 1926 3110 rotatim
1943 3087 1999 3108 suo

1060 3126 1227 3159 fungantur
1242 3129 1378 3157 munere,
1395 3119 1441 3149 vel
1459 3119 1539 3159 quod
1555 3121 1721 3160 praecipua
1736 3120 1899 3151 Christiani
1913 3118 1998 3150 orbis

1059 3157 1185 3203 nvgfiitia
1212 3162 1293 3203 apud
1321 3161 1391 3192 illos
1417 3164 1579 3193 versentur
1603 3166 1633 3193 et
1658 3163 1823 3202 agitentur,
1847 3165 1879 3193 ut
1904 3161 1997 3192 estin

1062 3205 1227 3240 Glossario
1244 3201 1395 3243 Duea'ngi,
1411 3205 1429 3234 t.
1446 3201 1469 3233 1.
