2241 3473
221 99 300 143 258

163 184 256 223 obiit
275 195 342 222 an.
365 185 467 229 1710,
484 183 553 222 sed
582 195 669 221 cum
697 194 744 221 eo
764 183 937 221 schisma
955 182 1118 222 minime

163 240 378 277 extinctum
407 242 480 282 est,
509 238 565 275 uti
593 249 685 274 mox
710 237 854 274 dicturi
881 248 1019 273 sumus
1033 239 1059 272 1.

209 295 316 331 Inter
354 292 613 329 refractarios
652 291 768 327 modo
799 291 839 326 in
866 290 1119 327 Hollandiam

161 348 349 396 profugos
375 346 565 382 notissimi
601 349 692 381 sunt
718 344 900 391 AEgidius
918 345 965 382 de
993 345 1120 382 Witte

161 406 200 439 et
216 400 452 436 Paschasius
470 399 658 440 Quesnel.
678 398 796 434 Prior
816 399 947 446 patria
967 398 1120 435 Ganda-

160 457 291 492 vensis
305 458 344 491 et
358 454 435 490 iam
452 454 495 489 B.
511 453 566 489 M.
582 453 823 489 Mechliniae
840 456 1120 500 pastor,coeco

159 510 293 546 furore
312 518 472 544 eausam
488 506 765 543 Iansenianam
783 507 1063 553 propugnavit,
1081 510 1121 544 et

159 562 197 598 in
212 562 522 601 Constitutiones
542 561 793 606 apostolicas,
817 561 1056 608 praesertim
1080 560 1119 596 in

159 616 329 660 Bullam,
348 615 517 650 Vineam
544 613 720 658 Domini,
738 615 919 650 invectus
945 617 1018 650 est.
1048 614 1122 651 Te-

158 673 313 705 stantur
326 668 364 704 id
383 668 535 715 scripta
553 668 650 711 eius,
668 667 773 704 inter
788 678 888 715 quae
903 667 1120 715 praecipua

157 726 248 759 sunt
280 721 501 770 Panegyris
529 720 764 758 ianseniana
789 725 830 758 et
855 721 1117 758 Denunciatio

156 776 294 813 Bullae
323 776 488 812 Vincam
508 775 672 811 Domini
698 774 889 816 Sabaoth,
910 776 1018 812 facta
1034 776 1117 812 uni-

155 841 297 867 versae
329 830 533 867 Ecclesiae
552 831 578 864 ².
609 829 785 870 Quesnel
813 828 1051 865 Parisiensis
1077 833 1118 866 et

156 882 332 919 Oratorii
358 883 597 921 Parisiensis
623 883 855 932 presbyter,
882 894 998 930 quum
1024 882 1117 920 fidei

155 936 364 982 formulae,
393 948 417 974 a
434 949 507 974 sua
524 936 848 985 Congregatione
875 937 1116 974 iansenianis

153 990 355 1027 erroribus
381 991 602 1039 oppositae,
624 990 873 1026 subscribere
900 990 1038 1035 nollet,
1067 990 1115 1026 ad

153 1042 417 1081 deserendam
444 1047 616 1092 patriam
636 1044 876 1092 compulsus,
894 1054 998 1079 anno
1026 1044 1117 1081 1685

154 1097 334 1145 confugit
366 1099 576 1135 Bruxellas
603 1098 642 1134 in
674 1098 827 1145 Belgio.
857 1097 932 1134 Hic
959 1097 1114 1145 quidem

153 1151 321 1196 occulte,
343 1151 382 1187 in
409 1152 623 1189 Hollandia
648 1151 808 1188 liberius
833 1155 930 1188 rem‘
946 1151 1113 1188 ianseni-

152 1205 294 1242 sticam
328 1217 566 1253 promovere
585 1236 594 1252 ,
621 1207 773 1244 clerum
806 1209 847 1243 et
876 1206 1063 1254 populum
1090 1218 1115 1243 a

151 1259 282 1297 debita
295 1261 385 1298 Sedi
396 1263 648 1310 Apostolieae
664 1268 705 1301 et
719 1263 918 1311 episcopis
933 1264 1111 1301 obedien-

153 1321 206 1358 tia
234 1322 468 1359 abstrahere
494 1324 535 1358 et
552 1321 707 1357 calamo
735 1324 775 1357 et
800 1331 921 1367 opere
949 1324 1114 1357 conatus

151 1381 224 1415 est.
253 1379 369 1415 Anno
395 1379 488 1417 1703
512 1378 618 1415 iussu
636 1377 807 1426 Philippi
833 1375 884 1419 V,
912 1375 1019 1423 regis
1046 1375 1112 1413 Hi-

149 1433 336 1480 spaniae,
365 1438 406 1472 et
435 1435 645 1472 Humberti
681 1435 727 1473 de
758 1434 992 1481 Precipiano
1014 1462 1023 1479 ,
1051 1444 1112 1470 ar-

149 1488 387 1537 chiepiscopi
410 1489 723 1534 Mechliniensis,
750 1490 994 1538 interceptus
1012 1520 1021 1537 ‚
1047 1504 1110 1529 cu-

147 1543 300 1582 stodiae
328 1545 578 1593 mancipatus
604 1548 678 1583 est.
706 1545 797 1582 Non
823 1546 946 1582 multo
966 1550 1054 1594 post
1071 1559 1110 1584 a-

148 1597 342 1636 micorum
371 1610 445 1647 ope
472 1611 493 1636 e
521 1599 700 1636 custodia
727 1603 905 1648 ereptus,
932 1601 1109 1650 confugit

147 1650 186 1688 in
213 1652 482 1698 Hollandiam,
510 1653 575 1690 ubi
595 1664 661 1690 an.
685 1653 777 1691 1719
803 1653 1009 1691 decessitss.

193 1706 253 1743 39.
267 1706 392 1744 Bulla
412 1707 739 1756 Urziyenitnsmn.
758 1708 860 1752 1713)
874 1709 1107 1747 *Gravissi-

147 1760 220 1796 mis
247 1772 366 1808 porro
395 1761 526 1798 litibus
553 1766 593 1799 et
619 1761 789 1798 motibus
816 1773 980 1800 causam
999 1763 1106 1802 dedit

146 1812 246 1850 liber
264 1815 480 1859 Quesnelli,
509 1816 651 1862 gallice
677 1816 849 1863 scriptus
876 1817 946 1853 sub
970 1817 1102 1854 titulo:

146 1866 305 1904 Noeutn
333 1869 625 1905 Testamentum
659 1881 746 1905 eum
782 1869 1104 1908 annotationibus

147 1922 363 1958 moralibus
392 1933 510 1970 super
536 1923 739 1969 quemlibet
766 1934 919 1959 versum
938 1925 966 1957 4.
994 1924 1104 1972 Opus

146 1975 320 2022 primum
339 1977 561 2023 comparuit
578 1987 643 2012 an.
665 1977 998 2025 1671,'multisque
1017 1990 1103 2026 pro-

147 2031 236 2075 pter
249 2030 408 2076 pietatis
422 2030 595 2077 speciem
613 2033 651 2067 et
662 2030 844 2066 dictionis
859 2031 1102 2078 elegantiam

147 2081 423 2128 placuit.Prae
443 2084 615 2120 caeteris
633 2084 680 2120 de
698 2084 890 2128 Noailles,
911 2089 1003 2122 tunc
1023 2088 1101 2134 epi-

145 2147 288 2184 scopus
313 2138 631 2181 Catalaunensis,
660 2137 753 2174 illud
779 2142 861 2174 tum
891 2139 997 2175 clero
1021 2144 1100 2177 tum

144 2191 288 2238 populo
309 2192 671 2229 commendaverat.
692 2192 769 2227 Alii
788 2204 885 2230 vero
905 2193 943 2229 in
959 2194 1098 2232 eodem

144 2244 243 2281 libro
270 2245 370 2282 haud
399 2257 544 2294 paucas
570 2247 814 2283 assertiones
841 2259 1033 2285 erroneas
1060 2255 1101 2287 et

144 2299 297 2343 noxias,
313 2301 522 2348 speciatim
539 2301 783 2336 lansenismo
798 2302 1101 2350 affines,depre-

141 2352 378 2390 hendebant.
392 2354 460 2390 Lis
480 2358 599 2390 aucta
616 2357 688 2397 est,
706 2366 822 2401 quum
842 2355 889 2391 dc
908 2356 1099 2402 Noailles,

143 2406 271 2443 factus
298 2408 624 2455 archiepiscopus
651 2407 901 2452 Parisiensis,
926 2421 988 2446 an.
1012 2413 1101 2451 1699

144 2460 285 2497 librum
314 2461 518 2502 Quesnclli
537 2491 545 2506 ,
572 2472 596 2497 a
621 2474 663 2498 se
691 2466 943 2508 correctum,
972 2465 1099 2504 denuo

144 2514 248 2561 typis
289 2515 466 2552 mandari
502 2515 670 2552 curavit.
707 2516 858 2553 Contra
891 2518 1100 2567 episcopus

142 2567 405 2614 Vapincensis
431 2581 493 2607 an.
526 2570 616 2608 1703
643 2569 734 2606 illud
754 2570 1001 2610 dioecesanis
1019 2575 1099 2611 suis

143 2622 353 2668 prohibuit.
381 2625 597 2666 Crescente
624 2623 713 2668 lite,
740 2623 923 2662 Clemens
951 2627 1020 2676 Pp.
1044 2629 1097 2666 XI

188 2756 197 2778 ¹
225 2756 260 2789 P.
289 2755 368 2790 ⁶205.

185 2802 198 2824 2
227 2802 374 2845 Reliquit
414 2807 583 2846 practerea
625 2805 806 2838 versionem
842 2805 1025 2838 nandi-icam
1056 2806 1094 2839 N.

140 2842 357 2887 Testamenti,
384 2860 466 2893 quac
493 2851 667 2884 multorum
696 2860 865 2883 censuram
895 2851 1025 2884 meruit.

188 2895 201 2915 ³
229 2895 262 2927 D·
283 2897 438 2939 Avi-igny,
470 2896 652 2931 Me'moires
673 2907 762 2940 pour
787 2898 896 2929 servir
921 2898 939 2931 ιὶ
966 2898 987 2930 l'
1006 2898 1093 2932 Ilisl.

143 2939 249 2980 cccl.;
277 2941 388 2983 lloynk
416 2953 474 2976 van
505 2945 726 2986 Papendrcct,
756 2943 905 2976 Historia
931 2944 1010 2977 eccl.
1045 2944 1095 2977 l'l-

141 2984 343 3019 traiectinae
369 2999 387 3021 a
415 2992 564 3032 tempore
590 2993 747 3023 mutatae
774 2990 949 3032 reliqionis
974 2991 1007 3024 in
1026 2990 1095 3032 see—

141 3028 257 3065 (lr’ralo
288 3034 415 3075 Belqio.
446 3036 596 3068 Mechlin.
629 3036 728 3074 1725,
757 3036 889 3076 in—s‹›l.;
918 3037 954 3068 1„
982 3037 1091 3074 Morzi,

141 3074 284 3111 Histoire
310 3080 367 3111 des·
392 3079 600 3114 rdvnlneimvs·
625 3082 710 3114 (lanx
737 3083 757 3115 1'
774 3081 874 3122 e'ylise
899 3083 930 3115 d'
947 3081 1091 3122 Utreclzl,

141 3124 278 3157 ινηιΙηῑῑῡ
305 3127 342 3156 ds.-
370 3127 523 3164 l'italien.
551 3128 638 3160 Canii
668 3128 767 3166 1828,
797 3129 814 3160 3
843 3129 922 3161 vell.
951 3128 1050 3161 iii-8⁰.

188 3168 200 3188 ⁴
228 3171 267 3202 Le
291 3170 452 3207 Now'eau.
483 3175 675 3207 Tcxtnmunt
695 3186 733 3207 cn
751 3176 921 3218 sransais,
940 3185 1019 3208 avec
1037 3174 1092 3207 des

141 3215 320 3257 reficimus
347 3221 492 3253 morales
518 3230 578 3253 sut·
602 3222 728 3264 chaque
755 3226 873 3255 ver-sel.

684 138 689 143 .
735 111 904 141 EPOCHA
925 111 996 140 x11.
1021 112 1048 140 A
1068 111 1237 142 LITIBVS
1257 113 1568 144 IANSENISTICIS

1170 193 1267 231 opus
1294 194 1318 219 a
1343 183 1501 221 selectis
1522 185 1751 225 censoribus
1775 186 1918 226 discuti
1937 189 2067 237 iussit,
2086 193 2127 230 et

1169 246 1232 272 an.
1264 236 1356 274 1708
1382 237 1596 274 secundum
1623 241 1854 279 unanimem
1881 254 2021 281 eorum
2040 257 2128 283 sen-

1170 289 1336 326 tentiam
1350 291 1497 335 Breve,
1517 291 1715 338 Uniuersi,
1732 295 1877 342 emisit,
1892 308 1967 345 quo
1982 298 2127 336 librum

1170 342 1372 384 Quesnelli
1391 344 1618 389 damnabat,
1640 351 1679 382 et
1699 358 1747 384 ne
1763 349 1846 396 quis
1862 361 1952 386 eum
1972 351 2128 398 legeret

1170 400 1237 433 aut
1254 397 1464 442 venderet,
1476 399 1544 435 sub
1560 411 1689 446 poena
1704 404 2125 443 excommunicationis

1169 450 1333 487 maioris
1350 451 1630 498 interdicebat,
1641 454 1846 493 affirmans
1862 456 1903 492 in
1921 469 1968 494 eo
1983 458 2127 496 doctri-

1169 515 1240 541 nas
1257 508 1297 542 et
1316 506 1607 554 propositiones
1626 508 1849 553 seditiosas,
1871 513 2124 558 temerarias,

1168 559 1415 605 perniciosas
1432 589 1441 604 ,
1470 572 1663 598 erroneas
1684 590 1693 606 ‚
1721 563 1800 599 iam
1839 563 2048 604 damnatas
2085 571 2127 605 et

1168 612 1364 650 haeresim
1393 615 1692 652 Iansenisticam
1728 617 1940 655 manifeste
1971 621 2125 668 sapien-

1169 669 1240 710 tes,
1261 667 1408 713 passim
1427 679 1654 705 occurrere.
1673 670 1899 707 Secundum
1917 671 2123 712 Pontificis

1167 719 1298 757 Breve
1333 732 1437 757 anno
1473 723 1566 760 1710
1601 723 1775 771 episcopi
1804 724 2056 772 Rupellensis
2081 731 2122 765 et

1168 774 1428 812 Lucionensis
1454 775 1599 813 iunctis
1629 777 1803 814 consiliis
1821 778 1975 816 litteras
1994 783 2125 828 pasto-

1167 828 1271 865 rales
1304 829 1534 875 ediderunt,
1562 830 1701 878 quibus
1727 831 1933 872 Quesnelli
1959 834 2058 871 liber
2082 838 2127 872 ut

1166 882 1410 928 perniciosus
1439 884 1777 931 proscribebatur.
1804 886 1968 932 Contra,
1989 888 2125 926 Cardi-

1164 935 1264 972 nalis
1289 935 1336 972 de
1363 937 1556 981 Noailles,
1585 938 1906 987 archiepiscopus
1925 940 2125 979 Parisien-

1164 988 1230 1033 sis,
1251 990 1482 1027 mandatum
1506 991 1640 1036 edidit,
1661 1003 1734 1039 quo
1754 993 1928 1030 Litteras
1946 999 2125 1042 pastora-

1162 1042 1221 1079 les
1246 1043 1412 1080 duorum
1439 1045 1606 1082 istorum
1633 1045 1909 1093 episcoporum
1944 1050 2124 1088 censuris

1162 1098 1335 1143 notavit,
1350 1110 1566 1148 earumque
1583 1100 1792 1136 lectionem
1811 1100 1890 1137 suis
1905 1102 2121 1141 interdixit.

1165 1151 1386 1189 Ludovicus
1408 1154 1500 1190 XIV
1517 1154 1662 1202 aliique
1680 1165 1859 1191 summae
1877 1157 2123 1195 auctoritatis

1165 1207 1239 1242 viri
1265 1210 1475 1257 utramque
1502 1213 1659 1256 partem
1690 1209 1796 1246 inter
1833 1220 1876 1247 se
1907 1211 2123 1253 conciliare

1161 1261 1312 1300 frustra
1338 1265 1471 1301 conati
1495 1268 1599 1302 sunt.

1211 1319 1394 1357 Clemens
1426 1323 1481 1359 XI
1500 1352 1508 1368 ,
1543 1325 1754 1371 pastoralis
1788 1337 1908 1363 curae
1935 1338 2030 1365 suae
2056 1329 2122 1366 sti-

1162 1377 1303 1424 mulis,
1331 1380 1602 1429 frequentibus
1633 1382 1875 1422 orthodoxae
1906 1383 1996 1422 fidei
2021 1385 2123 1423 zela-

1162 1434 1292 1471 torum
1327 1437 1501 1484 querelis
1519 1466 1528 1483 ,
1555 1438 1817 1485 complurium
1843 1439 2122 1488 episcoporum

1160 1487 1312 1528 Galliae
1339 1491 1537 1540 ipsiusque
1565 1493 1672 1540 regis
1699 1494 1842 1531 litteris
1868 1497 1908 1531 et
1937 1495 2122 1542 precibus

1160 1548 1378 1591 permotus,
1397 1546 1568 1584 dissidiis
1589 1547 1743 1584 obviam
1762 1547 1821 1585 ire
1843 1548 2032 1587 decrevit.
2053 1550 2122 1587 Ni-

1159 1596 1212 1634 hil
1238 1601 1499 1648 opportunius
1524 1613 1571 1638 ac
1597 1601 1793 1639 salubrius
1819 1613 1843 1639 a
1865 1614 1906 1640 se
1923 1605 2120 1651 praestari

1159 1662 1273 1698 posse
1299 1654 1530 1702 arbitratus,
1549 1667 1666 1704 quam
1684 1661 1728 1693 ut
1745 1657 1930 1694 fallacem
1947 1657 2035 1694 libri
2055 1657 2120 1695 do·

1158 1706 1326 1744 ctrinam
1346 1738 1354 1754 ,
1392 1714 1509 1747 antea
1541 1711 1767 1758 generatim
1794 1710 2000 1749 dumtaxat
2025 1712 2123 1750 indi-

1157 1764 1300 1807 catam,
1332 1763 1506 1811 pluribus
1531 1776 1580 1801 ex
1604 1776 1651 1801 eo
1670 1765 1901 1813 singulatim
1921 1767 2121 1815 excerptis

1158 1817 1493 1863 propositionibus
1527 1818 1746 1856 distinctius
1773 1819 2011 1867 explicaret,
2034 1832 2118 1858 rem

1157 1871 1358 1907 Commisit
1385 1872 1687 1920 congregationi
1713 1874 1736 1909 5
1753 1872 2019 1911 Cardinalium
2041 1878 2080 1912 et
2097 1876 2120 1913 6

1157 1922 1433 1971 theologorum
1452 1937 1500 1962 ac
1519 1926 1898 1963 iurisconsultorum.
1920 1926 2032 1964 Haec
2051 1929 2117 1967 101

1156 1978 1468 2024 propositiones,
1498 1991 1519 2016 e
1548 1980 1647 2016 libro
1673 1979 1875 2022 Quesnelli
1893 1985 2117 2029 excerptas,

1156 2031 1331 2068 maxima
1356 2032 1560 2080 diligentia
1589 2044 1637 2070 ac
1664 2034 1911 2077 maturitate,
1935 2035 2118 2083 omnique

1153 2083 1279 2120 studio
1311 2097 1357 2123 ac
1386 2087 1542 2133 labore,
1571 2092 1687 2135 prout
1713 2087 1770 2124 rei
1796 2087 1976 2135 gravitas
1999 2100 2119 2137 expo-

1152 2139 1310 2184 scebat,
1338 2141 1470 2177 multis
1496 2152 1598 2177 anno
1627 2141 1719 2178 1712
1745 2144 1785 2178 et
1809 2143 1988 2189 sequenti
2009 2142 2117 2179 habi-

1154 2190 1202 2226 tis
1233 2195 1585 2231 consultationibus
1604 2224 1611 2239 ,
1631 2195 1826 2232 discussas
1851 2200 1892 2232 et
1919 2207 2008 2232 cum
2031 2196 2114 2243 ipso

1154 2244 1243 2281 libri
1278 2251 1387 2285 textu
1423 2249 1721 2286 accuratissime
1753 2248 1948 2295 collatas,
1980 2261 2114 2298 repro-

1155 2299 1302 2337 bandas
1328 2303 1397 2338 sub
1424 2303 1546 2339 variis
1578 2302 1800 2350 respective
1827 2302 2006 2340 censuris
2026 2315 2116 2341 cen-

1152 2355 1242 2391 suit.
1274 2356 1528 2405 Quapropter
1554 2357 1737 2395 Clemens
1756 2357 1826 2400 XI,
1846 2357 1905 2393 v1⁰
1924 2356 2010 2394 idus
2027 2369 2116 2405 sep-

1153 2410 1319 2446 tembris
1340 2411 1445 2453 1713,
1464 2410 1586 2448 edidit
1604 2410 1760 2446 Bullam
1783 2409 2016 2458 Uniyenitns
2036 2409 2115 2448 Dei

1154 2461 1302 2508 Filius,
1331 2475 1407 2511 qua
1435 2464 1727 2512 propositiones
1754 2464 1854 2508 illas,
1873 2464 2114 2502 verbotenus

1152 2516 1377 2564 allegatas,
1416 2519 1453 2554 in
1489 2519 1604 2566 globo
1639 2518 1710 2555 sub
1739 2517 1862 2554 variis
1889 2519 2111 2565 respective

1152 2572 1350 2615 censuris,
1379 2584 1545 2620 quarum
1574 2573 1715 2609 saltem
1744 2572 1912 2620 aliquam
1931 2572 2110 2620 singulae

1153 2630 1405 2663 mererentur
1424 2656 1432 2670 ,
1466 2626 1695 2671 damnavit,
1728 2626 1879 2664 seilicet
1907 2629 2109 2674 tamquam

1152 2681 1380 2726 respective
1401 2680 1535 2725 falsas,
1556 2681 1765 2729 captiosaS,
1784 2680 1888 2717 male
1907 2684 2109 2725 sonantes,

1151 2731 1306 2778 piarum
1325 2734 1481 2770 aurium
1498 2735 1725 2778 ossensivas,
1741 2733 2008 2778 seandalosas,
2021 2745 2108 2781 per-

1150 2785 1806 2832 niciosas‚teme1·arias,Ecclesiac
1822 2787 1981 2835 eiusque
1992 2787 2105 2835 praxi

1150 2838 1373 2886 iniuriosas,
1402 2844 1521 2879 etiam
1552 2842 1588 2878 in
1611 2845 1830 2891 potestates
1848 2841 1994 2878 saeculi
2013 2851 2106 2878 con-

1150 2896 1389 2940 tumeliosas,
1417 2896 1637 2941 seditiosas,
1656 2897 1816 2944 impias,
1834 2895 2102 2943 blasphemas,

1147 2954 1352 2996 suspectas
1374 2951 1422 2988 de
1441 2951 1598 2988 haeresi
1617 2963 1663 2988 ac
1681 2949 1878 2987 haeresim
1898 2950 2023 2996 ipsam
2041 2959 2101 2985 sa-

1149 3002 1319 3048 pientes,
1353 3005 1584 3042 haeresibus
1611 3009 1651 3041 ct
1676 3003 1879 3040 schismati
1906 3002 2100 3047 faventes,

1148 3055 1386 3102 haereticas,
1409 3059 1615 3106 variasque
1635 3058 1836 3101 haereses,
1853 3055 2098 3105 potissimum

1146 3121 1225 3152 cus,
1243 3123 1341 3158 quae
1357 3113 1392 3147 in
1405 3112 1567 3148 famosis
1580 3112 1746 3149 lansenii
1766 3108 2099 3159 propositionibus

1145 3166 1465 3210 ‹3(1)111'l110bssliiul¹,
1493 3166 1700 3202 manifeste
1728 3166 1975 3201 innovantes.

1194 3217 1395 3256 l'ontilicis
1419 3220 1562 3257 bullam
1589 3231 1726 3257 omnes
1751 3219 1893 3266 ubique
1920 3217 2094 3268 episcopi
