2241 3473
256 187 332 227 150

207 259 320 305 Anno
350 263 450 302 1516
469 261 589 299 eremi
610 259 649 296 in
670 257 833 295 civitate
853 255 1045 294 Suetiensi
1065 267 1138 305 pa-

207 320 361 363 rochus,
381 315 611 365 principium
630 310 913 350 heterodoxum
933 309 987 346 nil
1003 309 1138 346 admit-

207 372 315 410 tendi
344 369 444 419 quod
466 379 513 404 ex
535 365 738 414 Scriptura
757 375 868 401 saera
887 362 1041 411 probari
1062 374 1136 399 non

205 425 346 474 possit,
366 422 476 470 eique
496 420 773 457 consentaneas
794 416 992 465 opiniones
1011 416 1141 453 admi—

204 479 266 516 sit.
287 475 449 514 Lutheri
466 473 610 521 scripta
628 471 742 509 avide
759 469 940 518 suscepit,
955 472 995 506 et
1022 469 1138 506 etiam

204 543 265 568 an.
290 529 389 567 1518
411 530 549 565 contra
567 526 681 563 Bern.
702 524 928 561 Samsonem
950 535 997 560 ex
1021 519 1142 562 Ordi—

203 596 250 621 ne
271 595 299 620 s.
321 580 533 626 Francisci,
553 579 617 627 qui
633 577 903 625 Indulgentias
925 575 1141 625 pontificias

203 634 512 679 commendabat,
535 630 785 669 declamavit.
802 630 946 667 Eodem
964 641 1064 667 anno
1082 629 1143 666 Ti-

202 688 287 738 guri
318 687 503 725 ecclesiae
532 685 762 733 collegiatae
782 684 973 733 parochus
993 683 1141 720 eonsti-

203 744 313 779 tutus
334 745 373 778 et
393 743 526 789 postea
546 739 583 776 in
604 739 728 787 ipsum
750 737 970 786 Capitulum
989 736 1142 774 adscri-

203 799 306 844 ptus,
334 795 485 832 animos
513 793 560 830 ad
581 791 803 828 innovanda
824 802 936 828 sacra
955 789 1012 827 ita
1033 790 1140 827 exci-

202 848 316 893 tavit,
338 850 381 885 ut
401 846 673 895 magistratus,
694 844 806 881 multi
828 857 848 881 e
868 843 972 881 clero
994 846 1034 880 et
1056 843 1140 880 laici

200 901 362 950 plurimi
380 900 592 938 catholicos
605 899 702 935 ritus
718 896 1142 935 dcsererent.An.l532

199 966 246 991 ex
265 955 501 993 anctoritate
518 953 772 1001 magistratus
788 951 826 988 in
844 950 1000 1000 publica
1017 950 1139 999 dispu-

198 1007 347 1045 tatione
373 1007 424 1044 67
444 1005 710 1043 conclusiones
730 1016 798 1041 seu
822 1005 950 1042 theses
969 1003 1142 1041 defendit

200 1064 336 1098 contra
365 1060 597 1099 sacrificium
626 1059 770 1096 Missae
810 1060 849 1094 et
876 1057 1139 1106 praesentiam

198 1114 505 1161 realem,eontra
515 1113 643 1161 legem
656 1111 870 1149 coelibatus
884 1113 922 1147 et
934 1114 1070 1147 votum
1084 1123 1143 1147 ca-

198 1168 342 1205 stitatis
355 1197 364 1213 ,
384 1170 521 1205 contra
541 1165 822 1203 confessionem
843 1166 882 1202 et
902 1164 1141 1202 satisfactio—

199 1233 286 1258 nem
315 1220 639 1259 sacramentalem
654 1251 663 1265 ,
684 1222 819 1255 contra
848 1218 1140 1266 purgatorium,

200 1278 336 1312 contra
365 1275 599 1323 potestatem
629 1271 844 1318 Pontificis,
872 1271 1140 1320 episcoporum

200 1331 240 1365 et
268 1328 433 1365 aliorum
463 1327 691 1364 clericorum
713 1325 878 1374 aliaque,
901 1324 1072 1366 Quorum
1092 1325 1142 1361 ef-

200 1381 323 1418 fectus
340 1381 426 1427 fuit,
441 1380 746 1429 utmagistratus
756 1379 855 1427 Tigu
864 1378 970 1416 rinus
982 1379 1138 1415 Eucha—

200 1435 335 1472 ristiae
356 1433 640 1480 adorationem,
660 1432 960 1481 expositionem,
980 1431 1140 1468 circum-

202 1488 474 1536 gestationem,
493 1490 532 1524 et
548 1487 688 1524 missae
706 1485 1006 1523 celebrationem
1023 1485 1141 1522 inter-

202 1541 346 1579 dixerit
374 1544 414 1578 et
441 1541 601 1590 proinde
631 1539 787 1585 altaria,
806 1538 1000 1587 imagines
1021 1542 1139 1586 atque

201 1594 390 1643 reliquiae
411 1606 460 1631 ex
481 1593 654 1632 ecclesiis
683 1592 808 1630 eiecta
835 1592 996 1630 fuerint.
1025 1593 1138 1629 Anno

203 1648 303 1685 1524
338 1647 550 1696 Zwinglius
589 1657 748 1684 uxorem
786 1646 912 1683 duxit.
941 1647 1015 1683 An.
1039 1645 1140 1682 1525

201 1702 285 1739 eius
306 1701 477 1739 asseclae
494 1699 743 1739 lutheranam
758 1699 973 1736 Bibliorum
990 1698 1140 1736 versio-

201 1767 309 1800 nem,
339 1755 429 1792 hinc
449 1755 536 1792 inde
557 1754 771 1792 secundum
792 1765 863 1790 sua
882 1752 1027 1802 placita
1049 1764 1138 1789 mu-

203 1811 325 1846 tatam
349 1838 358 1855 ,
394 1809 499 1857 typis
532 1808 761 1857 vulgarunt.
792 1806 1005 1855 Zwinglius
1047 1817 1140 1843 vero

202 1863 529 1900 commentarium
547 1862 593 1898 de
610 1873 704 1898 vera
715 1863 753 1897 et
765 1859 862 1897 salsa
874 1859 1060 1908 religione
1073 1871 1140 1896 seu

204 1915 476 1964 compendium
489 1915 687 1964 religionis
704 1926 727 1951 a
743 1925 783 1951 se
801 1913 991 1950 conflatae
1007 1913 1139 1950 edidit.

204 1968 330 2006 Multa
350 1970 534 2017 dogmata
564 1980 650 2005 cum
672 1967 844 2005 Luthero
873 1967 1012 2003 habuit
1032 1978 1141 2003 com—

203 2022 348 2068 munia,
366 2023 404 2059 in
426 2022 622 2059 nonnullis
640 2024 770 2059 tamen
789 2020 1019 2068 praesertim
1037 2020 1141 2057 circa

204 2075 508 2121 Eucharistiam,
526 2087 641 2124 quam
659 2086 803 2111 meram
820 2073 987 2122 figuram
999 2073 1141 2122 Corpo-

206 2129 259 2166 ris
276 2133 314 2166 et
329 2129 540 2178 Sanguinis
553 2128 697 2166 Christi
718 2127 877 2176 eiusque
898 2127 1036 2164 mortis
1057 2138 1140 2163 me-

207 2181 372 2219 moriale
393 2194 477 2220 esse
498 2182 771 2227 contendebat,
795 2182 842 2218 ab
863 2180 929 2217 illo
949 2179 1140 2218 dissensit.

255 2235 444 2285 Zwinglio
464 2235 865 2273 Sacramentariorum
887 2233 1142 2283 antesignano

205 2301 244 2327 se
274 2289 488 2326 iunxerunt
507 2288 796 2326 Carolostadius
817 2290 855 2324 et
874 2287 1142 2337 OEeolampa-

205 2342 301 2379 dius.
324 2343 438 2380 Prior
453 2342 752 2380 archidiaconus
767 2341 1144 2390 Wirtembergensis

205 2396 254 2432 ab
283 2395 406 2442 initio,
428 2399 471 2433 ut
491 2395 671 2441 vidimus,
699 2394 872 2432 Luthero
892 2395 1086 2439 adhaesit,
1107 2395 1145 2431 ct

205 2461 255 2486 ex
290 2449 476 2498 apostatis
512 2448 776 2486 sacerdotibus
807 2447 953 2496 primns
984 2459 1142 2484 uxorem

206 2503 329 2540 duxit.
348 2502 472 2540 Paulo
494 2504 577 2552 post
598 2504 757 2551 propter
777 2512 886 2538 suam
903 2512 988 2537 cum
1007 2501 1144 2538 Luthc-

208 2568 250 2593 ro
267 2557 313 2593 dc
326 2556 571 2593 Eucliaristia
588 2554 1090 2602 dissensionem,odiumque
1106 2554 1143 2590 in

209 2609 404 2658 Imagines
416 2610 463 2646 ab
479 2622 524 2646 eo
539 2608 835 2656 VVirtembcrga
847 2607 1007 2651 eiectus,
1022 2610 1146 2644 trans-

208 2663 253 2700 iit
295 2663 331 2699 in
373 2663 591 2700 Helvetiam
616 2692 626 2709 ,
669 2672 788 2710 seque
825 2672 911 2697 cum
955 2659 1144 2709 Zwinglio

209 2715 419 2753 coniunxit.
442 2715 789 2764 OEcolampadius,
806 2719 921 2751 antea
943 2714 1145 2761 presbyter

209 2769 364 2806 Ordinis
393 2782 423 2807 s.
454 2770 648 2818 Rirgittae
679 2768 779 2817 apud
802 2769 1019 2816 Augustam
1043 2766 1142 2803 Vin-

208 2822 418 2859 delicornm
432 2853 440 2869 ,
463 2822 600 2860 deinde
620 2821 895 2870 monasterium
920 2823 958 2858 ct
978 2820 1144 2856 catholi-

208 2887 292 2912 cam
315 2876 429 2913 fidem
451 2876 634 2923 descruit,
655 2874 882 2924 Zwinglium
904 2877 1057 2910 secutus
1074 2878 1143 2919 cst,

210 2940 369 2966 uxorem
410 2930 547 2975 duxit,
585 2928 855 2976 haeresimque
885 2933 967 2965 tuin
998 2927 1144 2975 scripto

207 2986 290 3019 tum
321 2995 498 3020 sermone
520 2983 557 3019 in
580 2982 762 3020 Helvetia
782 2980 990 3030 plurimum
1010 2992 1144 3028 propa·
1166 2983 1167 2986 ’

208 3035 327 3083 gavit.
348 3036 551 3073 Haercsim
573 3038 827 3085 susceperuut
847 3033 1038 3083 Tigurini,
1059 3045 1146 3080 quo-

209 3100 293 3125 rum
324 3089 545 3138 exemplum
573 3089 710 3127 deinde
731 3088 851 3125 secuti
883 3089 975 3125 sunt
994 3087 1146 3124 Berna-

207 3145 276 3185 tus,
293 3142 543 3188 namnet-uses,
561 3141 846 3187 Schafhusiani,
859 3139 1146 3189 Sangallenses,

208 3194 461 3241 Malliusiani,
490 3196 601 3233 multi
632 3195 890 3232 Glaronenses
919 3199 958 3230 et
979 3193 1146 3230 Abbati—

841 190 995 218 EPOCHA
1023 189 1079 218 XI.
1108 189 1160 217 AB
1190 190 1329 217 INITIIS
1357 189 1531 218 LVTHERI

1182 260 1412 295 manserunt
1428 259 1669 306 Suetienses,
1680 258 1879 306 UrienseS,
1891 257 2120 309 Sylvanien-

1182 321 1257 354 ses,
1273 310 1510 359 Tugienses,
1530 313 1817 360 Lucernenses,
1836 313 2120 362 Friburgenses

1183 364 1222 399 et
1250 363 1539 404 Solodurenses.
1570 366 1665 404 Inde
1687 367 1824 404 divisio
1845 368 1883 404 et
1901 367 2012 405 brevi
2034 367 2122 414 post

1184 415 1329 454 bellum
1356 417 1459 457 inter
1488 420 1698 458 catholicos
1728 422 1767 457 et
1785 421 2000 459 haereticos
2022 418 2120 457 Hel-

1185 469 1311 507 vetiae
1333 483 1451 520 pagos
1474 473 1499 512 ¹.

1241 523 1867 577 10.Anabapte'stae—Praeterea
1886 539 1906 564 e
1923 528 2120 565 Luthera-

1186 588 1235 614 na
1247 577 1416 616 factione
1431 584 1569 619 exorta
1584 583 1644 618 est
1653 580 2120 629 sectaAnabaptistarum,

1185 630 1252 678 qui
1273 634 1488 672 secundum
1511 634 1678 672 Lutheri
1699 633 1915 671 doctrinam
1936 634 1983 671 de
2004 633 2123 682 expli-

1186 684 1309 721 canda
1339 697 1361 723 a
1390 688 1528 735 quovis
1559 688 1775 736 Scriptura,
1807 688 1853 723 de
1872 687 2037 724 internis
2056 687 2121 724 in—

1184 737 1473 788 spirationibus,
1494 742 1539 779 de
1560 740 1727 778 hominis
1756 752 1825 789 per
1844 740 1965 778 solam
1985 740 2121 778 Fidem

1184 790 1450 832 iustificationi
1479 798 1519 833 et
1539 795 1584 832 de
1603 794 1786 831 libertate
1807 793 2047 842 evangelica,
2066 804 2123 830 as·

1183 846 1380 892 serebant,
1409 848 1648 897 baptismum
1670 847 1897 893 infantibus,
1920 849 2052 895 utpote
2072 845 2122 883 fi-

1186 897 1246 934 dei
1275 898 1539 950 incapacibus,
1568 913 1642 938 non
1671 901 1868 949 prodesse,
1894 900 2056 950 proinde
2075 911 2123 937 a—

1185 951 1313 989 dultos
1342 965 1426 992 esse
1456 954 1777 1004 rebaptizandos,
1797 965 1928 991 omnes
1948 953 2123 990 homines

1185 1016 1269 1042 esse
1289 1006 1432 1046 liberos
1451 1012 1490 1046 et
1509 1020 1645 1058 pares,
1665 1008 1766 1044 bona
1785 1019 1868 1045 esse
1889 1006 2123 1053 communia3

1185 1059 1356 1108 clericos,
1384 1062 1529 1099 nobiles
1549 1065 1588 1099 et
1607 1061 1864 1111 magistratus
1892 1072 1974 1098 esse
1995 1059 2122 1097 extir-

1187 1112 1344 1160 pandos,
1388 1127 1611 1163 novumque
1640 1126 1802 1161 regnum
1830 1114 2123 1151 instituendum.

1184 1167 1322 1204 Seciae
1342 1172 1478 1206 auctor
1497 1167 1570 1206 fuit
1586 1168 1774 1206 Nicolaus
1791 1167 1987 1214 Storkius,
2009 1168 2125 1204 antea

1185 1219 1353 1258 Lutheri
1383 1225 1571 1265 sectator;
1604 1221 1832 1271 praecipuus
1853 1232 1947 1258 vero
1967 1231 2123 1270 promo-

1184 1276 1246 1310 tor
1266 1274 1338 1312 fuit
1358 1275 1528 1313 Thomas
1548 1276 1772 1321 MunceruS,
1793 1287 1813 1311 e
1833 1274 2036 1312 sacerdote
2054 1285 2124 1311 ea—

1185 1327 1328 1365 tholico
1348 1329 1589 1376 lutheranus,
1609 1329 1675 1378 qui
1695 1329 1797 1366 sieut
1816 1328 1905 1373 ille,
1924 1326 2124 1365 turbulen-

1185 1380 1235 1416 tis
1265 1383 1514 1421 concionibus
1542 1386 1581 1420 et
1609 1382 1784 1420 confictis
1808 1381 2125 1430 inspirationibus

1185 1434 1326 1472 divinis
1347 1439 1493 1473 sectam
1510 1447 1728 1485 propagare
1755 1438 1918 1472 conatus
1937 1436 2020 1480 est,
2040 1445 2126 1471 con-

1185 1491 1245 1524 tra
1283 1489 1501 1527 Catholicos
1533 1493 1573 1526 et
1592 1489 1837 1527 Lutheranos
1864 1487 2126 1533 declamavit,

1186 1543 1303 1589 atque
1333 1542 1536 1590 ingentem
1557 1542 1797 1591 plebeiorum
1825 1543 1865 1579 et
1884 1541 2126 1579 facinoroso—

1187 1605 1273 1631 rum
1295 1595 1592 1634 multitudinem
1613 1596 1803 1633 exeitavit
1823 1595 1871 1632 ad
1893 1593 2128 1644 capessenda

1186 1660 1298 1686 arma
1328 1651 1466 1687 contra
1486 1649 1661 1687 dominos
1681 1648 1962 1686 ecclesiasticos
1995 1659 2040 1685 ae
2068 1647 2126 1684 ci·-

1188 1701 1297 1740 viles.
1320 1703 1467 1740 Verum
1496 1702 1745 1752 lantgravius
1778 1702 1942 1739 Hassiae
1976 1700 2128 1750 aliique

1188 1755 1383 1805 principes
1405 1756 1578 1794 collectis
1611 1756 1731 1805 copiis
1760 1755 1961 1793 seditiosos
1989 1753 2128 1799 adorti,

1185 1820 1249 1846 eos
1283 1810 1424 1858 partim
1451 1809 1690 1855 occiderunt,
1710 1809 1853 1858 partim
1879 1808 2128 1857 dissiparunt,

1184 1861 1267 1909 ipso
1287 1862 1475 1901 Muncero
1495 1875 1556 1901 an.
1581 1863 1681 1901 1525
1701 1865 1813 1912 capto
1833 1863 1873 1899 et
1892 1861 2079 1899 decollato
2099 1858 2126 1898 ².

1186 1915 1282 1953 Post
1299 1928 1419 1954 annos
1440 1928 1582 1966 paucos
1601 1916 1786 1954 haeretici
1808 1915 2017 1964 resumptis
2036 1913 2128 1961 viri-

1185 1969 1257 2006 bus
1278 1981 1433 2007 rursum
1449 2000 1459 2016 ,
1480 1969 1711 2019 praesertim
1742 1970 1780 2006 in
1802 1967 2064 2017 Westphalia,
2084 1979 2128 2004 e-

1184 2022 1323 2060 xitiale
1344 2023 1488 2061 bellum
1509 2024 1793 2068 instaurarunt,
1810 2025 1853 2059 ut
1872 2021 2100 2059 videbimus.

1241 2076 1300 2114 11.
1329 2077 1495 2114 Bellum
1515 2079 1769 2114 rusticorum
1783 2098 1835 2102 ——
1851 2075 1960 2117 Quod
1981 2075 2128 2113 Adria-

1188 2141 1259 2167 nus
1281 2130 1350 2179 Pp.
1372 2130 1492 2167 etalii
1513 2129 1691 2167 catholici
1709 2128 1998 2179 praedixerant,
2015 2139 2130 2165 nova-

1185 2185 1314 2220 torum
1345 2195 1483 2232 nempe
1511 2186 1647 2220 contra
1675 2182 1914 2231 praepositos
1942 2180 2128 2219 ecclesia-

1185 2236 1302 2274 sticos
1328 2237 1578 2274 rebellionem
1600 2237 1648 2273 ad
1669 2236 1804 2273 civiles
1821 2246 2128 2284 progressuram,

1186 2292 1226 2326 et
1247 2289 1421 2328 Ecclesia
1440 2302 1597 2336 eversa,
1618 2290 1819 2327 civitatem
1838 2301 1923 2327 esse
1943 2290 2129 2326 everten-

1186 2343 1289 2390 dam,
1310 2344 1422 2381 modo
1443 2344 1615 2381 inchoari
1638 2344 1765 2381 visum
1787 2342 1861 2380 fuit
1879 2343 1917 2380 in
1938 2341 2039 2379 bello
2060 2354 2130 2379 ru-

1186 2396 1383 2434 sticorum.
1405 2396 1531 2438 Quum
1550 2397 1746 2435 Lutlierus
1768 2396 1989 2434 libertatem
2008 2407 2031 2433 a
2045 2397 2132 2433 sta-

1183 2449 1279 2486 tutis
1300 2450 1494 2497 humanis,
1514 2463 1537 2487 a
1551 2451 1774 2499 tyrannide,
1793 2452 1834 2487 ut
1849 2449 2014 2496 dicebat,
2032 2449 2130 2486 Pon-

1186 2502 1301 2541 tificis
1322 2507 1362 2540 ct
1381 2503 1559 2541 universi
1581 2504 1676 2541 cleri
1699 2503 1965 2553 praedicaret;
1987 2513 2130 2551 magna

1186 2568 1272 2593 cum
1300 2557 1549 2594 vehementia
1569 2558 1605 2594 in
1630 2569 1763 2595 omnes
1783 2557 1853 2595 sibi
1874 2556 2130 2594 adversantes

1186 2609 1454 2654 inveheretur,
1484 2610 1731 2655 Pontificem,
1761 2611 1907 2649 clerum
1928 2612 1968 2647 et
1987 2608 2131 2658 princi-

1186 2675 1253 2711 pes
1284 2664 1471 2701 conviciis
1501 2665 1780 2713 proscinderet,
1811 2663 2062 2701 rebellionem
2091 2662 2128 2699 in

1186 2717 1448 2765 opprimentes
1477 2717 1616 2767 populo
1646 2718 1762 2755 licere
1794 2715 2129 2763 doceret;i·ustici

1188 2770 1221 2806 in
1245 2771 1457 2808 Germania
1477 2771 1592 2808 dictis
1616 2774 1655 2808 ct
1676 2771 1790 2809 sactis
1810 2769 2008 2808 novatoris
2028 2769 2131 2806 exci-

1187 2823 1271 2868 tati,
1301 2835 1411 2860 arma
1441 2827 1577 2861 contra
1607 2825 1781 2862 dominos
1800 2836 1888 2861 suos
1907 2823 1990 2861 sive
2009 2822 2131 2859 cleri-

1187 2877 1356 2921 cos,sivc
1378 2876 1493 2916 laicos
1510 2879 1800 2916 converterunt.
1819 2878 1916 2915 Cum
1937 2874 2131 2913 seditiosis

1187 2930 1339 2967 rusticis
1360 2943 1401 2968 sc
1417 2943 1505 2969 mox
1520 2931 1810 2969 coniunxerunt
1845 2928 2006 2967 fanatici
2023 2929 2130 2967 Ana-

1187 2983 1399 3031 baptistae,
1430 2985 1659 3022 nominatim
1691 2985 1918 3029 Manem-us,
1949 2982 2014 3031 qui
2044 2981 2132 3018 illos

1227 3096 1234 3117 ¹
1259 3095 1367 3131 Audin,
1383 3096 1441 3127 loc.
1459 3097 1508 3126 cil.
1526 3107 1551 3127 c.
1568 3095 1624 3132 ⁰2&
1644 3097 1782 3129 Bos-suet.
1798 3094 1940 3127 Histoire
1956 3094 2010 3125 des·
2026 3095 2129 3126 varia-

1188 3137 1269 3167 !ions
1286 3137 1340 3167 des
1355 3137 1468 3176 emises
1484 3140 1707 3177 protestantes,
1726 3138 1745 3168 l.
1762 3138 1853 3168 ll-lll.

1227 3178 1241 3197 “-’
1257 3180 1441 3217 Meshovius,
1459 3179 1601 3210 Historia
1619 3178 1918 3218 Amubapthvtarum,
1937 3178 1956 3209 Ι.
1972 3178 1982 3209 1
1996 3187 2004 3217 ς
2020 3178 2051 3209 F.
2070 3178 2132 3207 Ca-

1186 3222 1264 3255 tron,
1280 3219 1418 3251 Histoire
1441 3219 1484 3251 dn
1505 3221 1677 3260 lanatisme
1699 3220 1778 3251 datis
1802 3219 1832 3251 Ia
1857 3219 1993 3259 reliqum
2016 3220 2131 3260 prole-

208 3248 423 3287 scellenscs.
455 3249 495 3286 In
519 3249 708 3287 catholica
730 3262 820 3286 vcro
849 3247 1033 3298 religione
1056 3258 1146 3297 per-
1186 3262 1301 3293 ,mmm
