2241 3473
536 311 1289 401 ΝΕΑΡΟΗΤᾹΝΙ
1350 311 1662 398 chem

825 516 1361 561 ADOLESCENUBVS

207 1297 425 1339 Historiae
453 1298 778 1339 Ecclesiasticae
815 1295 1100 1348 compendium
1128 1294 1180 1335 al)
1209 1295 1395 1336 Henrico
1434 1295 1624 1338 W‘outers
1653 1297 1702 1336 in
1741 1295 2022 1337 Universitate

152 1373 413 1415 Locaniensi
431 1375 668 1426 professore
686 1372 984 1421 elucubratum,
1005 1375 1053 1412 ut
1069 1375 1200 1412 vestro
1221 1374 1320 1413 usui
1346 1373 1407 1413 sit
1432 1372 1794 1422 accommodatius,
1820 1386 1871 1413 en
1891 1373 2029 1413 novis·

152 1449 274 1489 simis
294 1451 407 1491 curis
427 1453 548 1501 atque
566 1449 867 1491 additamentis
879 1449 1161 1500 procudimus.
1192 1448 1344 1489 Illaius
1368 1450 1479 1489 enim
1499 1449 1816 1489 emolumentum
1836 1448 1933 1489 inde
1952 1461 2025 1489 vos

152 1528 367 1577 carpturos
395 1526 661 1577 confidimus,
690 1527 731 1566 si
758 1527 832 1574 iis,
853 1539 956 1577 qecac
985 1525 1173 1565 eruditus
1201 1527 1344 1565 auctor
1372 1524 1419 1565 (le
1450 1523 1736 1566 Romanorum
1765 1524 2021 1575 Pontificum

151 1600 330 1642 historia
358 1605 551 1650 enarrat,
580 1601 670 1642 alia
698 1614 784 1642 non
812 1602 952 1641 minus
964 1599 1147 1651 probata
1165 1602 1352 1650 certaque
1379 1599 1496 1650 facta
1516 1599 1843 1649 adnecteremus,
1865 1613 1941 1651 quo
1955 1612 2023 1651 pe-

150 1676 344 1717 nitiorem
364 1677 411 1718 cle
429 1689 566 1717 eorum
584 1664 704 1717 rebus
720 1677 848 1729 qestis
868 1676 1064 1716 notitiam
1083 1674 1298 1714 haberetis.
1317 1673 1425 1714 Tum
1445 1686 1548 1724 quae
1568 1673 1624 1714 ad
1642 1673 1858 1714 Ecclesiae
1873 1673 2017 1714 doctri-

150 1764 264 1800 nam,
298 1752 583 1803 disciplinam,
621 1751 852 1803 liturqizmi,
889 1749 1104 1790 haeresum
1133 1749 1369 1796 varietates,
1399 1751 1636 1799 caeteraque
1665 1747 1905 1788 huiusmodi
1925 1760 2025 1798 per-

152 1829 295 1875 tinent,
310 1827 507 1867 maiorem
525 1826 572 1865 in
588 1825 714 1866 lucem
724 1837 876 1877 ponere
892 1825 1141 1865 curavimus.
1154 1823 1300 1871 Immo,
1313 1835 1394 1874 pro
1410 1823 1472 1863 rei
1485 1823 1805 1873 opportunitate,
1820 1833 2027 1862 recensere

149 1902 263 1943 leaud
288 1901 546 1954 neqlescimus
574 1913 677 1952 quae
696 1900 761 1941 vel
780 1900 837 1941 ad
862 1898 1163 1941 vindicandum
1191 1898 1421 1939 eorumdem
1449 1897 1708 1948 Pontificum
1727 1897 1859 1945 decus,
1888 1896 1954 1937 vel
1972 1896 2030 1937 ad

151 1977 324 2028 aliquod
341 1976 665 2017 Ecclesiasticae
684 1975 736 2016 H
735 1976 904 2016 istor-iae
906 1973 1183 2026 praecipuum
1203 1977 1328 2025 caput
1345 1973 1482 2026 maqis
1501 1973 1800 2014 enucleandum
1808 1973 2029 2025 praeclar-i

155 2053 374 2103 scriptores
394 2052 636 2102 nuperrime
654 2051 897 2099 ediderunt‚·
916 2050 1049 2101 idque,
1068 2049 1142 2090 ubi
1159 2062 1260 2101 opu-s
1277 2049 1378 2100 fuit,
1399 2050 1603 2101 appositis
1619 2062 1774 2101 quoque
1793 2050 2025 2092 adnotatio-

147 2128 270 2169 nibus
288 2139 578 2178 saepenumero
586 2127 893 2178 praestitimus.
912 2125 1135 2165 Praeterea
1155 2137 1205 2166 ne
1226 2125 1496 2175 quorumdam
1516 2127 1601 2166 sive
1628 2127 1913 2175 recentiorum,
1935 2128 2022 2168 sive

146 2207 325 2245 veterum
342 2215 427 2243 non
446 2202 589 2253 infimi
611 2203 803 2243 subsellii
821 2205 1036 2243 auctorum
1059 2202 1234 2243 nomina
1254 2204 1375 2253 atque
1394 2203 1568 2253 scripta,
1587 2215 1690 2253 quae
1711 2203 1758 2243 in
1785 2202 1863 2243 liac
1887 2209 2027 2255 ἐπιτομὴ

148 2279 504 2327 desiderabantur,
525 2290 596 2319 ‘cos
616 2280 784 2320 omnino
806 2279 992 2328 laterent,
1013 2291 1061 2319 ea
1081 2278 1301 2332 diliqenter
1322 2281 1588 2330 accurateque
1606 2279 1837 2320 retulimus.
1855 2280 2024 2334 Stylum

150 2366 321 2406 quoque,
342 2357 389 2394 iit
404 2354 574 2405 politior
593 2347 714 2403 esset,
736 2354 904 2405 passim
923 2353 1244 2395 emendavimus.
1265 2353 1338 2394 Ita
1365 2353 1411 2394 ob
1432 2353 1567 2394 oculos
1595 2356 1721 2395 etiam
1749 2355 1951 2397 habebitis
1971 2370 2019 2397 ea

152 2442 256 2480 quae
274 2441 365 2469 vere
383 2429 594 2469 mirandis
614 2428 691 2470 Pii
709 2428 789 2469 IX
807 2431 928 2481 atque
942 2429 1094 2470 Leonis
1114 2427 1255 2477 XIII,
1272 2442 1383 2470 nunc
1399 2429 1578 2481 feliciter,
1593 2432 1824 2482 reqnantis,
1837 2431 1966 2472 Ponti
1971 2432 2023 2484 ft-

148 2504 310 2546 catibus
329 2504 570 2545 addidimus
589 2517 804 2556 eorumque
832 2505 1008 2545 nomina
1027 2517 1231 2556 perquam
1260 2504 1440 2555 mirifice
1459 2496 1700 2554 illustrant,
1723 2505 2019 2555 condecorant,

148 2584 270 2632 atque
286 2581 600 2622 immortalitati
613 2581 911 2622 commendant.
928 2581 987 2621 In
1003 2581 1149 2632 quibus
1165 2581 1356 2622 omnibus
1377 2583 1490 2622 curis
1507 2582 1725 2634 explendis
1741 2583 1787 2623 id
1801 2583 1922 2624 nobis
1938 2597 2028 2625 con-

150 2654 246 2695 silii
263 2655 361 2706 fuit,
382 2658 430 2695 ut
446 2667 523 2706 quo
537 2657 693 2696 maiori
710 2659 869 2697 cestrae
896 2656 1080 2697 utilitati
1097 2660 1135 2697 et
1153 2657 1356 2698 commodo
1385 2658 1596 2698 consulere
1616 2660 1856 2711 sateyimus,
1873 2671 1915 2700 eo
1936 2660 2026 2701 ala-

145 2731 298 2772 criores
313 2731 360 2770 in
380 2729 600 2772 Historiae
619 2731 943 2773 Ecclesiasticae
970 2732 1155 2773 studium
1175 2733 1437 2774 incumbatis.
1468 2733 1607 2774 Faxit
1627 2737 1747 2782 DeuJ,
1778 2737 1826 2774 ut
1853 2735 1932 2775 isti
1963 2735 2026 2775 la·

148 2806 274 2856 bores,
296 2820 394 2859 quos
422 2808 478 2848 ad
495 2811 675 2849 cestrum
694 2810 741 2849 in
761 2808 838 2850 liae
864 2809 1043 2850 scientia
1054 2809 1289 2860 profectum
1310 2809 1652 2860 -proinooendrim,
1683 2815 1723 2851 et
1749 2810 1807 2851 ad
1837 2810 2021 2852 Catholi-

145 2896 215 2925 cae
235 2883 451 2925 Romanae
469 2884 707 2933 Ecclesiae,
727 2885 775 2926 in
800 2887 918 2926 cuius
946 2898 1058 2936 spem
1085 2885 1366 2934 succrescitis,
1397 2885 1710 2928 emolumentum
1743 2888 2018 2939 suscepimus,

147 2962 331 3011 optatum
360 2964 664 3013 consequantur
684 2960 883 3011 effectum.
915 2961 1070 3003 Valete.

1535 3074 1706 3106 Camillus
1723 3074 1757 3106 d’
1773 3073 1910 3106 Amelio

1460 3126 1728 3153 Bibliothecae
1750 3127 1985 3154 Catholicae

1616 3173 1828 3201 coniector
