2241 3473
669 175 807 205 VSQVE
830 177 883 203 AD
906 176 1190 204 PRAESENTEM
1214 177 1421 204 ΑΕΤΑΤΕΜ

72 246 296 295 Encyclica,
314 247 375 284 die
394 248 437 284 21
459 248 684 284 novembris
705 249 816 289 1873,
837 248 928 284 Pius
944 248 1013 295 Pp.

1889 164 1966 205 385

1073 259 1155 284 ram
1182 247 1327 285 Christi
1356 248 1593 290 Ecclesiam,
1623 251 1821 295 tamquam
1844 246 2020 284 adulato-

71 301 127 337 lx
153 306 385 347 conquestus
416 307 476 338 est
495 331 503 345 ‚
532 307 587 338 tot
618 314 778 338 errores
808 301 1018 337 monstrosi
1074 313 1135 338 res
1162 300 1375 343 habendos,
1403 302 1465 348 qui
1494 301 1606 336 Pium
1634 301 1829 337 colebant.

71 354 180 391 istius
206 359 339 390 sectae
360 355 550 391 adversus
570 356 784 403 praecipua
803 355 1017 391 catholicae

71 408 160 445 fidei
176 408 441 455 principia,tot
455 410 665 456 sacrilegia
678 410 713 444 in
732 421 773 445 re
789 409 922 444 divina
933 421 1019 444 con-

70 461 252 504 fieienda,
271 470 308 498 et
337 464 372 498 in
400 464 746 499 Suc-ramentorum
774 462 1018 499 administra·

73 515 177 552 tione
200 544 208 558 ,
236 520 291 552 tot
319 517 556 564 gravissima
581 516 786 557 scandala,
814 521 924 552 tanta
957 517 1018 553 de-

71 579 176 604 mum
196 570 417 606 animarum
437 570 579 607 Christi
594 569 785 616 sanguine
800 569 1018 616 redempta-

73 633 158 658 rum
185 624 382 671 pernicies
409 624 486 659 vini
523 624 788 671 lacrymarum
813 623 938 670 potius
971 624 1018 659 ab

69 677 190 712 oculis
215 678 486 724 exprimerent
503 681 528 711 ¹.

120 731 267 767 Eodem
288 743 382 768 vcro
402 737 579 779 tempore
598 735 818 767 sectatores
843 730 1020 766 homines

72 783 461 827 Staatslcatltoliken,
474 786 572 821 idest
587 784 789 821 Catholici
799 783 1019 829 Statussttp-

75 837 407 883 pellati,Berolini
433 839 507 874 orti
527 844 637 879 sunt:
657 838 738 884 qui,
759 836 936 884 quamvis
964 837 1018 871 in-

74 890 349 927 fallibilitatem
370 892 548 927 Romano
570 891 750 927 Pontifici
778 890 1018 931 tribuissent,

73 955 211 981 omnes
231 950 362 981 tamen
382 946 467 981 illas
489 946 597 992 leges
617 945 752 981 civiles
780 944 1016 986 retinebant,

75 1009 174 1045 quae
201 1000 443 1046 suppositam
463 1000 596 1036 Status
617 999 932 1034 infallibilitatem
964 1002 1018 1032 tu-

76 1056 225 1088 tantur.

121 1107 309 1143 Attamen
348 1105 714 1142 veteres-catholici
749 1104 1019 1152 blaspheman-

76 1162 150 1201 tes,
179 1160 399 1196 Ecclesiam
433 1161 470 1195 in
491 1164 570 1196 toto
590 1159 755 1207 periisse
774 1158 914 1194 mundo
935 1169 1018 1205 pro-

75 1212 242 1259 indeque
269 1213 418 1249 visibile
457 1213 541 1249 eius
583 1217 700 1258 caput
732 1216 772 1248 et
806 1212 1022 1258 Episcopos

75 1266 280 1309 defecisse,
307 1267 570 1303 hierarchiam
601 1265 672 1302 sibi
706 1265 856 1311 fingere
889 1265 1021 1300 volue-

75 1325 182 1363 runt,
197 1332 241 1356 ac
257 1321 452 1355 notorium
471 1319 678 1366 quemdam
700 1330 723 1354 a
738 1318 934 1354 catholica
948 1318 1022 1354 fide

75 1379 311 1420 apostatam,
332 1373 534 1420 Iosephum
555 1373 773 1408 Hubertum
805 1372 1021 1413 Reinkens,

76 1427 115 1462 in
154 1427 421 1463 Universitate
461 1426 766 1462 Uratislaviensi
800 1425 1024 1471 theologiae

76 1481 784 1527 antecessorem,pseudo-episcopum
806 1479 876 1514 sibi
893 1479 1022 1525 elege-

77 1540 179 1578 runt,
198 1540 237 1571 et
256 1535 544 1571 constituerunt
569 1534 633 1569 die
659 1534 681 1569 4
708 1533 803 1568 iunii
832 1533 933 1569 1873.
956 1533 1025 1567 At-

77 1600 150 1636 que
177 1594 220 1624 ut
246 1589 339 1624 nihil
368 1588 636 1635 impudentiae
656 1587 824 1628 deesset,
848 1597 915 1632 pro
936 1597 1023 1620 eon-

76 1644 299 1679 secratione
327 1643 411 1679 eius
437 1641 485 1677 ad
502 1642 589 1677 illos
608 1640 873 1686 confugerunt
896 1639 1026 1675 Ultra-

78 1697 271 1733 iectenses
286 1696 541 1732 Iansenianos
557 1697 585 1738 ²,
602 1706 697 1742 qnos
714 1695 799 1741 ipsi,
815 1698 1024 1740 antequam

78 1750 127 1787 ab
142 1751 320 1788 Ecclesia
337 1750 618 1791 desciscerent,
631 1748 853 1784 haereticos
871 1751 910 1783 et
927 1747 1026 1782 schi-

78 1806 265 1842 smaticos
282 1805 477 1840 ducebant
496 1814 574 1839 una
595 1814 684 1838 cun]
705 1801 876 1837 caeteris
895 1801 1025 1836 catho-

80 1859 175 1895 licis.
198 1859 400 1895 Reinkens
420 1869 443 1893 a
461 1856 688 1893 Germanici
708 1855 864 1902 Imperii
885 1855 1024 1901 guber-

79 1913 143 1949 nio
173 1920 370 1960 tamquam
405 1912 610 1959 episcopus
645 1910 860 1946 catholicus
883 1937 891 1951 ,
924 1908 1025 1944 edito

81 1970 257 2012 decreto,
278 1967 436 2014 agnitus
454 1970 494 2001 et
509 1965 746 2007 nominatus,
765 1966 805 1998 et
830 1962 918 1997 iusti
949 1963 1026 2008 epi—

80 2023 189 2070 scopi
209 2024 292 2058 loco
311 2020 512 2057 habendus
528 2024 567 2054 et
581 2016 849 2053 observandus
864 2015 1026 2052 subditis

80 2077 275 2114 universis
294 2075 516 2123 propositus
533 2072 619 2108 fuit.
637 2071 818 2106 Pontifex
834 2081 928 2105 vero
947 2081 1024 2105 non

81 2132 206 2168 solum
225 2131 462 2167 electionem
482 2127 595 2163 huius
621 2124 709 2167 viri,
729 2128 870 2159 contra
896 2134 1028 2159 sacro-

81 2197 168 2221 rum
184 2195 378 2221 canonum
395 2181 638 2218 sanctionem
656 2178 816 2220 factam,
832 2177 1024 2219 illicitam,

81 2240 239 2275 inanem
267 2242 308 2274 et
333 2236 493 2272 omnino
520 2234 682 2274 nullam,
700 2232 859 2278 eiusque
894 2241 1026 2266 conse-

83 2294 300 2329 crationem
327 2290 563 2335 sacrilegam
591 2285 808 2322 declaravit
834 2289 950 2331 atque
969 2296 1027 2320 re-

84 2348 195 2389 iecit,
222 2345 291 2382 sed
318 2350 358 2381 et
386 2345 512 2391 ipsum
538 2341 757 2383 Retutoens,
785 2343 824 2375 et
850 2339 911 2385 qui
939 2350 1026 2374 eum

84 2402 230 2448 eligere
246 2402 506 2440 attentarunt,
522 2400 561 2432 et
575 2395 636 2442 qui
651 2393 870 2440 sacrilegae
898 2404 1029 2429 conse-

87 2455 255 2491 crationi
282 2463 443 2500 operam
461 2448 778 2491 commodarunt,
797 2454 836 2483 et
861 2446 1030 2492 quicum-

84 2520 158 2556 que
189 2507 326 2544 iisdem
361 2504 613 2541 adhaeserint
648 2513 863 2548 eorumque
898 2505 1031 2548 partes

86 2562 211 2598 secuti
239 2559 616 2602 fuerint,favorem‚
645 2555 829 2592 auxilium
847 2558 913 2590 aut
941 2565 1030 2589 con-

86 2627 243 2652 sensum
264 2609 913 2662 praebuerint,excommunicavit,
936 2619 1030 2643 ana-

89 2669 434 2714 thematizavitque
462 2665 620 2701 laudata
647 2662 858 2710 E1103·clica
884 2661 959 2697 diei
985 2661 1028 2696 21

89 2722 315 2759 novembris
334 2721 437 2763 1873,
457 2718 544 2754 Etsi
570 2718 709 2753 multa.

137 2775 236 2817 Quid
254 2786 349 2811 vero
363 2773 567 2810 moliretur
584 2782 631 2807 ac
650 2773 882 2817 expectaret
900 2769 1032 2804 miser-

92 2831 214 2866 rimus
229 2831 302 2865 iste
318 2826 548 2874 perditionis
564 2826 676 2867 filius,
691 2823 911 2859 luculenter
926 2827 1034 2868 patet

89 2895 138 2920 ex
164 2883 250 2919 aliis
275 2882 359 2918 eius
385 2880 557 2927 scriptis,
585 2890 608 2914 a
634 2878 713 2914 suis
740 2876 902 2912 asseclis
928 2878 1033 2911 cante-

90 2935 300 2983 encyclicis
329 2934 557 2982 appellatis,
586 2933 624 2967 in
658 2931 794 2978 quibus
834 2929 1034 2965 Reinkens

90 2990 297 3028 ostendere
309 2993 473 3024 conatus
485 2993 558 3028 est,
571 2986 792 3020 Romanum
805 2983 1034 3018 Pontificem

91 3055 179 3082 esse
198 3043 418 3090 simplicem
435 3038 799 3087 episcopum‚Pium
817 3037 867 3071 IX
888 3047 962 3070 non
979 3047 1035 3071 es-

91 3110 133 3136 se
156 3097 373 3144 legitimum
389 3095 554 3141 Papam,
568 3092 852 3127 Iansenismum
870 3101 954 3125 esse
973 3101 1035 3126 ve-

138 3230 148 3251 1
176 3229 215 3262 Cf
238 3228 282 3261 La
310 3225 455 3259 Scienza
481 3225 546 3256 ela
573 3222 674 3259 Fede,
702 3221 766 3252 vol.
799 3228 866 3259 κει,
885 3229 915 3262 ρ.
937 3219 1011 3253 193,

138 3271 152 3292 ²
176 3275 244 3307 Vid.
267 3283 298 3316 p.
332 3271 499 3308 265-267,
525 3274 556 3301 et
580 3266 743 3301 294-0295.

202 3331 464 3379 WOVTERs,
494 3330 547 3370 11.

1120 356 1275 391 Interea
1302 354 1492 391 haeretici
1521 354 1590 396 illi,
1618 355 1898 401 guberniorum
1924 355 2020 390 Ger-

1076 410 1232 444 maniae
1260 408 1505 454 protectione
1525 408 1623 450 sulti,
1643 413 1792 444 sectam
1812 419 1923 444 suam
1944 419 2021 444 ma-

1072 463 1130 508 gis
1151 461 1352 508 magisque
1373 461 1410 496 in
1440 462 1674 505 Germania,
1695 472 1839 508 magno
1866 461 2020 497 Ducatu

1073 515 1239 551 Badensi
1255 526 1331 549 non
1347 520 1525 560 excepto,
1537 515 1722 556 Bavaria,
1735 514 1910 558 Austria,
1930 515 2022 550 Hel-

1070 570 1176 605 vetia
1191 569 1357 604 dilatare
1376 568 1624 604 studuerunt·
1639 569 1679 604 In
1697 569 1880 604 Helvetia
1898 569 2018 605 etiam

1070 623 1188 658 alium
1204 621 1592 669 pseudo-episcopum
1606 650 1613 664 ,
1633 623 1804 668 Herzog,
1821 625 1940 658 antea
1954 632 2018 668 pa-

1072 676 1231 711 rochum
1251 674 1454 710 Oltensem
1474 675 1695 722 elegerunt,
1710 675 1772 711 cui
1792 675 1853 711 die
1874 675 1916 712 18
1934 686 2019 722 sep-

1072 729 1233 765 tembris
1263 729 1367 770 1876,
1396 728 1611 772 Reinkens,
1630 728 1902 764 assistentibus
1927 728 2018 764 duo-

1074 783 1142 817 bus
1168 782 1424 830 presbyteris,
1452 782 1647 828 sacrilego
1682 792 1779 817 ausu
1809 793 2015 818 consecra-

1074 837 1218 871 tionem
1234 836 1436 882 impertiit.
1449 836 1601 872 Multae
1617 835 1771 882 quidem
1785 836 2014 872 vexationes

1072 890 1119 925 ab
1146 889 1221 925 illis
1239 889 1452 926 haereticis
1478 892 1747 936 provenerunt
1763 889 1940 925 fidelibus
1959 900 2020 925 ca-

1074 942 1240 984 tholicis,
1252 949 1451 979 caeterum
1464 942 1623 978 sectarii
1642 942 1703 977 isti
1723 942 1804 978 suis
1819 942 2022 978 conatibus

1075 1007 1214 1042 parum
1231 998 1497 1043 profecerunt.
1517 996 1721 1042 Quumque
1741 996 1889 1031 reiecto
1907 995 2022 1031 coeli-

1074 1050 1273 1085 batuvarii
1286 1050 1505 1098 presbyteri
1528 1049 1820 1096 apostatae,qui
1838 1049 1914 1084 illis
1933 1061 2020 1085 sese

1074 1103 1319 1146 addixerant,
1334 1104 1509 1151 impuras
1534 1103 1688 1149 nuptias
1708 1102 1867 1145 inirent,
1884 1113 1930 1138 ac
1949 1102 2021 1138 dis-

1074 1158 1278 1193 sensiones
1295 1159 1396 1193 inter
1414 1155 1643 1204 primopilos
1657 1160 1790 1192 sectae
1806 1156 2022 1199 orirentur,

1076 1223 1137 1246 res
1153 1210 1630 1247 veteram-cacholicoram
1643 1211 1722 1248 iam
1738 1209 1866 1256 magis
1881 1209 2022 1256 magis·

1075 1277 1147 1312 que
1176 1266 1357 1301 concidit.
1392 1265 1508 1302 Nunc
1527 1265 1716 1314 temporis
1743 1274 1838 1300 vero
1858 1273 2021 1299 numero

1076 1320 1195 1354 mnlto
1227 1319 1424 1355 imminuti
1452 1324 1554 1363 sunt,
1582 1320 1655 1356 etsi
1682 1316 1857 1354 nonnulli
1884 1327 2022 1352 eorum

1076 1373 1266 1409 ecclesias
1294 1378 1332 1409 et
1358 1373 1460 1409 bona
1474 1384 1497 1409 a
1514 1374 1724 1411 Catholicis
1739 1374 1878 1418 erepta
1901 1369 2021 1416 possi-

1075 1426 1205 1470 deant,
1225 1431 1266 1463 et
1292 1432 1506 1474 proventus
1526 1438 1548 1462 a
1568 1426 1769 1474 guberniis
1796 1424 1890 1469 ipsis
1910 1424 2022 1459 attri-

1077 1482 1187 1517 butos
1206 1481 1455 1516 nihilominus
1478 1480 1673 1516 fruantur.

1122 1536 1179 1572 81.
1214 1534 1421 1571 Ecclesiae
1447 1536 1574 1570 statas
1610 1534 1649 1569 in
1684 1531 2023 1568 Germania-In

1077 1590 1294 1625 Germania
1320 1589 1476 1625 interim
1496 1599 1542 1624 ac
1561 1588 1730 1624 maxime
1751 1587 1790 1621 in
1808 1585 2023 1629 Βονιιεεία,

1078 1643 1290 1679 vehemens
1316 1648 1456 1678 contra
1474 1642 1690 1678 catholicos
1715 1645 1806 1676 orta
1824 1645 1885 1676 est
1903 1650 2024 1676 vexa-

1081 1698 1145 1733 tio.
1161 1697 1372 1744 Postquam
1388 1697 1504 1739 bello,
1520 1707 1622 1732 anno
1646 1696 1734 1732 1870
1749 1698 1902 1737 exorto,
1921 1694 2024 1729 Galli

1078 1764 1100 1788 a
1126 1751 1336 1787 Germanis
1369 1750 1512 1787 devicti
1539 1753 1654 1793 sunt,
1686 1748 1915 1784 Guilielmus
1951 1748 2026 1783 Bo-

1080 1807 1227 1841 russiae
1247 1817 1318 1841 rex
1337 1816 1472 1841 mense
1493 1803 1672 1840 ianuario
1689 1801 1883 1838 anni1871
1904 1802 2026 1848 Impe·
2070 1814 2071 1817 ’

1079 1864 1187 1894 rator
1200 1860 1490 1895 Germanorum
1509 1856 1776 1904 proclamatus
1795 1859 1873 1898 est,
1891 1855 2024 1902 sicque

1080 1925 1293 1962 regnorum
1304 1912 1541 1949 Germaniae
1557 1915 1669 1946 arcta
1685 1909 1876 1945 connexio
1893 1909 1929 1943 in
1950 1909 2024 1944 isto

1079 1968 1243 2016 imperio
1271 1967 1486 2003 constituta
1504 1965 1588 2000 fuit.
1611 1963 1687 2000 Sed
1709 1963 1838 2010 aliqua
1862 1963 2026 1999 Germa-

1081 2023 1167 2058 niae
1187 2021 1378 2068 gubernia
1395 2019 1483 2056 dein
1502 2030 1551 2055 ex
1570 2017 1733 2055 Concilii
1757 2016 1942 2052 Vaticani
1962 2016 2026 2052 de·

1080 2077 1211 2119 cretis,
1230 2087 1277 2112 ac
1304 2074 1540 2122 praesertim
1569 2084 1616 2108 ex
1643 2071 1868 2107 definitione
1888 2070 2026 2106 infalli-

1080 2130 1240 2166 bilitatis
1266 2128 1434 2164 Romani
1461 2125 1663 2162 Pontificis
1688 2128 1936 2172 praetextum
1963 2123 2028 2159 de-

1078 2195 1282 2231 sumpsere
1302 2211 1308 2225 ,
1344 2186 1387 2218 ut
1425 2180 1576 2216 iniustis
1615 2179 1767 2225 legibus
1803 2177 2026 2213 Ecclesiam

1080 2241 1323 2275 divexarent.
1345 2237 1458 2271 Anno
1486 2233 1578 2271 1872
1597 2244 1664 2280 pro
1685 2236 1767 2268 toto
1786 2231 2026 2267 Germaniae

1081 2294 1244 2341 imperio
1277 2293 1340 2327 lex
1359 2291 1438 2326 lata
1456 2294 1516 2326 est
1531 2291 1570 2324 et
1584 2286 1805 2323 executioni
1826 2284 2027 2328 mandata,

1079 2358 1153 2394 qua
1179 2345 1357 2382 Societas
1384 2343 1470 2379 Iesu
1498 2346 1538 2379 et
1563 2339 1771 2376 nonnullae
1800 2338 2028 2384 Congrega-

1081 2402 1204 2437 tiones
1230 2400 1266 2436 ei
1293 2399 1430 2434 affines
1451 2394 1695 2444 proscriptae
1723 2396 1763 2428 et
1783 2402 1806 2427 a
1825 2391 1966 2427 finibus
1985 2391 2026 2427 il-

1083 2455 1155 2490 lius
1173 2455 1322 2490 eiectae
1340 2455 1440 2488 sunt.
1463 2450 1549 2490 Qua
1567 2447 1612 2482 de
1633 2458 1675 2482 re
1691 2446 1784 2481 Pius
1805 2445 1877 2492 Pp.
1905 2445 1960 2480 lX
1987 2445 2026 2480 in

1082 2509 1317 2544 allocutione
1334 2506 1467 2542 habita
1483 2504 1544 2538 die
1559 2502 1604 2537 23
1622 2499 1842 2536 decembris
1863 2498 1953 2535 1872
1970 2499 2026 2534 sic

1081 2563 1201 2599 animi
1227 2562 1287 2598 sui
1312 2561 1486 2596 dolorem
1507 2553 1781 2593 Car-dinalibus
1806 2552 2025 2599 aperiebat:

1082 2616 1268 2652 «Verum
1305 2613 1525 2650 acerrimus
1543 2637 1551 2652 ‚
1584 2618 1657 2655 quo
1692 2606 2002 2653 perstringimur
2019 2633 2027 2649 ‚

1082 2670 1191 2705 dolor
1208 2670 1255 2704 ob
1274 2670 1370 2713 istas
1388 2666 1562 2710 aliasque
1583 2660 1727 2708 passim
1745 2660 1876 2695 illatas
1893 2659 2029 2694 Eccle-

1083 2725 1164 2760 siae
1198 2723 1362 2759 iniurias
1381 2721 1419 2755 in
1438 2718 1562 2759 Italia,
1590 2725 1667 2750 non
1694 2714 1837 2749 leviter
1863 2723 2026 2749 exarce-

1085 2778 1198 2814 batur
1233 2779 1442 2823 praeterea
1477 2781 1500 2806 a
1532 2768 1661 2804 saevis
1676 2796 1684 2811 ,
1719 2767 1857 2814 quibus
1889 2765 2028 2803 eadem

1084 2832 1251 2867 obnoxia
1270 2833 1330 2865 est
1343 2827 1447 2868 alibi,
1461 2821 1839 2871 persequutionibus;
1859 2820 2030 2855 maxime

1086 2896 1179 2921 vero
1206 2884 1243 2918 in
1272 2892 1371 2917 novo
1398 2875 1634 2914 Germanico
1655 2874 1843 2921 Imperio,
1867 2873 1931 2908 ubi
1952 2883 2030 2907 non

1086 2937 1248 2974 occultis
1265 2938 1413 2970 tantum
1431 2926 1877 2972 machinationibus,sed
1892 2930 2033 2972 aperta

1087 3001 1235 3038 quoque
1263 2989 1300 3022 vi
1328 2986 1382 3021 illi
1409 2984 1581 3020 funditus
1611 2979 1898 3019 subvertendae
1929 2978 2033 3014 adla-

1089 3045 1262 3080 boratur.
1282 3038 1480 3087 Siquidem
1507 3038 1604 3080 viri,
1624 3036 1686 3084 qui
1711 3046 1787 3070 non
1815 3031 1929 3068 modo
1955 3042 2033 3066 non

1089 3096 1323 3145 profitentur
1359 3091 1648 3128 sanctissimam
1691 3088 1925 3134 religionem
1966 3096 2032 3120 no·

1088 3155 1225 3192 stram,
1253 3147 1321 3183 sed
1342 3157 1421 3185 ‚nec
1447 3145 1572 3192 ipsam
1599 3146 1765 3184 norunt,
1793 3142 2031 3187 potestatem

1088 3204 1159 3241 sibi
1185 3201 1386 3238 vindicant
1403 3197 1662 3247 praefiniendi
1680 3196 1866 3242 dogmata
1889 3197 1929 3229 et
1946 3192 2032 3228 iura

1087 3256 1304 3295 catholicae
1335 3254 1554 3291 Ecclesiae.
1588 3252 1639 3287 Et
1674 3250 1764 3286 dum
1798 3258 1886 3284 eam
1920 3257 2030 3293 prae-

1765 3314 1815 3352 34
