2241 3473
592 150 719 182 VSQVE
747 150 800 177 AD
829 147 1127 177 PON'rmIcATVM
1155 147 1186 176 S.
1207 148 1405 177 GREGORII
1433 148 1502 176 vn.

74 218 224 256 Verum
250 216 346 253 haec
384 226 458 252 non
488 214 684 261 absolute,
712 215 780 252 sed
818 214 941 252 relate
970 213 1019 251 ad

74 272 230 308 caetera
249 267 407 306 saecula
426 271 518 304 sunt
543 268 800 316 intelligenda
817 298 826 313 ,
844 269 887 304 ut
915 266 1019 315 opti-

73 335 136 361 me
163 321 386 359 observavit
417 320 668 357 doctissimus
687 319 796 367 Pagi.
823 332 844 356 «
869 320 1022 356 Paucos

75 374 230 423 quidem
259 374 465 421 scriptores
479 403 487 418 ,
532 373 679 421 inquit,
711 374 782 409 hoc
820 372 1022 409 sacculum

75 427 214 465 habuit
230 456 238 472 ,
267 427 334 462 sed
364 426 692 474 subsequentilms
731 425 910 461 doctrina
949 436 1023 461 nou

78 481 216 524 cessit,
230 491 315 516 cum
341 479 494 516 litterae
514 479 633 515 etiam
655 478 704 514 ab
727 477 1026 525 imperatoribus

77 535 118 570 et
136 533 292 580 regibus
313 532 444 568 cultae
476 531 634 567 fuerint.
659 529 796 577 Neque
827 529 1025 565 saeculum

75 585 254 622 inscitiae
272 592 311 622 et
331 583 574 632 ignorantiae
606 582 736 619 vocari
783 583 911 629 potest
926 610 935 627 ,
956 580 1029 617 nisi

79 638 127 676 ob
161 638 396 685 scriptorum
444 635 683 684 paucitatem
703 663 712 679 ,
745 633 777 670 si
823 634 906 670 eius
941 644 1030 670 cum

78 690 406 740 praecedentibus
444 692 515 725 aut
561 685 894 735 subsequentibus
931 696 1031 722 com-

80 743 234 792 paratio
262 742 352 787 fiat;
378 740 593 789 complures
623 740 725 777 enim
745 738 783 774 in
807 750 851 774 eo
871 737 1029 774 floruis-

81 787 139 841 se⁸,
175 795 288 844 longe
326 794 439 831 hodie
478 793 608 829 notius
646 802 762 839 quam
800 789 1030 827 Bellarmini

81 851 231 893 aetate,
253 849 296 884 ut
314 846 512 893 catalogos
532 844 766 892 scriptorum
787 843 1029 879 ceclesiasti—

81 911 216 938 corum
242 898 561 948 percurrentibus
594 897 753 945 planum
774 895 1034 932 fit.Cla1·ue1=e

83 954 204 990 etiam
234 951 378 1000 insigni
408 950 617 987 sanctitate
647 948 761 985 multi
799 947 970 996 episcopi
997 949 1036 983 et

83 1006 244 1043 abbates
258 1033 268 1050 ,
284 1003 462 1041 monachi
482 1005 521 1040 et
542 1000 879 1044 sanctimoniales,
896 1012 941 1037 ac
963 999 1038 1036 viri

83 1061 123 1096 et
137 1057 319 1095 mulieres
347 1055 624 1102 cuiuscumque
645 1054 800 1102 generis
833 1065 877 1090 ac
899 1053 1036 1089 condi—

84 1111 215 1154 tionis,
229 1113 270 1146 ut
288 1121 335 1146 ex
354 1109 413 1153 iis,
431 1119 531 1156 quae
547 1107 689 1156 passim
707 1106 937 1151 referemus,
956 1116 1037 1154 per-

86 1164 260 1212 spicuum
282 1162 358 1199 erit
376 1160 386 1181 ¹
404 1172 440 1197 ».

137 1215 251 1253 Certo
270 1227 291 1251 e
319 1213 581 1251 monumentis
595 1242 604 1259 ,
625 1223 722 1260 quae
752 1210 1037 1248 recentioribus

83 1267 338 1316 temporibus,
359 1266 593 1315 praesertim
609 1277 727 1313 opera
743 1263 954 1301 Muratorii
971 1293 980 1310 ,
1000 1263 1039 1299 in

83 1321 210 1358 lucem
225 1320 330 1357 edita
343 1321 444 1365 sunt,
457 1318 746 1367 comprobatur,
762 1329 837 1354 non
851 1317 946 1354 adeo
961 1327 1041 1353 cor-

83 1376 243 1422 ruptum
262 1374 303 1410 et
323 1372 507 1421 ignarum
528 1371 649 1409 fuisse
671 1371 743 1407 hoc
758 1370 980 1419 saeculum,
997 1371 1041 1405 ut

83 1425 297 1476 generatim
345 1425 548 1473 opinatum
587 1426 659 1461 est.
698 1422 874 1460 Ecclesia
915 1433 1041 1471 neque

80 1479 334 1516 sanctitatem
354 1478 394 1514 in
415 1476 603 1514 membris
624 1476 705 1514 suis
726 1475 958 1524 deperdidit,
975 1485 1044 1511 ne-

85 1542 161 1580 que
177 1531 433 1568 mutationem
450 1530 488 1567 in
503 1529 751 1578 dogmatibus
766 1528 897 1575 subiit;
909 1529 1044 1565 eadem

85 1584 158 1621 hoc
185 1595 230 1621 ac
250 1583 551 1632 precedentibus
572 1582 738 1619 saeculis
766 1581 928 1618 fuerunt
956 1579 1046 1617 fidei

86 1636 170 1674 eius
189 1637 390 1684 dogmata,
407 1636 510 1672 idem
530 1630 763 1683 symbolum,
780 1635 917 1670 eadem
949 1645 1045 1671 con-

87 1688 202 1726 fessio
213 1687 240 1726 ².
256 1689 360 1730 Quin
380 1689 458 1725 imo
477 1688 572 1725 illud
593 1687 814 1724 mirandum
834 1688 911 1732 est,
932 1686 1048 1734 quod,

87 1743 178 1779 utut
195 1741 368 1778 infelicia
384 1743 511 1779 essent
529 1743 748 1788 temporum
765 1739 961 1784 adiuncta,
977 1740 1048 1776 hoc

87 1794 242 1832 saeculo
262 1794 373 1831 nulla
392 1793 562 1831 haeresis
581 1795 633 1831 sit
648 1797 799 1837 exorta,
815 1794 854 1829 et
874 1792 1049 1829 christia-

89 1858 140 1884 na
157 1847 253 1884 fides
273 1847 322 1884 ad
341 1847 475 1896 plures
494 1846 668 1896 populos,
688 1845 949 1891 Normannos,
969 1844 1050 1881 Sla-

90 1911 171 1946 vos,
199 1900 360 1944 Suevos,
391 1900 595 1944 Bohemos,
617 1898 796 1943 Polonos,
824 1899 1046 1946 Hungaros,

90 1952 337 1998 Moscovitas,
356 1951 475 1989 suerit
496 1953 644 2000 perlata
664 1954 703 1988 et
724 1954 949 1999 propagata.

142 2005 205 2042 71.
229 2005 311 2042 Leo
340 2006 427 2042 Vet
451 2004 792 2052 Clzrz'stoplzorus,
823 2005 1048 2052 Pontifices

93 2058 191 2108 (an.
213 2057 315 2107 903)
329 2058 486 2094 —Post
515 2057 771 2094 Benedictum
800 2057 870 2104 Pp.
885 2057 962 2102 IV,
983 2053 1048 2104 qui

93 2122 225 2149 mense
256 2111 404 2148 octobri
429 2110 507 2147 903
537 2110 620 2147 vita
650 2110 840 2154 excessit,
874 2120 1048 2146 summus

98 2163 350 2213 pontificatus
380 2163 534 2201 delatus
560 2162 634 2199 fuit
654 2162 775 2199 Leoni
795 2161 844 2208 V,
866 2162 1050 2199 Ardeati-

98 2228 171 2262 no,
191 2216 256 2264 qui
277 2217 383 2254 intra
411 2216 505 2253 duos
524 2227 676 2253 menses
696 2228 716 2252 e
738 2214 819 2251 vita
848 2215 1046 2263 migravit.

100 2269 196 2306 Post
233 2269 334 2306 hunc
360 2268 623 2318 Apostolicam
651 2268 792 2305 Sedem
827 2265 940 2304 exitu
976 2279 1047 2304 no-

97 2321 269 2358 vembris
303 2322 508 2370 occupavit
542 2321 657 2370 paulo
696 2319 862 2369 amplius
892 2320 1048 2357 dimidio

97 2373 188 2411 anni
210 2373 492 2422 Cristophorus,
513 2375 727 2411 Romanus.

151 2426 209 2463 De
237 2427 513 2475 Christophoro
542 2427 783 2474 scripserunt
812 2425 1048 2463 Vincentius

98 2478 390 2516 Bellovacensis
410 2491 509 2516 saec.
531 2480 643 2525 XIII,
663 2479 820 2516 Platina
847 2490 948 2516 saec.
971 2478 1048 2515 XV

100 2535 141 2569 et
160 2531 340 2579 deinceps
366 2532 540 2569 historici
560 2532 726 2581 passim,
747 2532 849 2579 quod
877 2543 964 2568 cum
985 2543 1049 2568 es-

100 2586 161 2622 set
190 2583 396 2632 presbyter
424 2587 463 2621 et
490 2584 694 2622 familiaris
713 2584 854 2621 Leonis
875 2584 924 2629 V,
944 2584 1049 2620 hunc

100 2637 140 2674 in
161 2647 359 2673 carcerem
386 2636 611 2683 coniecerit,
631 2638 670 2674 in
700 2649 777 2685 quo
807 2649 850 2674 eo
881 2639 1051 2682 mortuo,

101 2689 234 2727 sedem
249 2687 488 2741 pontificiam
504 2689 769 2737 occupaverit,
789 2692 828 2726 et
847 2689 948 2737 quod
970 2689 1050 2737 ipse

100 2742 219 2779 etiam
240 2744 325 2789 post
345 2752 494 2778 menses
517 2742 541 2778 6
562 2754 585 2778 a
605 2742 740 2790 Sergio
760 2742 943 2787 deiectus,
964 2754 1050 2778 mo-

101 2794 295 2831 nasticum
336 2793 513 2830 habitum
542 2794 699 2831 induere
727 2798 887 2831 coactus
916 2794 1050 2831 fuerit.

102 2847 251 2884 Verum
273 2847 318 2883 de
340 2846 399 2883 his
427 2845 522 2882 nibil
548 2846 755 2894 quidquam
785 2847 964 2884 invenire
994 2850 1053 2884 est

103 2899 204 2948 apud
221 2900 428 2947 scriptores
445 2900 625 2946 aequales
641 2901 708 2935 aut
727 2911 921 2947 suppares.
935 2900 1053 2936 Luit-

104 2952 286 3000 prandus,
302 2951 470 2999 scriptor
486 2951 599 2987 huius
614 2951 760 2988 saeculi
775 2952 812 2988 X
823 2955 862 2989 et
877 2952 973 2989 alias
985 2952 1052 2988 im-

104 3004 329 3041 moderatus
358 3004 444 3040 RR.
474 3003 712 3041 Pontificum
741 3015 898 3050 censor,
930 3017 1053 3054 neque

148 3097 159 3119 ¹
178 3096 315 3136 Critica‚
332 3098 371 3128 ad
388 3107 436 3129 an.
453 3097 520 3130 900.

1894 136 1973 174 247

1065 213 1208 251 Leonis
1222 213 1258 251 V
1278 226 1403 263 neque
1423 211 1690 261 Christophori
1708 210 1900 248 meminit.
1922 210 2019 248 Flo-

1066 266 1247 311 doardus,
1264 267 1326 315 qui
1351 268 1422 303 liae
1443 266 1527 315 ipsa
1546 266 1676 302 aetate
1696 262 1844 309 floruit,
1859 263 1906 300 de
1923 263 2018 300 Leo-

1069 331 1116 355 ne
1132 319 1167 355 V
1184 321 1301 367 atquc
1321 319 1598 367 Christophoro
1619 316 1848 366 simpliciter
1868 316 2016 360 scribIt,

1067 372 1168 418 quod
1188 373 1291 420 prior
1312 375 1396 420 post
1410 372 1669 408 Bone-dictum
1698 370 1744 407 ad
1767 368 2019 418 pontificatus

1069 424 1254 461 honorem
1277 426 1434 461 evectus
1448 453 1457 469 ,
1477 424 1584 460 intra
1603 423 1699 460 duos
1720 433 1872 459 menses
1893 433 1914 459 e
1935 421 2020 457 vita

1070 476 1314 523 migraverit,
1334 480 1374 513 et
1401 477 1503 524 quod
1535 477 1722 524 posterior
1752 474 2021 512 moderamina

1071 529 1181 565 Sedis
1198 529 1444 577 Apostolicac
1466 540 1554 566 mox
1571 527 1751 574 sortitus,
1767 527 1882 576 paulo
1913 526 2019 564 ultra

1072 581 1272 618 dimidium
1293 581 1383 617 anni
1403 580 1636 629 gubernarit
1656 579 1680 618 ¹.

1124 635 1148 670 7
1152 634 1187 670 2.
1202 633 1371 681 Servius
1383 633 1456 670 ΙΙΙ
1468 634 1667 680 Pontifeoe
1679 631 1764 682 (cm.
1777 631 2026 683 904)—P0st

1073 685 1368 734 Cristophorum
1387 697 1448 722 an.
1469 685 1547 722 904
1567 686 1820 723 ecclesiarum
1848 686 2024 734 regimen

1074 738 1352 775 demandatum
1375 737 1451 775 fuit
1470 738 1605 786 Sergio
1622 738 1693 783 III,
1709 738 1786 775 iam
1803 740 1889 786 post
1903 738 2026 774 Theo-

1076 791 1161 827 dori
1183 791 1219 827 II
1240 790 1392 827 obitum
1413 802 1436 827 a
1455 789 1589 828 multis
1615 791 1663 827 ad
1692 790 1788 827 illud
1809 791 2025 839 designato,

1075 843 1143 881 sed
1162 842 1482 891 praevalentibus
1502 842 1657 880 Ioannis
1676 842 1733 879 IX
1761 843 1958 890 partibus,
1975 843 2024 880 ab

1079 896 1174 932 urbe
1194 895 1391 943 relegato,
1413 898 1457 932 ut
1476 906 1596 943 supra
1617 895 1790 932 diximus
1809 893 1836 933 ².

1132 948 1248 985 Hunc
1260 947 1495 985 Pontificem
1511 947 1626 985 tetris
1647 948 1840 985 coloribus
1856 947 2034 996 depinxit

1080 1001 1359 1049 Luitprandus,
1377 1000 1535 1048 perinde
1555 1012 1600 1037 ac
1620 1001 1651 1037 si
1671 1002 1757 1049 post
1776 1000 1924 1037 obitum
1940 1000 2031 1038 Ste-

1081 1054 1200 1102 phani
1216 1053 1252 1089 V
1275 1056 1414 1090 contra
1443 1054 1674 1090 electionem
1693 1053 1870 1090 Formosi
1900 1054 2032 1090 insur-

1083 1106 1271 1152 rexisset3
1292 1106 1430 1143 deinde
1458 1106 1726 1154 Apostolicam
1750 1105 1890 1142 Sedem
1919 1106 2036 1142 inva-

1082 1159 1196 1197 sisset
1216 1159 1335 1196 armis
1353 1159 1556 1196 Adelberti
1570 1188 1579 1205 ,
1600 1157 1835 1195 marchionis
1855 1158 2036 1204 Tusciae3

1084 1215 1123 1249 et
1145 1211 1319 1260 pontifex
1339 1211 1463 1249 factus
1476 1241 1485 1257 ,
1506 1211 1545 1248 in
1567 1212 1736 1249 cadaver
1753 1210 1927 1248 Formosi
1947 1221 2038 1248 sae-

1087 1265 1232 1311 viisset‚
1253 1265 1414 1312 eiusque
1434 1266 1523 1302 acta
1543 1267 1592 1315 et·
1612 1264 1882 1302 ordinationes
1911 1263 2038 1301 resci-

1085 1318 1226 1363 disset3
1247 1329 1336 1355 cum
1362 1317 1548 1363 Marozia,
1568 1317 1686 1354 nobili
1714 1319 1862 1363 scorto,
1881 1318 2039 1365 turpem

1086 1370 1407 1408 consuetudinem
1423 1370 1635 1416 habuisset,
1647 1372 1687 1407 et
1706 1382 1757 1407 ex
1776 1382 1823 1407 ea
1843 1369 2043 1419 genuisset

1087 1424 1291 1469 Ioannem,
1312 1426 1446 1472 postea
1466 1424 1583 1460 huius
1612 1422 1780 1460 nominis
1801 1421 2037 1460 Pontificem

1087 1476 1145 1513 XI
1164 1474 1192 1513 ³.
1216 1476 1365 1514 Verum
1383 1487 1519 1514 omnes
1538 1476 1612 1513 hae
1632 1475 1863 1524 Luitprandi
1883 1486 2039 1513 accusa-

1087 1529 1212 1566 tiones
1237 1532 1416 1578 pugnant
1431 1540 1520 1566 cum
1538 1529 1704 1566 vetustis
1724 1530 1765 1565 et
1783 1527 1942 1565 sinceris
1961 1539 2043 1565 mo-

1089 1582 1300 1619 numentis.
1322 1582 1483 1630 Sergius
1513 1581 1616 1618 enim
1637 1593 1710 1617 non
1734 1592 1822 1618 cum
1837 1580 2045 1626 Formoso,

1087 1636 1155 1672 sed
1175 1646 1266 1671 cum
1286 1635 1428 1672 Ioanne
1448 1634 1506 1671 IX
1525 1634 1671 1671 electus
1690 1633 1764 1671 fuit
1780 1632 1813 1679 4;
1829 1645 1906 1670 non
1924 1633 2043 1671 armis

1088 1687 1303 1733 Adelberti,
1320 1688 1387 1724 sed
1404 1687 1583 1737 precibus
1599 1688 1870 1724 Romanorum
1898 1687 1939 1723 in
1970 1697 2041 1723 ur-

1089 1742 1174 1777 bem
1209 1743 1418 1777 revocatus
1451 1742 1491 1777 et
1523 1741 1563 1777 in
1597 1740 1738 1777 Sedem
1773 1738 2040 1787 Apostolicam

1089 1795 1248 1830 evectus
1277 1796 1336 1830 est
1350 1792 1382 1840 5;
1412 1805 1488 1830 non
1522 1793 1605 1841 ipse
1638 1792 1706 1829 sed
1735 1791 1955 1840 Stephanus
1987 1791 2045 1828 VI

1088 1856 1231 1883 saevus
1260 1845 1391 1883 extitit
1419 1845 1458 1883 in
1490 1846 1741 1890 Formosum,
1762 1848 1806 1881 ut
1833 1855 1951 1892 supra
1979 1843 2046 1880 vi-

1090 1896 1274 1945 dimus63
1309 1899 1475 1947 denique
1508 1899 1671 1935 Ioannes
1699 1898 1757 1934 XI
1786 1909 1863 1934 non
1892 1896 2042 1945 Sergii,

1030 1962 1033 1963 ’
1089 1952 1154 1989 sed
1191 1951 1358 1988 Alberiei
1394 1950 1597 2000 Spoletani
1634 1950 1736 1987 filius
1774 1949 1848 1987 fuit
1877 1947 1904 1987 ⁷.
1934 1949 2048 1986 Certe

1089 2005 1333 2042 Flodoardus
1372 2006 1412 2042 et
1445 2004 1608 2041 Ioannes
1639 2004 1841 2049 diaconus,
1875 2002 1940 2050 qui
1973 2002 2048 2039 hac

1089 2059 1220 2095 aetate
1239 2057 1471 2103 floruerunt,
1484 2059 1623 2094 auctor
1638 2055 1837 2105 epitaphii,
1850 2055 1952 2103 quod
1964 2054 2051 2092 Ser-

1089 2112 1153 2159 gio
1182 2110 1238 2146 III
1271 2111 1310 2147 in
1344 2110 1505 2147 basilica
1533 2110 1728 2147 Vaticana
1757 2109 1930 2157 positum
1958 2110 1998 2145 et
2026 2119 2050 2145 a

1092 2165 1210 2200 Petro
1240 2163 1373 2200 Mallio
1399 2174 1500 2200 saec.
1527 2163 1606 2199 XII
1628 2162 1836 2210 vulgatum
1856 2164 1942 2207 est,
1970 2172 2046 2197 au-

1089 2219 1172 2253 ctor
1191 2227 1413 2264 anonymus
1428 2216 1702 2253 Salernitanus
1721 2214 1788 2263 qui
1808 2215 1880 2251 hoc
1900 2225 2043 2250 saecu-

1088 2269 1143 2315 lo,
1164 2271 1203 2306 et
1223 2269 1300 2306 Leo
1321 2268 1568 2306 Marsicanus
1589 2280 1657 2305 seu
1679 2267 1881 2312 Ostiensis,
1901 2265 1966 2313 qui
1986 2277 2044 2303 se·

1090 2324 1231 2371 quente
1265 2322 1417 2368 floruit,
1451 2321 1547 2358 nihil
1576 2323 1845 2358 memorarunt
1874 2329 2010 2355 eorum
2034 2346 2044 2364 ‚

1089 2386 1259 2424 quorum
1296 2374 1562 2422 Luitprandus
1597 2373 1800 2411 accusavit
1829 2371 2037 2419 Sergium3

1089 2428 1180 2477 quin
1192 2429 1267 2465 imo
1281 2427 1483 2464 Pontificis
1499 2427 1616 2464 huius
1626 2427 1814 2475 pietatem
1829 2424 2044 2462 laudarunt

1092 2480 1257 2530 praefati
1294 2480 1560 2526 Flodoardus,
1589 2481 1753 2517 Ioannes
1782 2478 1965 2515 diaconus
2001 2478 2041 2512 et,

1091 2537 1228 2571 auctor
1248 2533 1437 2582 epitaphii
1457 2530 1484 2571 ⁸.

1143 2586 1308 2635 Scripsit
1326 2598 1443 2634 supra
1463 2585 1588 2622 dictus
1613 2583 1880 2632 Luitprandus
1909 2581 2044 2630 poste-

1093 2639 1185 2676 riori
1202 2639 1317 2675 huius
1337 2638 1481 2675 saeculi
1496 2639 1536 2675 X
1557 2636 1712 2674 dimidio
1732 2635 1854 2672 libros
1869 2635 1893 2671 9
1909 2645 2042 2671 rerum

1091 2694 1293 2741 gestarum
1309 2692 1367 2728 sui
1387 2690 1584 2740 temporiS,
1600 2692 1639 2726 et
1659 2689 1723 2725 diu
1745 2699 1768 2725 a
1787 2686 2038 2735 scriptoribus

1093 2745 1428 2793 subsequentibus,
1439 2745 1485 2780 ab
1504 2743 1585 2791 ipso
1601 2741 1780 2787 Baronio,
1799 2742 1838 2778 et
1858 2739 1959 2786 aliis,
1973 2750 2044 2776 ceu

1139 2849 1149 2870 ¹
1171 2849 1213 2879 De
1230 2849 1317 2880 Rom.
1337 2845 1464 2885 Ponltf.

1138 2889 1152 2911 2
1170 2891 1234 2921 vid.
1251 2900 1279 2929 p.
1296 2889 1371 2919 215.

1137 2931 1151 2952 3
1166 2930 1247 2962 Hisc.
1268 2932 1284 2960 l.
1304 2930 1328 2959 J.

1138 2973 1151 2994 4
1165 2971 1316 3002 Flouoard
1332 2996 1339 3008 ‚
1355 2970 1398 3001 De
1414 2968 1501 3000 [lom.
1520 2967 1652 3007 Pontis.;
1670 2966 1822 3008 Epitaph.
1838 2965 1946 3007 Serqii
1962 2965 2020 2998 III.

1139 3014 1153 3035 5
1169 3013 1255 3049 lbid„
1271 3016 1300 3042 et
1317 3011 1401 3042 Ioan.
1421 3011 1554 3048 Diacon,
1572 3009 1616 3040 De
1631 3010 1704 3041 eccl.
1723 3009 1871 3041 Lateran.
2026 3033 2031 3039 .

1140 3055 1154 3076 6
1170 3055 1242 3083 Patr.
1260 3052 1329 3083 0211.

1139 3096 1153 3116 7
1169 3076 1363 3130 Saffzrnitan„
1375 3090 1576 3131 Paralipomv
1589 3094 1667 3127 part.
1678 3092 1712 3130 Π,
1726 3090 1797 3123 Rer.
1811 3089 1880 3121 ital.
1890 3087 2056 3130 Scriptor.

147 3138 162 3160 ²
177 3138 241 3168 vid.
259 3148 335 3178 opus
357 3140 557 3178 inscriptum,
581 3137 624 3169 La
645 3137 825 3178 perpatuit&
845 3137 883 3168 de
906 3138 937 3169 la
958 3138 1005 3178 foi
1021 3138 1059 3169 de
1101 3140 1120 3168 t.
1137 3136 1176 3173 11;
1194 3137 1253 3165 Leo
1269 3134 1413 3171 Ostiens.‚
1433 3131 1551 3164 Chron.
1573 3131 1681 3164 Casia·
1697 3133 1717 3163 l.
1738 3134 1758 3171 l,
1774 3141 1800 3162 c.
1818 3131 1867 3162 61.

110 3177 237 3219 l'Eylise
253 3180 432 3221 camelique
446 3179 602 3212 touchant
618 3178 851 3218 l'Eucharistie,
861 3179 880 3210 5
893 3180 1058 3211 minin-40.

1143 3177 1157 3199 8
1173 3177 1242 3207 Loc.
1258 3177 1307 3207 cit.
1323 3175 1360 3206 Cf
1372 3175 1457 3215 Pagi,
1477 3172 1584 3206 Critic.
1601 3172 1641 3204 ad
1659 3182 1706 3205 an.
1723 3171 1868 3205 §mi-910.
