2241 3473
759 118 884 150 VSQVE
913 119 966 146 AD
997 119 1187 148 AETATEM
1215 121 1359 148 CAROLI
1389 121 1431 149 M.

121 182 283 231 peribat.
293 181 478 230 Hispania
494 184 629 222 iisdem
645 183 849 223 Saracenis
868 185 951 221 erat
966 183 1059 220 sub·
1080 188 1081 191 ’

124 235 236 272 iecta.
266 235 309 272 In
348 235 472 273 Italia·
493 238 837 287 Longobardorum
875 235 997 281 bella,
1023 233 1083 292 et*1

122 287 161 325 in
184 287 310 325 Gallia
330 289 505 329 internae
522 292 661 329 turbae
676 291 895 329 litterarum
912 300 1063 338 prospe·
1082 299 1083 314 ¹

122 340 227 378 ritati
266 339 486 383 obfuerunt.
516 345 623 382 Inter
662 344 866 393 scriptores
894 343 1062 380 Graecos
1082 348 1083 362 ³

122 394 454 442 commendantur,
465 410 583 447 supra
598 398 756 444 laudati,
773 408 802 434 s.
814 395 976 433 Ioannes
990 395 1062 432 Da-

90 492 93 495 ·
122 457 327 485 mascenus
357 452 396 485 et
422 461 449 486 s.
481 452 697 488 Germanus
726 447 946 499 patriarcha
974 447 1062 496 Cp.;

121 510 151 536 s.
170 499 516 550 Ioannes,p1=aeter
535 504 612 542 alia
632 504 755 552 plura,
776 500 928 549 scripsit
946 500 1064 537 libros

122 551 175 589 IV
206 553 254 590 de
277 555 511 594 Orthodoaea
539 557 640 606 fide,
661 556 699 592 in
729 554 868 603 quibus
894 553 1062 589 omnium

121 604 268 653 primus
283 607 517 658 theologiam
534 609 753 646 universam
770 605 973 644 dialectica
990 617 1063 642 me-

122 658 238 696 thodo
255 663 444 709 exposuit,
461 664 672 699 Orationes
683 661 739 699 III
756 672 824 709 pro
840 658 959 696 sacris
973 658 1067 695 ima·

121 712 273 760 ginibus
287 743 296 760 ,
312 714 427 752 libros
447 715 496 753 de
525 715 756 753 haeresibus
776 715 816 751 et
834 711 884 749 de
904 711 1063 748 duabus

127 765 281 803 Christe·
307 769 473 805 naturis
495 767 521 814 ¹,
542 767 720 816 Hymnos
737 779 826 813 sex,
852 765 1064 802 Commen-

122 820 278 856 tarium
297 820 521 858 historicum
541 821 588 858 de
608 833 639 859 s.
660 820 852 864 Artemio,
873 820 912 856 et
931 817 1063 855 Testi-

121 873 292 910 monium
311 873 358 910 de
366 876 619 923 processione
636 874 819 923 Spiritus
833 872 872 910 S.
885 869 910 908 ².
923 870 960 907 S.
973 871 1065 908 Ger·

119 936 256 963 manus
274 925 433 975 reliquit
450 930 531 965 tres
541 927 721 977 epistolas
744 927 789 964 de
804 925 910 963 cultu
929 934 1063 961 sacra-

120 989 209 1015 rum
229 979 460 1028 Imaginum,
476 980 622 1028 aliquot
637 980 856 1025 Orationes,
868 980 907 1015 et
921 989 1061 1014 secun-

118 1031 209 1069 dum
225 1033 367 1070 multos
386 1036 598 1071 tractatum
618 1034 664 1070 de
683 1045 750 1071 sex
772 1032 930 1081 synodis
950 1042 1063 1067 oecu-

119 1085 278 1122 menicis
293 1083 319 1123 ³.
332 1087 533 1124 Accedunt
552 1087 750 1136 Georgius,
767 1086 884 1124 abbas
903 1088 943 1122 et
961 1083 1064 1120 circa

119 1137 236 1175 finem
257 1139 370 1176 huius
390 1139 532 1177 saeculi
552 1140 744 1188 syncellus
770 1137 944 1176 Tharasii
960 1167 969 1182 ,
1001 1149 1065 1185 pa-

119 1191 315 1229 triarchae
344 1192 422 1241 Cp„
443 1193 505 1241 qui
525 1194 740 1231 eruditione
760 1193 905 1237 clarus,
931 1191 1062 1228 Chro-

96 1290 101 1295 ι
119 1246 242 1282 nicon
262 1245 442 1283 exaravit
461 1247 508 1284 ab
528 1247 677 1284 Adamo
698 1258 821 1294 usque
847 1245 894 1282 ad
914 1243 1061 1281 Diocle-

120 1297 270 1336 tianum
299 1298 572 1347 imperatorem
592 1300 626 1346 ⁴3
646 1302 685 1337 et
712 1299 989 1347 Theophanes,
1009 1296 1059 1333 il-

118 1349 234 1388 lustri
253 1362 397 1400 genere
417 1352 745 1402 Constantinopoli
766 1355 899 1399 natus,
920 1362 1059 1388 mona-

117 1403 211 1441 chus
230 1408 270 1442 et
297 1405 433 1452 abbas,
454 1417 657 1444 sacrarum
678 1406 895 1455 Imaginum
923 1404 1058 1442 defen-

118 1468 202 1503 sor,
222 1458 287 1506 qui
315 1459 422 1496 dedit
453 1460 835 1509 Clzronoyraphiam
864 1460 910 1496 ab
939 1458 1058 1496 initiis

117 1510 350 1548 Diocletiani
378 1512 624 1560 imperatoris
644 1526 763 1563 usque
783 1513 830 1551 ad
851 1525 912 1551 an.
933 1513 1010 1550 813
1033 1513 1057 1550 ⁵.

117 1563 223 1602 Inter
238 1564 442 1614 scriptores
453 1566 613 1604 Latinos
629 1569 887 1605 numerantur
901 1578 1060 1615 sequen-

117 1618 195 1655 tes:
224 1617 440 1656 Adhelmus
476 1630 524 1657 ex
553 1620 693 1658 abbate
721 1620 1057 1658 Malmesburiensi

117 1670 317 1719 episcopus
358 1671 698 1711 Schireburnensis
735 1674 774 1711 in
802 1672 945 1722 Anglia
958 1703 967 1719 ,
996 1673 1058 1711 vir

116 1724 374 1772 undequaque
403 1725 560 1772 doctus,
582 1739 602 1763 e
631 1727 739 1765 cuius
768 1727 920 1776 scriptis
949 1738 1057 1764 com-

116 1777 323 1814 memorari
344 1782 543 1816 merentur
562 1779 660 1817 liber
678 1780 727 1818 de
748 1780 949 1817 Paschate
964 1792 1058 1817 con-

116 1831 179 1867 tra
190 1841 361 1868 errorem
378 1831 595 1880 Britonum,
608 1833 704 1871 liber
718 1834 764 1872 de
780 1833 970 1871 laudibus
982 1834 1059 1870 vir-

113 1884 330 1931 qi'nitatis,
358 1884 457 1922 liber
484 1885 533 1923 de
551 1892 637 1924 octo
665 1888 796 1933 vitiis,
825 1886 1058 1935 AEnigmata

117 1940 157 1973 et
175 1936 304 1985 plures
324 1936 520 1986 Epistolae
539 1936 565 1978 ⁶.
586 1940 693 1977 Beda
713 1944 969 1990 cognomento
986 1940 1058 1978 Ve-

117 1990 320 2037 nerabilis,
340 1990 492 2040 Anglus
510 1994 551 2030 et
570 1992 724 2032 Ordinis
742 2006 771 2032 s.
784 1993 987 2032 Benedicti
1002 2005 1058 2030 so-

116 2043 215 2090 cius,
234 2043 341 2081 vitae
361 2044 617 2084 sanctimonia
636 2050 676 2085 et
694 2048 900 2096 omnigena
919 2047 1054 2084 erudi-

116 2097 222 2134 tione
260 2098 487 2145 conspicuus
504 2129 513 2144 ,
550 2100 677 2138 multa
714 2100 874 2150 reliquit
910 2100 1056 2149 scripta

116 2149 938 2203 grammatico·philologico-philosophica,
968 2165 1054 2191 ma-

115 2202 344 2250 thematica,
371 2203 556 2244 historica
583 2210 622 2244 et
640 2208 859 2257 theologica
876 2205 912 2254 ⁷3
930 2207 1056 2244 maxi-

115 2267 179 2293 me
205 2256 416 2294 laudantur
444 2258 616 2298 Historia
643 2261 906 2299 ecclesiastica
930 2261 1056 2309 gentis

116 2309 329 2358 Anglorum
350 2312 390 2347 et
408 2310 622 2351 Chronicon
642 2315 688 2352 de
703 2326 776 2352 sex·
789 2313 1057 2352 mundialem-

118 2362 233 2400 tibus.
243 2362 518 2412 FredegariuS,
532 2366 766 2415 professione
781 2367 1057 2413 Scholasticus,

116 2415 322 2453 adornavit
347 2421 531 2467 excerpta
559 2419 749 2459 Chronica
777 2433 843 2458 seu
868 2420 1057 2470 epitomen

118 2468 312 2506 Historiae
332 2468 570 2510 Francorum
583 2503 592 2519 ,
613 2486 636 2511 a
656 2474 845 2523 Gregorio
861 2474 1058 2511 Turonen-

118 2521 150 2559 si
170 2521 312 2566 editae,
334 2524 374 2558 et
401 2523 615 2563 Chronicon
635 2539 659 2564 a
679 2527 810 2565 mundi
839 2527 1058 2576 ¹primordiis

119 2586 240 2623 usque
261 2575 311 2612 ad
329 2586 473 2614 annum
489 2590 602 2617 aerae
618 2579 791 2629 vulgaris
802 2580 894 2625 641,
910 2582 958 2618 ab
974 2580 1057 2618 aliis

119 2639 238 2676 usque
254 2628 302 2665 ad
319 2638 377 2664 an.
391 2629 467 2666 768
481 2633 761 2671 continuatum.
777 2632 964 2671 Alcuinus
980 2636 1059 2671 An-

117 2681 225 2730 glus,
253 2679 450 2718 Ecclesiae
478 2684 732 2725 Eboracensis
761 2686 967 2733 diaconus,
997 2699 1056 2724 an.

117 2734 192 2771 781
215 2746 238 2771 a
257 2733 393 2772 Carolo
414 2735 554 2784 Magno
575 2739 613 2775 in
635 2739 802 2777 Galliam
823 2740 980 2787 accitus,
997 2740 1058 2777 vir

117 2786 340 2836 linguarum
362 2790 400 2825 et
419 2789 666 2829 scientiarum
683 2804 792 2830 sacro
807 2792 1056 2842 profanarum

1916 111 1990 149 201

1105 184 1381 232 peritissimus,
1400 184 1535 223 Carolo
1561 184 1704 235 Magno
1725 185 1760 223 in
1785 185 2044 224 instaurandis

1105 237 1143 274 in
1165 238 1291 275 Gallia
1319 238 1460 276 litteris
1489 241 1530 276 et
1548 238 1718 277 scientiis
1738 239 2043 288 potentissimam

1105 302 1215 339 opem
1237 291 1351 337 tulit,
1371 292 1602 341 scripsitque
1622 292 1877 342 expositiones
1896 296 1934 330 et
1949 305 2048 330 com·

1107 345 1298 382 mentaria
1318 345 1355 381 in
1377 356 1406 382 s.
1428 344 1680 394 Scripturam,
1702 345 1818 383 libros
1839 346 1885 383 de
1904 357 1952 384 ss.
1964 346 2049 384 Tri-

1082 439 1084 453 1
1106 397 1250 443 nitate,
1271 397 1366 434 alios
1395 399 1532 436 contra
1553 398 1721 437 Felicem
1741 401 1781 437 et
1800 399 2044 449 Elipandum,

1106 449 1152 487 de
1173 461 1334 498 quorum
1355 451 1549 489 erroribus
1577 453 1615 489 in
1637 452 1811 501 sequenti
1832 452 1976 501 epocha
1996 452 2047 490 lo-

1106 514 1290 550 quemur,
1311 505 1350 540 et
1378 503 1569 552 Epistolas
1597 505 1781 554 plurimas
1803 503 1827 543 ¹.
1849 506 1888 544 S.
1910 505 2046 544 Pauli-

1108 566 1192 601 nus,
1214 556 1411 606 episcopus
1441 557 1714 605 Aquileiensis,
1743 558 1892 608 scripsit
1919 559 1966 597 de
1994 571 2044 598 ss.

1107 608 1297 646 Trinitate
1317 612 1452 647 contra
1471 610 1623 648 eosdem
1644 611 1815 649 Felicem
1836 615 1875 650 et
1894 612 2046 661 Elipan-

1107 661 1197 697 dum
1218 659 1244 698 ².
1268 662 1413 700 Paulus
1434 663 1915 710 Warnefridus,ecclesiae
1932 666 2048 714 Aqui-

1107 713 1262 751 leiensis
1282 715 1480 762 diaconus,
1503 719 1657 765 praeter
1675 717 1752 755 alia
1770 718 1809 755 in
1830 718 1955 757 lucem
1974 719 2045 757 de·-

1107 766 1164 804 dit
1183 767 1398 806 Historiam
1419 769 1763 818 Longobardorum
1785 770 1810 809 ³.

1159 820 1397 859 Prodierunt
1416 821 1534 859 etiam
1554 823 1625 860 hoc
1641 823 1720 872 ipso
1741 824 1896 862 saeculo
1916 827 2046 863 aucto-

1107 872 1384 912 ribus-incertis
1400 874 1499 912 liber
1513 875 1683 913 Diurnus
1699 877 1784 914 RR.
1801 877 2047 926 Pontificum,

1107 927 1153 963 ad
1192 927 1395 965 historiam
1436 928 1740 967 ecclesiasticam
1777 930 2045 969 illustrandam

1107 979 1219 1017 valde
1240 980 1364 1027 utilis,
1385 982 1424 1018 et
1457 981 1559 1019 Ordo
1588 983 1801 1020 Romanus
1830 984 1876 1021 de
1905 985 2043 1022 divinis

1106 1032 1240 1070 officiis
1260 1035 1298 1070 et
1319 1035 1524 1083 mysteriis.

1148 1086 1209 1124 72.
1224 1087 1929 1128 Canom'cor.Instant—Diximusin
1939 1103 2047 1140 prae-

1105 1140 1257 1177 cedenti
1277 1152 1439 1178 numero
1452 1171 1461 1188 ,
1481 1154 1510 1180 s.
1532 1143 1854 1193 Chrodegangum
1880 1144 2045 1194 insigni-

1104 1195 1166 1231 ter
1186 1194 1424 1242 promovisse
1451 1197 1662 1234 canonicae
1676 1197 1782 1235 vitae
1808 1197 2044 1236 institutum.

1105 1247 1346 1296 Antiquitus,
1375 1247 1513 1286 saltem
1532 1250 1569 1287 in
1589 1250 1762 1288 Ecclesia
1790 1262 1943 1299 graeca,
1963 1263 2046 1288 om-

1105 1311 1170 1337 nes
1185 1300 1314 1338 clerici
1334 1303 1424 1339 sunt
1443 1304 1630 1349 canonici,
1650 1304 1749 1352 quod
1767 1316 1899 1342 eorum
1920 1305 2045 1342 nomi-

1105 1364 1154 1390 na
1173 1353 1212 1390 in
1232 1354 1480 1392 ecclesiarum
1510 1368 1696 1395 canonem
1717 1369 1784 1395 seu
1806 1357 2045 1395 matriculam

1104 1409 1218 1444 erant
1235 1407 1371 1446 relata.
1388 1408 1485 1450 Quia
1500 1422 1592 1448 vero
1611 1425 1708 1446 κανον
1728 1410 1907 1460 regulam
1927 1410 2044 1448 etiam

1104 1460 1334 1507 denotabat,
1363 1461 1400 1498 in
1442 1463 1615 1502 Ecclesia
1652 1464 1879 1502 occidentali
1908 1476 2045 1501 nomen

1103 1514 1372 1552 canonicorum
1389 1516 1555 1555 inditum
1571 1522 1629 1556 est
1644 1519 1690 1556 iis
1706 1517 1867 1563 clericis,
1887 1517 1950 1565 qui
1971 1520 2044 1555 sta-

1102 1567 1217 1604 bilem
1247 1580 1564 1619 communemque
1594 1571 1746 1609 vivendi
1775 1571 1953 1620 regulam
1979 1582 2043 1608 se-

1104 1621 1343 1668 quebantur,
1363 1634 1386 1659 a
1415 1625 1612 1662 monachis
1641 1629 1774 1663 tamen
1803 1624 2043 1662 differebant.

1105 1673 1331 1712 Huiusmodi
1347 1675 1503 1715 vivendi
1522 1678 1727 1725 rationem,
1747 1689 1815 1715 seu
1836 1677 1941 1714 vitae
1961 1677 2042 1714 cle-

1103 1727 1230 1765 ricalis
1259 1740 1346 1765 cum
1375 1731 1591 1768 monastica
1619 1731 1937 1777 coniunctionem,
1965 1731 2042 1768 iam

1102 1780 1257 1818 saeculo
1273 1781 1328 1819 IV
1344 1794 1372 1820 s.
1394 1784 1585 1822 Eusebius
1604 1785 1807 1834 episcopus
1823 1784 2045 1822 Vercellen-

1101 1834 1152 1871 sis
1170 1834 1272 1871 inter
1292 1836 1451 1874 clericos
1471 1849 1559 1876 suos
1580 1837 1841 1875 introduxisse
1861 1837 2044 1885 perhibe-

1101 1890 1166 1924 tur
1185 1886 1212 1925 4.
1233 1888 1339 1925 Idem
1369 1889 1541 1928 effecisse
1570 1891 1712 1940 legitur
1740 1903 1768 1929 s,
1799 1890 2044 1939 Augustinus

1102 1940 1302 1989 episcopus
1331 1942 1588 1992 Hipponensis
1615 1944 1640 1982 ⁵.
1670 1944 1772 1982 Prae
1801 1942 1884 1981 aliis
1911 1945 2043 1981 autem

1100 1993 1323 2032 institutum
1351 1996 1428 2033 hoc
1456 1997 1649 2046 promovit
1676 2009 1704 2035 s.
1726 1997 2042 2046 Chrodegangus,

1100 2059 1162 2085 an.
1183 2048 1261 2086 742
1281 2048 1482 2099 episcopus
1504 2051 1699 2089 Metensis.
1721 2050 1794 2088 Hic
1813 2050 1916 2088 enim
1936 2050 2043 2087 cleri-

1100 2112 1164 2138 cos
1185 2102 1372 2140 ecclesiae
1393 2115 1487 2141 suae
1508 2103 1742 2143 cathedralis
1764 2103 1803 2141 in
1825 2104 1937 2141 domo
1957 2103 2043 2152 epi-

1099 2155 1243 2203 scopali
1263 2156 1419 2206 collegit
1438 2159 1478 2195 et
1498 2158 1546 2195 ad
1574 2157 1694 2196 vitam
1716 2169 1958 2195 communem
1978 2168 2043 2195 se-

1099 2208 1268 2246 cundum
1296 2210 1496 2259 regulam,
1516 2223 1539 2248 a
1557 2222 1597 2249 se
1626 2210 1890 2260 compositam,
1909 2211 2046 2260 perdu-

1099 2260 1503 2302 xitFundamentalia
1512 2264 1626 2302 huius
1641 2264 1798 2313 regulae
1810 2264 2044 2313 praescripta

1099 2319 1211 2352 erant
1224 2345 1233 2361 ,
1271 2328 1473 2354 commune
1509 2318 1791 2365 habitaculum,
1830 2317 2042 2355 communis

1099 2380 1242 2415 mensa,
1263 2381 1464 2408 commune
1484 2370 1749 2409 dormitorium
1765 2373 1805 2409 et
1823 2382 1956 2419 preces
1976 2371 2043 2407 ho-

1100 2421 1151 2458 ris
1172 2423 1364 2461 canonicis
1381 2436 1456 2461 una
1474 2424 1763 2473 persolvendae3
1783 2435 1965 2461 manuum
1984 2423 2043 2461 la-

1100 2475 1184 2522 bor,
1202 2478 1377 2525 tempore
1397 2489 1419 2514 a
1435 2478 1621 2526 precibus,
1636 2477 1865 2515 lectionibus
1894 2478 1933 2514 et
1961 2475 2043 2514 fun-

1100 2528 1290 2566 ctionibus
1307 2530 1427 2568 sacris
1443 2531 1608 2577 residuo,
1624 2530 1883 2580 peragendus3
1899 2541 2043 2578 poenae

1100 2593 1166 2630 pro
1187 2582 1335 2620 delictis
1354 2586 1538 2631 statutae,
1560 2587 1672 2622 erant
1691 2582 1952 2630 correptiones
1971 2583 2044 2632 pri-

1099 2637 1216 2672 vatae
1241 2639 1280 2673 et
1308 2637 1499 2684 publicae,
1519 2638 1681 2682 ieiunia,
1711 2637 1889 2683 verbera,
1909 2647 2042 2674 carce-

1100 2699 1174 2735 res,
1195 2700 1218 2726 a
1237 2690 1515 2728 communitate
1536 2690 1707 2728 exclusio
1726 2688 1755 2726 ⁰.
1803 2708 1806 2712 ’

1140 2817 1151 2837 ¹
1169 2818 1328 2848 Ratishon.
1346 2816 1434 2853 1777,
1447 2816 1465 2847 -2
1484 2816 1540 2846 vol.
1561 2815 1665 2853 in-fol.;
1687 2815 1901 2848 Commentar.
1919 2816 1953 2848 in
1965 2816 2044 2857 Apo-

1080 2872 1081 2879 κ
1099 2858 1159 2888 cal.
1176 2859 1195 2889 l.
1213 2860 1246 2897 V,
1262 2859 1356 2889 edidit
1379 2858 1462 2889 card.
1479 2858 1535 2888 Mai
1553 2858 1583 2887 in
1601 2857 1756 2897 Scriptor.
1780 2860 1836 2889 vet.
1856 2858 2044 2897 collectione,

158 2892 279 2924 ¹Paris.
297 2893 376 2924 1719.
392 2897 421 2923 et
445 2894 547 2925 Venct.
574 2895 664 2935 1718,
686 2896 705 2927 ἱ).
729 2896 787 2928 vol.
810 2898 920 2936 in-sol.;
944 2899 1056 2938 Migne,

119 2933 235 2965 Patrol.
252 2943 357 2974 qraec.
374 2940 391 2966 t.
408 2935 562 2967 XClv-VI.

157 2974 172 2996 2
188 2975 287 3007 Edidit
302 2978 385 3007 card.
403 2977 460 3006 Mai
478 2978 506 3008 in
523 2977 670 3018 Spiciley.
683 2977 814 3009 Roman.
833 2981 955 3020 1.1x,p.
974 2980 1040 3011 713.
1079 2974 1081 2985 ¹

158 3015 173 3037 ³
187 3016 251 3047 vid.
269 3021 330 3048 not.
347 3017 373 3056 3,
390 3026 419 3056 p.
438 3017 622 3057 wat-012.

157 3057 172 3079 ⁴
187 3058 282 3089 Paris.
300 3058 377 3090 1652)
393 3059 494 3091 in—sol.
511 3077 550 3082 —-
565 3061 579 3082 5
595 3061 692 3091 Paris.
710 3060 788 3092 1055
803 3061 899 3092 iri-sol.

158 3098 173 3120 6
187 3099 315 3130 Londini
332 3099 420 3132 1663.

119 3183 139 3210 t.
155 3179 254 3212 XC·V.

157 3139 172 3160 ⁷
187 3141 288 3172 Colon.
309 3141 399 3180 1688,
422 3141 442 3172 4
458 3143 514 3173 vol.
540 3142 659 3180 in-i'ol.;
682 3143 803 3183 migne,
823 3143 941 3175 Patr-01.
965 3145 1054 3177 latin.
1078 3110 1081 3133 ¹

1079 2910 1081 2914 ·
1101 2902 1121 2930 t.
1139 2901 1188 2938 lX,
1205 2909 1233 2939 p.
1251 2899 1442 2939 257;n1igne‚
1460 2899 1516 2929 loc.
1533 2899 1581 2928 cit.
1599 2902 1619 2929 t.
1636 2899 1678 2929 (ΖΙ.

1140 2940 1153 2961 2
1170 2943 1271 2972 Venet.
1289 2939 1379 2976 1737,
1397 2940 1506 2977 in-sol.;
1526 2940 1638 2979 Mignc,
1655 2939 1712 2971 loc.
1728 2940 1790 2978 cit,
1808 2944 1826 2972 t.
1844 2941 1947 2972 XCIX.

1140 2982 1153 3003 3
1169 2984 1223 3022 Ap.
1241 2980 1569 3021 MuratortScriptor,
1587 2990 1646 3012 rer.
1673 2980 1743 3012 Ital.
1762 2985 1781 3013 t.
1806 2982 1837 3020 1;
1861 2983 1971 3022 Migne,
1984 2983 2043 3014 loc.

1100 3024 1150 3056 cil.
1168 3026 1187 3054 t.
1208 3024 1289 3054 XCV.

1079 3069 1080 3094 ἐ
1140 3066 1153 3087 ⁴
1169 3066 1197 3095 S.
1215 3063 1352 3094 Ambros
1370 3061 1467 3102 Epist.
1483 3062 1521 3093 82
1538 3061 1578 3094 ad
1589 3061 1671 3095 Eccl.
1691 3064 1821 3096 Vercell.

1141 3107 1155 3127 5
1171 3104 1339 3141 possidius,
1361 3103 1428 3136 Vita
1443 3112 1467 3135 s,
1482 3103 1662 3144 Augustini,
1678 3114 1702 3136 c.
1720 3104 1768 3136 ⁹25.

1140 3147 1154 3169 ὓ
1171 3147 1274 3177 Exstat
1288 3146 1364 3175 haec
1382 3144 1491 3185 regula
1507 3145 1587 3184 apud
1604 3146 1714 3183 Latine,
1732 3151 1749 3177 t.
1769 3147 1827 3185 vn,
1845 3156 1873 3186 p.
1892 3146 1980 3186 14143
1996 3149 2049 3179 Mi-

1078 3200 1081 3217 «
1101 3196 1170 3227 gne,
1192 3186 1308 3218 Patrol.
1329 3186 1417 3218 latin.
1437 3190 1455 3217 t,
1475 3186 1628 3219 LXXXIX.
