2241 3473
254 155 334 195 446

554 166 720 193 EPOCHA
742 164 830 191 XIII.
856 164 882 188 A
903 162 1083 189 PVBLICA
1107 161 1253 188 RERVM
1275 161 1317 187 IN
1337 160 1506 187 GALLIIS
1527 159 1819 187 SVBVERSIONE

206 240 309 276 mine
337 243 377 275 et
402 242 614 286 patronatu
640 235 817 281 insignis,
838 235 922 271 eius
949 245 1073 280 opera
1091 245 1155 269 CX-
1207 239 1336 275 picot-s
1363 239 1439 275 Dei
1464 239 1621 278 Filius,
1653 239 1714 275 die
1740 239 1786 275 29
1811 240 1905 275 maii
1932 239 2024 277 1883
2051 239 2160 287 leges

203 293 383 340 planaret
397 303 443 327 ac
463 292 692 331 illustraret,
706 299 885 335 novaque
903 288 1018 323 fieret
1036 287 1152 323 editio

1208 292 1517 328 Franciscalium
1550 292 1672 328 Tertii
1712 292 1873 328 Ordinis
1912 293 2158 336 saecularis,

203 347 378 393 Operum
405 345 530 381 sancti
550 342 732 378 Doetol'iS
757 347 943 377 accurate
970 341 1153 377 emenda-
1205 347 1327 382 aetati
1354 350 1514 382 nostrae
1542 349 1698 393 aptatas
1725 345 1899 390 tradidit,
1918 358 2006 382 cum
2026 346 2158 383 Indice

201 403 256 443 ta;
284 399 440 435 demum
470 408 626 439 recens,
646 396 714 431 sub
742 395 803 431 die
832 394 874 432 18
901 394 1059 441 augusti
1085 405 1149 429 an.

200 453 304 496 1883,
325 453 496 488 Littera:
516 451 643 498 Saepe
669 460 829 485 numero
856 448 1151 484 considerantes

197 508 317 543 missa
344 506 392 541 ad
425 505 656 542 Cardinales
683 503 927 538 Antoninum
961 501 1008 538 de
1045 503 1151 537 Luca

197 558 596 601 vicecancellarium‚
624 558 813 592 Ioannem
840 555 1063 603 Baptistam
1091 556 1150 590 Pi-

199 617 260 649 tra
286 611 637 648 Bibliothecarium
664 611 706 645 S.
726 610 773 644 R.
797 610 857 652 E„
879 613 918 644 et
943 609 1149 655 Iosephum

198 665 525 713 Hergenroether
550 663 772 701 Tabulariis
798 663 1005 698 Vaticanis
1030 662 1150 698 Prae-

199 721 360 763 fectum,
379 731 455 767 qua
482 718 725 766 praecipitur
749 721 792 753 ut
810 716 886 751 viri
909 718 1019 764 probi
1037 718 1076 752 in
1096 717 1150 752 hi-

198 775 435 810 storicarum
462 772 759 819 disciplinarum
795 782 942 819 genere
978 770 1150 807 scienter

197 829 360 871 versati,
379 827 553 863 animum
581 826 769 862 adiiciant
795 839 816 860 <t
836 825 883 861 ad
902 824 1148 860 scribendam

199 880 404 916 historiam
432 881 505 915 hoc
532 879 732 927 proposito
758 883 798 916 et
824 879 898 914 hac
918 877 1086 920 ratione,
1106 883 1149 914 ut

196 934 286 981 quid
312 945 450 971 verum
477 933 755 980 sincerumque
782 933 831 969 sit
861 937 1080 979 appareat,
1110 936 1150 968 et

194 999 293 1035 quae
321 992 591 1035 congeruntur
618 988 696 1022 iam
724 987 886 1022 nimium
906 986 971 1021 diu
991 986 1029 1021 in
1049 985 1148 1021 Pon—

195 1042 323 1078 tifices
350 1053 534 1077 romanos
550 1041 742 1077 iniuriosa
761 1041 929 1076 crimina
947 1039 1060 1076 docte
1081 1051 1148 1087 op-

197 1100 439 1143 portuneque
466 1095 687 1138 diluantur3
705 1095 802 1130 haec
830 1094 991 1130 totidem
1012 1105 1146 1129 monu-

195 1153 330 1186 menta
356 1156 446 1186 sunt
479 1149 696 1185 altissimae
728 1149 948 1194 sapientiae
984 1159 1029 1183 ac
1059 1159 1147 1194 pru-

194 1202 411 1239 dentissimi
440 1203 593 1239 consilii
621 1203 765 1239 Leonis
791 1202 894 1237 XIII.
931 1200 1003 1237 His
1037 1212 1146 1237 acce-

194 1257 288 1294 dunt
308 1258 345 1293 in
362 1258 470 1294 Urbe
490 1257 646 1293 scholae
667 1257 713 1292 ad
736 1268 877 1304 pueros
895 1255 1146 1299 erudiendos,

193 1312 401 1360 gymnasia
416 1315 454 1348 et
470 1312 582 1359 lycea
598 1310 809 1347 edocendis
824 1311 1046 1352 iuvenibus,
1060 1321 1148 1345 aca-

194 1366 349 1402 demiae
377 1367 473 1402 iuris
491 1394 499 1408 ‚
528 1365 795 1413 philosophiae
815 1393 823 1408 ‚
850 1376 897 1400 ac
930 1364 1119 1400 historiae
1138 1393 1146 1408 ,

193 1431 291 1467 quae
330 1420 377 1456 ab
403 1431 450 1456 eo
490 1423 655 1467 parata,
691 1429 786 1454 aere
827 1418 1147 1465 auctoritateque

193 1484 263 1510 sua
288 1478 513 1509 servantur.

241 1526 616 1573 111-Indzclgyentt'ae
641 1536 870 1563 concessae,
905 1527 944 1561 et
972 1524 1147 1560 indictae

192 1581 503 1630 supplicationes
521 1580 721 1616 catholieo
742 1579 945 1616 orbi-Uti
964 1590 1048 1615 mes
1075 1584 1147 1621 est,

193 1637 271 1672 Leo
301 1635 370 1681 Pp.
392 1635 481 1670 XIII
509 1635 556 1670 ob
583 1645 695 1670 suam
723 1634 772 1670 ad
799 1633 1047 1669 Pontificiam
1077 1634 1147 1669 Ca-

194 1690 373 1726 thedram
394 1689 606 1725 elationem
627 1689 855 1724 plenariam
876 1687 1070 1724 concessit
1091 1688 1146 1722 In-

189 1743 434 1790 dulgentiam
463 1743 500 1778 in
528 1743 655 1778 forma
682 1743 864 1785 Iubilaei,
886 1741 1050 1777 Litteris
1068 1742 1148 1777 suis

190 1797 442 1845 Apostolicis:
461 1796 680 1844 Pontifices
707 1796 892 1832 Maximi
918 1796 994 1832 diei
1023 1796 1068 1831 15
1095 1795 1148 1831 fe-

191 1851 341 1887 bruarii
370 1851 474 1888 1879.
504 1850 581 1886 Sed
608 1850 720 1885 novis
754 1850 995 1897 Apostolicis
1031 1851 1148 1885 Litte-

192 1906 257 1942 ris:
286 1904 474 1940 Militans
499 1903 592 1940 Iesu
619 1904 773 1940 Clu-isti
799 1903 999 1947 Ecclesia,
1021 1903 1148 1939 missis

190 1960 252 1995 die
282 1959 326 1995 12
352 1959 485 1994 martii
515 1958 634 2001 1881,
667 1958 838 1994 alterum
874 1957 1146 1994 extraordina—

192 2013 292 2049 rium
321 2014 534 2049 lubilaeum
555 2012 704 2048 indixit.
731 2013 811 2048 Iam
833 2023 855 2047 a
873 2012 933 2048 die
954 2012 975 2048 3
993 2012 1145 2048 decem-

193 2068 271 2103 bris
299 2067 389 2104 1880
416 2067 635 2113 Epistolam
670 2066 925 2113 Encyclicam
951 2079 957 2100 ε
994 2066 1147 2101 Sancta

191 2120 266 2157 Det
292 2120 436 2156 ciuitas
459 2149 467 2163 ,
502 2121 796 2167 conscripserat
822 2119 868 2155 de
903 2120 1093 2155 Institutis
1126 2133 1146 2156 a

191 2174 487 2221 Propagationc
516 2173 640 2215 Fidei,
671 2184 694 2208 a
720 2174 845 2209 Sacra
880 2174 966 2209 Iesu
1002 2173 1144 2210 Christi

191 2229 372 2272 Infantia,
389 2231 469 2264 eta
489 2227 640 2262 Scliolis
660 2227 838 2263 Orientis
865 2227 1141 2274 provehendis.

190 2282 367 2318 Muneris
406 2281 472 2317 Sui
507 2292 594 2317 esse
630 2279 798 2316 duxerat
838 2280 1020 2316 Pontifex
1042 2310 1049 2323 ,
1086 2281 1144 2316 liis

190 2336 350 2372 Litteris
380 2349 400 2369 «
421 2335 494 2382 piis
528 2334 664 2371 studiis
699 2336 931 2381 caritatique
968 2335 1144 2370 christia-

192 2401 330 2425 norum
358 2390 571 2425 admovere
600 2388 779 2424 stimulos
801 2417 808 2431 ,
836 2394 877 2424 ut
899 2400 984 2435 ¹qua
1021 2389 1146 2435 preci-

193 2446 274 2487 bus,
295 2455 370 2491 qua
391 2443 664 2491 largitioni-sus
683 2454 889 2478 sacrarum
912 2444 1142 2479 missionum

190 2509 287 2546 opus
320 2499 456 2534 iuvare
490 2502 530 2534 et
557 2497 648 2533 fidei
688 2497 966 2543 propagationi
1008 2498 1142 2533 favere

192 2552 483 2588 contendant».
519 2553 617 2588 Cum
651 2557 784 2587 autem
822 2551 1003 2597 proxima
1036 2559 1142 2587 esset

188 2607 343 2642 occasio
364 2606 529 2642 habendi
546 2605 769 2641 saecularia
787 2605 980 2640 solemnia
998 2606 1044 2639 ob
1065 2617 1142 2641 me-

189 2661 355 2696 moriam
388 2673 419 2695 s.
451 2659 654 2695 Francisri
683 2659 942 2702 Assisiensis,
972 2659 1143 2695 Litteras

194 2715 429 2763 Encyclicas
467 2715 598 2750 dedit:
634 2713 852 2761 [inspirate
887 2725 1110 2748 cencessum
1134 2742 1141 2756 ,

191 2768 252 2804 dic
284 2770 325 2804 17
343 2769 578 2815 septembris
600 2768 701 2807 1882,
723 2767 859 2813 quibus
878 2766 923 2802 de
944 2767 1024 2812 ipso
1046 2770 1141 2802 San-

190 2828 251 2858 cto
273 2828 311 2858 et
332 2822 378 2859 ‹lc
398 2823 533 2858 Tertio
554 2821 866 2857 Francisealium
888 2820 1035 2856 Ordine
1058 2833 1141 2867 pre-

189 2877 369 2923 pagando
385 2877 682 2920 disserens‚n1›11
701 2875 814 2910 medo
828 2876 1012 2922 pietatem
1030 2887 1140 2910 suam

188 2943 285 2977 erga
318 2932 573 2966 Franciseuni
610 2935 805 2972 testatur,
847 2941 982 2965 verum
1021 2928 1138 2964 etiam

190 2984 396 3021 Pastorum
428 2985 629 3020 Ecclesiae
657 2985 866 3019 caritatem
895 2983 1070 3024 excitat,
1099 2989 1140 3018 ut

191 3038 226 3073 in
255 3039 456 3074 hominnm
484 3040 608 3074 salute
636 3050 723 3073 eum
752 3049 798 3073 eo
831 3037 1005 3072 cui-unda
1037 3037 1140 3072 adla-

190 3092 344 3136 borent,
371 3093 667 3128 similitudinem
698 3092 864 3138 aliquam
894 3099 932 3126 et
961 3091 1140 3126 imitatio—

192 3157 278 3181 nem
312 3147 402 3182 tanti
435 3146 518 3181 Viri
548 3145 724 3181 titlelibus
743 3145 926 3179 omnibus
946 3144 1141 3179 inculcan-

189 3199 249 3233 ὼ).
288 3201 436 3235 Verum
474 3200 520 3235 ad
558 3199 709 3234 facilius
745 3198 846 3232 luiuc
880 3199 997 3233 tinein
1036 3210 1139 3233 asse-

189 3254 397 3300 quendum,
426 3253 712 3291 Constitutione
742 3251 987 3298 Apostoliea:
1018 3251 1140 3286 Misc-

1205 400 1542 446 Indulgentiarum
1562 411 1606 435 ac
1623 399 1929 445 Privilegiorum
1948 399 2159 437 Tertiariis

1204 465 1252 489 ex
1278 458 1443 500 utroque
1471 465 1567 489 sexu
1584 453 1748 500 singulis
1768 464 2059 497 concessorum,
2079 454 2159 502 qui-

1203 507 1272 543 bus
1298 507 1554 542 incitamenta
1581 506 1761 553 praebuit
1787 506 1982 549 omnibus,
1999 511 2043 543 ut
2059 507 2155 543 Ter-

1202 560 1254 595 tio
1280 560 1369 596 huic
1404 560 1542 596 Ordini
1569 564 1660 595 nato
1693 564 1784 606 apto
1819 560 2058 595 multitudini
2088 572 2153 596 no-

1202 625 1292 650 men
1331 614 1426 650 dare
1467 625 1545 649 non
1585 616 1780 649 recusent.
1819 613 2156 650 Animadvertens

1201 672 1333 704 autem
1360 668 1614 715 praecipuum
1641 678 1799 715 semper
1826 678 1874 703 ac
1898 667 2077 704 solemne
2096 678 2163 704 ca-

1201 721 1354 757 tholicis
1380 721 1600 757 hominibus
1627 721 1763 764 fuisse,
1783 721 1821 756 in
1850 720 2012 768 trepidis
2039 721 2159 757 rebus

1201 775 1400 823 dubiisque
1428 775 1671 822 temporibus
1698 774 1747 810 ad
1767 774 1941 810 Mariam
1969 775 2154 821 confuge-

1202 841 1259 873 re,
1288 833 1328 865 et
1353 829 1391 864 in
1427 833 1610 865 materna
1636 829 1729 864 Eius
1763 829 1937 865 bonitate
1973 828 2155 876 conquie-

1201 894 1328 926 scere,
1348 886 1614 930 opportunum
1642 882 1794 918 censuit
1810 882 2059 918 universales
2077 882 2151 918 hoc

1201 941 1379 984 tempore
1406 937 1713 983 supplicationes
1740 937 1965 980 instituere,
1984 940 2025 973 et
2043 936 2148 971 invo-

1201 1002 1294 1027 care
1330 1003 1401 1038 per
1435 991 1591 1026 Rosarii
1619 1002 1758 1038 preces
1789 990 1996 1037 Virginem
2032 1001 2151 1037 augu-

1198 1050 1314 1086 stam,
1335 1049 1378 1080 ut
1405 1055 1541 1091 parem
1571 1044 1871 1080 necessitatibus
1890 1055 2005 1091 opem
2028 1055 2051 1079 a
2070 1044 2154 1080 Iesu

1199 1099 1356 1135 Christo
1385 1099 1469 1134 eius
1488 1098 1590 1134 Filio
1610 1109 1746 1134 omnes
1767 1099 2041 1144 impetrarent.
2065 1097 2152 1145 Epi-

1198 1153 1297 1188 stola
1324 1152 1568 1200 Eneycliea:
1596 1151 1779 1199 Supremi
1810 1151 2067 1199 Apostolatas
2095 1152 2160 1198 of-

1188 1205 1306 1253 ficio,
1333 1206 1411 1241 diei
1441 1207 1458 1241 1
1486 1206 1723 1252 septembris
1751 1205 1853 1249 1883,
1886 1204 2049 1241 mandat
2074 1205 2160 1240 uni-

1199 1260 1326 1296 versis
1353 1260 1575 1296 christianis
1603 1271 1680 1295 non
1708 1259 1836 1302 modo,
1857 1264 1899 1295 ut
1917 1259 1980 1295 vel
2001 1259 2154 1306 publice

1196 1315 1258 1350 vel
1292 1315 1476 1361 privatim
1511 1314 1549 1349 in
1577 1326 1648 1350 sua
1682 1314 1842 1361 quisque
1876 1313 1990 1349 domo
2024 1317 2065 1349 et
2097 1313 2151 1349 fa-

1198 1369 1305 1403 milia
1331 1368 1438 1415 pium
1467 1368 1624 1404 Rosarii
1652 1368 1822 1403 officium
1851 1378 2048 1415 peragere
2075 1371 2153 1403 stu-

1196 1421 1316 1457 deant
1335 1425 1373 1457 et
1393 1432 1470 1456 non
1492 1421 1718 1457 intermissa
1743 1421 2025 1457 consuetudine
2042 1431 2155 1456 usur-

1199 1479 1316 1522 pent,
1357 1475 1426 1511 sed
1465 1475 1586 1511 etiam
1624 1479 1668 1511 ut
1707 1475 1908 1521 integrum
1947 1475 2152 1511 octobrem

1197 1539 1373 1565 mensem
1400 1529 1503 1565 illius
1530 1528 1623 1564 anni
1650 1529 1811 1564 caelesti
1831 1528 2009 1575 Reginae
2036 1539 2059 1564 a
2078 1528 2155 1564 Ro-

1196 1584 1302 1619 sario
1329 1595 1489 1620 sacrum
1517 1583 1769 1630 dicatumque
1802 1583 2021 1627 celebrent,
2048 1584 2159 1630 quin-

1195 1650 1269 1686 que
1296 1638 1439 1674 saltem
1467 1637 1625 1673 Rosarii
1652 1636 1836 1681 decades,
1860 1636 2022 1673 adiectis
2050 1638 2154 1673 Lita-

1197 1692 1270 1728 niis
1304 1692 1541 1728 Lauretanis
1569 1691 1741 1739 quotidie
1768 1691 1807 1726 in
1840 1691 1966 1727 sacris
1998 1691 2156 1739 templis

1198 1746 1414 1782 recitando.
1445 1746 1546 1781 Huic
1567 1746 1719 1781 Summi
1739 1745 1943 1782 Pontificis
1960 1746 2154 1782 voluntati
2208 1773 2216 1777 .

1195 1801 1512 1847 obtemperatum
1543 1804 1605 1836 est
1632 1799 1760 1835 studio
1783 1804 1823 1836 et
1839 1800 2049 1836 alacritate
2069 1803 2152 1836 tan-

1199 1859 1249 1896 ta,
1280 1858 1468 1901 quantam
1497 1854 1559 1890 vel
1587 1853 1645 1890 rei
1672 1854 1864 1890 sanctitas
1891 1854 1953 1890 vel
1988 1865 2152 1890 caussae

1196 1909 1374 1955 gravitas
1404 1907 1668 1955 postulabant.
1689 1908 1775 1955 Ipse
1795 1919 1903 1950 vero,
1924 1912 1968 1944 ut
1987 1908 2025 1943 in
2046 1919 2150 1944 com-

1197 1962 1407 1998 mendabili
1448 1962 1604 1997 Rosarii
1648 1962 1829 1998 Marialis
1857 1962 2046 2009 precandi
2072 1962 2147 1997 for-

1197 2017 1302 2052 mula
1329 2017 1574 2063 perpetuitas
1594 2020 1634 2051 et
1652 2016 1874 2051 constantia
1897 2016 1997 2052 inter
2016 2015 2149 2051 catho-

1198 2071 1290 2106 licos
1317 2070 1551 2113 obtineant,
1582 2070 1744 2105 Litteris
1772 2071 1810 2104 in
1838 2070 1965 2105 forma
1992 2069 2149 2113 Brevis,

1195 2124 1297 2159 datis
1323 2123 1384 2159 die
1412 2124 1457 2159 24
1484 2123 1707 2160 decembris
1736 2123 1842 2163 1883,
1867 2129 1905 2159 et
1928 2134 2028 2170 quae
2058 2123 2150 2158 inci-

1199 2178 1318 2224 piunt:
1340 2177 1547 2213 Salutaris
1569 2177 1637 2212 ille
1654 2177 1820 2224 spir-[tus
1835 2181 2011 2225 precam,
2029 2177 2150 2213 edixit

1199 2232 1234 2265 in
1264 2231 1407 2277 optatis
1434 2231 1515 2266 suis
1543 2242 1646 2273 esse,
1672 2235 1715 2266 ut
1741 2230 1778 2265 in
1807 2230 2044 2266 dioecesium
2072 2230 2151 2266 sin-

1201 2286 1381 2332 gularum
1411 2285 1555 2331 templo
1583 2285 1759 2331 principe
1787 2284 1973 2332 quotidie,
1991 2285 2027 2320 in
2052 2289 2147 2321 tem-

1197 2339 1268 2384 plis
1281 2339 1491 2374 curialibus
1503 2338 1640 2374 diebus
1658 2339 1764 2374 sestis
1779 2338 2145 2384 singulisRosarius

1200 2392 1402 2428 recitetur.
1445 2392 1663 2439 Iisdemque
1702 2393 1863 2428 Litteris
1897 2393 2041 2429 iterum
2068 2396 2145 2429 sta-

1198 2447 1282 2485 tuit,
1312 2446 1411 2493 quod
1440 2446 1679 2481 humillimas
1704 2458 1843 2494 preces
1861 2447 1932 2482 sibi
1953 2447 2105 2482 oblatas
2125 2458 2149 2483 a

1200 2500 1394 2546 Magistro
1418 2499 1602 2535 Generali
1622 2499 1782 2535 Ordinis
1808 2500 2147 2542 praedicatorum,

1197 2554 1398 2600 excipiens
1427 2554 1502 2589 iam
1540 2553 1784 2596 indulserat,
1813 2554 1973 2590 decreto
2001 2554 2150 2590 Sacrae

1202 2608 1357 2642 Rittium
1385 2607 1715 2654 Congregationis
1741 2608 1816 2644 diei
1847 2608 1891 2645 10
1927 2608 2149 2644 decembris

1201 2662 1299 2704 1883,
1320 2667 1362 2697 ut
1387 2661 1532 2697 ceteris
1560 2661 1802 2697 Litaniarum
1831 2663 2148 2698 Lauretanarum

1199 2716 1337 2750 beatae
1366 2715 1523 2750 Mariae
1551 2715 1788 2761 praeconiis,
1812 2716 1850 2750 in
1870 2715 2049 2751 Ecclesia
2067 2715 2151 2750 uni-

1194 2770 1369 2811 versa,in
1392 2774 1591 2816 posterum
1609 2769 1776 2805 addatur
1798 2775 1836 2805 et
1854 2769 1926 2805 hoc
1947 2774 2146 2816 postremo

1195 2825 1295 2859 loce:
1317 2822 1471 2869 lfcssitnt
1489 2823 1769 2859 Sftt¹1·((tfz'ssz'riii
1788 2823 1968 2863 Rosctrii,
1985 2835 2058 2859 ora
2068 2835 2144 2871 pro

1194 2877 1315 2912 uobis.
1344 2877 1583 2922 Nuperrimc
1617 2881 1747 2913 autem
1770 2907 1778 2922 ‚
1805 2877 1866 2913 die
1903 2877 2146 2924 Epiphaniae

1198 2931 1351 2966 ljninini
1374 2931 1486 2965 liuius
1512 2931 1602 2965 anni
1634 2931 1959 2978 1884‚1*raeccpit
1984 2931 2145 2968 decreto

1193 2985 1367 3020 eiusdem
1397 2988 1544 3020 Sarrae
1568 2985 1727 3020 ltituuni
1749 2985 2146 3032 congregationis‚ut

1197 3040 1230 3073 in
1261 3039 1440 3073 omnibus
1458 3044 1536 3073 tum
1554 3038 1589 3072 in
1606 3038 1723 3074 Urbis
1742 3043 1822 3075 tum
1839 3038 2022 3074 catholici
2039 3039 2146 3075 orbis

1197 3092 1382 3127 {ccelesiis
1400 3123 1407 3131 ,
1452 3091 1488 3126 in
1528 3092 1603 3127 tine
1644 3092 1827 3139 cuiusque
1874 3091 2020 3128 Missae
2059 3092 2144 3128 sine

1194 3153 1312 3180 cantu
1341 3144 1582 3187 celebratae,
1603 3145 1712 3180 llexis
1740 3146 1904 3191 genibus
1924 3145 2142 3182 recitentur

1195 3199 1405 3234 nonnullae
1434 3197 1665 3244 adsignatae
1694 3211 1862 3245 preces,
1897 3203 1953 3234 ter
1984 3202 2141 3235 centum

1194 3253 1344 3288 ‹lieruin
1376 3251 1619 3297 liidulgentia
1646 3252 1922 3300 locupletatae.
