2241 3473
485 140 623 170 VSQVE
644 142 699 169 AD
720 142 934 172 PVBLchM
956 144 1105 171 RERVM
1127 145 1169 172 IN
1193 145 1363 174 GALLIIS
1386 145 1711 174 SVBVERSioNI-:M

122 208 289 245 lerunt1.
311 208 510 245 Eiusmodi
529 211 767 258 scriptorum
787 225 975 252 numerus
993 216 1066 252 hoc

121 262 278 298 saeculo
298 262 412 299 valde
432 270 569 300 auctus
587 270 668 308 est;
687 277 850 313 quorum
872 269 938 304 alii
957 270 1068 307 Chri-

118 315 380 360 stianismum‚
399 317 465 352 alii
491 328 646 354 omnem
676 321 959 358 revelationem
974 351 982 366 ‚
1002 323 1067 359 alii

117 367 365 416 Religionem
387 370 424 405 in
446 372 672 408 universum
693 367 986 421 impugnarunt,
1004 376 1065 413 vel

116 421 349 468 simpliciter
376 425 556 472 negando
588 425 799 462 reiiciendo
816 457 824 471 ‚
861 429 922 464 vel
950 430 1068 466 ratio-

116 475 229 512 ciniis
246 482 286 513 et
303 477 632 526 disquisitionibus
654 479 930 528 philosophicis
949 494 994 518 ac
1013 483 1065 518 hi-

114 529 271 566 storicis
297 532 442 568 utendo
468 533 553 577 vel,
578 538 622 569 ut
648 534 824 582 plerique
852 535 1065 580 faciebant,

117 581 336 629 irrisiones,
355 588 535 624 convicia
561 592 677 636 atque
705 588 922 625 calumnias
942 590 980 624 in
1000 600 1064 625 au-

115 636 251 674 xilium
282 640 468 676 vocando.
506 642 548 678 In
575 641 719 689 Anglia
751 643 946 680 maximus
979 647 1066 680 erat

116 691 354 738 scriptorum
395 695 707 742 irreligiosorum
739 706 930 732 numerus
962 698 1066 733 inter

117 755 214 792 quos
251 748 477 784 eminebant
522 749 715 785 Antonius
746 749 1066 798 Ashley-Cooper

117 810 252 836 comes
276 800 323 837 de
356 802 635 851 Shaftbesury,
662 803 874 850 discipulus
907 804 1065 848 Lockii;

117 852 284 892 Ioannes
309 855 484 899 Toland,
514 857 728 900 Hibernus,
759 857 824 904 qui
850 857 927 893 iam
954 869 1066 904 prae·

117 907 274 945 cedenti
318 911 478 946 saeculo
521 910 770 957 Religionem
813 911 1064 958 impetierat,

117 971 220 998 nunc
239 963 278 998 in
297 963 395 999 libro
413 963 691 1000 Acteisiclemon
715 965 948 1012 religionem
967 966 1066 1002 chri-

115 1015 287 1052 stianam
312 1022 357 1053 ut
387 1017 707 1064 superstitionem
725 1047 733 1062 ,
762 1019 846 1065 ipso
873 1019 1064 1055 atheismo

115 1070 410 1115 nocentiorem,
443 1072 666 1119 proposuit3
693 1073 731 1107 in
759 1072 857 1108 libro
875 1073 1066 1109 Nazare-

113 1133 185 1159 nus
211 1124 373 1172 protulit
397 1125 589 1172 quoddam
621 1126 887 1172 evangelium,
916 1127 1066 1163 Barna-

114 1176 187 1213 bae
225 1179 501 1226 suppositum,
528 1190 549 1215 e
589 1191 662 1227 quo
701 1179 900 1215 doctrinas
938 1180 1065 1216 Naza-

113 1240 297 1268 raeorum
324 1237 366 1268 et
390 1233 682 1277 Ehionstarum,
703 1233 850 1281 pseudo
878 1235 1065 1271 Barnaba

115 1285 355 1333 propositas,
381 1286 526 1323 Christi
545 1287 743 1323 doctrinas
761 1288 880 1323 fuisse
908 1293 1065 1325 conten-

114 1337 182 1383 dit;
203 1339 242 1374 in
268 1339 366 1375 libro
385 1340 675 1385 Panteiscicon,
693 1352 798 1377 anno
826 1341 918 1378 1720
945 1342 1061 1387 edito,

115 1392 408 1440 pantheismum
434 1395 646 1442 explicavit
678 1395 1062 1444 commendavitque.

112 1447 307 1483 Antonius
347 1447 519 1492 Collins‚
555 1449 880 1493 iurisconsultus,
913 1450 951 1484 in
986 1455 1064 1486 tra-

112 1504 220 1537 ctatu
252 1501 300 1538 de
340 1502 524 1539 libertate
556 1503 782 1549 cogitandi,
827 1514 929 1538 anno
972 1504 1063 1540 1713

112 1553 217 1590 edito
235 1583 244 1599 ,
272 1567 350 1591 non
377 1561 528 1592 tantum
561 1557 713 1593 cunctis
745 1556 948 1593 hominum
975 1569 1063 1593 sen—

112 1609 260 1653 tentiis,
286 1621 386 1657 quae
413 1610 462 1646 ad
491 1610 724 1657 religionem
752 1611 948 1658 publicam
975 1623 1064 1658 per-

110 1661 251 1707 tinent,
279 1664 531 1708 contradixit,
550 1665 618 1700 sed
645 1676 802 1700 omnem
827 1665 1060 1712 religionem

108 1717 462 1763 superstitionem,
507 1719 653 1755 cultum
691 1718 867 1755 divinum
908 1719 1062 1755 histrio-

109 1768 216 1805 niam
231 1799 239 1814 ,
270 1772 499 1809 sacerdotes
525 1772 762 1820 impostores
780 1777 821 1809 et
847 1774 976 1810 fatuos
995 1785 1062 1821 ap-

109 1822 293 1869 pellavit;
321 1826 359 1861 in
386 1831 559 1862 tractatu
586 1827 634 1863 de
663 1826 878 1862 rationibus
905 1831 944 1863 et
969 1839 1059 1874 pro-

109 1874 331 1915 bationibus
358 1879 564 1926 religionis
590 1880 846 1925 christianae,
873 1891 936 1916 an.
968 1880 1061 1916 1724

108 1927 147 1964 in
173 1930 302 1967 lucem
329 1933 495 1977 emisso,
528 1942 806 1980 argumentum
823 1962 831 1978 ,
858 1934 959 1981 quod
987 1945 1058 1981 pro

107 1983 310 2031 religionis
328 1986 569 2023 christianae
586 1987 755 2023 veritate
769 1987 916 2035 petitur
933 1999 954 2024 e
971 1999 1059 2034 pro-

108 2037 262 2084 phetiis,
289 2039 523 2078 adversatus
549 2045 621 2078 est.
651 2041 825 2077 Thomas
843 2041 1058 2078 XVoolston

108 2091 148 2127 in
180 2092 203 2129 6
234 2095 465 2131 tractatibus
498 2095 545 2131 de
577 2095 780 2131 miraculis
810 2096 981 2140 Christi,
1010 2096 1057 2132 ab

107 2156 171 2182 an.
202 2148 295 2186 1729
328 2149 465 2194 editis,
498 2150 747 2197 impugnavit
779 2155 1056 2197 argumentum

107 2211 180 2247 pro
205 2203 420 2240 christiana
447 2204 639 2251 religione
666 2204 914 2251 desumptum
941 2216 965 2240 a
990 2205 1058 2240 mi-

108 2256 265 2292 raculis.
286 2258 514 2294 Matthaeus
532 2258 672 2294 Tindal
697 2262 737 2293 et
763 2259 846 2305 ipse
871 2258 1058 2294 iuriscon-

110 2309 235 2346 sultus
261 2317 421 2358 praeter
448 2313 589 2348 librum
617 2313 663 2348 de
692 2313 840 2349 iuribus
865 2313 1057 2350 ecclesiae

110 2361 350 2402 christianae
367 2394 376 2409 ,
403 2367 441 2401 in
471 2377 545 2414 quo
570 2378 727 2403 omnem
761 2367 992 2413 religionem
1020 2372 1060 2403 et

106 2415 327 2454 Ecclesiam
355 2419 458 2456 inter
482 2420 660 2456 instituta
685 2431 795 2456 mere
824 2421 982 2468 politica
999 2449 1007 2464 ,
1035 2432 1058 2456 a

107 2469 268 2507 civitate
301 2472 340 2506 in
367 2473 519 2508 cunctis
552 2473 837 2520 dependentia,
865 2474 1055 2515 detrusit,

107 2532 210 2559 anno
244 2525 335 2562 1730
367 2525 487 2562 edidit
526 2526 692 2562 librum:
729 2526 1058 2563 christianismus

106 2577 250 2614 mundo
293 2589 484 2624 coaevus,
515 2580 555 2615 in
586 2592 660 2627 quo
692 2581 948 2617 revelationis
981 2582 1060 2618 exi-

106 2630 307 2675 stentiam,
323 2633 620 2679 possibilitatem
636 2638 676 2670 et
693 2635 974 2671 necessitatem
994 2647 1059 2671 ne-

106 2684 238 2730 gavit,
265 2685 464 2723 doctrinas
489 2687 678 2735 positivas
703 2688 943 2723 christianae
971 2688 1061 2724 reli—

108 2737 237 2784 gionis
263 2739 513 2776 sacerdotum
544 2741 706 2777 inventa
737 2741 856 2786 dixit,
885 2742 1058 2789 aliasque

110 2789 357 2839 irreligiosas
397 2794 637 2830 assertiones
676 2795 846 2842 protulit.
887 2795 1059 2832 Thomas

109 2843 281 2891 Morgan
301 2846 507 2894 plerasque
534 2847 688 2883 Tindali
707 2849 926 2884 sententias
950 2860 1057 2885 secu-

107 2899 170 2933 tus
196 2903 270 2943 est,
298 2900 338 2936 in
364 2900 438 2937 hoc
465 2905 598 2936 tamen
624 2913 670 2937 eo
697 2901 845 2945 mitior,
872 2901 971 2948 quod
997 2914 1057 2939 re-

106 2952 317 2990 velationis
353 2955 651 3001 possibilitatem
684 2966 760 2990 non
799 2955 985 3001 negavit;
1017 2962 1056 2993 et

106 3015 305 3054 nunquam
324 3009 396 3044 sibi
415 3013 619 3053 constans,
639 3009 763 3056 primo
782 3009 1053 3056 arianismum,

106 3056 244 3097 deinde
275 3061 571 3108 quakerismum
602 3062 795 3106 defendit,
822 3062 987 3110 denique
1013 3064 1051 3099 in

105 3112 280 3159 pluribus
306 3116 476 3164 scriptis,
495 3117 706 3164 praecipue
733 3117 772 3152 in
793 3117 892 3153 libro
915 3117 1053 3155 inscri-

154 3212 162 3232 ι
182 3213 248 3248 vm.
267 3227 299 3258 p.
320 3216 482 3252 238-239.

1937 133 2019 171 275

1120 222 1198 264 pto:
1221 216 1487 264 Philosophus
1513 215 1694 260 mot-alis,
1713 215 1776 264 qui
1804 226 1867 252 an.
1889 215 1981 252 1737
1998 214 2078 252 edi-

1121 278 1181 307 tus
1210 276 1294 312 est,
1323 270 1550 306 universam
1578 270 1834 306 christianam
1853 298 1862 314 ,
1889 269 1967 305 imo
1995 280 2076 304 om-

1120 336 1208 361 nem
1226 324 1446 360 revelatam
1460 323 1693 370 religionem
1709 323 1962 371 oppugnavit.
1974 321 2077 358 Tho-

1120 390 1203 414 mas
1230 377 1364 415 Chubb
1391 377 1428 412 in
1450 377 1622 424 pluribus
1643 377 1896 419 tractatibus,
1918 376 2007 412 inde
2026 375 2075 411 ab

1118 444 1181 467 an.
1219 432 1310 467 1715
1342 430 1480 470 editis,
1511 430 1686 478 dogmati
1718 431 1766 467 de
1797 443 1848 467 ss.
1878 430 2075 467 Trinitate

1118 486 1352 522 adversatus
1378 490 1458 528 est,
1487 484 1682 521 rationem
1708 485 1747 520 in
1774 485 1944 521 materia
1970 483 2077 520 Reli-

1119 539 1247 585 gionis
1275 537 1456 574 sufficere
1484 538 1710 582 contendit,
1744 543 1784 575 et
1817 538 2074 574 christianam

1119 592 1351 638 religionem
1377 590 1640 628 diversimode
1660 591 1877 637 redarguit.
1898 591 1976 627 Alii
1995 591 2076 627 alia

1117 646 1266 692 scripta
1299 644 1538 691 vulgarunt,
1574 645 1710 692 quibus
1740 645 1880 691 religio
1915 649 2075 681 natura-

1118 699 1164 735 lis
1201 697 1554 734 commendabatur
1574 727 1583 742 ‚
1614 698 1832 734 christiana
1863 710 1959 734 vero
1987 709 2075 745 pro-

1118 751 1198 788 bris
1223 756 1262 788 et
1288 751 1477 787 conviciis
1504 752 1781 799 impetebatur.
1802 751 2002 788 Henricus
2018 752 2076 787 vi-

1117 816 1299 841 cecomes
1317 805 1364 841 de
1383 804 1653 851 Bolingbroke
1669 806 1707 840 in
1727 805 1901 852 pluribus
1917 806 2074 852 scriptis

1118 869 1277 895 omnem
1304 858 1537 905 religionem
1560 887 1568 901 ‚
1595 859 1818 895 naturalem
1853 863 1893 895 et
1919 859 2075 896 revela-

1120 917 1213 956 tam,
1242 917 1480 959 cunctasque
1509 912 1580 948 Dei
1607 912 1874 959 proprietates
1900 912 2073 949 morales

1117 966 1306 1012 negavit,
1339 973 1379 1002 et
1412 965 1586 1009 homini,
1622 966 1732 1002 cuius
1766 966 1961 1002 rationem
1993 977 2072 1002 non

1117 1019 1190 1054 nisi
1233 1020 1486 1064 instinctum,
1523 1020 1606 1067 plus
1644 1019 1775 1055 minus
1808 1019 2072 1055 exercitatum

1116 1073 1290 1117 dicebat,
1320 1084 1398 1108 non
1424 1073 1543 1108 alium
1570 1083 1686 1120 quam
1713 1073 1924 1109 animalem
1951 1073 2070 1110 finem

1117 1127 1309 1162 attribuit-
1329 1127 1521 1162 Similiter
1541 1126 1669 1162 David
1687 1127 1815 1162 Hume
1834 1137 1992 1162 omnem
2011 1137 2071 1162 re-

1117 1179 1318 1226 ligionem,
1347 1181 1519 1217 maxime
1547 1180 1827 1224 christianam,
1854 1180 2072 1216 insectatus

1116 1237 1189 1276 est,
1219 1234 1375 1270 animae
1402 1234 1746 1270 immortalitatem
1772 1233 1970 1280 ipsiusque
1998 1232 2070 1268 Dei

1115 1286 1364 1323 existentiam
1382 1288 1422 1323 in
1440 1287 1598 1323 dubium
1616 1287 1788 1332 vocavit,
1803 1288 1976 1323 morales
1993 1286 2068 1322 Dei

1116 1341 1381 1388 proprietates
1417 1345 1456 1378 et
1493 1341 1783 1388 providentiam
1815 1341 2003 1387 negavit,
2030 1343 2070 1376 et

1113 1395 1265 1432 morale
1311 1395 1574 1432 humanarum
1614 1396 1814 1431 actionum
1857 1394 2070 1431 discrimen

1112 1459 1188 1484 non
1220 1449 1399 1493 ratione,
1431 1450 1500 1485 sed
1534 1449 1730 1485 communi
1756 1449 1960 1485 hominum
1988 1448 2068 1496 opi-

1112 1502 1229 1539 nione
1255 1503 1370 1539 inniti
1397 1503 1611 1539 contendit.

1160 1555 1343 1603 Plerique
1370 1556 1407 1591 hi
1433 1557 1576 1604 aliique
1601 1557 1835 1604 scriptores,
1863 1556 1928 1604 qui
1956 1555 2066 1591 theo-

1112 1610 1281 1645 reticam
1322 1609 1560 1646 christianae
1602 1610 1806 1657 religionis
1845 1610 2066 1645 doctrinam

1112 1663 1325 1699 conviciati
1353 1668 1456 1706 sunt,
1477 1664 1598 1700 etiarn
1625 1663 1842 1710 practicam
1860 1663 2067 1709 impugna-

1112 1721 1214 1752 runt.
1244 1717 1285 1752 In
1311 1718 1412 1753 hanc
1439 1717 1558 1753 finem
1586 1717 1648 1754 vel
1675 1717 1853 1753 actiones
1879 1716 2066 1752 immora—

1113 1769 1183 1813 les,
1210 1771 1251 1805 in
1279 1771 1496 1818 Scripturis
1522 1775 1722 1814 narratas,
1742 1770 1937 1816 urgebant
1954 1769 2067 1817 quasi

1112 1822 1162 1859 ad
1188 1823 1414 1870 exemplum
1440 1826 1681 1871 propositas,
1699 1823 1763 1860 vel
1781 1835 1814 1860 s.
1833 1823 2067 1869 Scripturae

1111 1877 1233 1912 effata
1257 1877 1423 1913 sinistre
1451 1877 1832 1925 interpretabantur,
1850 1876 1914 1913 vel
1940 1880 2067 1912 totum

1111 1931 1273 1976 genium
1304 1931 1468 1967 moralis
1495 1931 1641 1969 Christi
1668 1931 1873 1967 doctrinae
1900 1930 1940 1965 in
1969 1929 2070 1964 invi-

1110 1983 1259 2019 diosam
1285 1984 1413 2020 lucem
1441 1985 1700 2020 collocabant.
1729 1984 1916 2021 Omnium
1943 1983 2066 2029 impu-

1109 2036 1364 2082 dentissime,
1406 2049 1484 2073 non
1519 2043 1673 2074 tantum
1717 2043 1856 2074 contra
1890 2035 2067 2073 christia-

1110 2101 1202 2126 nam
1224 2120 1234 2136 ,
1259 2091 1327 2127 sed
1355 2095 1492 2128 contra
1519 2103 1676 2128 omnem
1703 2091 1876 2128 ethicam
1902 2090 2067 2137 scripse-

1110 2149 1201 2181 runt
1237 2145 1469 2182 Bernardus
1515 2146 1759 2183 Mandeville
1796 2149 1838 2182 et
1876 2144 2064 2180 Albertus

1109 2199 1302 2235 Radicati.

1158 2253 1390 2290 Huiusmodi
1432 2256 1589 2302 scriptis
1633 2257 1774 2291 contra
1815 2251 2063 2299 Religionem

1107 2307 1291 2353 vulgatis,
1323 2308 1502 2355 irreligio
1520 2337 1528 2352 ,
1557 2313 1597 2345 et
1623 2320 1672 2345 ex
1697 2308 1773 2343 hac
1790 2335 1798 2351 ‚
1833 2317 1905 2342 ceu
1938 2317 2064 2353 prono

1107 2361 1220 2396 alveo
1246 2361 1385 2405 fluens,
1412 2374 1567 2398 morum
1594 2361 1852 2410 perversitas,
1875 2359 2064 2396 latissime

1108 2426 1179 2462 per
1212 2415 1400 2462 Angliam
1431 2421 1653 2464 propagata
1686 2419 1758 2451 est.
1798 2413 1956 2460 Scripta
1989 2413 2065 2450 ista

1109 2469 1334 2515 irreligiosa
1361 2481 1438 2505 non
1467 2474 1618 2506 tantum
1646 2470 1694 2505 ab
1713 2467 1944 2515 Apostolica
1961 2467 2064 2504 Sede

1108 2522 1268 2559 fuerunt
1299 2523 1542 2571 proscripta,
1569 2523 1638 2559 sed
1665 2523 1785 2559 etiam
1813 2532 1836 2556 a
1860 2521 2064 2566 scriptori-

1110 2576 1179 2612 bus
1205 2577 1462 2623 apologeticis
1489 2578 1704 2618 confutata,
1721 2575 1784 2622 qui
1803 2575 1865 2610 vel
1883 2574 2060 2621 singulos

1108 2629 1430 2666 adversariorum
1459 2631 1578 2667 libros
1606 2630 1842 2671 refutarunt,
1871 2628 1931 2664 vel
1958 2628 2064 2664 veri-

1108 2688 1231 2720 tatem
1258 2687 1300 2720 et
1327 2684 1573 2721 divinitatem
1600 2683 1800 2730 religionis
1819 2681 2060 2719 christianae

1108 2738 1147 2772 in
1164 2738 1393 2774 universum
1414 2741 1726 2785 propugnarunt.
1748 2737 1835 2783 lpse
1853 2735 2062 2783 magistra—

1110 2796 1169 2827 tus
1197 2791 1324 2827 civilis
1351 2801 1630 2838 nonnunquam
1655 2790 1948 2837 impudentiora
1965 2789 2060 2825 scri-

1107 2849 1175 2892 pta
1200 2845 1354 2892 publice
1381 2844 1584 2880 damnavit
1609 2848 1648 2880 et
1667 2843 1916 2880 concremari
1932 2843 2058 2888 iussit,

1107 2900 1170 2935 vel
1196 2910 1335 2935 eorum
1363 2903 1551 2934 auctores
1570 2908 1699 2944 poena
1717 2897 1892 2934 carceris
1910 2897 2056 2941 affecit,

1107 2952 1208 2999 quod
1234 2951 1484 2987 Woolstonio
1511 2955 1551 2987 et
1577 2951 1770 2988 Radicato
1799 2950 1953 2987 accidit.
1981 2950 2058 2986 Ve-

1107 3018 1194 3041 rum
1221 3004 1446 3050 irreligiosa
1475 3005 1623 3051 scripta
1646 3005 1798 3041 avidius
1825 3008 1865 3040 et
1889 3014 1914 3040 a
1938 3003 2059 3050 pluri-

1105 3060 1173 3095 bus
1208 3058 1442 3103 legebantur
1475 3068 1592 3104 quam
1628 3057 1903 3106 apologetica3
1941 3056 2057 3093 docu-

1103 3115 1235 3148 menta
1260 3110 1438 3155 fallacia,
1465 3122 1563 3158 quae
1589 3112 1872 3148 subiectionem
1898 3109 2057 3147 deiicie-

1102 3167 1219 3209 bant,
1247 3169 1288 3201 et
1322 3165 1544 3201 libertatem
1579 3165 1763 3213 quidlibet
1794 3163 1987 3202 sentiendi
2014 3164 2056 3199 in

1101 3218 1261 3266 negotia
1286 3218 1507 3265 Religionis
1534 3219 1735 3264 fovebant3
1759 3214 1923 3256 nimium
1951 3217 2057 3255 inter
