2241 3473
190 106 270 148 272

673 116 860 150 ‚EPOCHA
881 115 956 145 xil.
981 116 1009 143 A
1028 113 1201 143 LITIBVS
1218 111 1530 142 IANSENISTICIS

136 193 268 228 ctores
287 188 415 227 creari
435 186 603 224 curavit.
625 184 777 223 Verum
797 184 860 233 qui
879 184 927 221 ab
945 186 1090 221 unione
1139 182 1443 231 mysticismum,
1461 182 1728 228 chiliasmum,
1754 182 2089 232 prophetismum,

137 244 255 281 alieni
282 247 419 286 erant,
446 252 494 278 ea
520 240 654 277 omnia
679 240 788 287 quasi
820 250 1090 287 praepropere
1139 236 1450 284 separatismum
1465 239 1535 273 aut
1548 236 1805 274 fanatismum
1817 238 2016 282 abierunt,
2032 241 2090 274 to-

134 298 243 334 facta
277 302 316 333 et
349 298 490 332 coacta
525 293 810 341 improbabant.
845 291 960 329 Unde
993 303 1090 339 rege
1139 294 1300 338 tamque
1311 290 1527 327 ecclesiam
1538 290 1824 337 etreligionem
1835 292 2090 329 lutheranam

135 363 237 389 anno
265 351 356 387 1713
383 352 538 386 mortuo
556 377 565 393 ,
593 351 716 384 totum
743 347 817 383 hoc
842 346 1000 384 unionis
1026 358 1090 383 ne-

134 405 282 455 gotium
309 403 498 450 elanguit.

182 460 257 495 An.
286 457 378 494 1719
396 456 644 494 Christianus
664 455 838 501 Klemm,
860 455 899 491 in
922 455 1092 492 Univer-

133 514 250 551 sitate
269 510 482 558 Tubigensi
505 510 728 558 theologiae
747 511 965 560 professor,
986 510 1090 547 edito

134 567 232 602 libro
259 566 414 602 unionis
442 565 643 612 negotium
672 565 882 609 tractavit,
903 568 943 601 et
961 568 1089 601 osten-

133 619 227 657 dere
259 622 423 656 conatus
463 622 550 663 est,
581 630 742 655 errores
781 618 1089 657 Calvinistarum

134 673 294 710 minime
321 676 506 710 evertere
540 672 840 710 fundamentum
870 672 960 709 fidei
987 672 1090 709 chri-

131 727 297 773 stianae,
326 732 369 764 ut
395 727 688 764 contendebant
713 726 954 771 Lutherani,
981 727 1091 763 unio-

131 782 193 818 nis
219 781 454 818 adversarii.
483 782 579 817 Eius
611 781 777 818 consilia
802 781 1015 828 collegium
1041 781 1090 817 E-

132 834 563 884 vangeli‹:orum,quod
599 835 844 872 Ratisbonae
877 834 1089 881 residebat,

133 890 334 938 probavit,
362 894 402 926 et
429 890 472 927 15
499 890 685 927 articulos
712 890 926 933 constituit,
954 901 1093 926 secun-

132 943 224 980 dum
263 955 361 992 quos
399 944 490 980 unio
533 948 701 981 externa
740 944 1089 990 introduceretur,

132 998 319 1035 nimirum
338 1028 346 1044 ,
378 1003 423 1035 ut
453 999 670 1036 Lutherani
705 1002 745 1036 et
776 998 1020 1037 Calvinistae
1048 1010 1089 1036 se

130 1052 301 1089 invicem
334 1053 445 1090 velut
476 1054 622 1090 fratres
648 1053 688 1089 in
721 1053 877 1092 Christo
912 1053 1090 1090 conside-

131 1111 282 1152 rarent,
301 1107 349 1145 de
375 1107 579 1153 doctrinis,
600 1108 704 1145 inter
730 1119 772 1145 se
799 1109 1087 1153 controversis,

130 1160 603 1205 silerent‚Eucharistiam
619 1162 732 1199 modo
752 1162 854 1211 apud
869 1162 952 1206 hos,
970 1162 1085 1199 modo

131 1216 234 1263 apud
261 1216 349 1253 illos
375 1217 644 1267 perciperent,
665 1221 703 1253 et
727 1216 799 1252 sibi
819 1217 987 1254 invicem
1008 1217 1086 1264 ple-

131 1280 224 1306 nam
256 1270 399 1307 iurium
426 1281 474 1307 ac
509 1271 881 1318 praerogativarum
917 1272 1086 1319 aequali-

131 1327 255 1361 tatem
282 1325 566 1362 concederent.
594 1326 746 1362 Verum
773 1325 870 1362 istos
896 1325 1087 1363 articulos

130 1377 351 1415 adversarii
377 1379 553 1424 unionis,
571 1380 805 1416 nomInatim
833 1379 1086 1417 Erdmannus

130 1431 410 1477 Neumeister,
445 1434 700 1482 praedicator
741 1435 1084 1482 Hamburgensis,

128 1486 387 1526 vehementer
413 1488 704 1536 improbarunt.
726 1489 949 1526 Praeterea
973 1489 1085 1527 Chri-

129 1541 339 1589 stophorus
368 1542 597 1580 Matthaeus
626 1542 748 1587 Psaff,
769 1542 809 1579 in
836 1544 975 1580 eadem
993 1543 1086 1580 Uni·

130 1596 320 1633 versitate
348 1596 590 1644 Tubingensi
618 1596 841 1644 theologiae
871 1598 1086 1644 professor,

131 1647 168 1684 in
197 1649 372 1696 pluribus
397 1650 579 1698 script1s‚
606 1651 654 1687 ab
681 1661 786 1686 anno
815 1651 906 1689 1720
941 1651 1057 1688 editis
1080 1681 1088 1697 ,

130 1708 295 1741 conatus
321 1709 382 1742 est
407 1704 607 1742 doctrinas
639 1705 951 1742 Calvinistarum
985 1706 1084 1742 miti-

129 1768 227 1803 gare
255 1759 317 1795 vel
350 1770 544 1796 excusare
564 1788 572 1804 ‚
599 1762 639 1796 et
665 1759 877 1796 ostendere
911 1770 980 1796 eas
1013 1772 1086 1797 nec

129 1822 250 1849 verae
281 1812 370 1850 fidei
397 1825 470 1850 nec
497 1825 652 1849 morum
681 1812 897 1857 honestati,
926 1825 973 1851 ac
1001 1825 1087 1862 pro-

129 1864 219 1902 inde
248 1878 319 1904 nee
351 1867 485 1904 unioni
519 1867 693 1904 officere.
731 1866 959 1904 Fridericus
997 1868 1088 1904 Gui-

129 1918 284 1957 lielmus
312 1922 348 1965 Ι,
368 1933 438 1958 rex
457 1922 686 1965 Borussiae,
707 1921 755 1957 ad
776 1922 1085 1969 promovendam

129 1973 167 2010 in
197 1975 315 2011 terris
342 1976 423 2012 suis
451 1976 634 2012 unionem
653 2005 661 2020 ,
689 1976 737 2012 ab
772 1987 851 2012 una
879 1980 991 2024 parte
1023 1976 1088 2013 do-

130 2027 299 2064 ctrinam
337 2030 490 2067 Calvini
521 2030 568 2066 de
603 2030 784 2066 absoluta
816 2029 1085 2078 praedestina-

131 2081 236 2119 tione
263 2083 412 2131 scripto
442 2084 666 2132 impugnari
693 2085 862 2129 curavit,
883 2084 930 2121 ab
958 2085 1087 2122 altera

129 2140 243 2183 parte
270 2149 407 2174 sacros
434 2138 581 2186 aliquot
608 2138 721 2183 ritus,
749 2139 888 2186 quibus
916 2139 1087 2177 Calvini-

129 2194 215 2227 stae
242 2191 560 2235 offendebantur,
581 2192 797 2229 interdixit.
817 2193 970 2229 Verum
990 2193 1085 2229 Erd-

129 2255 297 2282 mannus
327 2246 582 2283 Neumeister
612 2246 862 2294 praedicator
889 2247 1088 2284 Hambur·

129 2300 263 2347 gensis
281 2328 290 2343 ,
318 2301 513 2337 Ernestus
540 2300 727 2337 Salomon
758 2301 932 2348 Cyprian
961 2303 1086 2338 eonsi-

128 2353 299 2389 siliarius
343 2354 629 2391 consistorialis
673 2355 900 2398 Gothanus,
942 2355 1083 2404 aliique

130 2408 265 2455 plures
300 2409 523 2457 propositas
561 2408 715 2445 unionis
754 2409 931 2446 rationes
969 2410 1084 2447 vehe-

131 2465 287 2499 menter
329 2462 628 2510 impugnarunt.
662 2462 787 2510 Igitur
826 2467 970 2500 cuncta
1009 2464 1085 2501 ista

129 2516 285 2552 unionis
312 2517 521 2553 conamina
547 2518 691 2554 effectu
720 2521 936 2554 caruerunt
963 2521 988 2551 ¹.

177 2571 233 2608 50.
263 2570 367 2607 Lites
388 2570 491 2607 inter·
508 2570 854 2608 Lathcranos—uln
876 2571 968 2618 ipsis
986 2583 1083 2608 vero

129 2629 367 2662 novatorum
396 2625 517 2662 sectis
542 2637 613 2662 seu
641 2625 953 2662 confessionibus
976 2626 1086 2663 dissi-

131 2679 208 2723 dia,
223 2680 416 2716 factiones
431 2682 470 2716 et
485 2680 623 2716 turbae
640 2679 937 2716 increbuerunt.
952 2680 992 2716 ln
1010 2682 1086 2728 pri-

133 2734 207 2769 mis
235 2733 349 2777 lites,
378 2734 536 2770 saeculo
565 2734 825 2782 praecedenti
853 2745 876 2770 a
904 2735 1085 2782 Spenero

131 2788 291 2835 eiusque
305 2788 467 2824 asseclis
484 2788 850 2825 intcrLutheranos
869 2788 1084 2833 excitatae,

133 2842 426 2891 perdurarunt,
461 2847 501 2880 et
535 2843 638 2880 inter
669 2843 860 2880 Pietistas
887 2847 1002 2891 atque
1029 2843 1085 2880 sic

132 2897 258 2935 dictos
285 2897 525 2935 orthodoxos
551 2899 704 2936 acriter
731 2899 998 2946 disceptatum
1025 2903 1086 2935 est

133 2951 180 2987 de
199 2951 432 2989 lutheranae
455 2952 651 2990 ecclesiae
681 2952 980 2990 reformatione.
1011 2953 1084 3001 Ipsi

133 3004 325 3042 I'ietistae
343 3005 380 3041 in
397 3005 578 3043 diversas
594 3007 788 3043 factiones
801 3018 842 3043 se
854 3007 1086 3044 diviserunt.

135 3059 264 3100 Multi,
291 3060 512 3097 sententias
540 3060 706 3108 Speneri
734 3065 1028 3109 pervertentes,
1049 3061 1085 3096 in

183 3141 188 3161 ¹
211 3141 234 3172 Ι.
256 3143 293 3174 G.
312 3141 440 3181 Wnlch,
466 3142 656 3183 Enleilunq
690 3143 724 3174 in
743 3142 797 3174 die
818 3142 1087 3185 Reliqionsstrei-

136 3186 294 3225 tiqkeiten
314 3197 430 3219 ausser
445 3188 503 3219 der
520 3189 747 3221 [uther-ischen
766 3189 901 3229 ltin-lae,
919 3190 1086 3232 Sclilrgel‚

136 3233 470 3276 Ii'irchenqeschichte
488 3234 544 3266 «les
566 3234 608 3267 18
626 3235 906 3268 Jharhnmtertes.

1141 343 1343 381 inversam
1368 345 1568 381 volebant.
1598 344 1833 382 Godefridus
1849 345 2016 390 Arnold,
2035 347 2092 382 in-

1139 401 1300 445 spector
1326 398 1521 435 eeclesiae
1549 398 1877 445 Perlebcrgensis
1902 400 1941 435 in
1968 400 2093 436 Bran-

1141 451 1330 499 deburgo,
1346 455 1528 488 mortuus
1545 463 1646 488 anno
1663 452 1768 495 1714,
1785 453 1960 500 pluribus
1974 453 2089 491 editis

1140 505 1249 542 libris
1277 505 1568 554 mysticismum
1594 506 1700 542 inter
1725 506 1976 544 Lutheranos
2002 518 2091 556 pro-

1139 570 1289 607 pagare
1315 564 1482 596 conatus
1508 563 1581 596 est.
1610 560 1637 596 I.
1667 560 1714 596 G.
1734 559 1946 605 Petersen,
1969 561 2092 598 variis

1138 613 1176 649 in
1203 614 1299 651 loeis
1334 613 1589 661 praedicator
1607 643 1615 658 ‚
1650 617 1790 661 postea
1823 613 2025 662 depositus
2051 618 2092 652 et

1138 678 1240 704 anno
1269 668 1361 705 1727
1388 671 1582 713 mortuus,
1607 668 1858 705 chiliasmum
1879 679 1950 705 seu
1969 669 2094 705 mille-

1136 722 1294 759 narium
1313 722 1460 760 Christi
1479 722 1519 758 in
1538 722 1658 759 terris
1678 733 1848 769 regnum
1868 734 2093 771 propugna-

1138 777 1205 813 vit.
1235 778 1279 815 C-
1300 777 1454 825 Dippel,
1475 781 1655 814 mortuus
1675 788 1777 813 anno
1799 777 1910 822 1734,
1931 778 2002 815 sub
2023 789 2091 814 no-

1137 831 1240 868 mine
1276 831 1481 868 christiani
1514 831 1731 868 Democriti
1767 832 1884 879 plura
1913 831 2066 880 script-a
2083 860 2092 878 ,

1138 885 1327 922 conviciis
1354 886 1393 921 in
1420 886 1673 923 lutheranam
1698 885 1913 923 ecclesiam
1944 886 2063 932 plena
2087 915 2096 931 ‚

1138 938 1271 981 edidit,
1293 940 1332 975 in
1359 940 1496 988 quibus
1513 939 1829 987 redemptionem
1846 951 1919 987 per
1948 939 2099 978 Christi

1139 998 1309 1031 mortem
1337 995 1514 1042 negavit,
1539 994 1803 1031 sacramentis
1833 1006 1992 1032 omnem
2018 994 2096 1031 vir-

1140 1049 1264 1085 tutem
1293 1047 1456 1094 ademit,
1486 1053 1525 1086 et
1550 1059 1691 1085 veram
1720 1049 1930 1085 ecclesiam
1956 1061 1978 1086 e
2003 1049 2097 1086 solis

1136 1100 1273 1147 iustis,
1299 1106 1343 1139 ut
1368 1107 1411 1139 ut
1437 1103 1540 1140 inter
1566 1102 1731 1140 Iudaeos
1747 1131 1755 1147 ,
1783 1103 2093 1140 Mahometanos

1138 1159 1206 1192 aut
1219 1156 1409 1193 Ethnicos
1427 1157 1517 1202 sint,
1537 1161 1721 1194 constare
1742 1157 1926 1194 asseruit.
1948 1158 1975 1194 Ι.
1991 1157 2096 1194 Ten-

1140 1209 1271 1256 nhart‚
1291 1211 1655 1259 Norimbergensis,
1675 1223 1739 1248 an·
1761 1212 1853 1251 1704
1870 1224 1912 1249 se
1930 1212 2095 1250 coelesti

1138 1277 1235 1303 voce
1271 1272 1529 1315 provocatum
1562 1268 1779 1304 affirmavit
1799 1296 1808 1313 ,
1843 1271 1885 1304 ut
1918 1271 2092 1304 omnium

1139 1319 1341 1357 hominum
1361 1322 1562 1359 ordinibus
1575 1351 1583 1367 ,
1604 1323 1817 1371 praecipue
1836 1322 2005 1367 clericis,
2027 1334 2094 1359 ve-

1140 1375 1300 1413 ritatem
1330 1377 1612 1422 annuntiaret,
1640 1389 1858 1425 eorumque
1889 1382 2094 1425 corrupte-

1142 1429 1219 1467 lam
1237 1430 1375 1468 iisdem
1397 1432 1674 1479 exprobraret.
1694 1431 1885 1468 Similiter
1904 1432 1931 1468 Ι.
1951 1433 1996 1468 G.
2014 1432 2092 1468 Ro-

1139 1484 1328 1529 senbach,
1355 1485 1722 1532 Heidelbergensis,
1749 1485 1797 1521 ab
1824 1496 1889 1521 an.
1919 1486 2010 1524 1701
2038 1485 2095 1521 vi·-

1139 1539 1312 1576 sionibus
1341 1539 1588 1586 motibusque
1614 1550 1656 1576 se
1683 1539 1833 1587 impelli
1852 1540 2026 1577 asseruit
2043 1539 2094 1576 ad

1138 1592 1448 1641 praedicandam
1476 1593 1760 1641 poenitentiam
1777 1621 1785 1637 ,
1804 1596 1844 1630 et
1862 1594 1965 1630 sicut
1989 1594 2092 1631 Ten-

1140 1647 1357 1692 nhart,non
1373 1648 1661 1694 paucos,etiam
1673 1646 1878 1694 theologos
1888 1647 2092 1695 quosdam,

1139 1705 1281 1738 nactus
1316 1705 1377 1738 est
1409 1701 1593 1738 asseclas.
1631 1701 1691 1737 Ab
1725 1712 1827 1737 anno
1863 1701 1953 1738 1713
1979 1705 2091 1739 secta

1137 1755 1333 1804 quaedam
1354 1756 1652 1804 prophetarum,
1672 1755 1737 1803 qui
1754 1755 1976 1793 Cemmenii
1995 1755 2088 1794 dicti

1139 1814 1244 1855 sunt,
1262 1811 1437 1848 Berolini
1453 1811 1613 1859 aliisque
1630 1811 1668 1847 in
1684 1810 1862 1854 urbibus,
1875 1811 2090 1849 Borussiae

1139 1866 1224 1913 regi
1251 1865 1461 1910 subiectis,
1490 1866 1587 1903 item
1616 1866 1654 1902 in
1681 1866 1800 1902 terris
1827 1865 1876 1902 ad
1904 1866 2089 1903 Rhenum

1138 1919 1224 1957 sitis
1251 1924 1288 1957 et
1316 1920 1354 1956 in
1382 1921 1542 1963 Suevia,
1564 1919 1713 1956 diversi
1732 1920 1894 1966 generis
1912 1919 2090 1958 homines

1140 1975 1374 2012 commentis
1389 1975 1471 2012 suis
1483 1974 1830 2023 conciliavit,quae
1844 1974 2090 2022 potissimum

1138 2029 1411 2066 consistebant
1425 2030 1463 2065 in
1479 2029 1803 2078 inspirationibus
1816 2028 2094 2073 divinis,etex-

1140 2086 1367 2131 peetatione
1397 2095 1524 2121 novae
1551 2083 1806 2121 oeconomiae
1835 2083 2004 2131 Spiritus
2034 2085 2091 2129 S.,

1139 2139 1178 2174 in
1193 2150 1270 2186 qua
1288 2142 1418 2175 status
1436 2139 1632 2175 eeclesiae
1648 2137 1916 2174 emendandus
1931 2137 2093 2174 donum-

1138 2204 1212 2240 que
1247 2193 1478 2241 prophetiae
1512 2192 1692 2229 omnibus
1719 2191 2090 2228 communicandum

1138 2251 1257 2284 esset.
1288 2247 1383 2284 Post
1411 2246 1616 2283 dimidium
1636 2246 1749 2282 huius
1767 2245 1916 2283 saeculi
1934 2245 2091 2294 quidam

1140 2301 1370 2344 Rosenfeld,
1387 2301 1490 2337 inter
1507 2300 1586 2336 alia
1602 2300 1753 2344 insana,
1769 2311 1812 2337 se
1831 2310 1976 2336 novum
1988 2299 2093 2337 Mes-

1137 2355 1235 2391 siam
1264 2354 1497 2398 venditavit,
1520 2357 1560 2391 et
1579 2357 1661 2390 tum
1682 2354 1720 2390 in
1738 2353 1928 2390 Borussia
1949 2356 2033 2390 tum
2053 2354 2093 2390 in

1138 2409 1314 2446 Saxouia
1346 2413 1386 2445 et
1420 2408 1663 2455 Megalopoli
1688 2412 1911 2445 sectatores
1941 2407 2091 2445 habuit.

1138 2464 1286 2501 Eodem
1304 2467 1482 2511 tempore
1500 2463 1537 2498 in
1548 2462 1693 2499 ducatu
1716 2461 2093 2510 Wurtembergensi

1138 2518 1365 2566 complures
1393 2517 1528 2554 rustici
1554 2520 1594 2553 et
1620 2516 1762 2564 plebeii
1782 2527 1826 2553 se
1845 2515 1893 2552 ab
1911 2515 2093 2553 Ecclesia

1137 2576 1391 2621 separarunt,
1407 2571 1493 2608 inde
1505 2570 1597 2607 dicti
1613 2570 1908 2619 Separatcscae‚
1919 2580 2088 2618 quorum

1139 2639 1329 2664 numerus
1346 2626 1416 2663 sub
1443 2626 1560 2662 finem
1579 2625 1694 2662 liuius
1712 2624 1860 2661 saeculi
1878 2623 2088 2662 admodum

1137 2682 1278 2718 crevit.
1296 2682 1345 2718 Hi
1361 2691 1513 2730 quoque
1525 2679 2092 2730 divinasinspirationes‚quas

1140 2736 1269 2773 lumen
1289 2736 1488 2772 internum
1508 2734 1719 2778 vocabant,
1735 2734 2009 2780 venditabant,
2026 2746 2089 2773 ec-

1139 2790 1318 2835 clesiam,
1334 2801 1358 2827 a
1373 2801 1448 2838 qua
1465 2801 1508 2826 se
1526 2793 1828 2837 separaverant,
1845 2788 2090 2837 Babylonem

1139 2845 1350 2888 vocabant,
1380 2855 1626 2891 regnumque
1653 2842 1798 2882 Christi
1826 2842 1864 2879 in
1889 2843 1948 2880 liis
1969 2843 2088 2880 terris

1141 2898 1407 2935 millenarium
1423 2902 1464 2935 et
1480 2908 1621 2934 novam
1638 2908 1801 2934 auream
1819 2897 2089 2935 ierosolimam

1140 2953 1498 2999 praestolabantur.

1186 3008 1243 3043 51.
1265 3006 1597 3044 Herronluctlzant'
1611 3006 1693 3042 -Ε
1714 3006 1846 3043 litibus
1866 3005 2088 3054 piefisticis,

1141 3064 1300 3107 practer
1327 3061 1606 3109 Mysticorum,
1627 3060 1981 3108 Separatistarum,
2001 3060 2092 3098 Chi-

1141 3115 1346 3152 liastarnin
1363 3120 1403 3153 et
1420 3115 1766 3163 Prophetistarum
1784 3114 2010 3160 sactiones1,
2028 3126 2091 3152 ex-

1151 3233 1162 3267 1
1187 3191 1192 3210 ¹
1223 3191 1332 3268 xyalcli
1362 3193 1394 3223 et
1418 3189 1567 3231 Schlegel
1587 3213 1595 3228 ,
1621 3189 1716 3227 ciu.;
1745 3188 1873 3227 Heuke,
1901 3187 2089 3232 Reliqions-

1139 3248 1151 3268 l
1171 3245 1308 3268 nnacn.
