2241 3473
764 157 888 188 VSQVE
917 156 969 183 AD
997 155 1161 183 SCHISMA
1194 154 1423 182 OCCIDENTIS

136 225 234 264 ticas
260 222 503 262 seductiones
525 221 802 271 praemuniret,
823 220 924 270 apud
946 218 1075 257 Pruil·
1094 223 1100 256 l

137 278 280 316 lianum
292 275 521 314 instituerat
531 275 713 313 Ordinem
726 272 1075 312 sanctimonialium

135 330 208 370 sub
228 329 366 379 regula
385 341 413 366 s.
432 328 655 378 Augustini,
671 326 927 376 peculiaribus
946 329 1076 364 statu-

134 384 186 422 tis
202 385 420 431 temperata
434 411 442 426 ,
463 386 505 419 ut
533 381 623 419 illae
652 386 734 418 tum
754 379 933 428 propriae
953 378 1076 427 perfe-

135 436 249 475 ctioni
273 436 565 479 adlaborarent,
587 438 668 472 tum
691 432 956 470 adolescentes
977 432 1076 469 filias

135 487 345 528 christiane
365 489 585 526 educarent.

189 542 365 580 Tertium
387 542 568 579 Ordinem
587 569 596 584 ,
616 538 683 588 qui
704 538 846 576 Militia
867 538 951 575 Iesu
973 537 1078 575 Chri-

134 596 185 634 sti
205 596 329 642 dictus
349 598 422 640 est,
442 593 609 632 instituit
628 605 656 629 s.
675 592 897 629 Dominicus
914 602 980 640 pro
995 602 1076 639 per-

136 649 240 688 sonis
262 649 462 696 utriusque
478 658 592 684 sexus
612 646 650 682 in
672 644 826 682 saeculo
843 644 1075 681 viventibus.

137 703 230 741 Eius
249 702 336 739 finis
355 705 450 746 erat,
472 699 668 737 Ecclesiae
685 699 783 743 iura,
802 698 1020 735 libertatem
1038 699 1077 735 et
1097 706 1099 742 1

137 757 237 794 bona
265 756 313 792 ab
342 753 627 791 haereticorum
658 752 786 789 furore
813 753 850 788 et
874 749 1100 787 invasione*

139 809 334 846 vindicare
354 810 391 844 et
411 806 526 851 tueri,
549 818 622 854 quo
643 806 719 843 fine
739 815 873 854 postea
889 807 1077 849 cessante,
1097 843 1100 856 ,

138 862 278 900 Militia
307 860 449 898 Christi
477 862 629 897 mutata
655 861 713 896 est
733 859 770 895 in
791 858 973 895 Ordinem
994 869 1079 906 poe·
1098 863 1099 867 ’

138 914 356 957 nitentium,
385 925 450 950 seu
481 913 527 949 de
559 912 793 961 poenitentia
822 910 1075 948 s.D01ninici.

137 969 220 1007 Hoc
253 978 402 1016 quoque
435 966 719 1002 Tertiariorum
754 964 980 1001 institutum
995 993 1003 1008 ,
1036 971 1078 1001 ut
1098 978 1099 1013 j

136 1021 231 1059 illud
248 1032 279 1058 s.
294 1019 503 1061 Francisci,
520 1020 591 1056 sub
607 1018 750 1068 duplici
767 1017 889 1055 forma
906 1017 981 1054 fuit
997 1029 1078 1065 pro·
1097 1021 1099 1035 ¹

137 1078 335 1124 pagatum,
355 1073 392 1109 in
415 1072 694 1110 communitate
714 1071 862 1108 scilicet
882 1074 921 1107 et
941 1071 977 1107 in
996 1071 1076 1119 pri-
1098 1070 1099 1093 ³

138 1128 240 1165 vatis
259 1127 436 1164 domibus
456 1126 671 1162 viventium
685 1125 708 1163 ¹.

189 1180 316 1222 Quum
334 1182 465 1217 autem
486 1179 525 1216 hi
541 1179 705 1216 Ordines
721 1178 767 1215 de
783 1176 959 1215 Ecclesia
972 1188 1079 1225 prae-

135 1233 350 1272 clarissime
381 1237 648 1277 mererentur,
668 1231 909 1279 amplissima
929 1231 1080 1278 privile·

137 1287 201 1337 gia
216 1298 239 1324 a
255 1287 341 1324 RR.
359 1285 611 1324 Pontificibus
627 1284 823 1322 consecuti
839 1290 937 1322 sunt.
952 1276 1101 1324 Quam!

136 1343 177 1378 ta
206 1351 299 1378 vero
328 1341 428 1377 bona
449 1350 499 1376 ex
520 1339 654 1376 iisdem
675 1337 883 1376 Ordinibus
903 1338 940 1374 in
963 1334 1076 1374 Reli-

137 1395 290 1444 gionem
314 1398 352 1430 et
371 1392 595 1430 societatem
617 1391 824 1437 manarint,
845 1395 906 1428 sat
927 1390 1077 1427 evinci-

137 1451 201 1485 tut·
220 1458 268 1484 ex
291 1459 348 1491 eo,
369 1446 470 1495 quod
491 1447 528 1482 in
549 1446 596 1483 iis
616 1446 718 1482 omui
737 1448 913 1493 tempore
943 1455 1078 1492 reper-

137 1500 166 1538 ti
195 1500 273 1538 sint
302 1500 396 1543 viri,
428 1497 535 1537 vitae
565 1500 775 1537 sanctitate
803 1505 842 1534 et-
862 1497 1079 1535 erud-itione

138 1553 353 1599 clarissimi,
373 1553 590 1602 praecipuis
611 1551 805 1600 Ecclesiae
821 1551 1079 1600 dignitatibus
1100 1556 1103 1597 ζ

138 1607 284 1651 ornati,
313 1606 552 1655 gravissimis
580 1605 837 1654 legationibus
865 1602 1103 1652 perfuncti,i

138 1659 186 1698 ad
202 1671 251 1698 ss.
261 1658 744 1708 Litterarum,theologiae
762 1670 804 1694 ac
819 1657 1081 1707 philosophiae
1102 1678 1103 1705 3

139 1713 343 1751 cathedras
377 1713 414 1749 in
445 1712 655 1750 academiis
684 1711 837 1757 evecti,
864 1711 909 1748 de
942 1710 1104 1747 morali?

139 1766 365 1816 populorum
395 1765 691 1811 reformatione,
720 1765 764 1801 de
793 1764 1080 1813 expugnatione

140 1820 356 1865 haeresum,
386 1819 507 1867 deque
536 1818 750 1867 Religionis
771 1818 914 1866 ubique
936 1828 1080 1866 propa-

139 1872 296 1922 gatione
316 1872 458 1921 optime
479 1872 617 1909 meriti.

198 1925 254 1963 10.
277 1925 505 1963 Concilium
521 1925 833 1962 Lateranensel
842 1924 1082 1972 Kyenerale

140 1978 226 2016 XII
240 1979 325 2027 (an.
350 1977 466 2028 1215)
484 1978 704 2015 —Interea
732 1977 980 2015 Innocentius
1010 1977 1080 2025 Pp.

141 2032 194 2069 111
211 2032 258 2069 ad
280 2033 572 2080 proscribendas
592 2032 785 2077 haereses,
802 2032 848 2068 ad
868 2031 1080 2067 restituen-

140 2085 228 2123 dam
257 2085 500 2134 disciplinam
526 2084 830 2122 ecclesiasticam
854 2087 893 2121 et
913 2084 962 2120 ad
982 2083 1082 2121 exci-

141 2139 299 2176 tandam
319 2151 459 2176 novam
477 2138 762 2186 expeditionem
783 2144 919 2189 contra
935 2137 1082 2174 Turcas

140 2203 240 2230 anno
254 2191 353 2229 1215
369 2192 407 2228 in
425 2192 586 2229 basilica
604 2190 855 2229 Lateranensi
873 2190 1080 2227 concilium

140 2245 321 2293 generale
331 2245 556 2282 celebravit.
571 2244 842 2282 Interfuerunt
857 2244 946 2281 huic
959 2244 1080 2281 conci-

142 2297 194 2335 lio
212 2297 291 2335 412
311 2297 491 2347 episcopi,
511 2298 614 2336 inter
633 2310 727 2347 quos
748 2297 993 2346 patriarchae
1015 2297 1079 2345 Cp.

141 2353 182 2388 et
197 2350 589 2400 Hierosolymitanus,
606 2351 837 2389 Antiocheni
859 2354 898 2387 et
912 2350 1080 2387 Alexan-

142 2403 242 2441 drini
262 2404 416 2450 vicarii,
436 2405 485 2441 77
509 2406 692 2454 primates
718 2407 757 2441 et
780 2403 1078 2452 metropolitani.

142 2456 321 2494 Aderant
335 2460 535 2505 praeterea
551 2458 653 2495 ultra
665 2458 741 2495 800
757 2458 916 2495 abbates
932 2459 970 2493 et
986 2457 1081 2505 prio-

142 2520 218 2554 res,
233 2510 344 2548 multi
361 2510 578 2548 absentium
600 2511 822 2560 praesulum
842 2515 881 2547 et
899 2510 1082 2559 capitulo·

143 2574 229 2600 rum
243 2567 523 2612 procuratores,
535 2569 709 2602 oratores
720 2564 906 2601 Friderici
919 2563 954 2600 II
966 2562 1079 2600 electi

143 2616 401 2666 imperatoris,
416 2616 570 2654 Henrici
583 2617 828 2666 imperatoris
841 2618 921 2666 Cp.‚
932 2628 1085 2664 regum-

144 2680 218 2718 que
234 2669 399 2716 Galliae,
415 2669 636 2718 Hispaniae,
649 2671 825 2719 Angliae,
844 2670 1084 2719 Hungariae,

143 2722 518 2772 Hierosolymorum,
538 2723 665 2772 Cypri.
683 2724 886 2761 Praesedit
902 2724 1084 2760 Innocen-

144 2776 222 2814 tius
251 2775 343 2825 Pp„
362 2775 532 2824 editique
561 2779 652 2813 sunt
670 2776 721 2813 70
741 2788 907 2814 canones
928 2788 993 2813 seu
1015 2787 1082 2813 ca-

143 2828 281 2878 pitula.
303 2829 457 2867 Canone
483 2829 520 2866 1⁰
542 2830 762 2878 exponitur,
782 2829 970 2867 catholica
990 2829 1084 2866 fides

144 2882 191 2920 de
218 2894 267 2921 ss.
298 2882 504 2925 Trinitate,
534 2882 818 2929 Incarnatione,
846 2882 1023 2920 Ecclesia
1044 2886 1082 2919 et

82 2952 87 2956 ·
143 2933 455 2983 Sacramentis²;
484 2935 526 2973 20
556 2936 792 2973 damnantur
819 2935 971 2973 libellus
993 2936 1083 2973 Ioa-

187 3065 198 3087 ¹
213 3064 352 3097 Annales
380 3062 455 3095 Ord.
485 3061 763 3099 Praedicatorurm
781 3060 888 3097 Quetis
903 3067 933 3093 et
948 3062 1080 3102 Echard,

144 3105 324 3147 Scriptores
342 3105 417 3137 Ord.
435 3103 653 3136 Praedicator.

181 3147 333 3179 ²Concilii
359 3148 412 3178 PP.
440 3146 479 3176 ad
506 3144 741 3186 significandam
768 3153 870 3175 veram
887 3147 916 3175 et
932 3144 1079 3175 substan-

143 3189 245 3220 tialem
260 3190 290 3220 in
306 3188 551 3220 ss.Eucbaristia
568 3187 801 3217 conversionem
823 3186 912 3224 panis
928 3189 957 3217 et
974 3186 1033 3216 vini
1047 3187 1076 3216 in

146 3230 263 3271 Corpus
294 3234 323 3262 et
356 3229 542 3270 Sanguinem
575 3228 696 3264 Christi,
722 3230 944 3259 consecrarunt
972 3236 1077 3259 vocem

1957 141 2007 179 57

1119 219 1233 257 chimi
1255 219 1406 257 abbatis
1426 220 1465 256 et
1485 228 1714 267 perversum
1733 216 1873 266 dogma
1893 215 2058 253 Almari—

1119 274 1151 309 ci
1170 271 1192 319 ¹3
1207 273 1249 311 3⁰
1266 272 1518 321 proscribitur
1539 270 1661 308 omnis
1679 266 1860 314 h’aeresis,
1877 268 2060 307 haeretici

1120 337 1332 374 eorumque
1363 325 1535 362 fautores
1549 354 1558 370 ‚
1583 323 1801 361 defensores
1821 326 1860 361 et
1879 324 2059 371 recepto-

1121 391 1182 417 res
1201 379 1593 416 excommunicantur
1606 407 1614 422 ,
1634 381 1882 414 contumaces
1901 376 1939 413 in
1961 376 2058 412 hae-

1119 432 1195 470 resi
1215 434 1300 480 post
1321 431 1626 469 ecclesiasticum
1648 430 1834 467 iudicium
1850 430 2060 468 traduntur

1122 485 1376 533 potestatibus
1389 484 1665 529 saecularibus,
1678 484 1806 521 debita
1819 482 2061 519 animadver-

1120 539 1227 575 sione
1258 537 1461 586 puniendi,
1492 537 1655 574 dominis
1685 536 1962 585 temporalibus
1989 535 2059 573 sub

1121 603 1244 639 poena
1274 590 1702 635 excommunicationis,
1733 595 1771 626 et
1797 589 1827 627 si
1848 589 1947 626 hanc
1968 600 2059 626 con-

1121 644 1349 693 tempserint
1367 673 1376 689 ,
1414 643 1630 679 amissionis
1667 646 1860 680 terrarum
1899 653 2059 680 suarum

1121 698 1343 742 mandatur,
1375 700 1415 733 ut
1443 696 1661 733 haereticos
1691 708 1710 732 e
1739 696 1854 733 terris
1882 696 1961 733 suis
1981 694 2060 744 pel-

1121 752 1226 796 lant,
1246 750 1431 799 episcopis
1453 749 1701 798 praecipitur,
1723 751 1765 785 ut
1785 749 1918 786 saltem
1940 747 2060 786 semel

1120 805 1158 841 in
1179 816 1279 841 anno
1296 803 1500 840 dioecesim
1515 814 1625 839 suam
1640 802 1808 845 visitent,
1824 804 1862 839 et
1873 797 1941 838 'ubi
1960 799 2062 838 fama

1121 860 1179 894 est
1199 857 1378 894 habitare
1399 855 1627 900 haereticos,
1648 859 1729 893 tres
1745 858 1811 892 aut
1830 855 1956 902 plures
1972 854 2060 891 boni

1119 910 1329 948 testimonii
1361 910 1464 946 viros
1493 909 1746 952 constituant,
1776 908 2061 957 quihaereseos

1120 967 1321 1012 suspectos
1349 962 1542 999 indicent:
1573 961 1784 1007 crucigeris
1811 964 1944 997 contra
1965 961 2062 997 hae-

1119 1018 1260 1055 reticos
1289 1016 1608 1063 belligerantibus
1638 1014 1900 1062 indulgentiae
1921 1025 2061 1050 conce-

1119 1071 1281 1116 duntur,
1311 1070 1352 1107 50
1369 1069 1486 1107 'Ordo
1513 1068 1763 1106 ecclesiarum
1787 1067 2063 1111 patriarchica-

1120 1136 1206 1161 rum
1235 1123 1291 1160 ita
1312 1123 1555 1171 componitur
1572 1152 1581 1167 ,
1603 1127 1641 1159 ut
1664 1125 1750 1170 post
1770 1121 1987 1158 Romanam
2012 1120 2061 1156 1m

1119 1178 1247 1215 locum
1284 1177 1425 1213 habeat
1453 1176 1580 1224 Cpna,
1608 1175 1662 1212 2ιῐι
1693 1174 1980 1219 Alexandrina,
2009 1173 2063 1211 3rn

1098 1248 1100 1270 ι
1120 1231 1384 1273 Antiochena,
1412 1230 1465 1266 4ηῐι
1486 1228 1864 1277 Hie1²osolyinitana3
1883 1227 1925 1265 60
1946 1238 2061 1276 prae-

1120 1285 1315 1328 scribitur,
1337 1289 1380 1320 ut
1396 1283 1533 1332 synodi
1551 1281 1806 1331 provinciales
1821 1280 1983 1329 singulis
1999 1293 2062 1319 an-

1123 1340 1180 1375 nis
1214 1337 1483 1382 celebrentur;
1513 1336 1554 1372 70
1585 1338 1624 1373 et
1652 1335 1706 1382 8⁰,
1738 1337 1779 1372 ut
1806 1333 2060 1372 ecclesiarum

1122 1391 1320 1440 praesules
1354 1390 1391 1426 in
1421 1389 1678 1433 subditorum,
1698 1387 1926 1437 praesertim
1956 1387 2063 1425 cleri-

1124 1455 1409 1487 corum,mores
1431 1442 1641 1490 inquirant,
1658 1453 1866 1489 eorumque
1881 1440 2065 1479 reforma·

1122 1498 1218 1536 tioni
1240 1497 1444 1546 diligenter
1463 1496 1688 1539 intendant,
1711 1494 1778 1533 100
1799 1499 1838 1532 et
1856 1494 1920 1531 110
1938 1494 2068 1532 decer·

1123 1552 1228 1589 nitur
1248 1552 1295 1588 de
1316 1550 1411 1587 viris
1432 1550 1479 1587 ad
1500 1548 1666 1586 officium
1687 1547 1988 1597 praedicationis
2007 1561 2063 1586 as·

1123 1601 1322 1642 sumendis
1341 1603 1441 1640 etde
1459 1602 1653 1651 magistris
1669 1601 1922 1639 ecclesiarum
1943 1602 2068 1638 cathe-

1124 1658 1293 1696 dralium
1326 1669 1370 1693 ac
1403 1656 1582 1705 theologo
1615 1654 1961 1703 metropolitanae3
1996 1655 2066 1692 210

1126 1710 1357 1760 praecipitur
1385 1709 1561 1747 omnibus
1583 1709 1784 1757 utriusque
1804 1720 1919 1745 sexus
1938 1707 2066 1745 fideli-

1102 1760 1206 1809 *bus,
1227 1770 1269 1801 ut
1291 1775 1379 1800 cum
1400 1764 1447 1800 ad
1469 1775 1589 1800 annos
1609 1761 1853 1799 discretionis
1875 1773 2065 1810 pervene-

1123 1819 1215 1861 rint,
1236 1818 1372 1855 saltem
1393 1816 1513 1853 semel
1534 1816 1573 1852 in
1593 1827 1693 1852 anno
1715 1817 1872 1864 peccata
1894 1826 1966 1851 sua
1985 1826 2068 1864 pro-

1125 1872 1206 1920 prio
1227 1870 1418 1908 sacerdoti
1441 1868 1715 1914 confiteantur,
1731 1867 1986 1915 suscipientes
2002 1880 2067 1905 re-

1125 1926 1305 1962 verenter
1340 1922 1478 1960 saltem
1509 1922 1547 1958 in
1579 1922 1770 1959 Paschate
1799 1921 2068 1959 Eucharistiae

1125 1981 1434 2022 sacramentum3
1467 1976 1535 2014 23ο
1566 1987 1613 2013 ne
1642 1974 1806 2012 ecclesia
1834 1974 2070 2012 cathedralis

1125 2032 1188 2068 vel
1210 2029 1401 2079 regularis
1423 2028 1527 2066 ultra
1546 2032 1626 2066 tres
1646 2040 1797 2066 menses
1819 2028 1990 2076 praelato
2012 2039 2069 2065 ca-

1125 2089 1229 2130 reat3
1250 2084 1319 2121 240
1345 2082 1511 2132 praelati
1532 2082 1728 2130 eligantur
1750 2094 1771 2118 a
1792 2081 1982 2128 Capitulis
2003 2093 2069 2117 ec-

1124 2139 1330 2176 clesiarum
1370 2136 1611 2181 vacantium;
1640 2136 1708 2173 250
1738 2137 1777 2172 et
1805 2134 1874 2172 260
1902 2134 2068 2183 proscri-

1125 2193 1272 2229 buntur
1300 2189 1507 2226 electiones
1537 2201 1605 2238 per
1632 2187 1844 2226 saecularis
1865 2188 2070 2236 potestatis

1126 2246 1288 2283 abusum
1324 2242 1480 2288 factae,
1513 2246 1553 2279 et
1586 2254 1732 2291 poenae
1763 2241 2000 2278 definiuntur
2031 2240 2068 2276 in

1126 2296 1406 2346 metropolitas,
1433 2294 1497 2344 qui
1527 2295 1733 2332 electiones
1759 2294 1888 2331 minus
1908 2293 2069 2331 canoni-

1123 2364 1188 2389 cas
1208 2349 1487 2388 confirmarint.
1512 2349 1665 2387 Caeteri
1687 2352 1816 2386 autem
1839 2358 2004 2384 canones
2021 2347 2068 2383 ad

1126 2405 1359 2442 clericorum
1389 2404 1427 2440 et
1455 2402 1724 2450 religiosorum
1750 2400 2001 2449 disciplinam,
2021 2400 2070 2436 ad

1124 2469 1256 2496 sacras
1277 2456 1561 2501 Ordinationes,
1581 2456 1629 2492 ad
1650 2467 1786 2492 causas
1808 2452 2068 2491 matrimonia-

1125 2513 1191 2558 les,
1210 2510 1353 2548 iudicia
1373 2509 1649 2554 ecclesiastica,
1666 2507 1818 2556 aliaque
1837 2503 2066 2555 pertinent².

1126 2646 1497 2684 transubstantiacionis‚
1529 2645 1720 2684 aptissimam
1755 2641 1953 2682 exprimendo
1990 2643 2072 2673 avito

1124 2691 1281 2721 catholico
1308 2689 1443 2729 dogmati
1465 2693 1492 2718 et
1506 2686 1682 2717 refellendis
1704 2685 1930 2715 haereticorum
1946 2685 2069 2714 novita-

1125 2731 1206 2762 tibus
1223 2735 1253 2761 ct
1269 2729 1481 2770 subterfugiis.
1504 2746 1538 2750 -
1552 2727 1562 2747 ¹
1582 2728 1646 2757 vid.
1661 2736 1686 2765 p.
1706 2725 1814 2757 52-53.

1166 2771 1180 2793 2
1201 2773 1350 2802 Haeretici
1370 2773 1597 2803 l'rotestantes,
1618 2768 1696 2798 inter
1712 2768 1787 2797 alios
1810 2765 2067 2802 Mosheim(lnst.
2122 2796 2125 2799 ,

1127 2814 1198 2846 hist.
1217 2813 1293 2844 eccl.
1310 2822 1390 2843 saec.
1405 2811 1481 2847 xiil,
1500 2810 1613 2850 part.⁶.‘.‚
1626 2808 1703 2847 c.3),
1717 2812 1871 2845 asserunt,
1887 2809 1916 2838 in
1934 2808 1992 2838 hoc
2008 2816 2068 2838 con

1127 2856 1265 2885 instituta
1298 2854 1394 2884 fuisse
1421 2861 1498 2883 nova
1531 2851 1675 2890 «logmata
1703 2850 1739 2880 (le
1766 2850 1856 2880 modo
1872 2849 2068 2888 praesentiae

1127 2897 1268 2935 corporis
1286 2899 1315 2925 et
1333 2894 1494 2933 sanguinis
1518 2893 1626 2923 Christi
1645 2893 1674 2922 in
1690 2891 1881 2922 Eucharistia
1899 2896 1927 2921 et
1944 2890 1980 2921 de
2003 2898 2072 2920 con-

1127 2938 1261 2969 sessione
1288 2941 1483 2975 peccatorum
1502 2934 1647 2964 facienda
1664 2933 1828 2969 sacerdoli3
1846 2940 1953 2963 verum
1967 2940 2071 2961 eorum

1129 2979 1317 3009 assertiones
1332 2976 1496 3006 manifesto
1517 2978 1654 3014 pugnant
1670 2983 1736 3004 cum
1750 2973 1778 3004 S.
1789 2975 1966 3011 Scripturae
1983 2973 2072 3002 testi-

1129 3021 1241 3051 moniis
1257 3023 1286 3048 et
1306 3027 1373 3048 cum
1405 3019 1552 3056 perpetua
1573 3016 1728 3046 Ecclesiae
1752 3014 1926 3045 traditione.
1945 3013 1982 3044 Cf
1998 3021 2075 3048 opus

1129 3061 1210 3101 quod
1237 3060 1424 3091 inscribitur.
1443 3058 1484 3088 La
1511 3056 1695 3097 perpetvite‘
1719 3056 1755 3087 de
1781 3057 1811 3087 Ια
1826 3055 1873 3095 soi
1889 3055 1926 3086 de
1942 3053 2073 3094 l'Eylise

1129 3101 1244 3134 cathol.
1281 3100 1435 3130 touchant
1453 3097 1700 3135 t'Euclmristte;
1715 3098 1812 3129 Natal.
1833 3096 1978 3127 Alexand.
1995 3094 2074 3126 Hist.

1130 3143 1203 3175 eccl.
1222 3143 1295 3172 diss.
1325 3140 1363 3171 14
1385 3143 1414 3171 in
1444 3149 1525 3170 saec.
1544 3140 1628 3178 x111;
1662 3141 1694 3171 A.
1711 3140 1855 3176 Moeliler,
1880 3137 1921 3169 La
1944 3135 2074 3176 symbo-

1131 3185 1224 3224 lique,
1241 3184 1261 3214 l.
1277 3182 1301 3220 Ι,
1318 3191 1342 3213 e.
1360 3181 1387 3213 4.
1401 3199 1439 3204 -
1453 3183 1483 3212 E.
1497 3181 1597 3221 Dupin
1621 3180 1678 3221 (De
1701 3181 1833 3220 antiqua
1855 3177 2015 3211 Ecclesiae
2030 3177 2075 3208 di-

1130 3224 1282 3265 sciplina,
1309 3223 1383 3255 diss.
1409 3223 1471 3262 VII,
1493 3220 1566 3263 24)
1592 3225 1622 3255 et
1637 3222 1728 3262 pauci
1744 3222 1793 3253 alii
1810 3221 1961 3258 dixerunt,
1978 3227 2075 3251 cano—
