2241 3473
206 124 287 162 442

152 210 288 256 pinata
314 208 469 243 demum
497 208 624 240 morte
646 207 830 249 correpto
850 202 888 236 in
907 201 1102 241 Quirinali

151 263 304 298 Palatio
332 271 427 306 rege
447 258 626 293 Victorio
647 256 921 298 Emmanuele,
941 256 1102 301 eiusque

150 316 217 352 filii
243 313 425 352 Umberti
442 312 568 348 edicto
589 310 679 346 novi
700 309 812 356 regni
834 309 1099 355 promulgato,

151 369 244 405 Pius
270 368 341 415 Pp.
361 367 415 401 IX
443 377 514 412 per
532 363 784 401 Cardinalem
803 362 874 397 sibi
894 373 917 397 a
935 362 1103 397 secretis

151 422 303 458 litteras
331 420 436 456 dedit
462 418 510 454 ad
537 418 704 453 Nuntios
731 415 959 451 pontificios
977 415 1038 451 die
1057 415 1103 452 28

153 475 321 511 ianuarii
349 473 440 510 1878
458 501 466 515 ‚
493 472 630 519 quibus
656 481 794 506 veram
829 471 1101 505 narrationem

155 529 276 565 texuit
306 538 443 564 eorum
466 554 474 569 ‚
509 537 607 573 quae
642 534 830 572 suprema
866 524 1101 560 adveniente

149 582 247 617 hora
274 581 451 616 Victorio
480 579 730 615 Emmanueli
763 577 1019 620 acciderant,
1048 581 1101 612 at-

151 647 224 683 que
252 634 301 671 ad
328 646 465 670 onmes
492 634 685 669 Oratores
704 632 932 678 Principum
952 635 1101 666 cetero-

150 700 313 736 rumque
346 687 638 724 Guberniorum
674 685 778 733 apud
813 686 1002 720 Sanctam
1035 684 1100 720 Se·

152 742 242 778 dem
270 742 593 788 protestationem
622 740 727 776 misit
753 739 814 775 die
849 739 893 774 17
927 738 1101 774 eiusdem

149 796 295 832 mensis
338 800 478 831 contra
517 795 686 830 alteram
730 793 855 829 civilis
897 792 1102 828 Ecclesiae

152 849 400 898 Principatus
426 849 738 896 occupationem.

198 903 279 940 108.
306 903 402 939 Atia
428 905 539 950 qesta
565 902 634 938 Pii
661 903 737 950 Pp.
765 901 1011 937 IX—Probe
1037 911 1103 935 no-

150 968 265 994 scens
284 958 321 992 in
341 957 496 1004 quantis
524 968 656 993 rerum
684 968 730 992 ac
758 961 980 1003 temporum
1008 954 1104 989 diffi-

151 1010 362 1046 cultatibus
381 1016 625 1053 versaretur,
645 1010 737 1045 nihil
758 1010 994 1046 intentatum
1011 1008 1104 1043 Pius

153 1064 222 1112 Pp.
244 1065 299 1100 IX
322 1064 491 1112 reliquit,
519 1068 562 1100 ut
588 1076 741 1100 summo
769 1064 974 1099 Ecclesiae
1002 1063 1104 1097 bono

151 1119 415 1166 prospiceret,
430 1130 476 1154 ac
492 1118 724 1154 pontificiae
744 1117 905 1153 ditionis
932 1117 1105 1153 subditos

153 1173 260 1208 bonis
279 1173 460 1208 omnibus
480 1171 968 1219 locupletaretPublicam
986 1170 1104 1206 admi-

151 1226 427 1262 nistrationem
446 1255 453 1268 ,
482 1237 557 1273 qua
584 1238 682 1273 opus
708 1230 822 1268 erat,
851 1225 1104 1267 instauravit,

150 1280 383 1316 iudiciorum
410 1280 612 1323 ordinem,
632 1280 766 1316 habita
792 1284 1016 1327 temporum
1045 1291 1109 1315 ra—

152 1336 289 1378 tione,
329 1335 578 1381 composuit,
620 1335 853 1371 industriam
893 1335 1105 1382 promovit.

151 1390 258 1425 Raro
288 1389 524 1425 clementiae
543 1389 724 1436 exemplo
746 1389 927 1424 libertate
948 1389 1108 1424 donavit

153 1454 221 1480 eos
248 1454 400 1486 omnes,
428 1444 491 1490 qui
519 1443 746 1479 rebellionis
772 1443 931 1478 nomine
959 1442 1107 1478 detine-

155 1499 320 1540 bantur,
348 1502 429 1533 tum
457 1498 594 1533 exules
620 1497 658 1532 in
687 1497 860 1544 patriam
888 1497 1104 1532 revocavit.

152 1553 385 1599 Equestrem
412 1551 602 1587 Ordinem
631 1562 695 1587 an·
727 1551 817 1588 1847
849 1551 1015 1594 ‹·reavit,
1043 1551 1107 1598 qui

151 1606 304 1641 Picttizts
332 1606 380 1641 ab
407 1607 491 1641 eius
519 1606 674 1641 nomine
695 1605 820 1641 dictus
838 1605 925 1641 fuit.
946 1605 1107 1641 Litteris

153 1659 340 1700 Quanzois
361 1658 590 1707 peculiares
616 1660 638 1695 9
664 1659 760 1695 febr.
793 1659 885 1696 1853
917 1659 1107 1694 nonnulla

152 1714 358 1761 privilegia
376 1713 669 1749 Protonotariis
689 1724 880 1749 concessa
898 1713 1105 1749 moderan-

151 1767 214 1809 da,
242 1773 281 1804 et
306 1779 402 1803 vero
440 1768 559 1804 etiam
597 1767 828 1814 abroganda
862 1767 1041 1810 censuit,
1069 1772 1107 1802 et

151 1821 258 1858 fecit.
278 1822 358 1857 Pro
385 1822 542 1869 integra
570 1822 766 1868 regularis
793 1821 1024 1868 disciplinae
1044 1822 1108 1856 ob-

151 1877 355 1912 servantia
388 1887 530 1911 novam
571 1876 841 1912 Cardinalium
877 1876 1110 1922 Congrega-

153 1929 297 1966 tionem
324 1929 383 1965 Dc
400 1931 507 1966 static
525 1929 787 1976 Reyulctrtam
816 1929 1012 1964 Orclinztm
1031 1930 1107 1964 Ro-

151 1994 239 2019 mae
260 1983 427 2019 instituit
445 1988 485 2019 et
500 1985 590 2019 Litt.
614 1983 790 2030 Apostol.
809 1983 984 2018 Romani
1004 1983 1107 2018 Pon-

151 2037 290 2085 tifices,
321 2037 382 2073 die
409 2038 431 2074 6
458 2037 533 2072 ian.
558 2038 666 2080 1862,
686 2037 856 2073 instituit
881 2037 1108 2083 Congrega-

152 2091 298 2127 tionem
326 2091 372 2126 cle
400 2090 677 2139 Propctgsttndtt
703 2090 807 2126 Fide
835 2102 911 2138 pro
942 2090 1108 2137 negotiis

153 2146 252 2183 ricus
264 2145 497 2181 Orientalis.
515 2145 618 2181 Inter
638 2145 734 2181 hacc
749 2156 845 2181 suae
866 2145 1107 2191 apostolicae

151 2200 422 2238 sollicitudinis
455 2210 578 2247 opera
609 2199 788 2235 omnibus
824 2200 956 2234 omnia
982 2200 1109 2235 factus

152 2256 253 2291 mira
280 2253 591 2295 mansuetudine,
614 2254 759 2300 pictate
780 2264 826 2289 ac
846 2253 1110 2289 beneficentia

154 2309 365 2355 praestitit.
396 2308 618 2356 Praecipua
644 2307 727 2343 cius
754 2318 850 2342 cura
876 2307 948 2342 fuit
969 2318 1109 2354 paupe-

155 2363 262 2398 ribus
285 2392 292 2406 ,
321 2374 416 2410 quos
449 2374 545 2398 vere
578 2361 770 2408 singulari
798 2362 1110 2408 subsequebatur

154 2416 445 2458 benovolentia,
460 2416 685 2458 subvenire;
699 2414 873 2449 infirmos
893 2414 930 2449 in
950 2426 1110 2450 nosoco—

154 2471 242 2506 miis
273 2471 465 2517 degentes
491 2470 728 2512 sublevare;
755 2469 931 2504 scientiis
962 2469 1111 2505 artibus

154 2528 193 2561 ct
222 2525 360 2561 litteris
388 2524 645 2572 patrocinari.
682 2524 871 2559 Veterem
902 2522 1007 2557 viam
1034 2524 1109 2569 Ap-

156 2579 259 2626 piam
289 2579 554 2621 instauravit3
583 2582 737 2625 portam
775 2576 1081 2612 Pancratianam
1101 2605 1109 2620 ,

153 2644 266 2679 quum
302 2644 365 2669 an.
396 2634 485 2669 1848
520 2632 637 2667 factio
672 2631 947 2668 seditiosorum
981 2630 1106 2666 defor-

155 2693 360 2732 maverat,
396 2686 658 2735 splendidiore
693 2686 798 2721 cultu
834 2685 1033 2728 restituit,
1072 2690 1109 2720 ct

155 2741 323 2778 statione
352 2740 638 2789 praesidiorum
668 2744 708 2776 et
736 2739 970 2787 portitorum
1006 2750 1108 2773 com-

155 2795 319 2838 muniit;
347 2795 431 2831 vias
459 2795 612 2831 ferreas
640 2793 774 2829 axibus
807 2796 1033 2828 constratas
1060 2793 1108 2828 ab

154 2848 261 2885 Urbe
280 2849 329 2885 ad
345 2849 441 2886 ssncs
456 2848 707 2896 Neapolitani
730 2847 841 2894 regni
858 2858 979 2894 prope
997 2858 1106 2882 mare

155 2997 250 3028 tiaris
276 2997 534 3039 siqnificationis
553 2998 700 3039 qualitas
720 2996 990 3038 interpretanda.
1013 3021 1020 3028 .
1056 2997 1107 3028 Εη

154 3042 260 3083 initur
287 3044 397 3084 accipe
411 3053 536 3085 piynus·
555 3047 585 3075 et
605 3047 869 3075 munumentum
890 3045 995 3075 nostri·
1014 3053 1108 3075 auio-

156 3090 402 3121 ri.»›.,.1³0.s·am
430 3091 516 3121 lianc
544 3090 732 3121 laetissimo
758 3088 854 3121 coi-ile
872 3090 1004 3130 suscipe.
1020 3100 1028 3127 ς
1048 3099 1106 3120 nec

155 3137 185 3166 et
212 3136 414 3175 (inrisutyor
439 3136 495 3168 seit
512 3136 754 3177 contemptatio
777 3135 917 3167 Divinae
937 3136 1106 3178 sigltiifica-

156 3180 257 3211 tinnis
285 3184 409 3213 teneat.
434 3181 626 3214 ..Utinam
655 3181 796 3213 Divinus
821 3181 922 3214 ardor
951 3183 1107 3223 penetret

156 3225 192 3257 in
221 3228 294 3258 tuos
319 3236 450 3266 ¹sensus,
481 3227 664 3260 Curis-sime
690 3227 754 3259 Fili
770 3229 780 3259 ,'

492 134 658 162 EPOCHA
678 132 767 160 XIII.
793 135 819 159 A
842 131 1025 158 PVBLICA
1047 131 1195 158 RERVM
1220 130 1262 156 IN
1285 129 1456 157 GALLIIS
1477 130 1766 157 SVBVERSIONE

1154 200 1490 236 mediterraneum
1509 198 1556 233 ob
1576 201 1714 234 mutua
1731 197 1973 234 commercia
1989 196 2109 233 dedu—

1154 253 1298 290 cendas
1317 252 1495 292 curavit:
1515 251 1797 287 columbarium
1816 255 1930 287 extra
1948 255 2105 298 portam

1155 308 1355 353 Capenam
1383 305 1431 341 ad
1457 305 1675 343 Caeliolum
1695 305 1942 348 instauravit,
1964 308 2005 341 et
2023 305 2107 341 lite-

1155 360 1252 395 ratis
1295 359 1487 406 lapidibus
1528 363 1874 395 monumentorum
1924 363 2105 394 veterum

1155 413 1367 456 instruxit3
1403 412 1601 448 subversis
1635 412 1801 447 molibus
1835 415 1874 447 et
1900 411 2109 448 ruderibus

1155 467 1304 514 egestis
1332 467 1518 514 reliquias
1545 466 1730 502 basilicae
1764 465 1883 501 Iuliae
1918 466 2102 502 restituit.

1156 521 1472 557 Patriarchalem
1507 520 1720 556 Basilicam
1758 519 1985 555 Ostiensem
2023 519 2111 556 dira

1155 574 1323 611 incendii
1349 575 1386 610 vi
1415 586 1480 610 an.
1515 574 1606 611 1823
1632 573 1788 621 penitus
1823 577 2112 620 consumptam,

1155 639 1270 675 quam
1298 630 1377 664 Leo
1395 628 1482 670 XII,
1503 628 1599 664 Pius
1616 628 1703 663 VIII
1724 632 1763 663 et
1780 626 1998 672 Gregorius
2015 626 2110 662 XVI

1156 682 1288 728 magni
1315 682 1534 729 sumptibus
1560 680 1799 729 splendidius
1826 691 1944 727 quam
1977 683 2112 722 antea,

1156 736 1487 771 reaedificandam
1518 740 1808 782 susceperant,
1836 734 1930 770 Pius
1955 733 2029 781 Pp.
2056 734 2112 769 IX

1155 789 1202 824 ad
1230 789 1379 825 exitum
1406 789 1612 837 perduxit,
1631 793 1671 825 et
1696 789 1754 824 1v⁰
1781 787 1866 823 idus
1890 786 2114 823 decembris

1156 843 1249 880 1854
1290 843 1486 879 dedicavit
1518 847 1631 879 tanta
1673 854 1761 878 cum
1792 841 2044 878 solemnitate
2069 843 2081 864 1
2104 869 2113 884 ,

1155 904 1341 944 quantam
1371 908 1568 944 nunquam
1589 897 1679 940 alia,
1710 896 1784 932 nisi
1811 895 1912 931 forte
1932 905 2112 941 perraro,

1155 950 1250 986 vidit
1290 954 1401 987 aetas
1440 952 1488 986 ob
1527 953 1733 997 ingentem
1764 949 2033 987 Cardinalium
2073 952 2114 984 et

1156 1005 1442 1052 Episcoporum
1476 1005 1767 1052 frequentiam,
1795 1004 1859 1051 qui
1894 1014 1943 1039 ex
1968 1001 2116 1039 dissitis

1159 1057 1278 1093 etiam
1319 1058 1503 1094 catholici
1543 1057 1648 1093 orbis
1681 1057 1909 1104 regionibus
1947 1056 2116 1092 Romam

1157 1111 1418 1155 advenerant,
1441 1111 1735 1148 irreformabile
1765 1108 1966 1146 Pontifici‘s
1982 1109 2117 1146 decre-

1159 1171 1239 1200 tum
1268 1165 1359 1201 fidei
1387 1165 1433 1201 de
1462 1165 1717 1201 immaculata
1743 1165 1790 1200 B.
1811 1164 1866 1200 M.
1889 1164 1937 1198 V.
1967 1165 2116 1200 Conce—

1159 1221 1292 1267 ptione
1312 1220 1599 1256 instantissime
1616 1222 1892 1266 exposcentes.
1907 1218 2116 1266 Templum

1160 1275 1274 1310 divae
1303 1275 1470 1320 Agnetis
1497 1274 1687 1321 martyris
1713 1273 1761 1309 ad
1788 1273 1915 1308 forum
1935 1272 2116 1319 Agonale

1158 1328 1380 1370 exornavit,
1401 1328 1514 1375 eique
1542 1328 1792 1363 continentes
1821 1326 1939 1363 aedes
1959 1325 2116 1362 canoni-

1161 1393 1299 1417 corum
1326 1381 1657 1417 Later-anensium
1682 1410 1691 1425 ‚
1717 1385 1915 1417 vetustate
1942 1379 2117 1417 dilaben—

1160 1439 1218 1472 tes
1241 1465 1249 1480 ,
1282 1436 1347 1471 ubi
1383 1447 1404 1472 e
1443 1446 1588 1482 magno
1624 1436 1729 1470 vitae
1768 1435 1945 1482 periculo
1981 1445 2119 1481 sospes

1160 1484 1232 1520 suit
1257 1485 1286 1528 ²,
1307 1495 1329 1519 a
1355 1484 1439 1519 solo
1460 1483 1621 1526 refecit,
1640 1486 1680 1518 et
1699 1483 1842 1518 ibidem
1861 1483 2118 1518 catacumbas

1162 1538 1199 1572 in
1219 1538 1304 1573 loco
1324 1537 1428 1573 dicto
1447 1536 1494 1573 de
1515 1537 1643 1572 Petra
1663 1537 1798 1572 Aurea
1825 1536 1974 1572 detexit
1991 1547 2115 1584 prope

1163 1591 1374 1627 ecclesiam
1402 1603 1453 1626 ss.
1483 1595 1703 1637 martyrum
1731 1590 1960 1634 Alexandri,
1991 1591 2120 1626 Even-

1164 1646 1205 1681 tii
1233 1650 1272 1681 et
1309 1644 1527 1689 Theoduli;
1555 1644 1632 1679 divi
1666 1644 1821 1682 Callixti
1855 1644 1974 1680 etiam
2001 1643 2120 1692 hypo-

1165 1710 1308 1745 gaeum
1336 1703 1451 1735 extra
1470 1703 1625 1746 portam
1646 1698 1947 1735 Sebastianeam
1967 1697 2113 1735 effodit.

1162 1754 1265 1789 Nam
1295 1753 1364 1788 Pio
1393 1753 1446 1788 IX
1475 1756 1734 1800 promovente
1761 1764 1808 1788 ac
1827 1752 2040 1799 probante,
2060 1762 2120 1788 sa-

1163 1819 1323 1844 crorum
1357 1812 1703 1843 monumentorum
1736 1806 1919 1850 effossio,
1950 1817 2048 1842 cura
2079 1810 2120 1842 et

1162 1861 1330 1898 studium
1357 1862 1571 1907 viguerunt
1602 1860 1772 1908 quotidie
1802 1861 1841 1896 in
1873 1860 2038 1904 melius,
2064 1859 2120 1896 ita

1162 1920 1204 1951 ut
1229 1916 1277 1951 ab
1299 1914 1550 1961 archeologis
1568 1913 1830 1962 Antiqztitatis
1847 1913 1992 1950 uindex
2007 1915 2022 1938 3
2041 1913 2119 1950 fue-

1208 2018 1217 2038 1
1238 2014 1308 2046 vid.
1328 2013 1476 2045 Allocut.
1497 2013 1539 2046 10
1555 2013 1697 2046 decemb.
1714 2013 1816 2046 1854.

1205 2062 1219 2083 ‘2
1238 2060 1418 2092 Mirandum
1439 2061 1523 2092 hunc
1541 2064 1690 2092 eventum
1711 2068 1782 2092 cuin
1802 2059 1950 2092 omnibus
1967 2061 2036 2093 suis
2066 2062 2121 2093 ad-

1164 2107 1285 2139 iunctis
1302 2131 1310 2146 ,
1329 2115 1412 2147 quae.
1430 2107 1730 2148 praesentissimum
1753 2106 1806 2138 Dei
1827 2115 1862 2139 ac
1888 2106 2120 2140 Immaculatae

1164 2153 1305 2193 Virginis
1326 2152 1444 2185 Mariae
1474 2153 1503 2184 in
1525 2153 1613 2184 Pium
1640 2152 1682 2184 IX
1711 2152 1873 2184 auxilium
1900 2151 2120 2186 indubitanter

1166 2202 1331 2232 testantur
1348 2223 1355 2236 ,
1375 2198 1445 2231 fuse
1463 2203 1658 2230 enarrarunt
1677 2198 1712 2229 in
1731 2198 1798 2230 vol.
1820 2198 1924 2230 XXIX
1942 2198 2122 2240 ephemeri-

1164 2246 1217 2277 des
1245 2243 1289 2276 La
1318 2243 1459 2276 Scienm
1485 2253 1500 2275 e
1527 2245 1559 2276 la
1586 2243 1672 2277 Fede
1690 2269 1698 2282 ,
1725 2253 1779 2275 an.
1810 2242 1913 2276 1855.
1933 2244 2055 2278 Tantae
2073 2245 2119 2278 rei

1163 2291 1314 2323 memoria
1343 2294 1376 2322 ut
1396 2291 1533 2331 posteris
1550 2299 1680 2331 quoque
1708 2294 1895 2323 servaretur
1910 2314 1919 2332 ,
1947 2291 2116 2334 inscriptio

1164 2336 1312 2369 marmori
1341 2337 1506 2377 insculpta
1526 2336 1644 2368 Itoniae
1662 2336 1698 2368 ad
1717 2336 1843 2368 ianuam
1862 2341 1995 2370 sanctae
2013 2339 2118 2379 Agne-

1165 2384 1204 2415 tis
1222 2383 1370 2415 coenobii
1391 2383 1495 2423 posita
1514 2387 1575 2414 est.

1207 2430 1221 2451 3
1240 2428 1339 2467 Quam
1358 2429 1472 2460 incrito
1492 2428 1520 2459 id
1542 2428 1679 2460 encomii
1701 2428 1815 2463 PioilX
1836 2428 2012 2467 tribuatur,
2031 2429 2120 2472 quis-

1164 2485 1226 2518 quc
1252 2479 1359 2516 potest
1386 2475 1570 2516 perspicere
1590 2482 1628 2506 ex
1655 2474 1821 2515 praeclara
1847 2475 2046 2508 collectione
2070 2485 2119 2508 sa—

1164 2531 1293 2555 crarunt
1322 2522 1570 2562 inscriptionum
1593 2520 1686 2552 Urbis
1705 2520 1821 2553 Itomae
1840 2521 1973 2554 saeculo
1994 2521 2048 2553 VII
2066 2530 2119 2554 ve-

1166 2569 1357 2606 tustiorum,
1378 2576 1470 2609 quam
1491 2566 1618 2609 quidem
1639 2566 1930 2600 nniniliccntissimi
1949 2567 2117 2601 Pontificis

1163 2613 1344 2654 sumptibus
1371 2617 1521 2646 accurate
1550 2621 1584 2644 :ic
1611 2613 1779 2654 splendide
1807 2613 1982 2646 cudendnm
2008 2622 2118 2647 snsce-

1165 2661 1209 2702 pit
1223 2659 1340 2691 Romae
1359 2659 1598 2690 eruditissimus
1616 2659 1823 2700 antiquitatis
1840 2663 2006 2692 scrutator
2025 2658 2118 2692 Ioan-

1164 2716 1219 2738 nes
1248 2706 1390 2746 Baptista
1416 2705 1454 2737 de
1483 2705 1573 2736 liossi
1591 2728 1598 2742 ,
1627 2705 1672 2736 uti
1700 2713 1841 2747 sequens
1870 2705 2042 2748 inscriptio
2070 2706 2117 2738 ei-

1163 2753 1231 2785 dcin
1258 2751 1443 2784 collectioni
1471 2750 1647 2792 praemissa
1673 2750 1830 2783 denotat:

1484 2803 1576 2830 Liber
1598 2803 1695 2830 Sacer
1716 2803 1795 2830 Esto

1475 2842 1590 2870 Honori
1614 2844 1655 2870 Et
1676 2843 1798 2870 Nomini

1522 2883 1569 2909 l’ii
1594 2883 1638 2910 IX
1661 2883 1695 2910 Ρ.
1717 2882 1760 2909 M.

1392 2922 1489 2950 Cuius
1511 2922 1716 2950 Providentia
1738 2923 1778 2949 Et
1800 2922 1892 2950 Iussu

1376 2962 1462 2990 Ilaec
1485 2963 1610 2989 Veteris
1634 2963 1706 2989 [Evi
1728 2962 1901 2990 Christiani

1452 3003 1598 3029 Romana
1620 3002 1825 3030 Monumenta.

1465 3043 1499 3068 ln
1522 3043 1634 3069 Lucem
1658 3042 1814 3070 l‘rodeunt

1164 3089 1224 3119 {luc
1252 3097 1327 3119 saue
1360 3097 1466 3129 opus,
1493 3088 1586 3120 cuius
1612 3088 1731 3121 titulus
1765 3092 1813 3120 est
1831 3113 1839 3127 ,
1877 3087 2116 3129 Inscriptiones

1166 3134 1381 3167 Christianae
1413 3134 1504 3165 tsi-bis
1531 3135 1661 3167 Romae
1686 3134 1828 3176 septimo
1863 3134 1997 3166 saecuto
2027 3134 2118 3166 anti—

1161 3181 1306 3221 quiores,
1321 3180 1400 3222 quin
1423 3181 1557 3213 inultum
1578 3181 1662 3213 lucis
1680 3181 1723 3213 sit
1738 3181 1915 3214 allaturum
1935 3179 2116 3213 catholicae

1164 3227 1234 3259 fidei
1261 3226 1401 3266 veritati,
1425 3236 1487 3259 non
1514 3232 1563 3261 cst
1588 3227 1695 3269 quiin
1713 3226 1846 3261 dublum
1862 3234 1976 3260 vocare
1992 3228 2113 3269 potest.
