2241 3473
223 157 302 198 334

168 242 359 280 bellorum
387 252 504 278 causa
531 241 712 288 Belgium
732 242 976 287 deserentes,
994 247 1120 280 trans-

167 296 298 333 ierunt
330 297 540 332 Viennam.
580 295 730 331 Eodem
759 300 938 345 tempore
965 298 1118 334 Romae

167 350 353 387 Nicolaus
379 348 616 392 Paceanari,
643 349 910 394 Tridentinus,
933 351 982 387 ad
1011 363 1120 387 resu-

167 403 385 440 scitandum
426 415 455 438 s.
497 402 638 449 Ignatii
676 403 924 450 Institutum,
961 405 1118 441 creavit

166 455 527 503 Congregationem
543 455 614 491 sub
629 456 787 494 nomine
803 458 1014 495 Societatis
1028 458 1119 494 fidei

165 510 266 546 Iesu.
293 510 353 545 Ex
384 520 549 546 assensu
585 508 789 547 Pontifieis
822 511 1047 549 Paccanari
1079 516 1120 549 et

165 563 261 599 socii
287 562 369 599 eius
394 562 545 608 Italiae,
573 563 740 609 Galliae,
770 565 1010 603 Germaniae
1038 571 1115 602 ter-

165 627 230 653 ras
257 621 539 664 peragrarunt,
557 620 598 653 ut
612 621 772 655 veteres
792 619 959 657 Iesuitas
978 631 1118 657 novos-

163 682 236 718 que
275 670 401 707 socios
435 671 474 707 in
507 672 872 719 Congregationem
907 685 1019 711 suam
1054 674 1118 710 ad—

164 724 398 761 scriberent.
429 724 545 761 Multi
572 726 608 761 ei
635 737 779 763 nomen
806 727 1001 765 dederunt
1019 757 1027 772 ,
1055 727 1118 776 qui

164 777 306 815 Patres
330 778 419 815 fidei
446 782 486 815 et
512 779 561 815 ab
585 782 760 818 'auctore
793 781 1119 819 Paecanaristae

164 832 258 868 dicti
284 837 388 869 sunt.
408 834 461 869 At
477 838 567 881 post
583 845 730 881 paucos
749 846 887 880 annos,
910 848 998 872 cum
1019 836 1118 873 Pac-

164 887 302 923 canari
327 888 513 924 unionem
540 899 635 926 suae
664 890 999 938 Congregationis
1030 902 1118 928 cum

164 941 345 988 generali
372 941 583 979 Societatis
618 943 706 980 Iesu
728 972 735 987 ,
763 944 802 980 in
837 945 983 982 Russia
1008 956 1120 994 prae-

162 995 316 1042 posite,
344 1007 485 1043 parum
513 1007 656 1034 curare
685 997 915 1043 videretur,
942 999 1118 1047 plerique

163 1048 258 1085 socii
286 1049 335 1085 ab
363 1061 409 1086 eo
436 1049 720 1096 discesserunt,
747 1052 924 1088 nonnulli
951 1053 990 1088 in
1022 1054 1119 1091 Rus-

162 1103 260 1139 siam
289 1103 339 1140 ad
366 1104 600 1141 novitiatum
628 1106 795 1154 profecti
823 1111 925 1143 sunt.

210 1158 271 1194 Ad
305 1159 529 1207 exemplum
570 1159 679 1197 ducis
714 1161 945 1198 Parmensis
982 1161 1119 1199 Ferdi-

163 1213 315 1250 naudus
329 1214 397 1259 IV,
414 1226 483 1251 rex
501 1215 705 1263 utriusque
726 1215 900 1261 Siciliae,
917 1217 980 1264 qui
1001 1228 1119 1264 quon-

162 1269 252 1305 dam
274 1269 399 1306 adhuc
418 1270 569 1306 iuvenis
586 1270 752 1307 Iesuitas
776 1282 901 1318 regno
921 1281 989 1307 suo
1008 1271 1117 1308 exire

162 1325 350 1368 iusserat,
377 1336 442 1361 an.
466 1325 555 1362 1804
582 1336 651 1373 pro
679 1325 927 1362 restituenda
955 1327 993 1361 in
1012 1329 1119 1362 utra-

164 1390 236 1426 que
263 1379 399 1415 Sicilia
426 1390 565 1415 eorum
593 1379 795 1416 Societate
814 1379 864 1415 ad
881 1379 1115 1416 Pontificem

162 1433 332 1481 scripsit.
360 1433 454 1470 Pius
480 1434 551 1470 VII
579 1434 662 1470 eius
689 1434 878 1481 precibus
908 1445 1115 1478 annuens,

163 1499 235 1535 per
268 1489 400 1525 Breve
433 1489 496 1524 111⁰
527 1488 713 1524 calendas
751 1488 908 1536 augusti
943 1488 1117 1525 eiusdem

162 1544 253 1578 anni
279 1542 328 1578 ad
368 1541 414 1577 Ρ.
443 1542 620 1587 Gruber,
647 1543 877 1590 generalem
905 1542 1116 1579 Societatis

162 1597 428 1645 praepositum
449 1596 487 1632 in
506 1596 664 1641 Russia,
680 1596 815 1633 datum
831 1597 1044 1634 Societatis
1062 1597 1118 1632 in·

160 1651 449 1688 staurationem
474 1651 514 1686 in
541 1654 707 1698 utraque
734 1651 868 1688 Sicilia
894 1655 1024 1688 ratam
1051 1651 1116 1688 ha—

160 1703 256 1741 buit·
285 1705 449 1743 Summo
478 1705 586 1752 regis
620 1709 660 1742 et
692 1705 937 1742 subditorum
974 1705 1116 1752 gaudio

160 1762 294 1805 patres
322 1759 491 1795 Iesuitae
519 1759 669 1807 recepti
687 1762 790 1804 sunt;
812 1759 880 1796 sed
899 1771 1004 1796 anno
1025 1760 1116 1798 1806

161 1812 199 1847 in
226 1824 349 1860 regno
375 1813 429 1849 cis
456 1814 621 1850 Fretum
650 1813 856 1851 Siciliense
875 1825 898 1850 a
917 1814 1039 1852 Gallis
1054 1826 1115 1851 oc-

159 1870 316 1914 cupato,
342 1867 486 1903 iterum
514 1867 680 1915 dispcrsi
707 1867 878 1904 fuerunt.

205 1923 320 1957 Anno
350 1921 441 1958 1814
467 1921 562 1958 Pius
589 1921 659 1969 Pp.
680 1922 750 1958 VII
778 1922 881 1959 votis
910 1923 1031 1960 totius
1053 1934 1115 1959 or-

158 1975 217 2012 bis
243 1975 436 2020 catholici,
466 1975 678 2012 Societatis
704 1975 792 2012 Iesu
821 1977 1113 2014 restitutionem

160 2029 422 2067 desiderantis
440 2059 448 2075 ,
478 2031 656 2067 facturus
683 2031 780 2068 satis
797 2059 805 2075 ,
834 2032 909 2067 vli⁰
937 2032 1023 2069 idus
1049 2043 1116 2068 au-

159 2084 263 2131 gusti
291 2084 406 2121 Bulla
424 2114 432 2128 ,
458 2083 698 2121 Sollicitudo
732 2084 903 2121 omnium
929 2085 1115 2122 ecclcsia-

159 2149 260 2183 rum,
281 2140 506 2186 praefatam
533 2139 772 2176 Societatem
793 2151 841 2176 ex
861 2143 972 2176 certa
991 2140 1114 2177 scien-

159 2191 214 2228 tia
241 2197 281 2229 et
307 2192 550 2241 plenitudine
577 2193 784 2239 potestatis
811 2194 851 2229 in
876 2197 1113 2242 perpetuum

160 2246 409 2283 instauravit.
451 2246 670 2285 Confestim
711 2248 947 2295 superstites
987 2248 1113 2284 adhuc

162 2301 331 2338 Iesuitae
357 2312 398 2338 se
427 2301 497 2337 sub
523 2300 663 2348 regula
689 2312 719 2337 s.
750 2301 893 2348 Ignatii
913 2303 1113 2338 consocia-

160 2359 273 2400 runt;
302 2356 341 2391 in
367 2355 496 2399 Italia,
522 2355 708 2398 Austria,
736 2355 940 2401 Helvetia,
967 2357 1112 2403 Gallia,

163 2409 371 2456 Hispania,
398 2408 559 2456 Anglia,
577 2408 741 2456 aliisque
762 2409 988 2456 regionibus
1007 2411 1112 2446 novi-

161 2462 294 2508 tiatus,
314 2463 486 2510 collegia
513 2466 554 2500 et
579 2462 677 2498 alias
705 2462 842 2499 domos
869 2464 1113 2510 formarunt;

161 2516 303 2554 deinde
331 2518 450 2554 etiam
479 2517 518 2553 in
551 2517 806 2561 Americam,
842 2518 1027 2565 Syriam,
1056 2520 1113 2555 Iu-

159 2571 321 2619 diasque
342 2571 525 2619 profecti,
545 2571 768 2616 missiones,
788 2571 1015 2616 novitiatus,
1036 2573 1112 2609 col-

160 2626 266 2673 legia
294 2626 435 2663 ibidem
463 2626 747 2662 instaurarunt.

207 2682 306 2718 Cum
347 2692 442 2717 vero
483 2681 664 2717 Societas
697 2681 785 2716 Iesu
823 2681 880 2716 sic
914 2681 1110 2716 communi

162 2736 374 2783 proborum
403 2735 546 2782 gaudio
575 2735 869 2779 restitueretur,
890 2735 926 2770 in
956 2736 1111 2779 Russia,

161 2791 198 2826 iu
232 2801 307 2837 qua
347 2796 432 2838 post
468 2791 658 2838 generale
692 2789 944 2837 naufragium
985 2791 1114 2826 fuerat

162 2851 413 2890 conservata,
436 2857 651 2894 suppressa
677 2850 752 2882 est.
773 2844 902 2885 Quum
929 2844 1033 2881 enim
1062 2845 1114 2880 Ie-

162 2900 289 2937 suitae
318 2901 356 2936 in
393 2902 590 2948 collegio,
619 2899 719 2948 quod
752 2899 953 2946 Petropoli
980 2909 1116 2935 crexe-

165 2959 281 2999 rant,
316 2968 393 2992 non
428 2956 542 2992 modo
578 2957 739 2992 iuvenes
772 2953 1013 2998 catholicos,
1047 2953 1115 2990 sed

164 3009 284 3046 etiam
325 3011 565 3048 acatholicos
597 3014 636 3047 et
673 3007 980 3053 schismaticos,
1022 3019 1117 3056 quos

166 3068 366 3110 parentes,
388 3077 525 3102 eorum
553 3075 684 3101 mores
711 3066 750 3100 et
776 3061 939 3099 docendi
968 3062 1115 3098 metho-

164 3116 253 3153 dum
283 3121 561 3167 approbantes,
590 3119 647 3155 eis
674 3117 896 3160 tradebant,
916 3116 953 3151 in
976 3116 1116 3153 litteris

165 3169 431 3218 instituerent,
449 3175 613 3210 aliorum
630 3171 912 3219 magistrorum
929 3169 1115 3206 invidiam

167 3224 200 3259 iu
229 3236 271 3261 se
305 3227 543 3264 ext-ilarunt.
574 3228 702 3268 Quum
740 3228 954 3273 praetcrea
983 3225 1116 3273 plures

507 168 674 196 EPOCHA
695 168 782 196 XIII.
806 169 833 195 A
855 167 1037 196 PVBLICA
1059 168 1208 196 RERVM
1230 169 1272 196 IN
1294 168 1467 198 GALLIIS
1489 169 1779 201 SVBVERSIONE

1172 243 1292 280 adulti
1322 254 1345 280 a
1371 244 1583 282 schismate
1612 244 1660 281 ad
1679 243 1912 281 catholicam
1929 241 2126 280 unitatem

1171 309 1195 334 a
1221 297 1376 335 Iesuitis
1407 302 1739 337 converterentur
1758 327 1766 342 ,
1799 296 2039 335 schismatici
2065 307 2128 333 sa-

1172 351 1355 389 cerdotes
1374 381 1382 397 ,
1410 352 1551 401 aliique
1578 352 1782 400 religionis
1809 351 2028 388 catholicae
2055 350 2125 386 ini-

1171 406 1260 442 mici
1290 407 1524 452 effecerunt,
1552 411 1597 444 ut
1621 418 1724 443 anno
1751 406 1844 443 1815
1870 406 2035 442 Iesuitae
2062 404 2127 441 de-

1171 464 1282 497 creto
1309 461 1528 498 Alexandri
1546 460 1804 509 imperatoris
1828 459 2029 510 Petropoli
2047 459 2127 496 fue-

1172 513 1253 551 rint
1279 517 1415 560 amoti,
1445 515 1636 563 simulque
1665 514 1792 551 aditus
1819 512 1867 549 ad
1893 513 2031 550 ambas
2057 512 2127 549 im-

1170 568 1270 614 perii
1304 570 1551 618 metropoles
1584 570 1640 606 eis
1667 569 1707 605 in
1739 571 1975 616 perpetuum
2005 567 2128 604 inter-

1171 621 1310 660 dictus.
1333 623 1414 660 Iam
1443 627 1525 660 tum
1552 635 1689 661 eorum
1717 621 1938 660 adversarii
1965 621 2126 659 efficere

1173 676 1305 713 conati
1339 681 1457 723 sunt,
1484 681 1528 714 ut
1565 689 1586 714 e
1615 681 1696 714 toto
1729 676 1899 725 imperio
1934 675 2127 712 Russiaco

1173 730 1431 778 pellerentur,
1452 731 1521 768 sed
1539 742 1617 767 non
1635 730 1817 780 permisit
1834 729 1871 766 id
1889 730 2126 778 imperator.

1172 785 1271 822 Cum
1307 796 1405 821 vero
1432 785 1605 822 Iesuitae
1641 785 1681 821 in
1712 784 1800 822 aliis
1838 783 1994 831 imperii
2031 783 2127 820 locis

1172 838 1450 876 schismaticos
1477 839 1526 875 ad
1554 839 1791 876 catholicam
1814 838 2009 875 unitatem
2035 848 2126 874 con-

1171 896 1332 929 vertere
1359 904 1438 929 non
1466 896 1685 936 cessarent,
1713 892 1873 930 tandem
1901 902 2004 929 anno
2033 890 2126 929 1820

1173 945 1392 994 imperator
1419 946 1636 992 decretum,
1654 947 1725 984 sibi
1745 958 1769 985 a
1788 958 1921 984 rerum
1941 945 2126 983 ecclesia-

1174 1000 1365 1041 sticarum
1392 1000 1623 1038 administro
1652 1001 1913 1049 propositum,
1932 999 2128 1048 approba-

1172 1054 1241 1099 vit,
1259 1066 1333 1103 quo
1351 1066 1488 1093 omnes
1504 1056 1674 1093 Iesuitae
1690 1067 1740 1092 ex
1753 1055 1940 1092 universo
1958 1053 2126 1102 imperio

1172 1109 1364 1147 Russiaco
1377 1111 1827 1158 relegabantur.Eorum
1838 1106 1950 1146 multi
1969 1109 2127 1146 aFran-

1172 1163 1279 1200 cisco
1296 1165 1538 1213 imperatore
1558 1165 1770 1202 Austriaco
1796 1164 1835 1201 in
1862 1163 2050 1201 Galitiam
2077 1162 2127 1200 ad

1172 1217 1419 1256 iuventutem
1445 1220 1485 1256 in
1512 1220 1689 1257 scientiis
1717 1219 1977 1268 philologieis,
2004 1218 2126 1266 philo-

1174 1273 1344 1320 sophicis
1360 1279 1399 1311 et
1420 1274 1652 1322 theologicis
1671 1273 1949 1311 instituendam
1965 1271 2126 1310 admissi

1172 1331 1293 1372 sunt;
1328 1328 1519 1365 traditum
1547 1328 1604 1365 eis
1635 1328 1708 1365 fuit
1734 1327 1966 1366 coenobium
1994 1327 2125 1364 Domi-

1174 1381 1404 1418 nieauorum
1440 1382 1655 1430 Tarnopoli
1678 1411 1687 1427 ,
1727 1381 1923 1429 assignati
1962 1381 2128 1430 singulis

1174 1435 1377 1471 annuatim
1406 1436 1474 1474 300
1499 1436 1660 1480 florem,
1677 1435 1846 1484 dataque
1864 1435 2032 1472 facultas
2050 1434 2126 1472 eri-

1173 1489 1380 1536 gendi,ubi
1396 1489 1525 1526 visum
1542 1489 2125 1538 fuerit,'collegia,novitiosque

1174 1543 1212 1579 in
1238 1543 1340 1580 hunc
1366 1543 1487 1581 finem
1507 1543 1927 1592 suscipiendi.Reliqui
1954 1543 2126 1580 Iesuitae

1172 1608 1192 1633 e
1228 1597 1373 1634 Russia
1399 1597 1518 1634 eiecti
1554 1597 1700 1646 partim
1732 1597 1771 1632 in
1803 1596 1882 1633 alia
1917 1596 2128 1634 Societatis

1172 1651 1512 1699 eollegia,partim
1533 1650 1570 1686 in
1586 1649 1816 1687 Americam
1835 1649 2123 1696 septentriona-

1172 1703 1247 1740 lem
1276 1716 1318 1741 se
1348 1704 1612 1741 contulerunt.

1218 1757 1276 1795 29.
1312 1757 1534 1805 Reliyionis
1572 1758 1699 1794 status
1734 1756 1774 1793 in
1813 1756 2062 1794 America—
2083 1757 2126 1794 In

1170 1812 1361 1848 America
1388 1811 1703 1859 septentrionali,
1725 1811 1960 1859 praesertim
1982 1811 2022 1848 in
2050 1814 2127 1849 ter-

1172 1866 1225 1902 ris
1252 1866 1523 1911 Britannicis,
1552 1866 1591 1901 in
1618 1865 1843 1902 civitatibus
1870 1865 2126 1903 confoedera-

1173 1919 1235 1963 tis,
1254 1923 1295 1956 et
1322 1920 1359 1956 in
1388 1920 1538 1965 insulis,
1559 1930 1659 1968 quae
1687 1919 1845 1957 nomine
1873 1919 2005 1957 Indiae
2024 1920 2125 1959 occi-

1170 1973 1339 2011 dentalis
1365 1974 1640 2022 designantur,
1659 1984 1683 2010 a
1708 1973 1993 2021 posterioribus
2011 1974 2126 2012 annis

1170 2029 1318 2066 saeculi
1344 2028 1622 2077 praecedentis
1641 2032 1681 2065 et
1697 2028 1884 2077 deinceps
1903 2028 2125 2066 Catholico-

1170 2095 1255 2120 rum
1281 2095 1484 2129 numerus,
1504 2087 1587 2120 tum
1615 2083 1863 2120 ethnicorum
1890 2085 1931 2120 et
1954 2083 2123 2120 haereti-

1169 2149 1305 2174 corum
1332 2138 1592 2175 conversione
1610 2167 1619 2183 ,
1646 2141 1728 2174 tum
1755 2138 2055 2185 Europaeorum
2081 2138 2122 2174 in

1168 2191 1264 2229 istas
1292 2196 1423 2230 terras
1451 2191 1713 2239 migratione,
1740 2191 1954 2239 plurimum
1981 2194 2122 2230 auctus

1167 2251 1238 2284 est.
1269 2247 1458 2289 Quamvis
1492 2258 1563 2294 per
1589 2257 1728 2294 pacem
1763 2256 1827 2282 an.
1856 2246 1948 2284 1763
1974 2246 2122 2284 Versa-

1167 2301 1242 2338 liae
1274 2302 1378 2339 inter
1411 2301 1655 2337 Gallicanum
1681 2304 1720 2337 et
1750 2300 2015 2348 Anglicanum
2051 2313 2120 2350 gu-

1166 2355 1303 2392 bernia
1329 2356 1567 2400 confectam,
1585 2354 1747 2393 Canada
1773 2366 1842 2391 seu
1861 2355 2122 2392 Nova-Fran-

1166 2410 1228 2447 cia
1255 2414 1296 2447 et
1320 2411 1498 2447 Granata
1525 2410 1671 2446 fuerint
1704 2420 1917 2447 concessae
1952 2410 2093 2458 Anglis
2111 2439 2121 2456 ,

1165 2465 1357 2503 Catholici
1386 2469 1517 2502 tamen
1546 2465 1582 2501 in
1610 2465 1684 2501 illis
1718 2465 1946 2512 regionibus
1974 2464 2116 2502 iisdem

1165 2531 1212 2557 ac
1238 2523 1357 2556 antea
1384 2519 1532 2556 iuribus
1560 2519 1671 2567 potiti
1690 2523 1794 2555 sunt.
1814 2518 2027 2567 Postquam
2046 2531 2117 2567 gu-

1165 2575 1343 2612 bernium
1371 2575 1636 2622 Anglicanum
1663 2585 1767 2611 anno
1795 2575 1886 2611 1783
1913 2585 2011 2622 pace
2030 2585 2120 2611 cum

1166 2629 1388 2665 civitatibus
1406 2628 1698 2665 confoederatis
1717 2640 1785 2665 seu
1805 2621 1980 2665 statibus
1996 2628 2117 2665 unitis

1165 2683 1399 2731 composita,
1418 2693 1557 2719 earum
1586 2683 1751 2720 liberum
1779 2683 1960 2730 regimen
1985 2686 2116 2719 ratum

1166 2738 1381 2781 habuisset,
1397 2736 1577 2773 catholici
1597 2736 1828 2774 carumdem
1846 2737 1998 2774 incolae
2016 2738 2120 2785 Apo-

1166 2792 1345 2828 stolieam
1374 2791 1518 2828 Sedem
1547 2794 1740 2839 negarunt
1759 2821 1767 2837 ‚
1792 2795 1860 2836 ut,
1890 2790 1938 2828 ad
1964 2801 2121 2838 promo·

1166 2846 1337 2883 vendum
1364 2845 1415 2881 ibi
1446 2845 1664 2893 Religionis
1701 2845 1934 2883 exercitium
1960 2845 2120 2882 firman-

1167 2901 1334 2948 dumque
1353 2900 1616 2937 ecclesiarum
1636 2900 1834 2948 regimen,
1853 2899 2120 2949 episcopalem

1167 2955 1298 2991 sedem
1327 2959 1500 2992 crearet.
1528 2954 1622 2991 Pius
1653 2955 1724 3003 Pp.
1753 2956 1806 2992 VI
1826 2985 1834 2999 ‚
1861 2954 1996 2991 audita
2021 2955 2122 2992 Con-

1168 3009 1401 3056 gregatione
1436 3007 1483 3045 de
1520 3007 1788 3057 Propaganda
1821 3008 1949 3054 Fide,
1981 3018 2118 3045 eorum

1167 3063 1267 3099 votis
1305 3063 1471 3107 annuit,
1505 3063 1694 3109 postridie
1735 3074 1858 3100 nonas
1896 3061 2120 3099 novembris

1172 3117 1262 3153 1789
1288 3116 1554 3164 episcopalem
1581 3116 1714 3154 sedem
1741 3118 1871 3155 erexit
1897 3114 2118 3160 Baltimori,

1168 3171 1281 3218 eique
1316 3171 1511 3218 praefecit
1543 3182 1580 3218 p.
1610 3172 1765 3208 Carroll
1799 3170 1980 3209 iesuitam
2004 3197 2012 3214 ,
2039 3168 2120 3204 iam

1168 3223 1216 3259 ibi
1256 3224 1460 3260 Vin-arium
1500 3226 1761 3272 apostolicum
1805 3227 2006 3273 agentem.
2044 3221 2120 3258 Hic

165 3289 213 3316 cx
242 3279 323 3316 istis
350 3281 550 3328 discipulis
576 3280 635 3317 vel
665 3278 856 3322 alumnis,
887 3278 966 3315 imo
994 3278 1113 3315 etiam
1170 3289 1274 3315 anno
1301 3281 1489 3325 sequente
1509 3279 1674 3315 Londini
1694 3281 1963 3323 consecratus,
1985 3286 2118 3325 quam-
