2241 3473
736 176 864 208 vSQvss
893 177 946 204 AD
978 177 1118 205 ORTVM
1147 179 1353 208 ISLAMISMI

67 241 175 280 siarii
197 251 361 278 munere
383 242 548 278 ornatus
577 242 718 279 missus
737 244 808 288 est,
830 241 894 278 ubi
915 241 1021 279 inter

69 294 149 332 alia
169 293 368 342 praeclare
385 293 490 330 facta
503 295 738 343 Eutyebium
757 294 1018 342 patriarcham

68 347 218 396 Cpnum
249 358 272 383 a
300 347 412 393 gravi
442 347 546 384 circa
566 347 696 384 earnis
726 346 1022 384 resurrectionis

68 399 210 448 dogma
239 410 372 435 errore
394 399 610 445 revocarit3
631 399 780 448 ipsique
800 398 963 444 Pelagio
986 399 1021 435 in

66 451 284 488 scribendis
312 451 485 500 epistolis
507 452 664 489 adiutor
694 451 791 496 fuit,
823 454 865 487 ut
895 451 1022 488 fuerat.

72 504 338 552 Hieronymus
351 517 380 541 s.
397 505 754 552 1)amaso,Prosper
769 515 798 540 s.
814 504 932 540 Leoni
945 502 1023 540 ¹.—

71 557 164 594 Post
186 557 334 605 Pelagii
353 557 501 594 obitum
524 556 722 593 communi
743 555 834 593 cleri
855 556 1021 593 Romani

68 609 430 657 suffragiosenatus
441 609 647 658 populique
659 608 1022 653 acclamationibus,

70 665 113 699 ut
140 664 183 699 ut
203 662 371 707 invitus,
393 674 453 699 an.
481 663 571 708 590,
591 660 654 698 111⁰
676 673 795 698 nonas
815 661 1021 710 septembr.

70 714 241 763 pontifex
273 715 530 763 inauguratus
557 718 616 751 est
636 713 662 751 ².
684 714 863 755 Quantus
891 716 1024 751 autem

70 767 107 804 in
139 767 367 816 pontificatu
399 766 532 811 fuerit,
563 767 628 803 vix
659 766 732 803 diei
764 766 1023 814 potest3nibil

68 820 170 857 enim
203 820 279 857 fuit
306 819 344 856 in
366 820 597 867 gravissimo
619 818 822 856 Pontificis
842 830 1024 865 munere,

68 873 171 922 quod
200 872 442 910 sanctissime
472 884 517 909 ac
545 871 830 921 sapientissime
850 884 925 909 non
947 872 1024 909 im-

38 933 40 935 “
69 925 245 975 pleverit.

123 979 166 1015 In
190 977 324 1027 primis
343 978 592 1015 decessorum
611 989 774 1015 suorum
790 989 898 1014 more
913 989 1028 1026 syno-
1044 985 1047 998 ¹

69 1031 199 1068 dicam
237 1030 444 1079 epistolam
479 1031 528 1067 ad
557 1030 803 1079 patriarchas
832 1031 959 1075 misit,
986 1031 1024 1067 in

69 1096 145 1133 qua
165 1083 253 1121 fidei
274 1095 370 1121 suae
389 1083 671 1132 professionem
699 1083 842 1129 edidit,
864 1087 904 1120 et
923 1084 1026 1120 inter

71 1137 148 1174 alia
168 1140 410 1174 contestatus
430 1141 500 1180 cst,
520 1148 560 1174 se
582 1143 750 1184 quatuor
770 1136 937 1173 eoncilia
957 1149 1022 1173 oe-

71 1190 289 1235 cumenica,
306 1189 536 1234 Nicaenum,
553 1189 715 1238 Cpnum,
732 1189 970 1237 Ephesinum
987 1194 1026 1226 et

71 1242 398 1287 Chalcedonense,
415 1242 571 1290 perinde
585 1254 630 1278 ae
646 1243 670 1278 4
687 1242 894 1290 Evangelii
906 1243 1026 1279 libros

71 1296 283 1344 suscipere,
305 1298 345 1332 et
362 1296 396 1332 V
402 1302 428 1320 ¹¹‘
452 1295 673 1340 concilium,
694 1295 733 1331 in
753 1307 828 1343 quo
845 1295 938 1332 Tria
958 1295 1025 1332 Ca-

72 1347 196 1398 pitula
215 1348 403 1385 damnata
422 1351 525 1393 sunt,
546 1348 692 1396 pariter
712 1348 906 1385 venerari.
928 1348 1024 1384 Om-

73 1413 161 1438 nem
176 1412 312 1438 curam
332 1401 523 1445 adhibuit,
544 1405 586 1437 ut
601 1401 867 1438 schismaticos
887 1401 1024 1437 Trium

72 1454 347 1503 Capitulorum
377 1453 598 1491 defensores
619 1454 666 1490 ad
689 1454 883 1491 unitatem
906 1466 1022 1490 revo-

72 1509 192 1545 caret.
223 1507 370 1544 Contra
398 1506 643 1552 Donatistas,
665 1507 702 1543 in
732 1507 868 1544 Africa
898 1507 1049 1543 adbuc.

74 1559 247 1598 eervices
276 1560 489 1609 erigenteS,
520 1559 730 1597 Numidiae
759 1559 960 1608 episcopos
988 1561 1028 1596 et

73 1613 284 1651 exarcham
313 1613 472 1650 Africae
501 1613 701 1650 excitavit.
730 1612 958 1656 Prohibuit,
979 1625 1026 1649 ne

75 1666 207 1704 Iudaei
240 1666 278 1702 vi
307 1665 637 1714 compellerentur
666 1666 713 1702 ad
743 1662 1028 1713 suscipiendam

76 1718 324 1768 Religionem
340 1718 606 1756 christianam.
616 1719 649 1755 A
661 1730 690 1756 s.
703 1718 882 1755 Leandro
895 1718 1028 1767 Hispa-

77 1772 173 1809 lensi
203 1772 251 1809 de
286 1783 364 1808 una
391 1771 548 1808 trinave
577 1770 617 1808 in
647 1771 841 1819 baptismo
868 1771 1028 1808 immer-

76 1824 186 1862 sione
215 1824 438 1870 consultus,
467 1823 652 1872 Hispanis
681 1835 798 1860 unam
831 1823 1029 1872 permisit,

77 1878 179 1926 quod
200 1877 337 1915 Ariani
358 1877 463 1914 trina
487 1877 534 1914 ad
555 1876 801 1914 dividendam
823 1889 872 1914 ss.
894 1876 1029 1913 Trini-
1050 1900 1051 1910 t

77 1932 203 1968 tatem
233 1932 348 1967 erant
376 1930 501 1967 abusi.
523 1929 746 1967 Deeessoris
774 1929 834 1966 sui
859 1930 906 1967 ad
927 1929 1029 1966 Sici-

80 2089 156 2126 iam
177 2091 306 2126 essent
333 2088 581 2126 matrimonio
609 2088 750 2133 iuneti,
770 2100 913 2126 uxores
932 2088 1029 2125 reti-

81 2153 174 2179 nere
193 2146 361 2190 possent,
381 2142 448 2179 sed
478 2141 600 2179 saeris
629 2141 840 2178 Ordinibus
863 2153 936 2178 non
957 2141 1031 2177 ini-

81 2195 298 2240 tiarentur,
329 2198 368 2232 ct
395 2194 577 2243 deinceps
613 2194 742 2231 nullus
780 2194 1032 2231 ordinaretur

81 2248 352 2292 subdiaconus,
373 2247 444 2285 nisi
471 2247 533 2294 qui
567 2247 688 2284 vitam
709 2247 896 2283 coelibem
917 2258 1033 2295 agere

83 2300 214 2338 vellet.
237 2300 444 2338 Sardiniae
461 2301 715 2348 presbyteris,
730 2311 848 2347 quum
865 2300 1032 2348 episcopi

83 2353 275 2399 deessent,
299 2353 544 2390 Sacramenti
574 2353 887 2390 Confirmationis
908 2354 1033 2390 admi-

84 2405 357 2444 nistrationem
377 2405 551 2442 indulsit.
566 2406 693 2446 Quum
714 2405 752 2442 in
770 2405 953 2442 Sardinia
972 2406 1035 2442 ad-

84 2459 159 2496 huc
181 2460 285 2496 essct
309 2470 476 2508 magnus
499 2469 687 2496 numerus
707 2459 942 2495 rusticorum
963 2470 1031 2495 seu

126 2563 135 2585 ¹
161 2562 228 2595 l'i'la
244 2572 268 2593 s.
283 2563 423 2603 Gregorii
444 2563 461 2594 Ι.
476 2563 496 2601 l,
511 2572 536 2593 c.
551 2563 580 2601 6,
596 2561 610 2603 ἕ
627 2561 654 2600 ⁸2,
673 2563 702 2592 in
719 2567 739 2593 t.
755 2563 800 2600 lv,
820 2562 897 2602 Opp.
915 2572 938 2593 s.
957 2563 1034 2593 Gre-

83 2605 164 2645 gorii
181 2604 252 2635 edit.
268 2605 395 2635 Manu-in.

124 2645 138 2666 ²
154 2646 284 2676 loannes
302 2644 469 2682 Diaconus‚
483 2645 511 2675 in
529 2644 598 2676 Vita
613 2655 638 2674 s.
650 2644 802 2683 Gregorii,
815 2645 866 2680 l.I,
881 2654 905 2674 c.
924 2643 1033 2682 39st0,

83 2686 133 2724 -Η,
157 2690 266 2717 narrat
288 2686 488 2725 Gregorium,
512 2686 583 2716 licet
606 2686 676 2716 totis
700 2686 816 2716 viribus
841 2686 1032 2723 renitentem,

83 2728 215 2765 Clerum,
240 2728 394 2763 Senatum,
421 2727 627 2766 populumque
655 2728 826 2758 numanum
849 2727 1034 2757 unanimiter

85 2769 239 2807 delegisse
269 2768 446 2799 Pontificem
466 2790 473 2799 .
503 2777 634 2807 eumque
665 2773 809 2798 conatum
843 2768 1032 2807 persuadere

84 2819 139 2849 per
158 2810 279 2840 litteras
301 2809 475 2839 >lauritium
497 2808 741 2847 Imperatorem,
759 2810 847 2839 cuius
872 2808 966 2839 lilium
996 2817 1030 2839 ex

83 2860 176 2882 sacro
193 2851 318 2881 lavacro
335 2853 526 2888 susceperat,
553 2858 591 2879 ne
613 2858 701 2880 suam
724 2849 909 2880 electionem
931 2853 1031 2880 ratam

85 2891 221 2923 baberet.
250 2894 286 2921 At
313 2894 421 2921 contra
450 2890 620 2928 Imperator
644 2899 733 2920 suum
756 2892 859 2921 statim
887 2891 1029 2929 praebuit

85 2941 265 2970 assensum;
286 2941 383 2972 quare
399 2932 566 2969 Gregorius
582 2931 719 2961 latebras
734 2933 895 2970 quaesivit.
911 2932 969 2962 Sed
988 2933 1033 2961 in-

85 2973 166 3004 dicio
182 2974 320 3014 fulgidae
336 2973 498 3004 columnae
513 2981 606 3010 super
617 2972 716 3010 ipsum
733 2982 750 3001 a
767 2973 853 3003 coelo
868 2973 1030 3011 pendentis

84 3014 324 3052 manifestatus,
351 3018 383 3044 et
405 3015 433 3043 in
454 3013 517 3043 Divi
545 3013 623 3043 l'etri
652 3013 764 3051 templo
793 3014 929 3044 Pontifex
957 3022 1029 3044 con-

85 3059 226 3086 sectatus
248 3055 312 3086 fuit.
337 3056 429 3085 Divus
446 3056 555 3084 Petrus
573 3054 749 3088 Damianus,
767 3055 915 3092 Opuscul.
930 3053 950 3084 4
965 3055 1029 3085 ait:

88 3094 178 3134 Quod
193 3102 308 3127 autem
333 3096 367 3127 B.
388 3095 540 3134 Greyorio
565 3093 689 3133 teqiiur
713 3093 894 3125 adhibuisse
909 3095 1031 3126 Mauri-

87 3136 152 3167 tius
169 3136 349 3177 Imperator
371 3145 547 3171 assensum,
565 3139 594 3166 et
618 3135 776 3175 perpauci
792 3135 848 3165 alii
864 3135 1030 3175 Principes

1068 243 1308 291 plebeiorum
1325 244 1586 289 ethnicorum,
1597 244 1663 292 qui
1679 244 1955 283 Bar-baricim·
1969 246 2020 282 di-

1066 297 1267 342 cebantur,
1289 297 1382 335 illue
1413 297 1519 335 misit
1537 297 1712 334 Felicem
1733 296 1958 345 episcopum
1979 302 2019 335 et

1065 349 1272 396 Cyriacnm
1304 351 1498 395 abbatem,
1522 352 1564 387 ut
1592 353 1630 386 in
1661 350 1906 399 procuranda
1928 351 2017 388 illo-

1067 412 1152 438 rum
1169 404 1424 440 conversione
1439 403 1709 451 episcoporum
1728 403 1935 439 Sardiniae
1956 415 2020 440 ne-

1066 453 1295 501 gligentiam
1331 457 1567 503 supplerent.
1600 455 1731 493 Missis
1767 455 1806 492 in
1838 455 2020 503 Angliam

1070 506 1111 542 l).
1134 507 1354 554 Augustino
1384 508 1548 556 aliisque
1569 508 1780 549 monachis,
1801 507 1937 545 Fidem
1958 508 2019 545 in-

1068 562 1127 594 ter
1149 560 1299 607 Anglos
1330 561 1617 608 propagandam
1647 561 1813 598 curavit.
1837 560 2021 598 Theode-

1068 610 1213 648 lindam
1243 612 1588 659 [longobardorum
1615 614 1791 662 reginam
1822 613 1859 650 in
1880 614 2019 651 catho-

1067 663 1144 701 liea
1172 665 1444 701 communione
1474 665 1648 710 retinuit,
1679 667 1838 714 eiusque
1867 678 1936 714 ope
1958 667 2020 715 ip-

1067 727 1151 752 sum
1182 728 1315 765 regem
1347 717 1599 765 Agilulpbum
1630 719 1675 755 a¹l
1707 719 1963 756 orthodoxam
1983 719 2023 756 fi-

1068 769 1154 805 dem
1177 769 1373 818 perduxit.
1398 771 1537 806 Pacem
1560 771 1662 807 inter
1692 772 1968 818 Longobardos
1984 774 2023 808 et

1069 821 1239 859 Graecos
1261 822 1496 859 conciliavit.
1529 822 1759 871 Disciplinae
1785 818 2020 861 eeclesiasti-

1069 886 1137 911 cae
1157 886 1307 912 summo
1327 886 1415 912 eum
1437 875 1564 912 studio
1594 875 1830 924 invigilavit,
1851 889 2018 925 eamque

1069 939 1142 964 non
1175 927 1300 964 minus
1329 928 1523 976 intrepide
1551 939 1669 975 quam
1697 930 1882 975 modeste,
1903 930 2020 967 etiam

1069 983 1206 1017 contra
1225 992 1396 1018 summos
1418 981 1801 1028 imperantes,tuitus
1817 985 1886 1019 est.
1903 983 2026 1019 Sedu-

1070 1032 1105 1068 lo
1122 1034 1291 1078 curavit,
1310 1037 1354 1070 ut
1368 1033 1416 1070 ad
1436 1033 1681 1081 episcopatus
1697 1036 1737 1069 et
1749 1034 1939 1072 beneficia
1955 1035 2035 1071 eli--

1069 1088 1259 1134 gerentur
1288 1086 1493 1134 digniores.
1522 1087 1581 1123 Ad
1603 1087 1879 1134 extirpandam
1900 1088 2021 1124 simo-

1071 1138 1186 1184 niam,
1203 1151 1301 1187 quae
1321 1139 1547 1187 praesertim
1561 1139 1599 1175 in
1617 1139 1754 1176 Galliis
1774 1151 1906 1177 sacras
1926 1140 2022 1177 clee-

1071 1191 1196 1228 tiones
1209 1192 1439 1237 infamabat,
1453 1193 1604 1230 litteras
1620 1192 1871 1241 gravissimas
1888 1193 1935 1229 ad
1950 1193 2025 1241 epi-

1069 1256 1205 1292 scopos
1229 1257 1417 1293 regesque
1435 1246 1678 1283 Francorum
1696 1246 1813 1282 dedit.
1836 1245 2024 1282 Ioannem

1069 1297 1394 1335 Chalcedonensis
1423 1298 1610 1335 ecelesiae
1641 1299 1936 1347 presbyterum,
1957 1298 2024 1346 qui

1069 1362 1092 1387 a
1122 1351 1266 1388 Ioanne
1296 1352 1362 1400 Cp.
1402 1354 1591 1400 tanquam
1631 1351 1852 1388 haereticus
1881 1351 2022 1388 iniuste

1070 1403 1292 1450 damnatus,
1312 1405 1358 1441 ad
1382 1404 1646 1452 Apostolicam
1668 1405 1807 1441 Sedem
1828 1415 2022 1452 provoca-

1071 1460 1145 1501 rat,
1167 1469 1188 1492 a
1210 1457 1366 1494 Ioannis
1395 1457 1591 1494 sententia
1610 1457 1790 1494 absolvit.
1814 1457 1904 1494 Pios
1933 1457 2023 1494 doe—

1068 1512 1206 1557 tosque
1223 1511 1430 1547 monachos
1444 1511 1616 1558 impense
1628 1510 1769 1556 coluit3
1783 1509 2025 1558 disciplinam

1072 1563 1327 1600 monasticam
1345 1564 1352 1599 i
1360 1576 1382 1599 n
1399 1564 1597 1600 coenobiis
1614 1563 1896 1600 observandam
1916 1574 2025 1599 eura-

1074 1615 1142 1661 vit3
1166 1617 1374 1653 monachos
1395 1619 1532 1653 eontra
1552 1616 1812 1660 adversarios,
1834 1615 1897 1663 qui
1920 1627 1985 1652 eos
2005 1627 2028 1652 a

1071 1669 1307 1706 sacerdotali
1328 1669 1452 1706 officio
1474 1680 1610 1705 arcere
1630 1668 1827 1713 volebant,
1843 1667 2029 1711 defendit,

1048 1749 1050 1754 .
1073 1733 1215 1769 eosque
1245 1721 1283 1758 in
1315 1724 1495 1759 Romana
1523 1722 1672 1770 synodo
1693 1733 1754 1758 an.
1784 1721 1860 1758 601
1882 1733 1906 1759 a
1933 1733 2028 1770 gra-

1073 1774 1295 1812 vaminibus
1329 1774 1587 1823 quorumdam
1624 1774 1894 1822 episcoporum
1925 1774 2029 1811 leva-

1075 1827 1142 1864 vit.
1165 1827 1345 1863 Ioannem
1377 1827 1660 1865 Iei'zmatorem
1686 1827 1922 1875 Episcopum
1947 1827 2028 1875 Cp.,

1074 1896 1079 1914 t
1086 1880 1173 1927 [uod
1184 1882 1517 1928 superstitiosum
1531 1879 1785 1917 Universalz's
1795 1879 1986 1916 vocabulu
1994 1892 2027 1915 m

1050 1967 1051 1976 ἶ
1073 1932 1286 1969 insolenter
1304 1933 1373 1969 sibi
1398 1935 1627 1981 usurparet,
1649 1932 1794 1970 aeriter
1813 1932 2028 1981 reprehen-

78 1983 153 2020 liae
173 1983 427 2021 subdiaconos
443 1983 645 2019 decretum
657 1982 703 2019 de
720 1983 960 2019 continentia
975 1995 1031 2019 ra·
1050 1983 1052 2012 ἴ

79 2040 165 2073 tum
186 2036 325 2073 habuit
347 2048 436 2073 eum
466 2036 538 2072 hoe
556 2038 880 2084 temperamento,
905 2038 948 2072 ut
967 2035 1030 2083 qui
1050 2063 1052 2080 3

1074 1986 1151 2030 dit,
1182 1987 1342 2034 eiusque
1373 1986 1578 2023 audaciam
1599 1997 1645 2022 ae
1663 1986 1926 2023 temeritatem
1954 1997 2026 2021 non

1074 2038 1199 2075 solum
1228 2039 1385 2087 scripto,
1414 2039 1481 2075 sed
1506 2039 1624 2075 etiam
1646 2037 1824 2086 exemplo
1845 2038 2027 2086 inerepa-

1077 2092 1143 2128 vit.
1174 2091 1356 2140 Namque
1385 2091 1531 2139 primus
1561 2091 1731 2128 omnium
1758 2091 1856 2128 sein
1878 2091 2027 2140 princi-

1076 2145 1136 2193 pio
1175 2144 1441 2192 Epistolarum
1485 2156 1648 2181 suarum
1687 2144 1840 2181 Servus
1879 2145 2027 2181 Servo-

1070 2209 1172 2233 mam
1202 2198 1279 2234 Dec*
1305 2197 1421 2234 scribi
1450 2198 1546 2234 satis
1577 2197 1779 2234 humiliter
1802 2197 1981 2234 definivit
2003 2194 2026 2233 ¹.

1076 2250 1308 2287 Mauritium
1345 2250 1622 2297 imperatorem
1651 2250 1700 2287 ad
1730 2250 2026 2297 temperandam

1076 2303 1215 2352 legem,
1236 2314 1314 2351 qua
1343 2303 1507 2351 publicis
1536 2303 1751 2340 rationibus
1771 2302 1957 2339 obnoxios
1981 2302 2027 2338 ad

1078 2356 1245 2401 elerum,
1272 2355 1495 2404 militesque
1524 2356 1572 2392 ad
1603 2355 1859 2392 monasticam
1879 2354 2029 2403 profes-

1077 2409 1225 2446 sionem
1255 2408 1409 2445 admitti
1439 2412 1634 2453 vetuerat,
1655 2408 1854 2456 compulit.
1885 2407 2026 2444 Vidua-

1077 2473 1178 2506 rum,
1208 2461 1458 2510 pupillorum,
1485 2462 1735 2509 omniumque
1756 2471 2027 2508 oppressorum

1078 2518 1117 2551 et
1144 2526 1358 2563 pauperum
1379 2517 1493 2563 pater
1514 2514 1590 2551 fuit
1609 2517 1648 2551 et
1674 2516 1894 2562 protector,
1923 2512 2028 2549 suis-

1076 2579 1150 2616 que
1167 2567 1445 2615 'apocrisiariis
1475 2569 1514 2604 et
1542 2566 1775 2615 coepiscopis
1797 2577 1931 2602 eorum
1951 2577 2024 2613 pa-

1076 2621 1298 2665 trocinium,
1315 2620 1456 2668 quavis
1477 2621 1569 2657 data
1589 2619 1802 2663 occasione,
1823 2629 2026 2654 commen-

1076 2673 1196 2710 davit.
1212 2695 1261 2700 —-
1277 2673 1457 2718 Litaniis,
1478 2671 1900 2721 supplieationil.›usque
1921 2670 2028 2708 insti-

1076 2726 1168 2762 tutis
1198 2726 1349 2774 depulit
1378 2725 1655 2774 pestilentiam,
1676 2735 1754 2771 qua
1774 2723 1877 2760 Urbs
1899 2735 2026 2760 vexa-

1074 2780 1203 2824 batur,
1224 2790 1268 2815 ae
1298 2779 1408 2816 testis
1438 2777 1580 2826 placati
1600 2775 1783 2813 Numinis
1812 2776 1851 2812 in
1871 2787 2024 2813 summa

1077 2831 1263 2868 Hadriani
1285 2831 1383 2868 mole
1403 2830 1575 2879 gladium
1591 2829 1736 2877 vagina
1755 2829 1924 2865 condens
1941 2840 2026 2865 con-

1074 2887 1231 2932 spectus
1251 2887 1310 2920 est
1330 2884 1518 2931 Angelus,
1540 2881 1605 2929 qui
1621 2881 1774 2918 celebre
1787 2881 1867 2918 arci
1884 2893 2023 2918 nomen

1075 2938 1122 2974 ad
1152 2939 1326 2985 posteros
1356 2935 1461 2972 dedit
1490 2934 1515 2972 ².
1545 2934 1708 2971 Festum
1737 2946 1765 2971 s.
1797 2933 1912 2971 Pauli
1941 2937 2030 2982 post

1116 3052 1124 3073 ¹
1143 3054 1224 3083 ioan.
1242 3052 1366 3081 Diacon.
1387 3050 1415 3080 in
1438 3049 1505 3081 Vim
1518 3059 1543 3080 s.
1560 3050 1650 3089 Greg.
1677 3051 1728 3089 Pp.
1751 3049 1769 3080 l.
1787 3049 1822 3088 ll,
1835 3058 1862 3080 c.
1880 3048 1902 3086 l;
1928 3048 1988 3078 vid.
2003 3057 2028 3079 s.

1074 3095 1200 3131 Gregor.
1220 3092 1321 3130 Epist.
1347 3091 1382 3121 18
1408 3095 1437 3121 et
1452 3091 1502 3128 ⁶20,
1520 3092 1537 3121 l.
1559 3091 1586 3120 V.

1114 3135 1128 3155 “2
1145 3133 1332 3170 morologus
1350 3157 1356 3168 ‚
1392 3131 1434 3162 De
1458 3131 1691 3162 Ecclesiasticis
1722 3129 2002 3161 Observatiom'bus
2019 3154 2028 3168 ‚

86 3177 166 3208 aliis
186 3177 431 3218 promovendis,
456 3177 517 3207 hoc
533 3176 669 3207 dictavit
683 3175 888 3215 perturbatio
906 3182 1030 3217 tempe·
1073 3187 1098 3206 e.
1125 3175 1173 3212 57,
1188 3175 1215 3204 in
1233 3178 1252 3203 t.
1270 3173 1641 3211 xvnt‚15i't›zt0m.Pai7-.‚
1658 3173 1776 3212 inquit:
1799 3183 1810 3200 «
1828 3172 1925 3202 Maior
1941 3172 2027 3201 Lita-

90 3226 174 3257 rum,
194 3221 225 3250 el
240 3221 416 3259 tempestas
431 3217 597 3248 horrenda
615 3217 787 3247 bellorum.

294 3270 546 3318 WOUTERS,
573 3270 601 3309 Ι.

1075 3218 1124 3247 uia
1142 3217 1233 3255 (quae
1249 3215 1278 3244 in
1297 3214 1384 3244 Festo
1398 3214 1446 3245 die
1462 3225 1485 3245 s.
1504 3215 1599 3245 Marci
1615 3214 1805 3250 celebratur)
1828 3221 1846 3242 a
1863 3213 1894 3243 B.
1909 3213 2029 3252 Grego-

1772 3267 1820 3304 12
