2241 3473
207 109 286 148 278

154 196 244 222 cum
262 185 474 223 Clementis
490 185 528 221 II
540 184 763 231 designavit
771 184 1111 233 eligendum.Pop-

152 249 202 286 po
222 249 365 287 magno
387 249 477 274 cum
497 238 644 273 honore
667 248 690 272 a
705 237 894 273 Romanis
910 238 1110 285 exceptus,

151 290 242 327 xmo
261 291 445 327 calendas
465 289 595 326 sextil.
619 288 721 325 1048
746 288 1006 337 inauguratus
1034 288 1111 326 fuit

150 343 223 379 sub
254 342 411 379 nomine
431 341 589 381 Damasi
610 338 660 378 112
681 341 830 378 Eadem
851 341 912 378 die
933 342 1108 379 Benedi-

150 397 235 431 ctus
255 395 326 439 IX,
347 394 413 441 qui
433 393 546 430 modo
569 396 776 442 usurpato,
797 395 911 431 modo
933 395 1108 443 deposito

151 447 380 495 pontificatu
408 457 530 483 annos
559 445 691 483 ferme.
715 447 923 484 duodecim
944 447 1110 495 exegit,

151 500 199 535 ad
222 499 420 535 meliorem
442 501 616 536 mentem
636 511 839 544 reversus,
859 501 998 537 relicto
1020 512 1110 547 pon-

150 551 302 588 tificatu
315 551 475 588 secessit
486 551 524 588 in
539 552 821 590 monasterium
831 553 1005 602 Cryptae
1015 553 1109 590 Fer-

148 606 258 640 ratae
278 604 560 652 poenitentiam
581 608 754 652 acturus,
767 605 899 654 ibique
919 606 1109 654 reliquam

147 657 254 693 vitae
287 659 442 704 partem
475 660 610 695 sancte
644 662 844 707 peractam
882 658 946 707 pia
983 660 1110 696 morte

146 709 287 747 clausit
301 706 535 748 ¹.'Damasus
555 712 688 748 autem
705 713 791 760 post
810 712 862 749 23
881 712 962 749 dies
982 712 1110 749 Prac-

146 763 256 799 neste
276 774 357 810 quo
378 773 440 809 se,
458 766 502 800 ut
521 763 578 801 ait
597 764 826 810 Ciaconius,
848 765 982 802 anima·
1008 767 1108 814 refi-

146 815 419 852 ciendieausa
431 821 471 853 et
480 815 764 864 adsumendos
776 818 960 854 urbanos
971 822 1109 855 aestus

144 867 382 915 contulerat,
403 868 500 906 obiit
522 868 697 918 (v]⁰idus
713 871 870 919 augusti
885 882 946 908 an.
967 871 1079 908 1048.

200 920 288 958 132.
319 921 361 959 S.
382 921 465 958 Leo
485 922 552 958 IX
572 923 774 971 Pontifex
808 923 895 974 (cm.
920 923 1039 973 1049)
1056 945 1106 950 -—

144 973 339 1011 Defuncto
360 974 531 1012 Damaso
550 975 587 1012 II
608 975 729 1013 Sedes
745 974 971 1025 Apostolica
987 989 1106 1014 vaca-

144 1025 203 1063 vit
221 1026 246 1063 6
266 1027 476 1065 mensibus.
498 1028 692 1065 Henricus
713 1029 929 1077 imperator
945 1041 1015 1078 per
1030 1031 1106 1067 Ro-

140 1090 351 1116 manorum
367 1080 519 1129 legatos
539 1081 586 1118 de
602 1084 730 1118 morte
746 1082 950 1120 Pontificis
961 1083 1104 1120 certior

140 1131 285 1176 factus,
306 1133 558 1171 VVormatiae
575 1146 761 1182 magnum
778 1135 1048 1184 episcoporum
1065 1138 1103 1173 et

139 1185 375 1233 optimatum
404 1190 642 1224 conventum
673 1188 821 1234 tenuit,
840 1188 879 1225 in
903 1200 980 1238 quo
1002 1201 1101 1226 una-

139 1237 234 1275 nimi
257 1240 430 1277 omnium
451 1240 735 1278 acclamatione
755 1253 909 1278 summo
925 1243 1102 1279 sacerdo-

138 1290 195 1327 tio
221 1291 364 1340 dignus
391 1293 646 1330 renunciatus
666 1296 727 1331 est
746 1294 877 1332 Bruno
898 1295 1101 1344 episcopus

139 1343 351 1390 Tullensis,
382 1345 621 1383 nobilissima
651 1347 918 1396 Daspurgensi
947 1347 1098 1386 familia

137 1395 177 1433 in
199 1397 352 1435 Alsatia
367 1398 566 1436 oriundus.
585 1399 661 1435 Diu
679 1400 823 1437 restitit
835 1401 983 1448 Bruno,
996 1401 1100 1438 dein-

137 1449 185 1485 de
207 1453 373 1499 urgente
394 1451 568 1488 omnium
589 1452 793 1490 voluntate
814 1453 941 1491 victus
962 1466 1099 1492 assen-

137 1502 188 1539 sit
206 1514 254 1540 ea
271 1503 371 1552 lege,
393 1515 416 1541 «
436 1504 469 1541 si
486 1503 642 1542 audiret
657 1506 779 1543 totius
796 1506 890 1543 cleri
905 1518 952 1544 ac
967 1508 1096 1556 populi

136 1555 308 1593 Romani
336 1568 585 1594 communem
614 1559 802 1596 esse·sine
823 1559 982 1597 dissidio
1003 1572 1098 1597 con-

136 1619 293 1646 sensum
314 1620 353 1656 >›,
372 1609 499 1659 inquit
517 1610 740 1657 wibertus,
760 1610 846 1650 eius
861 1613 1098 1651 archidiaco-

135 1672 210 1698 nus
226 1660 254 1700 2.
284 1662 420 1700 Bruno
450 1675 540 1700 cum
569 1664 783 1711 Everardo,
812 1665 1038 1704 Trevirensi
1059 1669 1099 1704 et

134 1714 350 1753 Halinardo
362 1716 618 1765 Lugdunensi
640 1716 957 1768 archiepiscopis,
979 1722 1098 1768 atque

134 1767 403 1806 Hildebrando
430 1770 621 1807 monacho
642 1770 904 1818 Cluniacensi‚
929 1773 1095 1810 Romam

135 1821 320 1868 tetendit3
350 1823 486 1859 urbem
513 1824 626 1860 nudis
646 1824 808 1872 pedibus
829 1824 1031 1874 ingressus
1045 1855 1054 1872 ,
1075 1839 1098 1863 a

135 1874 325 1911 Romanis
343 1887 432 1912 cum
448 1876 623 1914 maxima
639 1877 884 1915 exultatione
896 1881 1096 1928 exceptus,

137 1928 177 1962 et
210 1927 333 1974 pridie
372 1928 460 1966 idus
498 1929 687 1967 februarii
717 1942 780 1968 an.
813 1931 915 1969 1040
944 1944 1096 1969 summo

135 1979 331 2026 omnium,
352 1981 444 2018 cleri
474 1994 519 2019 ac
540 1983 693 2031 populi,
715 1996 904 2022 consensu
925 1985 964 2022 in
986 1986 1094 2023 Petri

135 2032 365 2070 cathedram
381 2034 639 2084 inauguratus
660 2035 735 2074 fuit
751 2038 822 2075 sub
839 2038 993 2076 nomine
1004 2039 1098 2076 Leo-

134 2085 194 2122 nis
214 2085 271 2122 IX
287 2083 314 2123 ³.

187 2138 281 2176 Fuit
309 2139 388 2176 Leo
418 2140 477 2178 IX
506 2153 574 2190 per
600 2143 730 2180 omnia
750 2143 812 2180 vir
832 2145 1070 2192 apostolicus
1088 2175 1097 2192 ,

133 2189 267 2240 inquit
294 2192 435 2230 Victor
462 2194 638 2243 Pp.'111‚
658 2195 850 2244 sapientia
871 2199 1071 2246 praeditus
1086 2228 1095 2244 ‚

132 2244 325 2293 religione
356 2247 590 2295 conspicuus
619 2249 803 2297 omnique
833 2250 1011 2288 doctrina
1031 2264 1095 2288 ec-

135 2297 356 2337 clesiastica
377 2301 552 2348 apprime
572 2301 748 2338 eruditus
764 2300 790 2339 ⁴.
812 2302 923 2340 Sedit
943 2305 1056 2341 annis
1072 2304 1096 2342 5

131 2352 172 2387 et
200 2351 398 2389 mensibus
428 2353 464 2390 2.
496 2353 666 2402 Negotia
695 2355 930 2403 gravissima
955 2357 1095 2395 habuit

132 2403 344 2452 explenda:
372 2405 578 2454 disciplina
598 2407 699 2443 enim
723 2408 988 2446 ecclesiastica
1009 2414 1095 2448 erat

131 2456 315 2506 collapsa,
332 2458 544 2496 simoniaca
558 2459 664 2497 labes
680 2472 812 2498 sacras
828 2461 1039 2500 electiones
1055 2467 1094 2501 et

130 2510 395 2549 ordinationes
411 2512 623 2559 inficiebat,
640 2513 679 2550 in
697 2513 893 2552 nonnullis
909 2514 1004 2553 locis
1019 2517 1093 2554 cle-

129 2563 199 2600 rici
233 2564 425 2601 laicorum
455 2576 562 2602 more
595 2577 683 2603 cum
713 2567 939 2605 mulieribus
976 2569 1090 2607 vive-

129 2615 235 2654 bant.
257 2617 476 2655 Normanni
498 2620 624 2656 terras
643 2619 889 2668 Apostolicae
909 2620 1020 2659 Sedis
1041 2623 1092 2660 di—

130 2670 348 2716 vexabant;
370 2671 633 2720 Berengarius
664 2672 703 2709 in
735 2672 864 2710 Gallia
887 2685 1090 2713 sacrosan-

129 2724 233 2759 ctam
249 2723 468 2761 doctrinam
484 2724 717 2762 catholicam
735 2725 1002 2774 impugnabam
1017 2729 1089 2765 Mi-

129 2774 240 2811 chael
271 2776 518 2815 Cacrularius
536 2807 545 2824 ,
574 2778 799 2827 patriarcha
828 2779 917 2827 Cp.‚
941 2781 1088 2818 instau-

128 2829 215 2864 rato
244 2829 455 2867 schismate
491 2831 704 2878 I’hotiano,
726 2831 929 2869 ecclesiam
965 2833 1088 2871 Grae-

127 2891 212 2916 cam
234 2892 257 2917 a
278 2882 479 2920 Romanae
500 2885 683 2933 obsequio
704 2884 924 2932 avellebat;
945 2885 981 2922 in
1004 2888 1088 2934 qui-

128 2932 198 2969 bus
219 2935 398 2972 omnibus
418 2939 576 2975 sanctus
600 2937 782 2975 Pontifex
804 2950 948 2987 magna
970 2939 1085 2978 forti-

127 2985 264 3024 tudine
283 2990 323 3024 et
342 2988 529 3037 singulari
551 2990 759 3039 prudentia
779 3003 819 3028 sc
847 2992 980 3040 gessit.

169 3091 178 3111 ¹
198 3093 288 3129 (im-g.
307 3093 491 3132 Placentini,
521 3094 563 3125 De
585 3096 734 3135 saputem
751 3096 920 3128 Beneclict.
951 3097 1001 3136 IX,
1025 3099 1085 3130 no-

126 3140 195 3161 mae
218 3131 369 3164 inl—2
392 3134 462 3166 Vita
478 3145 500 3165 x.
521 3136 632 3167 Leonn-
650 3135 699 3172 ΙΧ,
717 3136 734 3166 l.
753 3138 787 3169 ll.

169 3173 181 3191 ³³
198 3173 288 3211 idem,
307 3175 381 3205 ibid.
393 3195 425 3197 -—
437 3177 449 3198 ⁴
467 3176 633 3217 llialcan.
651 3178 669 3208 l.
685 3179 725 3209 ΙΙΙ.

861 120 1017 148 ΕΡΟΟΗΑ
1047 120 1103 147 Vl.
1129 122 1156 146 A
1186 123 1342 150 CAROLO
1371 124 1416 150 M.

1204 188 1317 224 Anno
1337 188 1463 236 primo
1484 188 1737 236 pontificatus
1752 190 1814 226 sui
1833 190 1883 227 ad
1899 190 2121 229 instauran-

1151 240 1243 277 dam
1263 240 1509 288 disciplinam
1530 240 1838 279 ecclesiasticam
1857 243 2008 280 Romae
2029 255 2119 281 cum

1153 292 1344 341 episcopis
1363 293 1473 330 Italis
1496 295 1536 330 et
1557 292 1683 330 Gallis
1702 295 1892 341 synodum
1911 295 2062 342 habuit,
2076 296 2119 332 in

1152 356 1230 392 qua
1256 345 1525 383 Gonciliorum
1545 346 1791 394 generalium
1811 350 1850 385 et
1869 349 1957 385 RR.
1981 348 2119 385 Ponti-

1152 399 1269 435 ficum
1290 398 1477 443 decretis,
1498 399 1730 447 praesertim
1752 402 1889 437 contra
1915 400 2119 438 simoniam

1153 452 1192 488 et
1226 451 1458 489 clericorum
1487 451 1829 496 incontinentiam,
1858 452 2116 501 confirmatis,

1152 505 1298 542 iterum
1319 505 1524 542 simoniam
1546 504 1752 541 damnavit
1770 506 1810 542 et
1831 505 2021 553 quosdam
2042 506 2117 554 epi-

1153 569 1310 606 scopos,
1333 558 1450 595 huius
1470 557 1647 594 criminis
1667 557 1866 595 convictos
1884 587 1893 604 ,
1914 558 2118 607 deposuit;

1153 622 1200 647 ne
1235 623 1327 648 vero
1363 610 1552 648 ecclesiae
1581 610 1810 648 necessariis
1836 610 2027 648 ministris
2045 611 2117 649 de-

1152 663 1417 701 stituerentur
1435 693 1444 710 ,
1474 663 1505 701 si
1535 663 1573 700 in
1603 674 1740 700 omnes
1768 663 1981 701 simoniace
2011 664 2118 701 ordi-

1152 718 1265 754 natos
1284 718 1500 755 secundum
1521 727 1712 754 canonum
1739 715 1911 765 rigorem
1932 715 2116 754 animad-

1151 769 1350 815 vertisset,
1371 781 1440 818 pro
1459 769 1506 807 iis
1526 769 1710 818 probavit
1725 780 1844 818 supra
1863 769 2032 806 relatum
2048 770 2114 807 de-

1151 824 1302 859 cretum
1315 822 1529 860 Clementis
1542 822 1580 859 II
1594 819 1617 859 ¹.
1632 823 1675 859 In
1694 823 1829 859 eadem
1851 822 2000 870 synodo
2019 833 2114 871 pro-

1150 875 1307 924 scripsit
1338 875 1508 913 incestas
1535 875 1640 912 inter
1669 875 1984 923 consanguineos
2010 887 2114 924 nup-

1148 928 1225 965 tias
1244 928 1453 977 pluresque
1478 928 1642 974 nobiles,
1662 928 1851 965 eiusmodi
1881 927 2116 966 coniunctio-

1148 981 1261 1018 nibus
1282 981 1497 1028 devinetos,
1518 981 1721 1029 separavit
1735 979 1761 1018 ².

1200 1034 1396 1071 Posthaec
1415 1032 1676 1082 iter-'suscepit
1690 1034 2051 1080 transmontanum,
2069 1036 2114 1072 ut
2133 1049 2138 1053 ⁷

1147 1087 1400 1124 ecclesiarum
1433 1088 1583 1124 statum
1619 1098 1804 1134 praesens
1833 1089 2112 1134 cognosceret3

1147 1140 1316 1178 an.1049
1327 1140 1521 1189 synodum
1534 1139 2009 1186 celebravitTicini,cuius
2023 1144 2113 1178 acta

1146 1193 1349 1242 deperdita
1377 1196 1490 1239 sunt;
1510 1193 1599 1230 inde
1618 1192 1896 1241 imperatorem
1916 1192 2042 1230 adivit
2070 1192 2111 1230 in

1146 1246 1321 1283 Saxonia
1349 1248 1532 1295 agentem
1551 1275 1560 1291 ,
1581 1245 1647 1294 qui
1668 1245 1903 1282 Pontificem
1922 1245 2109 1294 perduxit

1144 1299 1356 1337 Coloniam.
1378 1298 1565 1336 Pontifex
1587 1298 1748 1336 visitata
1768 1298 1934 1336 ecclesia
1953 1298 2110 1336 Tullen-

1143 1351 1175 1389 si
1192 1381 1201 1397 ,
1231 1352 1390 1390 transiit
1410 1353 1583 1390 Rhemos
1599 1381 1609 1397 ,
1640 1351 1706 1388 ubi
1733 1350 1777 1387 v⁰
1796 1363 1917 1389 nonas
1937 1351 2108 1390 octobris

1146 1405 1247 1443 1049
1267 1417 1354 1443 cum
1375 1405 1427 1443 20
1448 1405 1638 1454 episcopis
1651 1434 1661 1451 ,
1680 1404 1732 1443 50
1753 1416 1850 1453 pene
1870 1404 2080 1442 abbatibus
2097 1433 2109 1451 ,

1142 1458 1306 1506 aliisque
1335 1457 1595 1495 ecclesiastici
1625 1457 1774 1495 ordinis
1804 1457 1900 1495 viris
1928 1457 2110 1506 plurimis

1141 1512 1335 1560 synodum
1357 1511 1585 1548 celebravit.
1608 1511 1652 1547 In
1673 1522 1723 1548 ea
1742 1510 2014 1559 episcoporum
2029 1509 2107 1548 ali-

1141 1566 1235 1612 quot
1255 1567 1295 1601 et
1315 1565 1505 1602 abbatum
1526 1564 1829 1601 simoniacorum
1845 1574 1966 1601 causa
1980 1563 2110 1612 cogni-

1140 1618 1182 1655 ta
1203 1619 1244 1654 et
1268 1617 1448 1655 iudicata
1467 1616 1565 1663 fuit3
1587 1616 1763 1654 nonnulli
1782 1615 1953 1665 episcopi
1972 1619 2013 1654 et
2033 1617 2106 1654 ab-

1141 1671 1265 1716 bates,
1284 1670 1353 1719 qui
1368 1671 1419 1708 ad
1436 1669 1710 1708 declinandam
1725 1669 1923 1719 synodum
1941 1668 2108 1718 profecti

1139 1725 1254 1761 erant
1274 1724 1323 1761 ad
1343 1723 1495 1772 regiam
1516 1722 1820 1771 expeditionem,
1837 1721 2106 1761 excommuni-

1141 1777 1219 1814 cati
1239 1778 1352 1823 sunt;
1373 1776 1510 1814 eadem
1529 1787 1657 1825 poena
1678 1775 1811 1813 affecti
1832 1774 1996 1813 fuerunt
2014 1775 2105 1824 qui-

1140 1830 1231 1867 dam
1251 1832 1457 1878 magnates
1472 1831 1634 1878 propter
1661 1828 1810 1867 incesta
1826 1828 2021 1866 adulteria
2035 1830 2106 1866 aut

1138 1883 1392 1932 tyrannidem
1414 1882 1645 1927 exercitam,
1671 1893 1917 1930 canonesque
1937 1881 2032 1919 editi
2057 1882 2106 1919 12

1139 1938 1279 1973 contra
1294 1936 1529 1973 simoniacas
1545 1935 1811 1972 ordinationes
1828 1937 1869 1972 et
1884 1946 2106 1972 sacramen-

1137 1991 1269 2027 torum
1295 1989 1676 2034 administrationes,
1695 1990 1833 2026 contra
1858 1987 2019 2025 clericos
2038 1999 2104 2025 ar-

1140 2054 1203 2079 ma
1212 2043 1406 2091 gerentes,
1419 2043 1555 2079 contra
1565 2041 1778 2086 usurarios,
1789 2042 1926 2078 contra
1943 2040 2104 2079 clericos

1137 2097 1176 2132 et
1195 2096 1405 2132 monachos
1422 2096 1634 2143 apostatas,
1651 2096 1791 2131 contra
1806 2094 1976 2131 incestas
1992 2096 2032 2132 et
2054 2105 2103 2131 a-

1138 2148 1358 2186 dulterinas
1375 2147 1532 2196 nuptias
1543 2145 1569 2184 ³.
1583 2146 1774 2184 Absoluta
1789 2147 1938 2195 synodo
1950 2147 2029 2185 Leo
2044 2147 2103 2184 IX

1138 2200 1338 2249 profectus
1377 2203 1437 2238 est
1474 2200 1720 2248 Moguntiam
1739 2229 1748 2245 ,
1789 2200 1855 2237 ubi
1894 2199 2013 2238 aliam
2051 2200 2104 2238 40

1137 2254 1408 2302 episcoporum
1437 2254 1630 2301 synodum
1660 2252 1810 2299 habuit,
1845 2252 2018 2291 maxime
2052 2253 2102 2291 ad

1136 2307 1343 2344 simoniam
1373 2309 1412 2343 et
1442 2305 1612 2343 nefanda
1639 2307 1891 2343 sacerdotum
1920 2306 2103 2356 coniugia

1138 2359 1411 2407 proscribenda
1426 2357 1452 2396 ⁴.
1472 2359 1515 2395 In
1537 2358 1691 2396 Italiam
1720 2359 1845 2396 redux
1858 2388 1868 2403 ,
1887 2359 2044 2396 transiit
2062 2359 2102 2397 in

1136 2412 1321 2460 Apuliam
1341 2414 1425 2449 tum
1447 2412 1493 2449 ad
1516 2412 1782 2460 componenda
1811 2411 1890 2449 illic
1919 2412 2102 2450 ecclesia-

1135 2465 1234 2502 stica
1266 2465 1425 2514 negotia
1445 2467 1528 2502 tum
1550 2465 1598 2502 ad
1619 2464 1902 2502 conciliandam
1923 2465 2028 2503 inter
2046 2465 2101 2503 in-

1138 2517 1242 2555 colas
1271 2520 1311 2555 et
1341 2517 1589 2555 Normannos
1615 2517 1883 2564 eoneordiam3
1913 2530 1975 2556 an.
2000 2518 2102 2557 1050

1134 2570 1284 2618 Siponti
1302 2571 1497 2619 synodum
1528 2571 1677 2619 coegit,
1707 2571 1747 2609 in
1765 2582 1844 2620 qua
1862 2571 1888 2609 2
1907 2571 2101 2621 archiepi-

1134 2635 1289 2672 scopos,
1311 2623 1377 2672 qui
1400 2624 1524 2671 pretio
1554 2635 1711 2662 sacrum
1741 2624 2006 2663 ministerium
2035 2636 2101 2662 ac-

1133 2680 1334 2724 ceperant,
1364 2676 1412 2713 ab
1442 2676 1799 2726 officiodeposuit5.
1821 2677 1967 2715 Eodem
1997 2689 2100 2715 anno

1135 2729 1283 2766 Rornae
1300 2729 1351 2767 55
1367 2729 1634 2778 episcoporum
1657 2733 1696 2767 et
1711 2730 1763 2768 45
1779 2730 1966 2767 abbatum
1986 2742 2100 2778 syno-

1132 2782 1225 2818 dum
1248 2782 1398 2827 habuit,
1414 2782 1451 2818 in
1469 2794 1543 2830 qua
1561 2783 1770 2821 Dolensem
1791 2786 1831 2821 et
1850 2783 1945 2820 alios
1965 2784 1991 2820 7
2006 2783 2097 2821 Bri-

1133 2834 1287 2872 tanniae
1309 2834 1472 2872 minor1s
1506 2835 1704 2885 episcopos
1735 2835 2098 2874 excommunicavit

1130 2890 1214 2924 tum
1236 2892 1393 2937 propter
1413 2888 1666 2927 simoniacam
1683 2889 1811 2927 labem
1832 2891 1915 2927 tum
1936 2891 2096 2938 propter

1171 3019 1178 3038 ¹
1201 3019 1262 3049 vicl.
1284 3030 1311 3059 μ.
1330 3020 1400 3053 277.

1168 3059 1181 3079 ²
1199 3061 1322 3098 wibert,
1348 3063 1419 3092 Vna
1436 3073 1460 3093 s.
1480 3063 1602 3094 Leonis
1618 3062 1668 3096 IX.

1169 3100 1182 3121 3
1200 3101 1311 3138 Laltlw,
1331 3101 1452 3135 Cum-il.
1469 3108 1488 3134 l.
1506 3105 1597 3146 1X‚p.
1618 3105 1702 3136 1028.

1171 3142 1181 3162 1¹
1203 3143 1275 3172 nnn.
1295 3153 1321 3181 μ,
1344 3143 1430 3174 ιωω.

1168 3182 1181 3203 ⁵
1200 3184 1323 3221 wibert,
1344 3184 1411 3216 l'ila
1427 3196 1450 3216 x.
1469 3186 1585 3217 Lt’rmis
1603 3186 1652 3223 IX,
1669 3188 1687 3218 l.
1705 3188 1738 3224 ll,
1754 3198 1780 3219 c.
1799 3187 1826 3219 4.
