2241 3473
270 177 345 214 178

219 253 319 292 1529
335 252 483 289 Budam
501 248 727 297 Hungariae
756 245 999 295 metropolim
1029 257 1158 294 expu-

216 306 363 356 gnavit.
377 305 470 341 Inde
481 303 750 339 Vindobonam
766 312 890 348 usque
909 298 1032 345 venit,
1049 310 1158 336 eam-

218 372 292 409 que
308 356 468 402 obsedit3
484 356 547 392 sed
570 357 655 403 post
668 354 720 391 20
735 353 816 390 dies
836 352 1074 390 obsidionem
1091 351 1161 389 sol-

223 424 315 449 vere
335 412 490 447 coactus
504 409 573 444 est.
587 408 681 444 Post
691 407 786 443 haec
802 405 1086 455 expeditionem
1102 416 1162 441 su-

221 464 341 513 scepit
356 465 490 500 contra
506 461 660 498 Persas.
677 460 824 496 Deinde
844 471 905 496 an.
930 459 1030 496 1565
1049 458 1160 496 Meli—

222 524 301 556 tam
323 516 534 561 insulam,a
547 511 1162 561 CaroloVequitibusHierosoly-

222 570 378 609 mitanis
399 578 622 605 concessam
637 596 645 613 ,
661 567 904 615 oppugnavit
916 596 924 610 ,
939 566 1004 603 sed
1021 566 1070 602 ab
1085 564 1162 602 illis

218 624 385 662 reiectus
402 621 488 659 fuit.
508 622 623 659 Anno
643 619 820 668 sequenti
839 618 1004 656 insulam
1025 618 1161 656 Chium

218 678 255 714 in
273 676 369 713 mari
387 675 530 723 AEgeo,
546 674 628 711 Gen
636 674 818 710 uensibus
832 673 1041 717 subditam,
1055 683 1162 709 occu-

220 731 338 779 pavit,
356 732 395 766 et
409 729 545 765 eodem
566 737 669 765 anno
690 726 781 764 dum
794 726 1013 775 Sigethum,
1028 724 1164 762 firmis-

218 784 356 821 simum
379 780 607 830 Hungariae
628 780 822 828 oppidum,
843 779 1056 826 obsideret,
1077 791 1162 828 apo—

220 836 350 886 plexia
366 835 584 872 exstinctus
595 837 664 871 est.
674 834 772 870 Eum
785 833 937 881 excepit
947 832 1114 870 Selimus
1127 832 1161 869 II

217 889 334 935 filius,
352 888 417 937 qui
433 899 496 926 an.
515 887 616 925 1567
636 898 724 924 cum
745 886 1015 924 Maximiliano
1036 885 1163 935 impe-

218 946 348 980 ratore
365 942 402 980 II
423 940 597 979 inducias
625 941 650 978 8
679 952 871 977 annorum
900 938 1070 989 pepigit,
1089 951 1164 988 pa-

218 1007 378 1044 cemque
399 1007 421 1032 a
435 998 547 1045 patre
569 1005 656 1032 cum
671 994 834 1032 Venetis
858 993 996 1030 initam
1016 993 1165 1030 confir-

218 1049 354 1088 mavit.
375 1049 525 1086 Verum
547 1059 647 1086 anno
670 1047 783 1092 1570,
803 1047 944 1095 spretis
974 1047 1164 1095 pactioni-

218 1104 309 1148 bus,
336 1102 482 1140 bellum
511 1101 674 1139 Venetis
703 1100 860 1147 intulit,
887 1100 1058 1137 insulam
1086 1100 1164 1149 Cy-

218 1168 331 1207 prum
359 1156 406 1194 iis
434 1155 630 1193 subditam
651 1155 877 1203 occupavit,
897 1154 1164 1203 grandemque

219 1214 392 1260 stragem
412 1209 545 1247 edidit.

271 1265 430 1302 Interea
458 1263 554 1300 Pius
573 1262 643 1310 Pp.
664 1260 699 1298 V
716 1272 804 1298 cum
822 1260 1002 1310 Philippo
1018 1260 1054 1297 II
1069 1271 1163 1309 rege

218 1317 431 1367 Hispaniae
459 1321 498 1354 et
526 1315 767 1353 Venetorum
797 1318 935 1352 senatu
964 1315 1162 1363 ingentem

219 1372 381 1409 classem
401 1369 601 1415 instruxit,
613 1380 712 1417 quae
729 1369 825 1405 duce
841 1368 1166 1406 IoanneAustria·

220 1438 264 1463 co
295 1425 481 1462 adversus
508 1423 658 1460 Turcas
687 1423 830 1468 movit,
850 1425 890 1459 et
909 1433 970 1459 an.
996 1422 1094 1459 1571
1116 1423 1165 1459 ad

219 1478 468 1528 Naupactum
497 1487 616 1525 prope
645 1475 864 1513 Echinadas
893 1475 1061 1521 insulas,
1089 1487 1165 1512 non

220 1533 304 1571 sine
325 1530 637 1580 praesentissimo
649 1529 720 1566 Dei
741 1528 900 1574 auxilio,
915 1529 1106 1577 insignem
1127 1532 1167 1566 et

220 1598 243 1624 a
259 1584 425 1623 saeculis
439 1583 656 1621 inauditam
674 1583 877 1621 victoriam
891 1583 937 1619 de
948 1582 1086 1620 Turcis
1100 1594 1166 1620 re-

219 1640 329 1685 tulit3
352 1638 536 1676 universa
555 1636 637 1674 fere
657 1636 827 1675 hostium
848 1636 984 1674 classis
1003 1635 1042 1673 in
1059 1636 1167 1674 Chri-

222 1693 439 1732 stianorum
459 1693 689 1740 potestatem
706 1690 828 1737 venit,
846 1690 1067 1728 Turcarum
1083 1701 1166 1738 pro-

221 1759 267 1797 pe
282 1746 334 1784 25
354 1745 479 1783 millia
506 1756 596 1782 eum
617 1745 716 1782 duce
736 1756 805 1782 suo
825 1755 952 1791 caesa,
974 1743 1023 1781 10
1044 1743 1165 1781 millia

221 1803 348 1849 capta,
369 1804 409 1836 et
424 1798 706 1846 mancipiorum
735 1797 1038 1836 christianorum
1054 1797 1166 1846 plus-

222 1865 340 1903 quam
364 1852 504 1899 15‚000
524 1851 700 1890 libertati
719 1851 874 1889 reddita
893 1854 997 1889 sunt.

275 1907 461 1944 Summus
481 1905 665 1943 Pontifex
684 1906 784 1943 hanc
804 1905 1011 1943 victoriam
1031 1904 1165 1953 Deipa-

224 1973 291 1998 rae
307 1960 463 2009 Virgini
479 1962 677 2008 acceptam
689 1958 874 2005 referens,
884 1959 1057 1997 instituit
1068 1970 1168 1995 com-

223 2014 543 2052 memorationem
559 2012 742 2050 sMariae
757 2013 804 2050 de
816 2012 988 2050 Victoria
1005 2013 1167 2060 quotan-

223 2068 282 2105 nis
301 2067 411 2104 nonis
431 2066 599 2104 octobris
626 2066 870 2104 recolendam
883 2096 892 2112 ,
912 2066 1164 2114 eiusdemque

225 2121 401 2170 Virginis
421 2120 587 2157 Litaniis
615 2120 763 2157 addidit
782 2120 852 2157 has
874 2131 1008 2157 voces:
1029 2121 1166 2156 Auxi-

227 2176 328 2212 lium
345 2173 904 2222 Chrz‘stz'anorumfiregorius
917 2173 1012 2211 XIII
1024 2173 1063 2210 in
1072 2174 1167 2210 eius-

228 2230 314 2266 dem
350 2227 538 2264 victoriae
568 2227 795 2263 memoriam
825 2227 995 2264 instituit
1023 2226 1165 2264 festum

223 2294 273 2320 ss.
304 2280 460 2318 Rosarii
502 2279 776 2317 celebrandum
814 2281 937 2329 prima
975 2280 1167 2318 dominica

224 2335 392 2373 octobris
412 2334 449 2370 in
471 2333 635 2382 singulis
657 2333 839 2381 ecclesiis,
856 2334 893 2370 in
913 2334 1048 2382 quibus
1066 2340 1167 2373 esset

224 2389 350 2426 altare
367 2387 543 2425 Rosarii:
565 2387 664 2436 quod
685 2386 824 2424 festum
846 2392 976 2436 postca
988 2388 1166 2433 Clemens

224 2443 282 2480 XI
311 2441 359 2479 ad
390 2441 611 2478 universam
634 2440 845 2477 Ecclesiam
867 2442 1044 2478 extendit
1064 2440 1087 2478 ¹.

277 2494 687 2543 5l.Gre{Jorz‘usXIII
695 2495 888 2542 Pontifex
903 2495 1166 2546 (curtim)—

224 2551 337 2587 Anno
357 2548 533 2597 sequenti
555 2546 694 2597 (1572)
715 2547 781 2585 111⁰
799 2547 885 2586 idus
906 2549 997 2585 maii
1013 2561 1167 2587 concor-

225 2604 337 2640 dibus
356 2603 407 2640 ‘25
422 2600 678 2639 cardinalium
693 2601 888 2650 suffragiis
905 2602 943 2638 in
961 2602 1087 2640 locum
1107 2604 1164 2641 Pii

225 2657 260 2694 V
277 2655 445 2694 defuncti
463 2655 608 2692 electus
620 2654 817 2703 fuitHugo
830 2656 1166 2704 Boncompagnus,

226 2708 498 2754 Bononiensis,
529 2708 734 2757 presbyter
761 2709 980 2755 cardinalis,
1000 2710 1064 2758 qui
1094 2712 1166 2748 sub

226 2763 400 2812 Gregorii
432 2761 525 2799 XIII
558 2762 710 2799 nominc
733 2762 943 2800 Ecclesiam
966 2764 1164 2811 guberna-

227 2818 284 2854 vit
315 2828 431 2864 usque
461 2816 508 2852 ad
539 2827 600 2852 an.
634 2815 803 2853 158515
825 2817 886 2853 ubi
911 2816 1165 2855 pontificatus

226 2871 494 2919 insigniav111⁰
515 2869 662 2906 calend.
684 2869 788 2916 iunii,
809 2870 868 2907 die
887 2881 996 2907 sacro
1019 2871 1165 2908 Pente-

224 2929 349 2962 costes
371 2923 443 2960 rito
465 2923 644 2971 suscepit,
665 2923 765 2960 illico
783 2924 976 2972 principes
992 2925 1167 2962 christia-

224 2991 291 3015 nos
321 2978 496 3014 hortatus
527 2982 586 3013 est
615 2977 661 3013 ad
685 2979 991 3026 prosequendum
1023 2978 1164 3016 bellum

223 3032 406 3069 adversus
434 3030 593 3074 'riu-eas,
623 3043 716 3077 quos
745 3043 878 3068 recens
908 3032 1071 3069 victoria
1103 3022 1188 3068 iii-l

822 179 980 207 EPOCHA
1008 177 1063 204 x1.
1092 177 1144 204 AB
1172 178 1309 205 INITIIS
1337 178 1516 207 LVTHERI

1257 245 1367 282 Idem
1385 245 1571 283 Pontifex
1591 245 1805 284 Henricum
1824 246 1881 284 ΙΙΙ
1899 258 2033 295 regem
2053 246 2149 285 Gal-

1203 298 1279 335 liae
1298 299 1487 336 adversus
1506 298 1725 347 perduelles
1739 299 1965 348 Hugonotos
1981 312 2048 337 seu
2063 300 2147 338 Cal-

1204 352 1367 389 vinistas
1402 352 1526 389 milite
1559 355 1599 389 et
1627 352 1788 401 pecunia
1825 353 1948 400 iuvit,
1977 353 2149 402 clerique

1204 406 1430 453 proceribus
1453 408 1687 454 potestatem
1701 406 1807 443 dedit
1821 406 2016 444 alienandi
2031 407 2150 444 etiam

1205 458 1458 496 ecclesiarum
1479 459 1579 496 bona
1597 458 1823 504 immobilia,
1842 459 1876 497 si
1895 459 1934 497 id
1954 460 2003 497 ad
2024 460 2150 497 conti-

1207 512 1404 549 nuandum
1441 511 1586 550 bellum
1620 523 1688 561 pro
1719 511 1826 549 Fidei
1857 513 2150 551 conservatione

1206 568 1342 603 contra
1358 566 1574 604 haereticos
1589 569 1689 603 esset
1707 565 1977 604 necessarium.
1994 567 2055 604 Ad
2067 579 2149 616 pro-

1207 619 1427 667 pagandam
1445 620 1484 657 in
1504 619 1664 668 Iaponia
1682 618 1818 656 Fidem
1831 648 1840 664 ,
1861 630 1983 656 novos
2001 620 2041 656 in
2061 631 2151 658 eam

1206 683 1418 721 praecones
1446 685 1466 710 e
1487 673 1684 710 Societate
1711 669 1800 710 Iesu
1821 672 2044 710 destinavit.
2065 673 2151 711 Ho-

1206 725 1366 763 norifiee
1403 725 1556 775 excepit
1584 727 1758 763 oratores
1786 737 1926 774 regum
1954 726 2150 775 Iaponen-

1207 779 1319 826 sium,
1349 779 1594 817 obedientiae
1614 791 1709 828 erga
1729 779 1993 828 Apostolicam
2012 779 2150 817 Sedem

1205 832 1431 871 testimonia
1451 832 1682 871 deferentes.
1704 832 1872 881 Excepit
1886 833 2035 882 pariter
2047 832 2150 881 lega-

1206 889 1265 924 tos
1283 886 1582 932 Maronitarum,
1603 885 1848 935 patriarchae
1868 886 1929 924 sui
1949 886 2149 924 confirma-

1206 940 1352 977 tionem
1371 940 1624 989 postulantes,
1640 942 1681 977 et
1697 951 1787 977 cum
1809 939 1856 977 iis
1875 940 2025 989 aliquot
2039 952 2060 977 e
2077 939 2152 977 So-

1207 993 1349 1031 cietate
1377 994 1465 1032 Iesu
1488 995 1591 1031 viros
1614 993 1663 1031 ad
1684 995 1858 1031 montem
1878 994 2073 1033 Libanum
2091 994 2152 1031 le-

1207 1047 1330 1096 gavit,
1352 1048 1419 1096 qui
1437 1047 1653 1086 Maronitas
1668 1049 1774 1084 recte
1794 1046 2058 1096 instituerent.
2075 1047 2154 1086 Ma-

1207 1101 1315 1139 ximo
1348 1102 1406 1138 rei
1447 1101 1683 1139 christianae
1712 1100 1975 1138 emolumento
2004 1102 2154 1139 Romae

1208 1167 1275 1203 pro
1296 1155 1516 1201 Maronitis,
1536 1154 1709 1201 Graecis,
1729 1153 1881 1203 Anglis,
1902 1154 2066 1204 aliisque
2084 1166 2154 1192 na-

1206 1208 1378 1246 tionibus
1416 1208 1572 1245 diversa
1600 1207 1766 1256 collegia
1794 1209 1920 1245 erexit
1947 1212 1987 1246 et
2014 1207 2154 1246 annuis

1206 1261 1396 1299 reditibus
1424 1261 1586 1299 dotavit.
1609 1262 1830 1299 Romanum
1849 1261 2058 1310 collegium
2079 1261 2154 1300 So-

1207 1315 1360 1354 cietatis
1380 1316 1483 1361 Iesu,
1503 1326 1563 1352 om
1574 1315 1678 1352 nium
1699 1315 1875 1364 gentium
1895 1318 1936 1353 et
1951 1315 2154 1353 nationum

1208 1369 1461 1407 seminarium
1488 1367 1682 1414 fundavit,
1704 1369 1934 1418 magnisque
1954 1368 2154 1407 beneficiis

1209 1434 1254 1460 ac
1282 1422 1500 1472 privilegiis
1529 1422 1652 1460 auxit.
1673 1422 1761 1459 Alia
1788 1423 1828 1460 in
1848 1423 1935 1460 aliis
1955 1421 2155 1460 christiani

1209 1477 1311 1514 orbis
1331 1475 1570 1525 regionibus,
1589 1475 1707 1513 etiam
1729 1476 1830 1525 apud
1847 1476 1975 1521 Indos,
1991 1475 2155 1524 collegia

1209 1533 1249 1567 et
1277 1530 1487 1567 seminaria
1515 1529 1723 1567 excitanda
1742 1529 1900 1567 curavit
1918 1534 1958 1567 et
1976 1529 2154 1567 liberali-

1210 1585 1271 1620 ter
1286 1583 1402 1621 iuvit.
1420 1583 1604 1632 Optatam
1626 1583 1690 1620 diu
1710 1583 1941 1632 saepiusque
1961 1585 2156 1621 tentatam

1212 1636 1426 1676 calendarii
1455 1636 1710 1674 ecclesiastici
1739 1637 2019 1674 correctionem
2039 1648 2157 1685 opera

1211 1690 1424 1739 insignium
1453 1693 1764 1729 astronomorum
1793 1692 1833 1728 et
1859 1690 2157 1728 mathematico-

1211 1756 1300 1782 rum
1319 1744 1552 1794 praesertim
1572 1743 1724 1793 Aloysii
1746 1743 1835 1782 Lilii
1855 1743 2022 1781 feliciter
2036 1743 2158 1781 absol-

1211 1798 1280 1844 vit,
1309 1800 1350 1836 et
1378 1810 1436 1835 an.
1469 1797 1571 1836 1582
1599 1797 1740 1846 publici
1769 1797 1864 1835 iuris
1889 1796 1993 1836 fecit.
2014 1797 2157 1835 Omnes

1209 1851 1290 1890 fere
1320 1852 1494 1889 nationes
1521 1851 1585 1889 vel
1613 1850 1747 1889 statim
1776 1851 1842 1889 vel
1866 1850 1989 1889 serius
2009 1850 2100 1897 huic
2120 1862 2155 1888 e-

1210 1905 1451 1943 mendationi
1471 1905 1684 1943 adeserunt
1703 1904 1847 1943 Russia
1867 1907 2032 1954 excepta
2057 1916 2156 1953 quae

1210 1960 1336 1997 adhuc
1365 1961 1537 1997 veterem
1559 1959 1833 1997 Calendarium
1862 1958 2044 1997 retinet¹.
2060 1958 2156 2008 Ope-

1253 2089 1263 2111 1
1281 2088 1434 2120 Iulianum
1451 2085 1668 2117 calendarium
1681 2110 1688 2123 ‚
1707 2088 1790 2126 quod
1808 2086 1917 2117 Patres
1933 2084 2058 2116 Nicaeni
2076 2085 2157 2116 Con-

1210 2131 1291 2168 cilii,
1312 2130 1476 2168 Dionysius
1493 2128 1648 2167 Exiguus,
1664 2128 1778 2167 aliique
1806 2128 1904 2158 secuti
1929 2131 2001 2158 sunt
2024 2128 2158 2166 praesti-

1210 2173 1323 2203 tuendo
1339 2171 1419 2202 diem
1436 2170 1574 2201 Paschae
1590 2169 1791 2207 celebrando,
1811 2177 1962 2200 annorum
1980 2177 2155 2208 progressu

1212 2215 1283 2245 vitio
1302 2213 1446 2244 laborare
1470 2215 1660 2250 compertum
1681 2215 1738 2242 est.
1757 2210 1894 2242 Positum
1911 2209 1991 2241 enim
2010 2213 2077 2242 erat
2099 2220 2156 2249 pro

1211 2259 1307 2293 certo,
1324 2262 1436 2285 annum
1461 2262 1516 2284 seu
1542 2261 1667 2284 cursum
1685 2252 1764 2282 Solis
1787 2261 1844 2293 per
1859 2252 2025 2283 Zodiacum
2046 2251 2156 2284 diebus

1211 2297 1271 2329 365
1286 2301 1315 2328 et
1330 2295 1461 2335 integris
1478 2295 1564 2325 horis
1579 2293 1597 2324 6
1615 2294 1746 2332 definiri,
1765 2303 1832 2324 cnm
1852 2297 1952 2324 tamen
1970 2295 2055 2325 hisce
2071 2294 2156 2326 horis

1211 2338 1228 2369 6
1241 2338 1402 2377 explendis
1425 2336 1569 2367 deessent
1588 2337 1702 2367 minuta
1719 2335 1851 2375 amplius
1867 2335 1916 2366 11.
1933 2336 2057 2367 Factum
2074 2335 2156 2373 inde,

1212 2386 1244 2411 ut
1260 2390 1294 2411 ex
1312 2378 1436 2410 minutis
1453 2378 1501 2408 bis
1519 2378 1556 2408 ab
1571 2377 1784 2408 emendatione
1794 2377 1971 2409 calendarii
1984 2377 2156 2417 pei-lulium

1211 2424 1372 2453 Caesarem
1391 2420 1470 2450 facta
1489 2429 1585 2458 usque
1603 2419 1640 2449 ad
1658 2419 1866 2450 l’outilicatum
1882 2418 2024 2460 Gregorii
2041 2419 2116 2459 XIII,
2128 2421 2157 2450 et

1211 2472 1323 2494 annum
1339 2461 1552 2499 1582,nies10
1565 2461 1839 2499 constituerentur,
1849 2465 1877 2492 et
1891 2470 1946 2500 per
1959 2460 2083 2492 totidem
2094 2462 2157 2492 l'ere

1210 2505 1278 2536 dies
1299 2503 1533 2543 Aequinoctium
1555 2504 1684 2533 Vei-num
1708 2507 1929 2541 anteverteret,
1944 2511 2001 2534 nec
2024 2502 2156 2542 amptius

1210 2549 1238 2577 in
1259 2547 1339 2577 diem
1356 2545 1389 2575 ’.ΕΙ
1409 2546 1519 2582 martii,
1534 2545 1588 2575 sed
1607 2545 1636 2574 il
1657 2544 1818 2575 incideret.
1832 2545 1872 2575 Ex
1890 2553 1950 2583 quo
1966 2543 2157 2584 sequebatur

1210 2589 1284 2620 illud
1304 2588 1413 2624 etiam,
1431 2591 1460 2617 ut
1481 2587 1598 2616 l'asclia
1622 2595 1681 2616 non
1706 2586 1838 2625 amplius
1861 2586 2090 2624 celebraretur,
2105 2594 2155 2617 se-

1211 2630 1342 2661 cundnm
1361 2629 1517 2659 Nicacnae
1535 2628 1651 2667 Synodi
1671 2628 1837 2666 decretum,
1850 2628 1899 2658 die
1915 2627 2157 2675 DomInicopro·
2212 2664 2216 2667 .

1209 2674 1287 2703 xime
1304 2675 1450 2711 sequente
1469 2672 1580 2700 Lunam
1599 2670 1748 2700 decimam
1766 2673 1917 2710 quartam,
1933 2678 2012 2710 quae
2027 2670 2058 2700 in
2075 2677 2154 2707 ipso,

1210 2715 1253 2745 vel
1272 2714 1373 2743 statiin
1392 2716 1459 2751 post
1477 2712 1576 2751 ipsum
1596 2712 1724 2742 vernum
1743 2712 1974 2751 Aequinoctium
1987 2735 1995 2748 ,
2019 2715 2049 2741 et
2074 2711 2154 2741 dIein

1211 2754 1491 2792 xticatend.a1›1·ii.
1509 2754 1668 2784 illuxisset.
1686 2754 1813 2784 Fecerat
1829 2762 1941 2785 caussa
1958 2753 2034 2784 haec
2050 2752 2152 2784 mulus

1209 2803 1298 2828 antea
1316 2796 1500 2827 desiderium
1515 2796 1745 2826 emendationis.
1756 2795 1923 2826 Concilium
1937 2794 2154 2825 constantien-

1211 2850 1242 2869 se
1259 2849 1339 2870 anno
1363 2836 1459 2876 titi,
1476 2838 1655 2868 Basiieense
1678 2846 1757 2868 anno
1780 2836 1872 2874 1439,
1895 2840 1925 2868 et
1947 2837 2155 2867 Lateranense

1210 2891 1289 2911 :iuno
1313 2880 1452 2917 1516,e:1
1477 2880 1514 2910 de
1539 2888 1571 2909 re
1595 2879 1762 2917 agitaruut.
1779 2880 1923 2910 Nicolaus
1947 2878 2063 2918 pariter
2080 2878 2100 2907 V
2123 2876 2155 2908 in

1209 2933 1275 2953 cain
1292 2931 1397 2953 curam
1414 2920 1564 2959 incubuit,
1578 2925 1607 2951 ct
1620 2921 1660 2952 St)
1677 2925 1746 2960 post
1761 2921 1851 2951 annis
1868 2920 1984 2958 nytus
1997 2919 2033 2950 IV
2046 2918 2154 2950 eadem

1210 2966 1246 2994 de
1263 2974 1358 2994 cansa
1376 2963 1527 3001 insignem
1543 2962 1791 2994 mathematicum
1803 2962 1951 2992 Ioannem
1965 2961 2156 3001 Regiomon-

1186 3015 1187 3018 ¹
1210 3013 1313 3036 tanum
1333 3007 1459 3036 nomam
1484 3005 1605 3036 art-ivit.
1621 3004 1756 3035 'I‘andem
1771 3003 1946 3035 Calendarii
1969 3002 2155 3033 emendandi

1211 3049 1365 3086 negotium
1381 3057 1397 3076 a
1410 3046 1548 3077 Concilio
1562 3047 1740 3076 Tridentino
1757 3046 1860 3077 dutum
1877 3049 1926 3075 est
1941 3044 2076 3076 Pontilici
2093 3044 2154 3074 uo-

223 3086 296 3123 IniS
335 3085 505 3131 fregerat
528 3096 536 3129 3
570 3083 635 3119 SO‘I
671 3085 916 3123 obsteterunt
948 3085 1164 3135 principum
1211 3100 1313 3126 mauu,
1332 3090 1413 3128 quod
1432 3089 1566 3118 virorum
1584 3088 1774 3118 cruditorum
1791 3096 1889 3125 opera
1905 3086 2072 3126 Gregorius
2089 3085 2154 3117 XIII

223 3138 414 3176 discordia
435 3141 553 3184 utque
574 3138 780 3176 cunctatio.

262 3256 276 3279 ⁴
295 3258 403 3289 dabui.
421 3262 450 3287 ct
467 3258 580 3288 catena
599 3257 627 3288 in
652 3258 721 3289 Vua
737 3266 761 3289 s.
779 3256 832 3290 I'it‘
856 3257 888 3286 V.

1211 3132 1339 3161 lviii-iter
1363 3130 1506 3161 absolvit.
1540 3129 1696 3169 siqnidem
1724 3129 1760 3160 10
1787 3129 1903 3159 dierum
1934 3127 2156 3167 suppressione

1211 3173 1440 3212 Aequinoctium
1459 3172 1586 3201 Vcrnniu
1605 3170 1737 3201 restituit
1752 3171 1780 3200 in
1794 3169 1872 3201 diem
1887 3178 1974 3200 suum
1988 3168 2024 3200 21
2044 3169 2155 3207 martii,

1212 3224 1286 3245 neve
1301 3223 1409 3243 rursus
1425 3213 1543 3243 labari-t
1565 3213 1643 3243 ratio
1662 3216 1841 3251 temporum,
1855 3210 1981 3248 regulas
1999 3210 2153 3249 praescri-

1212 3256 1272 3296 psit
1289 3256 1434 3294 deinceps
1451 3254 1631 3285 servandas.
1643 3255 1752 3285 Decem
1763 3256 1865 3285 autem
1879 3252 1923 3284 illi
1936 3253 2003 3285 dies
2017 3261 2034 3283 e
2047 3260 2153 3283 mense
