2241 3473
685 161 823 191 VSQVE
845 161 898 188 AD
921 159 1205 187 PRAESENTEM
1229 157 1435 186 ΑΕΤΑΤΕΜ

91 237 273 273 strictum
301 235 349 271 ad
380 234 677 271 custodiendam
711 233 972 280 tuendamque
1002 232 1038 267 in

90 301 160 326 suo
177 288 376 326 territorio
393 289 625 336 religionem
646 288 897 329 catholicam,
918 297 1036 334 quum

90 343 240 391 aliquas
259 342 443 379 edidisset
470 343 594 389 leges,
612 342 785 377 infensas
813 339 1039 376 auctoritati

91 407 136 433 ac
162 395 338 432 libertati
367 396 586 438 Ecclesiae,
613 405 676 430 an·
706 394 797 431 1872
829 392 1041 429 catholicas

92 450 247 486 scholas
275 450 507 498 suppressit,
530 449 628 485 alias
648 449 855 495 religiosas
875 446 1042 482 familias

91 503 233 547 eiecit,
261 505 359 540 alias
393 503 557 540 docendi
587 513 749 538 munere
781 501 839 537 sui
874 500 1040 536 Instituti

92 558 250 606 proprio
280 558 459 606 privavit.
482 558 575 593 Pius
593 556 672 602 Pp.
695 555 749 591 IX
767 554 987 600 deploravit
1005 553 1041 587 in

94 611 339 648 Allocutione
376 611 508 647 habita
535 611 595 647 dic
622 610 666 646 23
701 608 923 645 decembris
954 606 1044 643 1872

97 665 246 702 illatam
273 666 484 713 religiosae
519 665 575 702 rei
603 665 681 700 vim
709 664 757 700 ab
787 663 943 698 illorum
981 672 1044 708 pa-

94 729 233 765 gorum
261 720 474 766 guberniis.
502 721 554 754 At
580 729 673 754 vero
696 716 930 753 iustissimae
957 726 1045 762 que-

96 773 204 809 relae
233 773 435 809 Pontificis
454 773 660 820 neglectae
685 772 798 819 plane
820 770 928 806 suere
947 781 955 812 ;
976 779 1046 805 nec

97 827 259 873 aequior
288 827 387 862 ratio
422 827 553 862 habita
586 827 657 862 fuit
688 824 1044 872 expostulationum

97 890 121 915 a
154 880 358 916 catholicis
385 881 557 916 cuiusvis
582 879 742 924 ordinis,
771 884 811 916 et
840 879 887 914 ab
907 879 1046 914 Helve-

104 933 181 969 tico
208 934 448 982 Episcopatu
471 935 611 970 iterum
634 938 747 980 atque
767 933 908 969 iterum
928 933 1047 969 edita-

100 998 207 1031 rum;
243 988 332 1035 quin
361 989 438 1024 imo
472 989 672 1035 irrogatae
705 987 854 1034 pridem
880 987 1045 1023 iniuriae

96 1041 207 1077 novis
233 1049 271 1078 et
297 1042 545 1089 gravioribus
563 1041 782 1077 cumulatae
802 1041 925 1076 fuere.

140 1094 244 1130 Nam
280 1100 367 1141 post
399 1096 611 1131 violentam
647 1094 837 1141 Gasparis
864 1094 1045 1142 Episcopi

96 1148 153 1184 tit.
174 1149 444 1186 Hebronensis
463 1154 502 1186 et
521 1148 670 1183 Vicarii
693 1147 907 1194 Apostolici
923 1148 1048 1183 Gene-

95 1202 228 1238 vensis
254 1203 500 1246 eiectionem,
520 1202 622 1238 idem
647 1202 881 1237 Genevense
908 1202 1049 1247 guber-

95 1255 201 1291 nium
235 1256 369 1293 diebus
396 1257 440 1292 23
468 1256 600 1291 martii
628 1259 669 1290 et
694 1254 739 1290 27
767 1255 922 1301 augusti
959 1255 1048 1291 1873

95 1308 191 1346 duas
210 1310 477 1358 promulgavit
496 1310 604 1356 leges
623 1309 738 1356 plane
762 1312 1049 1345 consentaneas

97 1363 226 1400 edicto
255 1365 457 1412 proposito
491 1374 626 1399 mense
654 1363 806 1398 octobri
833 1363 1050 1410 superioris

96 1418 203 1454 anni.
232 1418 272 1454 In
298 1418 358 1454 his
384 1417 625 1454 Gubernium
660 1417 730 1452 sibi
757 1417 816 1452 ius
847 1417 1051 1463 arrogavit

97 1471 316 1519 refingendi
351 1472 389 1507 in
424 1483 470 1508 eo
499 1482 601 1519 pago
632 1470 951 1506 constitutionem
979 1471 1051 1505 Ec—

98 1526 243 1563 clesiae
284 1525 532 1569 catholicae,
576 1536 740 1572 eamque
778 1524 961 1570 exigendi
1003 1525 1050 1559 ad

99 1579 406 1616 democraticam
435 1580 619 1622 formam,
651 1578 858 1614 subiiciens
893 1577 1051 1624 Episco-

99 1644 204 1680 pum,
226 1638 306 1669 tum
334 1633 460 1681 quoad
487 1632 719 1669 exercitium
737 1631 922 1678 propriae
942 1631 1050 1666 iuris-

99 1686 301 1732 dictionis,
330 1692 412 1724 tum
439 1686 565 1735 quoad
593 1685 800 1733 potestatis
827 1696 921 1721 suae
950 1684 1052 1720 dele-

101 1741 302 1786 gationem
339 1741 565 1777 auctoritati
600 1739 733 1782 civili;
769 1742 909 1775 vetans
939 1749 987 1774 ne
1014 1737 1051 1773 in

101 1805 205 1841 pago
233 1795 297 1830 illo
325 1794 563 1830 domicilium
579 1792 969 1836 haberet;definiens
989 1802 1055 1838 pa—

103 1848 327 1884 roeciarum
355 1860 566 1885 numerum
586 1852 626 1884 et
644 1846 808 1889 limites;
831 1856 1054 1893 proponens

103 1901 272 1938 formam
301 1907 340 1939 et
367 1902 610 1938 conditiones
635 1899 838 1938 electionis
865 1899 1054 1946 parocho-

104 1966 191 1992 rum
219 1960 262 1992 et
294 1957 531 1992 vicariorum
553 1985 562 1999 ,
598 1966 789 2002 casusque
824 1958 864 1990 et
897 1954 1052 1989 modum

104 2010 370 2046 revocationis
409 2021 547 2046 eorum
587 2013 655 2044 aut
696 2007 963 2055 suspensionis
1006 2007 1055 2042 ab

104 2062 260 2108 officio;
287 2063 464 2100 tribuens
491 2062 602 2098 laicis
629 2061 850 2097 hominibus
882 2061 940 2096 ius
970 2060 1056 2097 illos

104 2117 360 2159 nominandi,
389 2116 501 2152 laicis
530 2116 624 2152 item
660 2115 826 2151 credens
860 2118 1057 2160 tempora-

106 2170 185 2207 lem
213 2172 340 2207 cultus
366 2169 748 2206 administrationem
769 2197 778 2212 ,
805 2179 948 2215 eosque
969 2197 977 2211 ‚
1003 2167 1059 2202 in-

106 2228 333 2271 spectorum
361 2224 508 2267 instar,
529 2224 585 2259 rei
613 2222 908 2259 ecclesiasticae
937 2233 1052 2267 gene-

105 2278 224 2314 ratim
241 2278 491 2325 praeficiens.
513 2278 678 2314 Cautum
698 2280 911 2322 praeterea
929 2275 986 2310 his
1007 2275 1057 2310 le-

111 2331 222 2378 gibus
247 2332 334 2375 fuit,
360 2336 404 2367 ut
428 2332 511 2368 sine
539 2330 719 2378 gubernii
745 2330 878 2372 venia,
912 2334 951 2364 et
982 2328 1057 2364 hac

110 2385 265 2432 quidem
294 2385 529 2429 revocabili,
558 2383 720 2432 parochi
746 2387 787 2419 et
811 2382 949 2418 vicarii
977 2382 1057 2417 fun-

110 2440 260 2476 ctiones
278 2439 406 2475 nullas
424 2442 681 2481 exercerent,
701 2437 826 2472 nullas
845 2435 1059 2483 dignitates

112 2493 343 2540 acciperent
370 2493 446 2528 illis
476 2492 690 2539 ampliores
711 2519 719 2534 ,
746 2501 861 2537 quam
894 2501 964 2536 per
996 2500 1059 2535 po-

108 2547 186 2594 puli
214 2547 448 2583 electionem
475 2550 608 2582 essent
634 2544 787 2591 adepti,
816 2543 1010 2590 iidemque
1038 2553 1061 2577 a

113 2605 312 2648 potestate
339 2600 443 2636 civili
472 2599 520 2635 ad
552 2597 822 2635 iusiurandum
860 2596 1062 2643 adigeren-

111 2658 175 2691 tur
202 2667 272 2703 per
297 2666 346 2691 ea
369 2655 505 2697 verba,
526 2654 661 2701 quibus
680 2652 766 2688 veri
784 2650 951 2686 nominis
970 2661 1061 2697 apo-

109 2710 234 2745 stasia
265 2709 502 2744 continetur.
540 2707 631 2742 Pius
665 2706 735 2752 Pp.
764 2705 818 2740 1X
851 2703 1062 2751 Encyclica

110 2761 198 2799 Etsi
224 2761 364 2805 multa,
382 2761 458 2797 diei
474 2761 519 2796 25
537 2759 718 2795 novemb.
740 2758 844 2801 1873,
866 2757 936 2792 has
955 2757 1063 2803 leges

111 2817 343 2853 solemniter
378 2814 636 2862 reprobavit,
675 2817 716 2849 et
754 2810 1060 2854 condemnavit3

113 2869 252 2907 deinde
279 2868 496 2906 subiunxit:
518 2881 537 2902 «
555 2868 815 2903 Declaramus
842 2864 974 2907 simul,
994 2863 1062 2898 illi-

116 2924 236 2960 citum
264 2935 351 2960 esse
379 2933 426 2958 ac
454 2922 570 2969 plane
601 2921 839 2966 sacrilegum
871 2919 1062 2954 iuramen-

114 2982 197 3014 tum
225 2978 273 3014 ab
300 2975 394 3024 ipsis
423 2975 609 3011 indictum
627 3003 636 3018 ‚
672 2984 816 3020 eosque
853 2975 1064 3020 propterea

115 3043 279 3075 omnes,
307 3030 371 3078 qui
398 3030 434 3065 in
462 3027 687 3087 Genevensi
720 3030 847 3062 tractu
880 3031 947 3060 aut
975 3025 1063 3060 alibi

115 3085 226 3122 iuxta
257 3083 487 3122 earumdem
522 3083 652 3128 legum
686 3080 848 3116 decreta
887 3082 954 3114 aut
987 3090 1063 3113 non

116 3139 285 3175 absimili
312 3137 442 3180 modo,
469 3136 711 3182 suffragante
739 3132 879 3180 populo
906 3136 946 3167 et
975 3143 1065 3167 con-

116 3192 300 3229 firmante
335 3191 439 3227 civili
478 3192 675 3237 potestate
714 3186 856 3229 electi,
897 3184 1066 3221 audeant

118 3246 227 3283 obire
259 3245 393 3283 munia.
424 3241 683 3281 ecclesiastici
715 3239 952 3284 ministerii,
980 3238 1063 3286 ipso

1903 140 1982 180 403

1089 237 1190 273 sacto
1245 236 1451 271 incurrere
1500 232 1536 268 in
1586 228 2037 268 excommunicationem

1089 291 1279 327 maiorem
1300 303 1334 323 ».

1135 345 1280 381 Tristia
1307 343 1459 391 quidem
1489 344 1527 378 et
1545 341 1700 378 funesta
1718 339 1816 374 haec
1844 339 1952 379 sunt,
1972 335 2039 371 sed

1091 398 1314 435 tristissima
1333 397 1452 433 etiam
1472 395 1724 442 contigerunt
1745 393 1782 428 in
1802 391 1970 439 quinque
1991 400 2039 425 ex

1089 457 1238 500 septem
1269 451 1378 498 pagis
1397 479 1405 494 ,
1433 450 1570 497 quibus
1609 449 1761 483 constat
1799 442 2040 480 Basileensis

1092 505 1304 547 Dioecesis‚
1335 514 1477 551 nempe
1505 501 1701 544 Saloduri,
1730 500 1901 545 Bernae,
1932 495 2042 532 Basi-

1094 557 1448 605 leae-campestris,
1474 556 1693 602 Argoviae,
1721 564 1766 589 ac
1793 550 1953 598 Turegi.
1987 548 2041 585 Ibi

1093 624 1242 660 quoque
1278 611 1323 647 de
1362 610 1555 658 paroeciis
1577 638 1585 653 ,
1615 608 1738 655 deque
1775 605 2036 654 parochorum

1095 672 1209 713 atquc
1236 665 1475 700 vicariorum
1503 662 1694 700 electione
1722 663 1762 696 et
1787 657 2042 695 revocatione

1096 721 1204 767 leges
1238 720 1341 755 latae
1369 723 1457 754 sunt
1484 716 1684 753 Ecclesiae
1717 714 1895 760 regimen
1915 740 1924 756 ,
1950 710 2044 746 divi-

1098 784 1265 819 namque
1293 772 1613 808 constitutionem
1642 771 1893 809 evertentes,
1921 764 2045 801 eccle-

1098 827 1298 863 siasticum
1339 825 1600 861 ministerium
1640 820 1834 858 saeculari
1872 819 2044 854 domina-

1100 880 1193 915 tioni
1221 879 1474 915 subiicientcs
1502 881 1541 914 et
1567 876 1726 912 omnino
1753 872 2046 915 schismaticae;

1099 944 1195 980 quas
1216 932 1378 981 proinde
1399 942 1563 979 eamque
1585 928 1831 970 nominatim,
1852 936 1949 973 quae
1969 925 2050 960 lata

1099 986 1170 1021 fuit
1197 997 1221 1022 a
1246 986 1438 1033 gubernio
1467 982 1720 1020 Salodurensi
1741 980 1802 1016 die
1825 979 1871 1015 23
1897 979 2051 1014 decem-

1101 1039 1178 1075 bris
1207 1050 1270 1074 an.
1293 1039 1401 1082 1872,
1421 1038 1512 1073 Pius
1532 1036 1600 1082 Pp.
1624 1036 1678 1071 IX.
1697 1035 1818 1070 citata
1837 1031 2051 1079 Encyclica

1099 1093 1303 1129 damnavit
1321 1096 1359 1128 et
1379 1091 1620 1139 reprobavit·
1637 1088 1765 1129 Quum
1787 1097 1904 1134 porro
1923 1085 2052 1131 Euge-

1101 1147 1186 1183 nius
1212 1147 1430 1194 Episcopus
1464 1142 1705 1180 Basileensis
1740 1141 1841 1176 iusta
1874 1139 2050 1185 indigna-

1103 1201 1206 1236 tione
1238 1205 1277 1236 et
1314 1198 1542 1247 Apostolica
1582 1194 1806 1231 constantia
1846 1192 2052 1228 reiecisset

1102 1254 1290 1289 articulos
1310 1252 1495 1300 quosdam
1524 1250 1562 1285 in
1582 1247 1840 1285 conciliabulo
1859 1257 1930 1281 seu
1953 1245 2051 1281 Con-

1093 1306 1294 1353 ferentia,
1314 1306 1368 1342 uti
1384 1306 1579 1347 dixerunt,
1599 1302 1854 1343 dioecesana,
1873 1298 1920 1334 ad
1935 1309 2051 1345 quam

1103 1364 1375 1396 convenerant
1393 1358 1573 1405 Delegati
1601 1356 1769 1403 quinque
1781 1363 1973 1400 pagorum
1993 1363 2054 1387 su-

1104 1425 1176 1461 pra
1202 1414 1395 1450 dictorum
1415 1441 1423 1457 ‚
1451 1410 1684 1448 constitutos
1702 1437 1710 1452 ‚
1738 1408 1851 1454 eique
1879 1405 2053 1453 proposi-

1105 1474 1164 1503 tos
1184 1496 1192 1512 ‚
1219 1472 1258 1504 et
1284 1467 1442 1503 omnino
1469 1462 1740 1501 necessariam
1771 1460 1937 1496 haberet
1965 1459 2054 1494 reii-

1106 1522 1231 1557 ciendi
1258 1532 1434 1563 causam,
1462 1518 1562 1567 quod
1590 1514 1855 1564 episcopalem
1883 1513 2052 1548 auctori-

1106 1580 1227 1611 tatem
1260 1574 1499 1616 laederent,
1539 1571 1718 1617 regimen
1760 1565 2050 1603 hierarchicum

1109 1629 1417 1671 subverterent,
1446 1629 1484 1662 et
1508 1623 1665 1661 haeresi
1693 1625 1828 1669 aperte
1856 1620 2053 1662 faverent;

1107 1682 1155 1717 ob
1182 1692 1272 1717 eam
1291 1693 1376 1717 rem
1397 1680 1444 1715 ab
1464 1678 1702 1725 Episcopatu
1722 1675 1912 1715 deiectus,
1932 1683 1956 1707 a
1974 1672 2055 1708 suis

1106 1735 1264 1771 aedibus
1292 1735 1514 1770 abstractus
1541 1735 1581 1767 et
1608 1730 1643 1765 in
1672 1728 1830 1765 exilium
1859 1725 2056 1762 violenter

1106 1793 1218 1824 actus
1234 1788 1319 1824 fuit.
1340 1788 1439 1823 Tum
1459 1785 1607 1822 nullum
1625 1782 1773 1818 fraudis
1792 1784 1859 1817 aut
1879 1778 2067 1817 vexatio-⁷

1107 1843 1165 1878 nis
1184 1854 1308 1890 genus
1323 1842 1526 1883 omissum,
1541 1843 1583 1874 ut
1602 1839 1640 1873 in
1660 1837 1733 1872 illis
1752 1836 1923 1883 quinque
1943 1833 2055 1881 pagis

1106 1897 1245 1934 Clerus
1273 1901 1312 1932 et
1338 1895 1503 1945 popul-us
1529 1894 1567 1928 in
1594 1891 1764 1927 schisma
1783 1889 2052 1924 induceretur.

1108 1949 1363 1986 Interdictum
1399 1948 1471 1984 fuit
1504 1947 1610 1982 clero
1638 1943 1836 1991 quodlibet
1865 1952 1953 1977 cum
1984 1939 2056 1975 Pa-

1107 2009 1213 2039 store
1233 2004 1415 2039 exulante
1442 1997 1974 2041 commercium‚iussumque
1992 1993 2056 2028 da-

1109 2063 1187 2093 tum
1217 2056 1434 2093 cathedrali
1463 2053 1641 2101 Capitulo
1670 2049 1916 2092 Basileensi,
1941 2052 1984 2083 ut
2010 2046 2058 2082 ad

1108 2111 1342 2147 electionem
1370 2107 1520 2144 Vicarii
1546 2103 1783 2154 Capitularis
1801 2103 1863 2139 vel
1885 2101 2057 2136 Admini-

1108 2165 1290 2200 stratoris
1317 2162 1574 2204 conveniret,
1603 2157 1766 2206 perinde
1793 2167 1840 2192 ac
1870 2155 1902 2191 si
1935 2153 2058 2190 Sedes

1110 2218 1355 2266 Episcopalis
1383 2226 1522 2263 reapse
1555 2216 1742 2256 vacaret;
1775 2209 1875 2258 quod
1907 2208 2059 2243 facinus

1111 2273 1314 2320 indignum
1343 2276 1503 2307 strenue
1537 2267 1758 2314 Capitulum
1789 2263 1893 2300 edita
1925 2265 2053 2308 prote-

1111 2327 1279 2362 statione
1307 2326 1355 2361 ab
1382 2336 1423 2360 se
1451 2322 1603 2359 reiecit.
1631 2319 1791 2355 Interim
1822 2316 1983 2352 decreto
2014 2316 2055 2349 et

1112 2380 1309 2416 sententia
1341 2377 1645 2424 magistratuum
1682 2372 1853 2407 civilium
1886 2369 2061 2404 Bernen-

1111 2434 1209 2470 sium
1228 2444 1370 2468 novem
1391 2437 1429 2467 et
1449 2428 1657 2474 sexaginta
1676 2423 1858 2472 parochis
1873 2421 2062 2458 territorii

1111 2487 1288 2523 Jurensis
1314 2486 1442 2534 primo
1470 2482 1653 2518 indictum
1683 2484 1757 2522 est,
1777 2489 1825 2513 ne
1853 2473 2062 2512 ministerii

1112 2541 1170 2577 sui
1196 2540 1418 2576 functiones
1445 2536 1625 2576 obirent,
1653 2532 1742 2568 dein
1769 2542 1864 2566 vero
1893 2527 2062 2564 abdicati

1112 2598 1202 2630 sunt
1227 2594 1355 2630 officio
1381 2593 1455 2628 hac
1481 2600 1558 2626 una
1584 2588 1630 2623 de
1659 2596 1778 2622 causa
1804 2583 1904 2631 quod
1930 2582 2061 2630 palam

1114 2649 1246 2685 testati
1273 2650 1430 2689 essent,
1457 2654 1544 2680 sese
1572 2640 1792 2687 legitimum
1820 2637 2058 2684 Episcopum

1113 2706 1153 2738 et
1178 2702 1388 2738 Pastorem
1415 2695 1634 2744 Eugenium
1665 2693 1781 2728 unice
1813 2700 2033 2737 agnoscere
2051 2718 2060 2734 ,

1112 2767 1180 2791 seu
1195 2755 1298 2791 nolle
1314 2765 1355 2789 se
1374 2752 1542 2798 turpiter
1560 2749 1607 2783 ab
1623 2747 1772 2783 unitate
1789 2743 1983 2780 catholica
2000 2743 2064 2779 de-

1113 2809 1296 2845 sciscere.
1309 2807 1395 2847 Quo
1414 2805 1562 2839 factum
1582 2805 1654 2843 est,
1672 2803 1715 2835 ut
1733 2803 1856 2834 totum
1878 2796 1969 2832 illud
1989 2800 2066 2831 ter-

1116 2862 1312 2903 ritorium,
1331 2857 1431 2906 quod
1447 2855 1681 2892 catholicam
1700 2851 1818 2887 fidem
1837 2852 2065 2886 constanter

1116 2917 1363 2956 retinuerat,
1400 2914 1440 2946 et
1466 2907 1660 2944 Bernensi
1696 2915 1795 2952 pago
1834 2902 2065 2949 iampridem

1116 2969 1291 3005 iunctum
1327 2967 1459 3001 suerat
1491 2973 1538 2998 ea
1566 2962 1653 3007 lege
1688 2963 1880 3007 pactoque
1908 2961 1952 2992 ut
1980 2955 2067 2991 reli-

1116 3021 1242 3068 gionis
1269 3029 1365 3055 suae
1386 3018 1549 3053 liberum
1571 3019 1688 3061 atque
1710 3012 1939 3048 inviolatum
1958 3020 2069 3046 exer-

1116 3075 1250 3110 citium
1279 3072 1460 3114 haberet,
1482 3066 1773 3116 paroecialibus
1801 3063 2068 3107 concionibus,

1116 3126 1356 3164 solemnibus
1383 3121 1658 3171 baptismatis,
1691 3118 1917 3165 nuptiarum
1944 3120 1984 3153 et
2012 3116 2067 3151 fu-

1116 3192 1253 3218 nerum
1282 3179 1530 3227 privaretur3
1561 3175 1826 3220 conquerente
1852 3171 2003 3207 frustra
2028 3176 2068 3206 et

1117 3235 1365 3272 reclamante
1390 3230 1563 3269 fidelium
1590 3225 1839 3265 multitudine
1855 3253 1865 3271 ,
1889 3224 1968 3261 iam
1994 3234 2067 3272 per
