2241 3473
680 204 817 233 VSQVE
839 203 892 230 AD
914 201 1198 229 PRAESENTEM
1225 202 1427 229 AETATEM

79 280 143 306 an.
168 269 270 310 1846.
300 268 337 305 in
367 269 474 306 Petri
494 271 722 308 cathedram
742 274 930 319 exceptus
947 272 1022 312 est.

86 323 143 359 Pii
163 323 234 371 Pp.
253 323 306 359 IX
327 334 469 360 nornen
497 336 716 362 assumens.
739 325 831 361 Post
853 336 922 361 sex
940 323 1024 360 dies

79 388 175 413 vero
201 377 429 413 solemniter
457 379 492 413 in
508 378 683 415 Basilica
701 379 897 415 Vaticana
916 388 1022 413 coro-

79 435 192 466 natus
219 430 302 465 suit.

124 483 367 521 Elec-tionem
395 496 506 521 suam
527 486 711 522 universo
729 485 812 521 orbi
831 485 1023 520 catholico

78 537 312 584 significavit
338 539 478 575 litteris
509 540 718 587 encyclicis
738 538 815 579 Qui
829 539 1024 586 pluribus,

77 589 178 626 datis
203 592 225 626 9
251 592 476 628 novembris
503 593 593 630 1846
620 593 668 629 ad
695 604 833 628 omnes
860 592 1026 639 patriar-

78 644 186 687 chas,
198 645 401 692 primates,
413 646 732 694 archiepiscopos
750 650 789 682 et
805 645 1024 693 episcopos,

78 709 223 746 eosque
249 699 509 736 vehementer
536 700 713 736 hortatus
739 703 799 736 est
816 704 860 735 ut
877 699 1026 746 episco-

80 751 157 797 pali
186 752 325 788 robore
351 757 391 789 et
418 754 638 790 constantia
665 753 855 789 adversus
874 751 1026 788 teterri·

80 815 185 840 mum
213 806 370 841 humani
403 808 563 853 generis
597 807 747 844 hostem
780 806 1025 848 dimicantes,

79 859 322 906 serpentium
336 870 519 896 errorum
539 860 871 907 monstra,quibus
883 859 1028 896 verita-

80 910 130 947 tis
155 922 292 948 osores
306 912 524 950 Ecclesiam
542 914 775 961 civilemque
793 913 1026 950 societatem

78 964 323 1006 adoriuntur,
352 966 487 1003 sedulo
517 972 829 1014 prosternerent,
856 977 1025 1013 ovesque

78 1017 149 1053 sibi
176 1019 408 1055 commissas
442 1031 464 1056 a
498 1020 702 1057 venenatis
729 1020 882 1067 pascuis
917 1030 1027 1056 arce-

79 1077 180 1114 rent,
194 1072 241 1108 ad
261 1071 451 1109 salutaria
470 1073 1026 1122 propellerent.Nequissimas

77 1124 431 1162 Rationalistarum
458 1132 566 1164 artes
591 1127 753 1170 detexit,
773 1127 835 1174 qui
859 1137 1024 1174 praepo·

78 1183 184 1214 stero
211 1190 258 1215 ae
277 1180 407 1216 fallaci
425 1181 731 1228 argumentandi
750 1192 898 1227 genere
914 1192 1023 1216 num-

78 1243 194 1280 quam
234 1233 418 1270 desinunt
443 1235 640 1271 humanae
667 1235 830 1270 rationis
855 1235 934 1269 vim
962 1246 1024 1270 ex-

80 1287 232 1330 tollere,
244 1294 281 1323 et
296 1294 434 1325 contra
449 1290 739 1325 sanctissimam
756 1289 898 1326 Christi
909 1288 1026 1324 fidem

79 1340 338 1378 audacissime
364 1342 610 1380 deblaterare
632 1372 640 1387 ‚
675 1349 903 1380 asserentes
937 1353 1025 1379 eam

78 1395 272 1433 humanae
297 1398 493 1445 refragari
515 1399 674 1435 rationi.
693 1398 970 1435 Clandestinas
987 1401 1026 1434 et

77 1455 252 1488 secretas
275 1457 406 1489 sectas
432 1454 472 1488 in
498 1464 638 1489 sacrae
662 1457 701 1489 et
721 1452 845 1489 civilis
865 1453 922 1489 rei
940 1463 1024 1500 per-

78 1503 219 1542 niciem
248 1506 325 1541 iam
352 1517 376 1542 a
401 1507 481 1543 suis
502 1507 784 1543 Decessoribus
803 1506 1025 1551 damnatas,

78 1556 223 1594 iterum
252 1560 491 1605 reprobavit.
514 1561 832 1598 Commentitium
851 1566 1026 1609 systema

78 1609 392 1649 indifferentismi
412 1615 449 1650 in
465 1626 506 1650 re
523 1614 724 1661 religiosa,
740 1615 1024 1651 Communismi

78 1671 297 1702 monstrum
312 1668 622 1704 etet-‘fraenatam
639 1667 854 1715 cogitandi,
870 1668 1024 1716 loquen-

77 1715 113 1752 di
134 1719 402 1768 scribendique
425 1721 620 1757 licentiam
640 1721 678 1757 in
698 1732 850 1756 morum
871 1732 917 1757 ac
934 1721 1025 1758 fidei

77 1771 260 1808 damnum
276 1774 430 1810 fortiter
448 1779 510 1811 est
526 1774 757 1811 detestatus.
779 1774 834 1810 Ut
852 1775 1022 1811 divinum

77 1825 264 1861 auxilium
291 1826 339 1862 ad
368 1827 527 1864 insidias
559 1833 597 1864 et
631 1828 864 1864 catholicam
891 1829 1023 1866 Eccle-

75 1878 176 1914 siam
216 1880 420 1926 sapienter
447 1882 744 1928 gubernandam
772 1882 1024 1929 imploraret,

77 1932 151 1967 xn⁰
169 1933 319 1969 calend.
339 1934 561 1971 decembris
581 1935 754 1972 eiusdem
774 1935 866 1971 anni
881 1936 1022 1972 litteris

76 1987 304 2032 apostolicis
325 2016 333 2030 ‚
369 1989 531 2024 Arcano
557 1989 714 2025 divinae
740 1988 1023 2026 Providentiae

77 2038 257 2083 consilio,
285 2041 499 2078 Iubilaeum
524 2043 750 2078 universale
768 2042 917 2078 indixit.
948 2043 1023 2079 Per

77 2092 283 2138 epistolam
314 2094 388 2130 Ubi
400 2094 573 2142 primum
601 2096 645 2131 17
671 2096 765 2131 iunii
785 2096 873 2133 1847
891 2095 1022 2132 datam

77 2145 125 2180 ad
152 2146 422 2184 moderatores
449 2148 641 2185 Ordinum
670 2149 960 2195 religiosorum,
980 2150 1020 2185 il-

79 2200 135 2236 los
161 2212 372 2248 eorumque
399 2202 605 2249 religiosos
622 2203 802 2239 hortatus
821 2207 881 2239 est
898 2203 948 2238 ad
966 2215 1023 2240 se-

76 2253 208 2290 dulam
224 2259 405 2291 votorum
419 2260 459 2292 et
468 2256 696 2302 regularum
712 2256 1017 2292 observantiam.

78 2307 119 2342 In
145 2309 376 2345 consistorio
409 2314 564 2345 secreto
603 2310 660 2345 1v⁰
695 2320 819 2345 nonas
851 2310 1022 2346 octobris

78 2360 350 2398 Cardinalibus
377 2363 694 2406 communicavit,
715 2375 756 2400 se
784 2364 1023 2410 patriarcha-

80 2419 158 2450 tum
186 2415 589 2465 Hierosolymitanum
617 2417 715 2453 ritus
736 2417 866 2453 Latini
883 2417 939 2453 ita
965 2429 1023 2454 re-

78 2469 264 2513 stituisse,
279 2474 322 2506 ut
337 2471 563 2517 patriarcha
577 2470 882 2518 Hierosolymae
898 2472 936 2506 in
953 2482 1024 2506 sua

77 2522 169 2559 sede
189 2524 440 2560 consisteret.
456 2523 534 2560 Per
548 2524 677 2560 Breve
691 2523 853 2560 Summa
871 2524 1022 2571 quidem

77 2576 154 2613 diei
176 2577 221 2613 25
247 2577 327 2613 iulii
355 2578 445 2614 1847
471 2577 520 2613 ad
546 2578 885 2625 archiepiscopum
913 2578 1024 2615 Colo-

80 2630 256 2667 niensem
278 2659 286 2673 ,
313 2630 532 2667 decessoris
562 2631 621 2668 sui
653 2636 791 2667 contra
824 2632 1022 2668 Hermesii

77 2683 198 2720 libros
224 2686 375 2721 litteras
404 2686 641 2732 apostolicas
660 2691 700 2721 et
718 2685 1022 2721 declaratorium

78 2737 281 2775 decretum
313 2740 398 2775 eius
431 2739 538 2776 iussu
571 2751 594 2776 a
624 2740 942 2785 Congregatione
970 2739 1026 2774 In—

79 2791 175 2827 dicis
202 2792 335 2828 datum
362 2792 469 2828 omni
495 2804 544 2828 ex
568 2798 681 2839 parte
700 2792 965 2834 confirmavit,
985 2797 1026 2828 et

79 2844 254 2881 eiusdem
282 2846 479 2882 Hermesii
498 2857 631 2892 opera,
653 2847 690 2881 in
709 2847 783 2882 illis
804 2845 1022 2888 enuntiata,

80 2899 221 2934 iterum
261 2899 476 2936 damnavit.
518 2900 713 2936 Postridie
751 2899 834 2934 idus
870 2899 1021 2934 ianuar,

78 2962 143 2987 an·
172 2951 276 2995 1848,
304 2953 454 2989 litteras
486 2952 536 2988 In
570 2964 754 3000 suprema
788 2951 944 2999 scripsit
977 2953 1024 2988 ad

79 3006 299 3053 episcopos,
327 3006 490 3043 clericos
526 3012 565 3042 et
604 3006 838 3042 christianos
864 3006 1024 3053 populos

79 3059 269 3103 Orientis,
295 3061 433 3107 quibus
460 3064 666 3106 paternam
702 3071 813 3096 suam
844 3060 1024 3096 sollicitu—

79 3113 209 3150 dinem
238 3124 307 3160 pro
333 3114 600 3161 spiritualibus
626 3125 761 3150 eorum
798 3113 1023 3160 indigentiis

79 3171 119 3201 et
136 3167 418 3203 conservandis
437 3178 574 3203 eorum
591 3167 759 3214 liturgiis
774 3167 1021 3213 significavit.

128 3221 188 3256 55.
219 3220 369 3256 sedicio
413 3220 452 3255 in
488 3220 703 3265 Pontificia
739 3219 885 3256 ditione
928 3225 1018 3259 (cin.

86 3273 194 3315 1848).
217 3296 256 3299 -
278 3274 505 3321 Tranquilla
532 3285 627 3320 pace
655 3275 792 3319 gavisa
817 3281 877 3310 est
910 3275 1021 3310 Italia

1885 187 1964 227 359

1074 280 1194 318 usque
1214 270 1261 307 ad
1277 281 1420 307 annum
1450 269 1552 310 1847.
1569 279 1641 317 quo
1659 270 1829 305 exeunte
1849 266 2019 315 incoepit

1073 324 1211 360 seditio
1240 325 1318 367 illa,
1338 336 1436 372 quae
1456 323 1750 372 sequentianno
1771 320 1862 358 1848
1881 332 2019 358 omnes

1072 378 1155 413 eius
1168 379 1351 425 regiones
1366 378 1551 425 pervasit.
1569 377 1684 412 Nova
1699 375 1803 411 enim
1819 379 1942 418 secta,
1954 387 2017 422 ge-

1074 431 1214 467 nuinus
1240 431 1471 467 Liberorum
1487 429 1855 468 Caementariorum
1886 439 2019 465 surcu-

1075 484 1219 527 lus,cui
1236 496 1379 521 nomen
1398 484 1554 521 lucanis
1569 482 1887 529 Italia,losepho
1915 483 2018 518 Maz-

1075 538 1149 572 zini
1168 538 1280 581 duce,
1301 549 1364 573 res
1391 549 1526 573 omnes
1553 548 1693 584 susque
1718 535 1842 583 deque
1860 540 2019 572 vertere

1076 591 1211 626 molita
1222 589 2019 638 est-Quaequidemvalidiorevasit,quum

1076 645 1112 679 in
1135 655 1226 680 suas
1246 649 1379 692 partes
1397 645 1590 691 pertraxit
1608 643 1793 679 Carolum
1813 643 2017 679 Albertum

1075 698 1281 734 Sardiniae
1303 709 1452 745 regem.
1473 698 1508 733 Is
1527 700 1664 733 coacto
1683 696 1861 732 exercitu
1880 696 2017 732 adver—

1075 762 1141 786 sus
1167 751 1352 787 Austriae
1378 751 1686 798 Imperatorem,
1716 749 2015 796 Longobardiae

1076 814 1121 839 ac
1154 803 1414 841 Venetiarum
1442 803 1640 839 dominum
1658 832 1666 847 ,
1693 802 1837 839 bellum
1872 803 2019 847 movit;

1075 857 1143 894 sed
1170 859 1302 895 Marte
1328 858 1426 895 adeo
1453 858 1620 894 adverso
1647 869 1738 894 usus
1765 862 1844 900 est,
1863 861 1906 894 ut
1934 862 2020 904 post

1076 917 1279 959 acceptam
1294 912 1585 948 Novariensem
1604 911 1755 947 cladem
1773 912 1847 947 xu⁰
1866 910 2018 947 calend.

1077 966 1210 1012 aprilis
1238 966 1341 1009 1849,
1368 977 1445 1001 non
1470 965 1565 1002 satis
1583 965 1716 1012 aequis
1735 965 2022 1000 conditionibus

1078 1020 1221 1056 bellum
1249 1031 1487 1067 componere
1506 1047 1514 1063 ‚
1546 1019 1696 1066 ipsique
1727 1018 1934 1055 Sardiniae
1963 1029 2020 1054 re-

1077 1085 1153 1119 gno
1181 1073 1366 1109 abdicare
1393 1076 1553 1109 coactus
1581 1072 1644 1115 sit,
1677 1071 1910 1108 succedente
1937 1071 2043 1108 eius·

1078 1126 1154 1162 filio
1183 1126 1360 1162 Victorio
1386 1125 1646 1162 Emmanuele
1673 1125 1719 1160 11.

1125 1179 1253 1220 Quum
1274 1180 1347 1216 1100
1365 1180 1448 1228 ipso
1471 1185 1647 1227 tempore
1666 1179 1876 1226 pleraeque
1896 1177 2021 1223 regio-

1078 1245 1148 1270 nes
1173 1234 1408 1281 Europaeae
1445 1234 1769 1270 commotionibus
1801 1232 1935 1268 civicis
1965 1243 2023 1268 es-

1079 1291 1167 1324 sent
1192 1288 1392 1334 agitatae,
1421 1299 1545 1335 regna
1571 1298 1761 1324 concussa
1790 1291 1830 1323 et
1857 1289 1937 1322 tota
1964 1296 2022 1321 so·

1079 1342 1202 1378 cietas
1221 1343 1261 1377 in
1279 1343 1495 1378 maximum
1515 1342 1731 1389 periculum
1749 1344 1907 1383 vocata,
1922 1339 2021 1374 Pon-

1078 1395 1172 1432 tifex
1196 1396 1274 1432 iam
1309 1396 1346 1431 in
1381 1395 1612 1432 consistorio
1646 1399 1801 1432 secreto
1832 1395 1905 1431 V11⁰
1939 1393 2022 1429 idus

1078 1451 1302 1487 novembris
1320 1452 1409 1489 1846
1427 1451 1613 1488 seditiosa
1629 1451 1940 1498 demagogorum
1961 1459 2020 1484 co-

1077 1505 1236 1541 namina
1274 1505 1508 1552 repudiavit,
1537 1510 1577 1542 et
1617 1504 1881 1541 obedientiam
1925 1513 2020 1549 erga

1077 1558 1274 1607 principes
1302 1560 1524 1596 inculcavit.
1546 1560 1585 1596 Id
1604 1560 1730 1607 ipsum
1749 1558 1845 1595 fecit
1863 1557 1902 1593 in
1920 1557 2018 1594 Con-

1076 1612 1231 1649 sistorio
1247 1613 1322 1650 diei
1335 1614 1357 1649 4
1372 1613 1541 1650 octobris
1557 1614 1646 1651 1847
1657 1616 1684 1646 1.
1696 1614 1808 1648 Anno
1825 1611 2018 1659 sequenti,

1079 1667 1138 1702 111ο
1156 1667 1338 1704 calendas
1360 1667 1508 1715 aprilis,
1524 1668 1653 1704 Breve
1666 1667 1773 1704 dedit
1790 1665 1838 1703 ad
1857 1664 2021 1713 populos

1078 1721 1213 1758 Italiae
1240 1733 1384 1769 eosque
1405 1722 1673 1766 admonuit,ut
1687 1721 1759 1758 sibi
1777 1732 1801 1757 a
1819 1719 2020 1768 perversis

1076 1775 1358 1811 turbulentium
1389 1776 1588 1812 hominum
1616 1775 1787 1812 consiliis
1814 1776 2019 1811 caverent·

1075 1829 1171 1866 Cum
1197 1840 1293 1865 vero
1321 1835 1495 1866 motuum
1523 1830 1738 1866 civicorum
1762 1833 1947 1865 auctores
1966 1827 2020 1873 ip·

1075 1881 1154 1917 sius
1188 1882 1388 1919 Pontificis
1413 1884 1570 1919 nomine
1588 1912 1597 1927 ,
1624 1895 1669 1919 ac
1703 1883 1736 1919 si
1766 1887 1806 1918 et
1834 1882 1915 1928 ipse
1950 1891 2020 1916 eos

1075 1935 1277 1982 probaret,
1294 1936 1401 1972 abuti
1428 1948 1502 1972 non
1522 1941 1775 1979 vererentur,
1798 1946 1936 1972 eorum
1955 1945 2020 1970 au-

1075 1987 1227 2024 daciam
1256 1989 1295 2024 in
1316 1989 1460 2026 celebri
1480 1990 1712 2026 allocutione
1729 1989 1863 2025 habita
1882 1987 1942 2023 111Ο
1958 1997 2021 2022 ca-

1075 2041 1210 2078 lendas
1247 2043 1341 2078 maii
1373 2043 1462 2080 1848
1504 2044 1542 2079 in
1569 2043 1811 2080 Consistorio
1845 2044 2018 2084 secreto,

1073 2095 1289 2132 detestatus
1326 2102 1386 2134 est
1404 2126 1411 2140 ‚
1439 2097 1680 2145 populosque
1719 2098 1863 2134 iterum
1901 2099 2018 2142 atque

1119 2228 1128 2249 1
1148 2227 1195 2258 En
1212 2227 1306 2259 verba
1322 2227 1501 2260 Pontificis:
1524 2241 1538 2257 a
1561 2228 1629 2261 Etsi
1647 2229 1731 2260 enim
1751 2230 1962 2269 exoptemus,
1982 2230 2018 2258 ut

1075 2272 1134 2303 viri
1151 2272 1318 2315 Principes
1332 2298 1340 2312 ,
1356 2274 1474 2316 quibus
1492 2284 1509 2306 a
1529 2274 1661 2306 Domino
1678 2274 1749 2306 data
1776 2278 1825 2306 est
1849 2276 1993 2314 potestas
2009 2298 2017 2313 ‚

1075 2319 1264 2351 avertendas
1282 2328 1376 2352 aures
1401 2330 1476 2353 suas
1493 2330 1511 2353 a
1528 2320 1744 2353 fraudolentis
1772 2325 1804 2352 et
1826 2318 2017 2361 perniciosis

1076 2364 1238 2402 consitiis,
1257 2369 1290 2397 et
1306 2366 1526 2399 custodientes
1546 2366 1689 2399 iustitiae
1708 2366 1823 2405 legem,
1841 2373 1879 2397 ac
1897 2372 2015 2397 secun-

1076 2410 1148 2441 dum
1168 2410 1223 2442 Dei
1243 2411 1439 2444 voluntatem
1466 2412 1686 2451 ambulantes,
1715 2412 1858 2453 Eiusque
1885 2415 2015 2443 sanctae

1077 2455 1240 2488 Ecclesiae
1257 2457 1341 2496 iura,
1355 2462 1386 2490 et
1403 2458 1582 2491 libertatem
1602 2461 1743 2496 tuentes,
1762 2466 1820 2499 pro
1838 2465 1946 2488 eorum
1966 2464 2016 2488 rc-

1078 2501 1196 2542 ligione
1212 2527 1219 2541 ,
1237 2511 1272 2535 ac
1289 2502 1487 2544 benignitate
1505 2513 1635 2536 suorum
1655 2503 1848 2545 populorum
1874 2501 2015 2535 felicita-

1078 2552 1138 2579 tem
1158 2549 1468 2592 prosperitatemque
1484 2557 1656 2591 procurare
1684 2558 1748 2581 non
1772 2548 1949 2587 desistant,
1969 2552 2015 2579 ta-

1078 2602 1149 2624 men
1167 2593 1372 2627 vehementer
1389 2596 1535 2628 dolemus
1553 2596 1586 2626 in
1604 2594 1737 2627 diversis
1765 2593 1845 2626 locis
1871 2593 2014 2626 nonnul-

1079 2639 1126 2671 los
1143 2648 1160 2671 e
1184 2640 1303 2682 populo
1329 2642 1492 2680 existere,
1512 2642 1566 2683 qui
1594 2641 1709 2672 Nostro
1738 2640 1866 2672 nomine
1894 2645 2013 2672 temere

1076 2684 1241 2718 abutentes
1259 2690 1291 2718 et
1315 2687 1534 2727 gravissimam
1555 2686 1712 2718 Personae
1736 2689 1866 2718 nostrae
1892 2695 1929 2720 ae
1954 2685 2013 2718 Su-

1077 2739 1201 2770 0160166
1222 2733 1372 2772 Dignitati
1396 2732 1543 2764 iniuriam
1563 2731 1737 2764 inserentes
1751 2756 1758 2770 ,
1778 2731 1914 2764 debitam
1940 2739 2014 2770 erga

1074 2776 1240 2819 Principes
1265 2778 1496 2811 subiectionem
1531 2778 1686 2817 denegare
1706 2802 1713 2816 ,
1739 2783 1772 2810 et
1797 2781 1909 2810 contra
1935 2777 2013 2808 illos

1078 2822 1185 2855 turbas
1198 2832 1378 2866 pravosque
1391 2827 1495 2855 motus
1506 2824 1667 2856 concitare
1677 2822 1810 2856 audent.
1822 2823 1912 2862 Quod
1927 2825 2014 2855 certe

1075 2877 1092 2899 a
1117 2868 1244 2901 Nostris
1268 2870 1414 2901 consiliis
1438 2869 1515 2900 adeo
1543 2869 1716 2900 abliorrere
1741 2873 1891 2908 constat,
1920 2872 1955 2899 ut
1982 2869 2012 2899 in

1076 2913 1202 2947 Nostris
1229 2915 1407 2956 Encyclicis
1434 2913 1565 2946 Litteris
1589 2914 1625 2946 ad
1663 2923 1772 2947 omnes
1806 2913 2013 2946 venerabiles

1076 2959 1201 2992 Fratres
1215 2960 1388 3001 Episcopos
1404 2960 1453 2991 die
1467 2969 1551 2992 nona
1566 2960 1745 2993 novembris
1757 2961 1915 3002 superiori
1930 2968 2014 2990 anno

1074 3006 1156 3037 datis
1174 3006 1254 3037 haud
1281 3006 1482 3038 omiserimus
1497 3006 1658 3038 inculcare
1674 3006 1808 3038 debitam
1835 3015 1908 3046 erga
1925 3005 2014 3037 Prin-

1074 3051 1160 3091 cipes
1178 3056 1210 3082 et
1238 3052 1417 3083 Potes-tates
1442 3051 1667 3089 obedientium,
1686 3061 1701 3083 a
1726 3053 1905 3094 qua,iuxta
1930 3054 2014 3086 cbri-

1074 3098 1196 3129 stianae
1218 3098 1295 3137 legis
1315 3101 1517 3138 praeceptum
1532 3122 1539 3135 ,
1558 3105 1649 3128 nemo
1669 3098 1748 3130 citra
1774 3098 1935 3139 piaculum
1960 3100 2013 3132 de-

1073 3143 1202 3174 flectere
1228 3152 1376 3185 umquam
1403 3147 1529 3183 potest,
1560 3146 1783 3185 praeterquam
1811 3143 1936 3176 scilicet
1962 3145 2012 3177 nbi

1074 3189 1155 3219 forte
1175 3189 1295 3230 aliquid
1315 3188 1474 3226 iubeatur,
1490 3189 1572 3229 quod
1588 3188 1641 3219 Dei
1657 3193 1688 3220 et
1706 3189 1868 3222 Ecclesiae
1888 3190 2012 3230 legibus

1072 3234 1259 3265 adversetur
1279 3248 1308 3265 υ.
1328 3233 1394 3266 Vid.
1414 3234 1458 3266 La
1484 3233 1624 3267 Scienza
1644 3243 1661 3265 e
1677 3235 1709 3267 la
1730 3235 1827 3274 Fecle,
1855 3236 1918 3267 vol.
1939 3245 2010 3275 xlv,

1072 3289 1103 3321 p.
1123 3279 1200 3318 297,
1229 3280 1341 3321 Napoli
1370 3279 1466 3313 1847.
