2241 3473
275 130 354 169 268

221 207 264 243 ut
284 205 402 242 fidem
418 205 670 242 christianam
686 203 1178 253 amplecteretur.Wolodi-

222 257 346 295 mirus
367 257 566 306 promissis
587 257 707 302 stetit,
722 263 761 294 et
775 269 838 294 an.
856 257 934 294 988
954 256 1178 304 baptizatus

220 313 293 356 cst,
323 312 462 346 cuncta
489 309 595 346 idola
623 309 663 345 in
693 321 812 357 regno
842 322 911 346 suo
933 309 1084 346 destrui
1105 309 1177 345 ius-

221 362 284 407 sit,
302 373 468 409 suosque
484 362 658 398 subditos
674 362 722 398 ad
740 363 988 410 suscipienda
1004 359 1179 398 christia-

226 426 277 452 na
303 426 413 451 sacra
446 414 640 450 adducere
661 418 823 452 conatus
845 416 916 452 est.
938 414 1120 463 Episcopi
1140 416 1180 450 et

228 468 463 512 sacerdotes,
485 466 552 514 qui
574 478 661 503 cum
684 468 798 504 Anna
817 468 856 504 in
877 468 1064 505 Russiam
1085 478 1181 516 pro-

227 518 318 556 fecti
339 521 441 564 sunt,
459 531 545 555 eam
562 523 820 568 peragrantes
836 520 1023 568 populum
1040 520 1182 556 instru-

228 574 375 609 xerunt
407 574 448 608 et
482 573 806 620 baptizaverunt3
836 573 904 621 qui
933 579 1023 609 cum
1052 573 1182 610 essent

226 624 535 672 Graeci,ubique
556 624 657 662 ritus
676 626 862 663 ecclesiae
883 638 976 663 suae
996 626 1182 662 introdu-

227 678 382 714 xerunt.
405 677 516 714 Tunc
535 677 694 726 Religio
711 679 926 716 christiana
941 690 1010 727 per
1026 688 1181 715 omnem

224 730 409 766 Russiam
439 734 663 780 propagata
690 731 785 778 fuit,
815 731 1004 768 ecelesiae
1033 730 1183 768 multae

225 785 464 829 exstructae,
486 783 734 832 episcopatus
755 784 940 829 instituti,
960 784 1066 821 inter
1087 794 1183 831 quos

225 834 455 872 Kioviensis
488 836 776 884 metropolitica
804 837 997 886 dignitate
1017 835 1183 884 insigni-

224 891 287 925 tus
307 887 382 924 fuit
399 885 422 924 ¹.

281 940 368 978 110.
399 940 709 990 Hunyarorzmz
737 944 946 979 conversio
966 965 1018 970 —
1038 942 1182 979 Eodem

225 996 402 1042 tempore
432 994 665 1043 religionem
703 996 959 1033 christianam
997 1006 1184 1042 suscepe-

229 1050 321 1083 runt
341 1047 533 1095 Hungari.
557 1047 607 1085 Hi
624 1049 779 1086 saeculo
795 1049 1060 1097 praecedente
1077 1059 1187 1084 occu-

228 1102 370 1148 parant
392 1101 638 1138 Pannoniam
660 1104 699 1138 et
718 1104 846 1139 terras
867 1102 1018 1138 vicinas
1038 1101 1076 1137 in
1094 1100 1184 1149 qui—

229 1153 302 1190 bus
322 1152 536 1190 christiana
566 1165 678 1191 saera
699 1167 794 1203 pene
816 1155 1059 1192 deleverunt.
1080 1153 1186 1191 Vidi-

228 1217 314 1243 mus
335 1206 456 1243 etiam
477 1209 646 1255 quantas
662 1207 793 1245 clades
809 1208 1018 1245 intulerint
1033 1206 1187 1256 provin-

232 1258 301 1296 ciis
322 1259 573 1297 Germaniae.
596 1260 711 1298 Circa
731 1261 935 1298 dimidium
957 1260 1074 1297 huius
1097 1271 1187 1297 sae-

230 1311 309 1348 culi
325 1313 586 1360 Evangelium
607 1313 714 1350 inter
734 1325 798 1351 eos
820 1313 1094 1351 annuntiatum
1116 1315 1187 1357 est,

230 1367 272 1402 et
291 1365 395 1401 haud
415 1366 527 1413 pauci
549 1366 787 1414 baptismum
807 1368 1062 1415 susceperunt
1076 1365 1100 1403 ².
1127 1366 1188 1402 Ab

232 1418 376 1455 Ottone
397 1417 450 1455 M.
467 1418 619 1467 ingenti
639 1419 750 1456 clade
771 1420 904 1457 affecti
923 1449 932 1465 ,
957 1431 1096 1468 pacem
1115 1431 1186 1467 po-

233 1470 437 1508 stularunt
452 1500 461 1517 ,
488 1483 586 1519 quae
606 1483 667 1509 an.
689 1472 769 1510 972
788 1475 857 1510 aut
886 1472 1065 1520 sequenti
1088 1472 1191 1508 inter

233 1524 457 1560 Brunonem
489 1524 712 1573 episcopum
734 1525 979 1563 Verdensem
998 1555 1007 1571 ,
1036 1525 1191 1562 Ottonis

233 1577 424 1625 legatum,
445 1580 485 1614 et
506 1578 665 1615 Geisam
686 1579 826 1615 ducem
846 1578 1077 1627 Hungariae
1093 1589 1193 1614 com-

234 1629 360 1678 posita
376 1633 435 1667 est
448 1660 457 1675 ,
478 1631 590 1668 cuius
610 1630 713 1668 inter
733 1631 832 1668 alios
854 1631 1008 1668 fructus
1028 1630 1102 1668 fuit
1120 1659 1129 1675 ,
1150 1633 1195 1666 ut

236 1682 355 1719 Geisa
394 1683 473 1720 dux
500 1684 739 1732 baptismum
759 1685 975 1733 susceperit
995 1686 1034 1720 et
1055 1683 1194 1732 religio

236 1735 453 1773 christiana
469 1736 506 1773 in
525 1737 731 1785 Hungaria
746 1737 871 1775 libere
887 1736 1118 1774 annuntiari
1133 1748 1195 1785 po-

234 1790 369 1826 tuerit.
391 1789 502 1826 Tunc
525 1789 762 1838 Piligrinus,
788 1791 994 1839 episcopus
1014 1791 1194 1827 Laurea-

236 1841 360 1878 eensis
382 1870 392 1887 ,
414 1843 624 1880 monachos
639 1846 678 1880 et
694 1845 943 1892 presbyteros
968 1843 1007 1879 in
1025 1843 1194 1891 Hunga—

238 1894 337 1931 riam
360 1895 479 1941 misit,
500 1896 566 1943 qui
587 1897 699 1934 brevi
725 1899 901 1945 tempore
924 1896 1098 1944 quinque
1127 1895 1198 1932 cir-

236 1947 334 1984 citer
370 1948 649 1996 Hungarorum
685 1949 809 1986 millia
849 1950 896 1987 ad
925 1949 1061 1987 Fidem
1101 1960 1196 1985 con-

237 2003 470 2046 verterunt,
508 2001 562 2038 uti
599 2002 701 2039 idem
740 2003 943 2051 episcopus
971 1999 1131 2050 scripsit
1159 2001 1198 2037 in

237 2063 356 2100 supra
384 2053 545 2091 laudata
574 2055 736 2103 epistola
769 2056 818 2092 ad
852 2055 1106 2093 Benedictum
1127 2054 1197 2102 Pp.

238 2105 313 2142 Vll
346 2104 374 2142 ³.
418 2106 628 2144 Confestim
662 2108 796 2156 plures
830 2108 1038 2156 Evangelii
1083 2119 1197 2156 prae-

239 2170 353 2195 cones
388 2171 408 2195 e
443 2159 656 2197 Germania
686 2163 725 2198 et
757 2161 872 2198 Italia
896 2161 935 2198 in
953 2161 1198 2209 Hungariam

238 2211 405 2260 profecti
426 2214 537 2258 sunt,
559 2223 724 2260 quorum
749 2225 867 2262 opera
889 2214 1137 2251 credentium
1159 2215 1200 2249 et

239 2264 493 2302 ecclesiarum
515 2277 705 2303 numerus
729 2269 870 2304 auctus
891 2270 962 2304 est.
986 2269 1100 2305 Anno
1121 2266 1198 2303 997

241 2318 383 2355 Geisac
403 2318 441 2354 in
464 2318 608 2356 ducato
631 2320 819 2357 successit
841 2320 1076 2367 Stephanus,
1097 2319 1200 2356 filius

242 2371 346 2417 eius,
368 2371 441 2408 sub
464 2383 540 2419 quo
561 2374 647 2409 tota
667 2384 763 2421 gens
779 2372 828 2409 ad
850 2372 1066 2410 christiana
1087 2383 1201 2409 sacra

242 2435 435 2461 conversa
462 2424 551 2461 fuit.
580 2424 616 2461 Is
644 2436 794 2462 summo
815 2426 956 2462 ardore
978 2436 1201 2474 propagan-

244 2477 316 2514 dae
338 2476 447 2514 Fidei
469 2477 506 2514 in
528 2478 735 2526 Hungaria
754 2481 793 2516 et
812 2479 932 2515 etiam
950 2478 988 2515 in
1008 2477 1202 2526 Transyl-

245 2529 365 2567 vania
381 2559 390 2576 ,
421 2541 535 2578 quam
559 2542 621 2567 an.
647 2530 748 2568 1003
776 2530 934 2568 ducatui
956 2543 1024 2568 suo
1046 2531 1200 2575 adiecit,

245 2582 518 2630 adlaboravit3
551 2583 758 2633 Evangelii
788 2595 998 2632 praecones
1029 2584 1202 2632 undiquc

246 2635 473 2683 advocavit,
495 2636 626 2686 plures
646 2638 911 2686 episcopatus,
932 2648 1097 2685 quorum
1119 2649 1202 2674 me-

246 2688 409 2736 tropolis
440 2692 541 2727 esset
574 2689 838 2739 Strigonium,
859 2691 988 2727 erexit
1005 2692 1044 2726 ct
1065 2689 1203 2737 amplis

246 2741 464 2778 redditibus
494 2743 671 2790 dotavit3
700 2743 885 2780 ecelesias
906 2746 945 2779 et
967 2743 1203 2780 monasteria

248 2805 318 2841 pro
340 2798 506 2842 utroque
527 2808 622 2834 sexu
641 2797 833 2842 extruxit;
853 2795 1057 2843 dequibus
1074 2795 1202 2832 omni-

249 2847 319 2883 hus
349 2848 398 2884 ad
432 2849 479 2886 R.
510 2848 741 2887 Pontificem
772 2849 918 2886 retulit.
943 2849 1133 2886 Silvester
1154 2848 1203 2894 ΙΙ,

287 2974 295 2993 ¹
317 2973 502 3005 Chr-«micon
527 2973 751 3006 mildenslzeim
780 2974 817 3005 ad
842 2984 893 3006 an.
911 2974 986 3012 959;
1004 2975 1101 3015 Pagi,
1123 2974 1202 3006 Cril.

247 3015 284 3044 ad
299 3025 345 3046 an.
363 3016 539 3053 smigmata
556 3017 626 3052 9⁸st
645 3017 795 3055 liuhand„
809 3016 1000 3047 Dissertatio
1017 3015 1054 3046 de
1071 3025 1201 3046 conver-

247 3065 335 3087 sione
349 3055 477 3087 [nasas-nr.
492 3058 523 3087 m
540 3057 629 3088 Actis·
645 3057 700 3089 SS.
715 3062 731 3087 Ι.
751 3058 774 3088 ΙΙ
788 3063 874 3098 sep1.;
894 3059 913 3088 Ι,
932 3057 1125 3096 Vici-amicili,
1137 3057 1205 3088 lm·-

250 3101 327 3128 smt.
344 3098 517 3137 (teari-qino
532 3098 644 3129 rlerixl.
664 3099 754 3138 reliq.
773 3099 805 3130 in
822 3099 951 3130 ltus-xia.

288 3141 300 3160 ²3
321 3140 384 3169 vill.
403 3149 430 3178 p,
449 3140 516 3169 ’ἐι-ὧ,

292 3180 304 3199 ³³
322 3180 384 3209 vid.
403 3190 430 3219 p.
448 3180 596 3210 :zue-2⁴:23.

926 141 1083 168 EPOCHA
1112 140 1167 167 v1.
1198 143 1225 168 A
1254 141 1411 168 CAROLO
1438 141 1482 169 M.

1219 204 1284 252 qui
1312 205 1395 241 tum
1423 204 1690 252 Apostolicam
1709 204 1849 243 Sedem
1872 205 2177 253 conscenderat,

1220 258 1361 293 cuncta
1390 268 1491 304 quae
1512 257 1736 305 Stephanus
1755 270 1825 307 pro
1846 258 2066 307 Religionis
2086 270 2178 307 pro-

1220 309 1429 357 pagatione
1449 313 1488 346 et
1507 310 1712 358 splendore
1732 311 2004 358 constituerat,
2025 310 2172 348 confir-

1220 362 1358 407 mavit,
1376 362 1411 399 ei
1426 362 1531 411 regis
1547 363 1722 408 titulum,
1736 364 1921 401 honorem
1937 366 1977 401 et
1992 374 2177 401 coronam

1222 426 1245 451 a
1274 426 1314 451 se
1340 415 1598 461 benedictam,
1621 419 1741 464 atque
1766 416 1826 453 ius
1845 428 1939 465 prae
1965 429 2005 454 se
2025 415 2176 453 ferendi

1222 478 1377 504 crucem
1397 469 1584 516 tanquam
1605 468 1846 516 apostolatus
1862 469 2011 518 insigne
2027 480 2181 506 conces-

1223 520 1273 557 sit
1286 518 1310 557 ¹.
1327 521 1526 569 Regnavit
1541 521 1762 569 Stephanus
1779 533 1900 569 usque
1912 522 1960 558 ad
1981 533 2043 559 an.
2062 521 2180 567 1038,

1223 572 1330 610 vitae
1347 573 1556 610 sanctitate
1574 573 1756 621 insignis;
1772 581 1907 622 postea
1926 586 1949 611 a
1965 574 2179 611 Benedicto

1224 625 1295 674 Pp.
1321 626 1379 663 IX
1399 625 1440 662 in
1461 626 1596 663 Ssrum
1617 637 1826 664 numerum
1845 627 1998 664 relatus
2017 628 2089 664 est.

1284 678 1365 715 ΙΙΙ.
1387 679 1621 726 Religionis
1635 683 1769 715 status
1786 681 1830 716 in
1845 679 2087 716 Dam'a—In
2104 678 2179 716 Da-

1226 730 1291 767 nia
1318 734 1509 780 regnante
1526 731 1697 768 Haraldo
1722 732 1920 780 religionis
1940 731 2178 768 christianae

1226 783 1506 832 professionem
1521 784 1736 833 plurimum
1748 787 1904 822 auctam
1917 796 1963 822 ac
1983 784 2182 822 firmatam

1225 837 1345 874 fuisse
1358 849 1400 874 su
1406 848 1475 885 pra
1486 837 1656 874 diximus
1667 837 1847 875 ².Verum
1866 837 2008 883 Sueno,
2018 835 2182 874 Haraldi

1226 890 1330 927 filius
1347 919 1356 935 ,
1387 889 1451 938 qui
1470 890 1587 927 simul
1607 902 1696 927 cum
1722 893 1833 939 patre
1854 902 1925 927 suo
1945 889 2182 939 baptismum

1226 945 1455 991 susceperat
1472 972 1481 989 ,
1510 943 1577 980 sed
1609 943 1747 980 deiude
1777 943 2032 980 christianam
2064 942 2183 979 fidem

1227 996 1641 1044 abiecerat‚regnandi
1659 1000 1816 1044 praeter
1832 997 1992 1033 modum
2008 996 2186 1044 cupidus,

1228 1060 1319 1086 cum
1339 1049 1388 1085 iis
1410 1049 1544 1094 Danis,
1567 1049 1635 1096 qui
1655 1048 1829 1086 ethnicos
1849 1049 1949 1086 ritus
1969 1049 2099 1086 adhuc
2119 1059 2184 1086 se-

1228 1102 1438 1139 ctabantur
1455 1130 1465 1147 ,
1494 1102 1746 1139 rebellionem
1777 1101 1969 1139 excitavit
1984 1131 1994 1148 ,
2015 1103 2055 1138 et
2073 1102 2186 1150 patre

1230 1167 1299 1193 suo
1321 1166 1432 1192 caeso
1454 1155 1494 1192 in
1515 1155 1638 1201 bello,
1659 1167 1721 1192 an.
1741 1154 1820 1192 985
1839 1166 2003 1203 regnum
2024 1153 2189 1203 capessi-

1232 1209 1301 1245 vit.
1320 1208 1431 1245 Tunc
1449 1208 1665 1245 christiana
1681 1207 1818 1256 religio
1834 1207 1873 1244 in
1891 1207 2017 1245 Dania
2031 1207 2070 1244 in
2087 1218 2189 1244 sum-

1232 1273 1337 1298 mum
1359 1261 1568 1298 discrimen
1587 1261 1896 1298 devenit.Sueno
1916 1261 2034 1306 enim,
2049 1271 2187 1309 quem-

1231 1314 1440 1351 admodum
1470 1314 1635 1351 ethnicis
1664 1314 1912 1362 promiserat,
1933 1314 2095 1350 deorum
2110 1311 2189 1349 cul·

1231 1370 1315 1404 tum
1336 1366 1513 1404 restituit
1531 1370 1572 1404 et
1592 1367 1832 1404 Christianos
1852 1368 2080 1415 persecutus
2100 1368 2161 1403 est
2178 1374 2188 1411 ;

1232 1423 1274 1457 at
1294 1419 1403 1457 brevi
1425 1423 1516 1468 post
1533 1419 1747 1469 implicitus
1767 1419 1869 1456 bello
1889 1431 1980 1456 cum
2000 1418 2114 1456 Erico
2130 1430 2190 1456 re-

1232 1485 1280 1522 ge
1300 1473 1536 1519 Succorum,
1558 1474 1690 1509 victus
1719 1474 1757 1509 et
1776 1484 1796 1509 e
1817 1484 1938 1522 regno
1958 1472 2118 1521 pulsus,
2140 1471 2190 1508 14

1233 1526 1345 1564 annis
1361 1525 1541 1563 exulavit
1556 1525 1595 1562 in
1611 1525 1755 1562 Scotia:
1773 1537 1874 1562 anno
1894 1525 1972 1562 994
1988 1526 2076 1574 post
2091 1535 2192 1561 mor-

1233 1582 1316 1617 tem
1341 1578 1449 1615 Erici
1479 1579 1518 1615 in
1540 1578 1706 1615 Daniam
1727 1589 1928 1627 regressus
1945 1607 1955 1625 ,
1976 1578 2122 1615 iterum
2142 1577 2191 1614 ab

1235 1632 1371 1677 Olavo,
1392 1631 1500 1668 Erici
1520 1631 1600 1668 filio
1621 1633 1661 1669 et
1679 1642 1918 1678 successore,
1940 1630 2090 1669 eiectus
2105 1629 2190 1668 fuit.

1237 1686 1318 1723 Has
1345 1684 1593 1722 calamitates
1622 1685 1692 1721 sibi
1727 1688 1886 1734 propter
1907 1685 2103 1722 desertam
2123 1694 2192 1721 re·-

1236 1738 1421 1787 ligionem
1438 1737 1695 1774 christianam
1713 1737 1902 1774 divinitus
1917 1737 2112 1775 immissas
2127 1747 2193 1773 re-

1238 1794 1392 1840 putans,
1413 1791 1462 1828 ad
1482 1790 1591 1828 illam
1613 1802 1654 1828 se
1684 1802 1733 1827 ex
1754 1791 1885 1828 animo
1906 1791 2126 1836 convertit,
2152 1790 2194 1826 et

1240 1844 1420 1892 deinceps
1455 1844 1581 1880 eidem
1621 1845 1846 1881 constanter
1882 1843 2073 1890 inhaesit3
2103 1853 2195 1881 cum

1241 1898 1364 1934 Olavo
1385 1908 1476 1946 rege
1496 1897 1712 1933 Succorum
1734 1896 1869 1934 foedus
1897 1896 1998 1944 iniit,
2028 1907 2194 1945 regnum

1242 1950 1390 1987 Daniae
1406 1949 1670 1998 recuperavit,
1691 1952 1730 1987 et
1750 1962 1773 1987 a
1793 1949 1986 1988 vexandis
2005 1948 2196 1987 Christia-

1243 2003 1302 2040 nis
1324 2003 1514 2040 abstinuit
1531 2001 1558 2039 3.

1300 2056 1386 2092 112.
1409 2056 1604 2093 Sv'lvester
1629 2055 1674 2092 II
1700 2056 1900 2104 Pontifex
1923 2054 2011 2105 (an.
2033 2054 2128 2105 999)
2145 2075 2197 2082 --

1244 2110 1359 2147 Anno
1379 2108 1456 2146 999
1476 2108 1516 2144 in
1537 2108 1664 2145 locum
1677 2108 1856 2157 Gregorii
1878 2108 1989 2157 Pp.V
2010 2107 2198 2154 defuncti,

1245 2162 1390 2199 Ottone
1416 2161 1472 2198 ΙΙΙ
1494 2160 1665 2207 favente,
1686 2161 1871 2209 postridie
1893 2161 2044 2199 calend.
2065 2160 2198 2210 aprilis

1245 2215 1481 2262 subrogatus
1497 2213 1571 2250 fuit
1581 2213 1772 2251 Silvester
1783 2214 1835 2260 II,
1846 2217 1965 2252 antea
1975 2214 2196 2262 appellatus

1245 2267 1607 2315 Gerbertus,prim0
1624 2267 1841 2304 monachus
1853 2269 1893 2304 et
1904 2267 2060 2304 Ottonis
2071 2266 2129 2304 ΙΙΙ
2144 2268 2200 2304 at-

1244 2331 1318 2368 que
1338 2319 1503 2356 Roberti
1521 2319 1624 2368 regis
1640 2320 1793 2357 Galliac
1809 2322 2050 2368 praeceptor,
2059 2319 2200 2357 deinde

1245 2372 1479 2410 Rhemensis
1499 2375 1539 2409 et
1555 2376 1688 2420 postea
1708 2372 2025 2411 Ravennatensis
2044 2372 2200 2410 archie-

1245 2425 1424 2474 piscopus
1444 2425 1470 2462 ⁴.
1493 2425 1596 2462 Eum
1617 2426 1838 2474 praestigiis
1859 2426 2039 2464 deditum
2059 2426 2107 2464 de
2129 2436 2194 2463 ar—

1244 2478 1347 2515 tibus
1369 2478 1529 2527 magicis
1550 2478 1821 2526 pontificatum
1851 2478 1970 2517 fuisse
1999 2489 2192 2517 consecu-

1244 2533 1341 2577 tum,
1362 2531 1625 2569 calumniatus
1650 2536 1710 2570 est
1739 2532 2011 2570 schismaticus
2030 2532 2166 2570 Benno
2185 2559 2196 2578 ‚

1288 2647 1296 2667 ¹
1317 2645 1457 2677 Bolland.
1474 2649 1555 2678 Acta
1572 2646 1627 2678 SS.
1644 2647 1662 2677 2
1680 2648 1825 2687 sept—¹.
1843 2649 2023 2680 Schwartin
2040 2647 2202 2689 opusculo,

1246 2687 1343 2718 Iniliu
1367 2688 1550 2727 Ii’eliuionis
1578 2689 1780 2720 christianae
1798 2689 1884 2720 inter
1908 2689 2082 2730 Hunqaros
2097 2689 2199 2722 eccle-

1247 2729 1312 2759 siue
1336 2730 1490 2760 (nurmali
1507 2731 1639 2767 asserta,
1657 2731 1734 2761 falso
1767 2731 1935 2769 contendit,
1953 2732 2116 2772 flungaros
2142 2731 2197 2762 Re-

1251 2771 1395 2809 {igionem
1414 2772 1614 2801 christianam
1636 2780 1654 2801 a
1671 2772 1807 2810 Graecis,
1824 2776 1853 2803 et
1874 2773 2063 2812 Stephanum
2080 2771 2203 2802 tilulum

1248 2814 1277 2841 et
1290 2821 1437 2842 coronam
1456 2813 1574 2852 regiam
1592 2813 1630 2842 ab
1644 2812 1832 2851 imperatore
1855 2814 2042 2844 Graecorum
2059 2813 2203 2852 accepis-

1248 2862 1293 2882 se.
1309 2852 1386 2883 Eius
1403 2858 1575 2884 commenta
1592 2855 1791 2884 confutarunt
1807 2854 2022 2894 l.S[iltingius‚
2040 2854 2198 2885 Bollandi-

1249 2898 1305 2929 sta,
1330 2895 1359 2923 in
1387 2895 1607 2925 commentario
1633 2895 1754 2925 erudito
1779 2896 1816 2925 ad
1835 2896 1926 2926 vitam
1943 2904 1966 2925 s.
1984 2895 2146 2935 Stephani,
2169 2897 2199 2925 et

1249 2936 1280 2964 Λ.
1315 2935 1343 2964 1³.
1374 2936 1477 2966 nonar
1490 2960 1497 2973 ‚
1529 2935 1671 2966 llis-lima
1700 2935 1912 2976 diplomatica
1943 2937 2201 2976 apostolicorum

1248 2975 1435 3015 Ilunyurme
1450 2985 1574 3016 regum,
1591 2977 1608 3007 Ι.
1625 2977 1646 3015 1,
1663 2987 1688 3008 c.
1703 2978 1731 3009 2.

1289 3019 1301 3037 ·.›
1328 3017 1392 3048 ΠΛ.
1410 3028 1439 3057 p.
1456 3018 1528 3050 256.
1881 3020 1902 3045 ⁰

1288 3058 1302 3077 3
1318 3059 1423 3089 Adam.
1438 3061 1593 3090 Bremens.
1611 3059 1697 3091 Ilisl.
1713 3059 1802 3098 eccl.;
1821 3060 1903 3092 Saxo
1921 3061 2127 3098 Grammatic„
2143 3058 2202 3091 m-

1246 3101 1327 3170 sllmlu
1344 3101 1484 3173 Dazwrg
1510 3102 1750 3141 pontoppidan„
1782 3102 1923 3134 Annales
1952 3101 2036 3135 Eccl.
2061 3101 2204 3133 Danicae

1246 3152 1253 3170 ‹
1271 3150 1302 3179 ψ
1318 3150 1391 3172 uma
1409 3167 1414 3172 .

1287 3183 1298 3203 ἰ
1315 3183 1375 3213 tm.
1395 3193 1421 3221 μ.
1440 3184 1506 3214 205.
