2241 3473
427 149 566 179 VSQVE
586 149 640 176 AD
662 148 878 177 PVBLlCAM
901 149 1046 176 RERVM
1070 149 1111 175 ΙΝ
1133 147 1306 177 GALLIIS
1326 147 1648 177 SVBVERSIONEM

68 224 245 263 eiusdem
275 234 307 260 s.
334 223 506 259 Ianuarii
541 222 724 271 Episcopi
757 227 798 260 et
823 223 1018 259 sociorum

70 281 313 327 martyrum,
339 287 416 324 qua
442 276 479 311 in
509 287 551 313 re
579 287 744 323 gravem
773 288 860 312 cum
890 276 1022 312 Mazo-

69 331 156 368 chio
181 330 316 368 habuit
341 330 738 378 litem,.ostenditque
765 341 862 366 vera
889 333 928 366 et
954 340 1019 376 ge-

67 383 187 420 nuina
213 383 326 419 huius
353 384 540 432 martyris
568 385 669 419 Acta
694 394 782 420 esse
815 394 891 419 non
919 393 1018 430 quae

68 436 286 479 Bononiae,
314 436 382 473 sed
408 448 506 484 quae
534 437 683 474 Romae
711 436 747 472 in
777 436 1020 472 Bibliotheca

66 489 263 527 Vaticana
289 496 494 528 asservata
519 494 623 527 sunt.
643 490 816 526 Aloisius
843 489 1018 525 Sabbati-

66 543 128 589 ni,
153 543 459 593 Neapolitanus,
492 548 531 581 et
555 544 772 592 Aquilanus
798 543 1018 590 episcopus,

67 602 230 645 praeter
249 598 360 646 plura
378 598 584 646 opuscula,
604 597 763 644 scripsit
781 600 1018 632 commenta-

65 651 167 688 rium
197 653 235 688 in
262 658 378 690 vetus
403 651 680 689 calendarium
708 661 977 686 marmoreum
997 659 1020 684 a

68 704 276 742 Mazochio
303 706 424 743 etiam
452 706 706 747 illustratum,
724 704 779 740 uti
801 715 891 740 mox
912 707 1018 739 nota-

66 759 209 797 vimus·
237 760 374 806 Ioseph
401 760 553 796 Simioli
572 788 581 803 ,
607 769 720 806 quern
756 758 1019 800 laudavimus,

66 813 303 860 conscripsit
315 813 518 849 historiam
534 812 812 850 Conciliorum.
832 811 1019 859 Iosephus

67 865 267 903 Simonius
293 867 561 910 Assemanus‚
589 878 621 903 s.
651 866 761 902 Petri
790 865 1015 907 canonicus,

67 924 107 957 et
131 920 353 958 Vaticanae
382 921 652 957 Bibliothecae
679 920 905 966 praefectus
923 948 931 962 ,
958 917 1022 966 qui

66 977 229 1020 praeter
255 975 333 1011 alia
359 975 474 1022 plura
491 974 610 1012 edidit
627 973 868 1012 Calendaria
886 973 1020 1009 Eccle-

66 1026 150 1064 siae
175 1027 388 1065 universae
407 1056 415 1069 .
444 1028 480 1063 in
508 1028 644 1075 quibus
670 1027 810 1063 Ssrum
847 1025 1022 1068 nomina,

68 1079 263 1128 imagines
280 1110 288 1125 ,
316 1082 405 1118 festi
431 1081 514 1117 dies
542 1081 812 1117 Ecclesiarum
847 1078 1023 1115 Orientis

70 1138 112 1171 et
128 1134 369 1178 Occidentis,
386 1134 613 1182 praemissis
629 1134 934 1180 uniuscuiusque
952 1133 1021 1168 Ec-

69 1187 214 1226 clesiae
239 1189 468 1236 originibus,
496 1191 774 1230 recensentur,
795 1186 1021 1223 describun-

69 1245 148 1284 tur,
167 1246 207 1279 et
230 1243 333 1293 notis
350 1243 612 1279 illustrantur.
632 1241 818 1288 Iosephus
838 1239 934 1276 Lud.
952 1240 1020 1275 As-

70 1306 280 1339 semanus,
309 1297 372 1343 qui
400 1299 561 1344 praeter
587 1299 728 1342 poema
760 1295 807 1330 de
834 1295 1023 1330 Astrono-

72 1349 152 1386 mia
181 1349 359 1397 vulgavit
392 1349 730 1387 Commentarium
766 1347 1025 1394 Theologico—

69 1403 478 1441 Canonico-Criticum
504 1403 552 1440 de
580 1403 786 1445 Ecclesiis,
807 1411 1021 1448 earumque

69 1458 300 1495 reverentia
332 1461 372 1494 et
401 1457 510 1506 asylo
528 1486 536 1501 ,
564 1461 681 1504 atque
716 1455 929 1492 eoncordia
955 1455 1024 1490 Sa-

70 1510 234 1548 cerdotii
267 1515 308 1548 et
338 1511 530 1558 Imperii,
565 1522 663 1558 opus
693 1510 740 1546 de
779 1508 1024 1545 Patriarchis

69 1564 358 1602 Chaldaeorum
390 1568 431 1601 et
461 1565 796 1601 Nestorianorum
814 1591 823 1606 ,
859 1561 1023 1598 Missale

69 1617 385 1654 Alexandrinum
413 1629 443 1654 s.
474 1618 623 1661 Marci,
651 1617 690 1652 in
717 1627 791 1664 quo
818 1615 1023 1662 Liturgiae

71 1681 209 1708 omnes
246 1672 432 1719 antiquae
471 1682 518 1707 ac
557 1675 740 1707 recentes
779 1669 992 1716 [Egyptiae
1014 1697 1022 1712 ,

72 1724 251 1762 Graecae
269 1753 278 1768 ,
305 1725 491 1772 Copticae
507 1753 515 1768 ,
543 1725 739 1760 Arabicae
767 1727 807 1759 et
832 1723 1023 1770 Syriacae

73 1776 320 1815 exhibentur.
361 1775 499 1825 Stephss
538 1778 712 1814 Evodius
751 1777 993 1813 Assemanus
1014 1804 1023 1820 ,

72 1831 203 1878 Episc.
231 1832 502 1880 Apamiensis,
531 1831 695 1868 Simonii
722 1830 932 1866 Assemani
960 1840 1028 1865 ne-

74 1895 166 1932 pos,
193 1886 257 1934 qui
282 1886 388 1922 inter
413 1885 492 1922 alia
517 1885 638 1921 edidit
665 1885 766 1919 Acta
791 1895 844 1919 ss.
873 1884 1026 1930 Marty-

73 1949 160 1975 rum
188 1939 385 1983 Orientis,
402 1943 443 1976 et
468 1938 754 1974 Bibliothecam
783 1937 1024 1979 Mediceam,

72 1993 383 2030 Laurentianam
403 1998 444 2030 et
461 1993 698 2029 Palatinam.
716 1993 885 2028 Ioannes
903 1991 1026 2026 Anto-

73 2047 161 2083 nius
186 2047 350 2084 Bianchi
376 2047 498 2084 edidit
522 2057 620 2094 opus
646 2045 877 2093 inscriptum
905 2044 1024 2079 Delta

74 2100 248 2137 Podestd
270 2112 290 2137 e
326 2101 482 2136 Politia
517 2099 625 2136 della
658 2099 804 2136 Chiesa
835 2098 1026 2134 adversus

74 2153 241 2191 Petrum
267 2155 512 2191 Iannonium.
543 2153 781 2189 Laurentius
807 2151 995 2198 Selvaggi
1014 2179 1022 2193 ,

74 2207 374 2256 Neapolitanus,
390 2208 592 2255 evulgavit
606 2206 894 2254 Antiquitatum
915 2205 1026 2242 Chi-i-

74 2261 293 2298 stianarum
335 2262 619 2298 Institutiones.
663 2260 794 2307 Scipio
846 2258 1024 2294 marchio

76 2314 228 2358 Maffei,
245 2316 504 2358 Veronensis,
524 2327 548 2351 a
573 2313 857 2351 Tourneminio
877 2313 1024 2348 Doctor

75 2368 312 2404 universalis
337 2369 576 2416 appellatus,
593 2372 753 2416 praeter
774 2368 887 2414 plura
913 2377 1026 2412 egre-

77 2421 143 2469 gia
166 2432 290 2469 opera
314 2421 352 2457 in
381 2433 423 2458 re
451 2421 718 2469 philosophica
751 2425 792 2457 et
823 2419 1026 2461 historica,

79 2475 126 2511 ob
152 2485 252 2523 quae
271 2475 558 2523 amplissimum
571 2474 677 2522 ,apud
696 2485 832 2510 omnes
851 2472 1026 2510 eruditos

79 2539 225 2566 nomen
258 2533 319 2565 est
353 2534 581 2572 assecutus,
610 2529 837 2575 praeclaras
872 2525 1028 2573 scripsit

74 2582 269 2629 ,epistolas
287 2581 334 2618 de
354 2581 608 2628 Fragmentis
626 2594 656 2617 s.
674 2581 827 2617 irenaei
846 2591 869 2615 a
887 2579 1026 2614 Psaffio

77 2636 459 2683 vulgatis;vulgavit
477 2646 627 2682 quoque
646 2635 741 2671 s-lo.
758 2634 1028 2681 Chrysostomi

79 2688 128 2724 ad
153 2690 386 2727 Caesarium
418 2689 624 2735 epistolam
659 2687 823 2724 eruditis
856 2686 1027 2722 animad-

78 2742 326 2779 versionibus
344 2742 602 2785 illustratam3
620 2740 844 2777 Veronensi
863 2739 1023 2776 editioni

78 2806 243 2842 operum
270 2808 301 2832 s.
331 2795 472 2832 Hilarii
501 2795 787 2842 praefationem
816 2793 1027 2841 praefixit;

79 2850 300 2896 composuit
326 2848 540 2884 Historiam
561 2848 841 2895 Theologicam
867 2846 914 2882 de
933 2847 1030 2882 Gra-

79 2904 161 2948 tia;
194 2903 359 2950 denique
393 2901 618 2939 Cassiodori
651 2901 956 2948 Complexiones
990 2901 1028 2935 in

77 2958 181 2994 Acta
208 2956 484 3004 Apostolorum
503 2983 512 2999 ,
541 2955 738 3002 Epistolas
771 2959 812 2991 et
837 2953 1030 3001 Apocaly-

78 3010 193 3058 psim;
212 3021 365 3055 necnon
383 3009 614 3045 Passionem
636 3020 689 3044 ss.
708 3007 874 3044 Firmini
894 3011 934 3044 et
955 3007 1032 3042 Ru-

79 3064 168 3102 stici
194 3075 244 3101 ex
262 3065 437 3111 optimae
454 3067 572 3098 notae
591 3061 787 3098 codicibus
806 3060 938 3097 edidit.
960 3060 1031 3097 Pe-

81 3120 166 3154 trus
199 3117 440 3154 Franciscus
474 3116 642 3163 Foggini
685 3114 891 3161 egregium
929 3125 1032 3150 corn·

82 3172 210 3221 posuit
233 3183 332 3220 opus
358 3171 405 3208 de
433 3171 612 3207 Romano
641 3170 729 3206 Divi
756 3169 864 3205 Petri
885 3168 1028 3205 itinere

83 3228 124 3259 et
149 3224 400 3273 Episcopatu.

1884 137 1963 177 307

1118 223 1174 259 73.
1204 221 1503 259 Catltolicorum
1529 221 1656 256 status
1683 218 1724 255 in
1740 218 2019 264 -Anycia—ln-

1072 277 1183 313 terim
1212 275 1497 324 posterioribus
1514 274 1628 310 huius
1646 272 1795 310 saeculi
1815 272 1928 308 annis
1945 273 2018 308 Ca-

1072 329 1201 366 tholici
1219 330 1255 365 in
1271 328 1389 366 terris
1405 327 1698 365 haereticorum
1715 326 1914 362 mitiorem
1929 337 2019 362 con·

1070 383 1255 419 ditionem
1308 381 1575 428 maioremque
1618 379 1871 417 tolerantiam
1913 378 2019 416 nacti

1069 441 1172 473 sunt.
1201 435 1392 477 Quamvis
1419 446 1488 481 per
1508 445 1659 481 pacem,
1682 444 1744 470 an.
1766 433 1857 470 1763
1874 432 2020 470 Versa-

1070 490 1146 527 liae
1165 491 1268 526 inter
1287 487 1527 536 gallicanum
1547 491 1587 524 et
1604 487 1858 533 anglicanum
1876 486 2015 534 guber-

1071 544 1137 579 nia
1155 540 1558 584 confectam,Canada
1573 551 1641 577 seu
1656 539 1962 576 Nova-Francia
1978 543 2019 576 et

1069 597 1247 633 Granata
1272 594 1483 631 Americae
1509 593 1844 640 septentrionalis,
1870 594 1910 628 in
1937 593 2017 640 qui-

1072 650 1141 686 bus
1175 649 1317 696 religio
1350 648 1546 684 catholica
1565 646 1854 690 dominabatur,
1872 646 2020 683 fuerint

1072 713 1285 740 concessae
1311 701 1469 748 Anglis,
1496 700 1690 738 Catholici
1717 703 1850 736 tamen
1876 699 2017 736 iisdem

1071 768 1118 793 ac
1145 760 1263 793 antea
1289 755 1339 791 ibi
1366 755 1516 790 iuribus
1543 753 1655 801 potiti
1680 756 1783 789 sunt.
1811 753 1852 788 In
1873 752 2016 799 Anglia

1072 822 1133 847 an.
1165 810 1280 853 1778,
1308 808 1616 856 supplicantibus
1641 806 1876 848 Catholicis,
1906 817 2022 853 prae-

1073 865 1209 901 sertim
1238 863 1437 906 Hibernis,
1466 863 1675 903 Camerae,
1694 864 1738 897 ut
1755 860 2022 908 appellantur,

1072 916 1331 955 communium
1357 920 1397 952 et
1420 925 1632 963 procerum
1658 914 1767 961 leges
1794 914 1944 960 iniquas
1963 941 1971 956 ,
1999 923 2023 949 a

1073 972 1281 1008 Guilielmo
1314 980 1408 1016 rege
1442 969 1490 1005 111
1516 971 1656 1004 contra
1687 967 1773 1003 illos
1798 967 1900 1003 latas
1923 994 1931 1010 ‚
1957 965 2022 1001 ab·

1077 1029 1292 1071 rogarunt,
1323 1025 1456 1070 eisque
1493 1022 1553 1058 ius
1584 1020 1841 1056 haereditatis
1875 1023 1915 1056 et
1945 1030 2024 1056 em-

1078 1078 1222 1126 ptionis
1248 1078 1536 1115 restituerunt:
1566 1086 1666 1123 quae
1693 1075 1858 1111 decreta
1884 1074 2023 1110 confir-

1075 1130 1197 1167 mavit
1229 1131 1423 1177 Georgius
1458 1141 1528 1166 rex
1561 1129 1624 1165 Ill.
1652 1129 1739 1163 Hac
1765 1127 2022 1164 concessione

1074 1185 1302 1232 exasperati
1319 1183 1612 1222 Catholicorum
1627 1181 1774 1225 hostes,
1792 1181 1830 1217 in
1848 1180 2025 1227 pluribus

1076 1239 1300 1275 civitatibus
1335 1240 1475 1274 contra
1512 1236 1687 1283 Papismi
1708 1264 1716 1279 ,
1744 1239 1788 1272 ut
1814 1234 2025 1278 dicebant,

1076 1304 1331 1340 progressum
1359 1291 1592 1327 societatem
1619 1289 1814 1331 inierunt,
1841 1291 1883 1325 et
1907 1299 2025 1335 popu-

1076 1348 1180 1383 lares
1213 1345 1422 1382 violentias
1457 1344 1496 1379 in
1532 1343 1757 1380 Catholicos
1788 1341 2024 1378 excitarunt.

1074 1401 1361 1437 Verumtamen
1388 1397 1635 1433 honestiores
1663 1397 1767 1432 inter
1793 1396 1898 1443 ipsos
1917 1394 2026 1431 dissi-

1075 1453 1428 1499 dentes,multique
1442 1463 1490 1488 ex
1504 1455 1674 1497 utraque
1690 1451 1861 1487 Camera
1879 1452 1919 1485 et
1937 1459 2026 1484 con-

1075 1508 1164 1544 cilio
1192 1507 1305 1554 regio
1332 1506 1428 1542 istas
1453 1505 1662 1540 violentias
1689 1502 1968 1550 reprobabant,
1986 1504 2027 1537 et

1078 1561 1124 1598 de
1145 1559 1363 1607 mitiganda
1381 1558 1674 1596 Catholicorum
1696 1556 1920 1592 conditione
1938 1565 2027 1590 con-

1076 1615 1310 1651 sentiebant.
1346 1611 1559 1650 Catholicis
1594 1610 1777 1646 continuo
1807 1608 2026 1655 Religionis

1077 1669 1299 1704 libertatem
1329 1666 1548 1712 iuriumque
1569 1664 1741 1700 civilium
1759 1674 1873 1699 usum
1893 1665 2027 1710 peten-

1077 1722 1305 1764 tibus,anno
1325 1719 1414 1756 1791
1435 1719 1596 1755 decreto
1616 1717 1818 1764 utriusque
1833 1717 2027 1754 Camerae

1078 1786 1309 1811 concessum
1349 1776 1436 1816 est,
1462 1775 1506 1808 ut
1538 1771 1656 1808 aedes
1689 1781 1826 1807 sacras
1852 1769 1901 1805 ad
1926 1769 2026 1805 cele·
2063 1814 2065 1816 Ι

1077 1828 1228 1865 branda
1261 1827 1392 1863 divina
1427 1825 1559 1861 officia
1591 1828 1632 1861 et
1664 1824 1819 1860 scholas
1845 1818 1895 1859 ad
1920 1821 2026 1858 insti-

1076 1882 1264 1920 tuendam
1293 1881 1538 1936 ipventutem
1565 1879 1722 1926 erigere
1751 1880 1923 1925 possent.
1949 1877 2027 1913 An.

1079 1937 1168 1973 1793
1193 1935 1378 1971 Hibernis
1396 1933 1601 1969 catholicis
1619 1932 1741 1968 etiam
1761 1940 1951 1967 concessa
1968 1933 2029 1965 est

1077 2002 1150 2027 vox
1179 1990 1311 2025 activa
1347 1989 1386 2024 in
1413 1986 1670 2024 electionibus
1696 1985 1874 2021 civilibus
1900 1988 1940 2020 et
1965 1982 2029 2019 ad-

1078 2044 1211 2080 missio
1231 2043 1279 2079 ad
1299 2052 1464 2078 munera
1482 2041 1652 2088 publica,
1668 2039 1846 2086 exceptis
1866 2037 2031 2084 triginta

1080 2096 1291 2145 supremis.
1311 2096 1438 2137 Quum
1456 2094 1605 2131 ultimis
1621 2094 1734 2129 liuius
1753 2091 1902 2129 saeculi
1916 2090 2030 2126 annis

1078 2162 1196 2188 causa
1222 2148 1522 2199 persecutionis,
1549 2149 1587 2183 in
1614 2147 1744 2184 Gallia
1769 2150 1906 2182 contra
1924 2144 2027 2180 Reli-

1078 2206 1236 2253 gionem
1265 2204 1462 2241 excitatae
1486 2231 1494 2247 ‚
1521 2202 1662 2248 ingens
1688 2201 1962 2248 episcoporum
1990 2200 2030 2233 et

1076 2259 1326 2296 sacerdotum
1354 2255 1562 2293 multitudo
1588 2267 1609 2292 e
1635 2255 1764 2291 Gallia
1787 2251 2032 2298 confugisset

1076 2313 1112 2348 in
1129 2313 1419 2359 Angliam,non
1438 2314 1592 2346 tantum
1608 2307 1806 2351 catholici,
1825 2305 1894 2342 sed
1908 2305 2029 2341 etiam

1077 2366 1284 2403 acatholici
1303 2366 1420 2412 Angli
1439 2374 1641 2411 proceres,
1663 2363 1866 2409 ipsumque
1887 2358 2027 2405 guber-

1076 2421 1181 2456 nium
1210 2419 1282 2456 illis
1317 2430 1463 2466 magna
1491 2429 1579 2454 cum
1606 2415 1846 2455 liberalitate
1873 2422 2030 2448 succur-

1077 2477 1226 2510 rerunt.
1265 2474 1324 2510 Illi
1349 2485 1426 2509 non
1469 2476 1621 2507 tantum
1660 2469 1831 2505 animum
1871 2469 2029 2513 gratum

1079 2528 1154 2564 sibi
1180 2528 1279 2564 bene
1305 2526 1539 2562 facientibus
1567 2522 1843 2570 praebuerunt,
1871 2519 1940 2556 sed
1958 2529 2028 2555 sua

1081 2582 1226 2629 pietate
1241 2584 1456 2626 sanctaque
1471 2577 1628 2613 vivendi
1644 2574 1796 2611 ratione
1814 2573 1934 2608 falsas
1952 2572 2030 2607 An-

1077 2635 1234 2682 glorum
1272 2633 1476 2681 opiniones
1515 2630 1561 2666 de
1601 2628 1790 2674 religione
1832 2625 2029 2662 catholica

1077 2685 1483 2730 emendarunt‚-varia
1500 2683 1661 2723 sacella,
1682 2681 1836 2716 scholas
1854 2683 1894 2716 et
1910 2689 2028 2715 xeno-

1076 2741 1215 2777 dochia
1230 2743 1460 2781 erexerunt,
1478 2738 1686 2785 pluresque
1706 2735 1858 2781 Anglos
1873 2733 1921 2770 ab
1939 2733 2030 2769 hae-

1078 2795 1154 2831 resi
1181 2795 1230 2830 ad
1259 2792 1461 2830 Ecclesiae
1487 2791 1614 2826 sinum
1642 2788 1898 2825 reduxerunt.

1124 2847 1410 2885 Bor-ussc'ct—ln
1436 2844 1626 2880 Borussia
1646 2842 1873 2878 Fridericus
1891 2851 1962 2878 rex
1979 2840 2026 2884 11,

1078 2913 1196 2950 quum
1219 2930 1226 2945 ,
1254 2903 1446 2947 occupata
1473 2897 1614 2933 Silesia
1632 2924 1640 2939 ‚
1668 2895 1783 2943 plura
1808 2894 2028 2932 Catholico-

1078 2967 1164 2992 rum
1200 2954 1323 2990 millia
1357 2952 1426 2988 sub
1463 2961 1534 2987 sua
1560 2953 1755 2997 potestate
1782 2948 2028 2995 accepisset,

1080 3021 1155 3044 non
1186 3008 1311 3043 solum
1339 3005 1427 3047 illis,
1456 3003 1523 3040 sed
1553 3004 1673 3039 etiam
1701 3002 1760 3038 his
1787 3002 1849 3049 qui
1877 3002 1916 3036 in
1942 3011 2030 3037 cae-

1080 3062 1176 3098 teris
1203 3059 1281 3096 suis
1309 3058 1428 3095 terris
1455 3061 1496 3093 et
1523 3056 1758 3103 praesertim
1776 3054 1949 3092 Berolini
1974 3053 2028 3089 vi-

1081 3115 1237 3155 vebant,
1266 3112 1432 3149 liberum
1451 3109 1670 3157 Religionis
1687 3120 1780 3145 suae
1796 3107 2025 3145 exercitium

1080 3169 1277 3214 multaque
1304 3166 1392 3202 iura
1418 3164 1548 3201 civilia
1573 3164 1783 3200 concessit.

1128 3220 1364 3258 snecta-ln
1391 3218 1534 3255 Suecia
1560 3229 1727 3265 quoque,
1753 3217 1817 3258 ubi
1838 3227 1861 3252 a
1879 3216 2029 3256 duobus
