2241 3473
210 136 293 178 260

155 221 275 263 Card.
288 220 336 257 de
349 217 526 256 Noailles
539 226 635 253 vero
652 215 944 252 schismaticum
959 218 1000 251 et
1015 214 1110 251 hae-

156 276 277 312 resim
291 274 448 321 sapiens
458 269 868 319 pronuntiavit.Paulo
879 272 966 316 post
975 267 1109 316 appel-

158 328 324 365 lantibus
342 325 554 362 terminum
574 322 847 371 praescripsit,
866 323 974 358 intra
992 332 1108 370 quem

158 379 462 429 appellationem
480 388 591 414 suam
612 380 863 414 revocarent.
879 376 938 412 Eo
954 375 1107 422 elapso,

156 435 202 471 v⁰
215 432 399 470 calendas
416 431 656 479 septembris
682 430 859 467 eiusdem
885 429 978 466 anni
1003 429 1109 465 litte-

156 498 236 530 ras,
262 485 396 533 Officii
408 484 647 533 pastoralis,
668 484 718 520 ad
735 484 945 521 universos
970 481 1110 518 fideles

156 540 275 584 dedit,
301 539 438 586 quibus
465 550 553 575 cum
579 537 733 585 ingenti
760 537 891 574 cordis
924 546 1110 573 moerore

156 593 287 641 palam
306 592 427 628 edixit
452 602 500 628 ac
525 591 768 636 declaravit,
787 602 856 628 eos
873 602 1025 634 omnes,
1047 600 1111 625 cu-

155 647 384 693 iuscumque
404 649 544 690 status,
564 645 726 693 gradus,
753 644 903 681 ordinis
921 648 962 681 et
980 642 1111 680 condi-

156 700 273 737 tionis
298 703 458 743 essent,
485 699 548 747 qui
576 699 762 736 laudatae
786 698 945 746 saepius
970 697 1110 734 Bullae

157 753 329 790 debitam
348 758 388 790 et
409 753 676 790 omnimodam
703 752 970 790 obedientiam
997 762 1112 800 prae-

156 811 263 844 stare
289 807 480 844 hactenus
505 807 798 851 recusaverint,
825 807 890 843 vel
915 807 956 842 in
982 809 1116 853 poste-

156 872 245 897 rum
274 861 494 898 recusaturi
522 865 670 905 essent,
696 872 719 897 a
746 871 818 898 sua
843 866 884 897 et
909 860 950 896 S.
969 859 1018 894 R.
1038 859 1111 895 Ec-

156 914 300 951 clesiae
314 915 482 952 caritate
497 926 660 963 prorsus
679 918 915 962 segregatos
933 912 1112 949 habitum

157 968 219 1014 iri,
241 969 468 1016 nullamque
495 969 682 1016 deinceps
709 969 780 1005 sibi
808 969 871 1005 vel
896 968 945 1004 R.
975 966 1113 1003 Eccle-

156 1022 239 1059 siae
260 1034 348 1059 cum
366 1023 440 1059 illis
458 1023 775 1059 communionem
794 1021 1112 1059 ecclesiasticam

158 1076 384 1122 extituram,
399 1077 525 1114 donec
539 1078 691 1114 reiecta
710 1077 865 1125 penitus
880 1074 1114 1122 refragandi

157 1130 338 1176 audacia,
349 1143 420 1179 per
434 1131 713 1169 exhibitionem
727 1142 851 1168 verae
865 1129 1116 1167 obedientiae

157 1185 455 1232 resipiscerent.

205 1239 427 1276 Cardinalis
447 1240 494 1277 de
513 1240 693 1278 Noailles
717 1251 795 1277 non
821 1239 948 1277 solum
975 1249 1053 1274 non
1073 1249 1115 1275 se

158 1293 339 1337 subiecit,
358 1293 427 1330 sed
453 1295 763 1342 appellationem
789 1305 899 1331 suam
927 1293 1048 1329 etiam
1069 1292 1117 1328 ad

159 1349 613 1386 excommunicationem
645 1349 886 1396 pontificiam
913 1346 1118 1391 extendit,

159 1407 198 1439 et
216 1402 319 1439 hane
345 1413 422 1438 non
450 1414 474 1439 a
500 1403 612 1451 Papa
629 1404 678 1439 ad
697 1404 863 1451 Papam,
884 1402 952 1438 sed
971 1401 1118 1449 simpli-

159 1458 260 1494 citer
291 1461 332 1494 et
359 1457 475 1494 unIce
502 1457 552 1493 ad
579 1457 770 1504 generale
798 1456 1009 1492 concilium
1029 1466 1118 1503 pro·

158 1512 331 1548 vocavit.
351 1512 446 1548 Eius
473 1512 700 1559 exemplum
726 1511 852 1548 secuti
875 1513 968 1546 ‚sunt
986 1510 1119 1556 plures

159 1566 244 1602 eius
271 1566 404 1603 cleriei
418 1595 426 1610 ,
442 1566 634 1610 Sorbona,
654 1570 815 1613 totaque
833 1563 1118 1611 appellantium

159 1619 289 1656 factio.
320 1620 409 1668 Ipsa
428 1620 538 1656 curia
556 1618 737 1663 (senatus)
758 1618 998 1655 Parisiensis
1017 1629 1121 1653 nunc

160 1683 184 1709 a
209 1673 325 1709 Bulla
351 1678 537 1721 tanquam
565 1673 614 1709 ab
641 1673 766 1709 abusu
792 1671 1026 1708 Pontificiae
1053 1682 1120 1718 po-

162 1728 316 1763 testatis
341 1727 573 1775 appellavit,
595 1731 636 1764 et
653 1739 702 1764 ne
719 1727 879 1763 litterae
899 1725 1120 1769 Pontificis,

161 1780 211 1816 ad
238 1792 327 1818 eam
352 1782 618 1830 pertinentes,
645 1783 975 1829 acceptarentw,
1002 1779 1123 1816 inter-

162 1834 269 1871 dixit.

209 1889 361 1925 Verum
385 1889 559 1937 episcopi
586 1889 753 1932 Galliae,
775 1888 807 1925 si
835 1887 878 1924 16
903 1887 968 1924 vel
997 1888 1041 1924 17
1059 1899 1123 1924 ex-

164 1942 300 1990 cipias‚
319 1955 407 1980 cum
427 1944 598 1980 caeteris
616 1955 688 1991 per
706 1943 843 1979 orbem
863 1940 1123 1977 christianum

164 1997 359 2045 episcopis
378 1997 708 2035 Constitutionem
730 1995 982 2043 Unifscnitus,
1010 1999 1054 2031 ut
1072 1995 1125 2031 le-

165 2062 256 2098 gem
289 2050 557 2098 dogmaticam
587 2056 627 2088 et
656 2050 917 2086 indubitatam
946 2049 1037 2085 fidei
1065 2060 1125 2085 re-

165 2105 299 2152 gulam
325 2105 409 2142 sine
437 2104 749 2142 contradictione
777 2107 1056 2150 susceperunt.
1084 2102 1123 2138 Id

165 2160 284 2206 paulo
318 2164 406 2207 post
432 2159 480 2195 ad
506 2159 700 2196 maiorem
734 2157 1007 2194 obsistentium
1035 2168 1124 2193 con-

166 2213 358 2250 fusionem
376 2213 516 2251 litteris
532 2214 665 2250 testati
676 2217 765 2249 sunt
779 2212 957 2260 episcopi
973 2211 1125 2255 Italiae,

166 2266 1124 2314 Germaniae,Hungariae,Poloniae‚Dalmatiae,

166 2321 311 2368 Belgii‚
327 2321 559 2369 Hispaniae,
580 2321 822 2361 Lusitaniae,
845 2321 1014 2368 Angliae
1034 2320 1127 2356 alia-

168 2387 332 2423 rumque
366 2375 589 2422 regionum.
620 2375 840 2422 Pet-peram
876 2374 1039 2422 proinde
1067 2385 1127 2410 re—

166 2430 346 2466 fractarii
362 2428 410 2466 ad
419 2429 626 2466 concilium
637 2431 827 2476 generale
845 2429 1127 2477 provocabant,

168 2495 285 2532 quum
308 2484 497 2521 universa
523 2484 705 2520 Ecclesia
732 2484 871 2520 Bullae
901 2483 1125 2520 assentiret.

216 2539 378 2575 Interim
414 2538 567 2575 factiosi
594 2537 853 2585 Appellantes
885 2549 1050 2585 quorum
1080 2537 1129 2573 ad

169 2593 386 2631 Concilium
403 2591 593 2640 generale
609 2591 865 2639 appellationi
881 2592 943 2628 vel
959 2592 1045 2638 ipsa
1063 2591 1129 2627 illa

168 2648 382 2684 universae
408 2647 614 2683 Ecclesiae
641 2646 818 2682 assensio
838 2650 972 2682 notam
1001 2647 1127 2682 inure-

173 2702 250 2745 bat,
278 2702 315 2737 in
335 2701 514 2738 ecclesiis
532 2700 684 2737 Galliae
706 2701 843 2737 turbas
862 2711 1007 2747 graves
1026 2700 1129 2737 cxci-

172 2757 501 2803 tabant.Cumque
516 2755 690 2803 episcopi
706 2759 964 2802 acceptantes
982 2754 1019 2789 in
1037 2765 1129 2790 snos

172 2811 339 2847 clericos
367 2810 535 2846 rebelles
555 2809 769 2846 secundum
798 2809 855 2845 ius
882 2808 1128 2844 animadver-

172 2868 316 2908 terent,
331 2863 367 2898 lii
388 2863 625 2912 praesidium
642 2864 899 2910 magistratus
915 2862 1041 2897 civilis
1060 2863 1127 2897 im-

173 2919 394 2966 plorarunt,
422 2923 463 2955 et
491 2918 601 2965 regni
629 2918 764 2954 curiae
787 2928 854 2953 seu
869 2915 1128 2965 pur-lumenta

174 2973 211 3008 in
231 2972 438 3020 episcopos
456 2971 624 3008 diversis
645 2972 792 3019 poenis,
815 2971 1049 3019 praesertim
1069 2982 1130 3006 su—

175 3026 381 3075 spensione
400 3030 661 3074 proventuum
678 3025 956 3075 temporalium
972 3029 1012 3061 et
1028 3035 1129 3060 coin-

176 3081 353 3117 bustione
387 3081 609 3117 litterarum
644 3081 900 3129 pastoralium
919 3108 927 3124 ‚
956 3078 1129 3115 animad-

175 3140 393 3171 verterunt.
420 3135 577 3171 Turbae
608 3136 662 3172 ita
687 3140 828 3172 auctae
856 3138 960 3178 sunt,
986 3139 1029 3170 ut
1054 3133 1129 3169 dux

176 3189 488 3233 Aurelianensis,
509 3190 622 3236 regni
649 3189 896 3233 administer,
918 3188 966 3224 ad
993 3199 1129 3224 consu-

176 3242 331 3279 lendum
361 3243 633 3291 tranquillitati
661 3243 855 3290 publicae,
874 3242 1060 3288 vetuerit,
1080 3253 1128 3279 ne

677 146 682 151 ’
724 145 891 174 EPOCHA
909 145 983 174 XII·
1006 146 1035 173 A
1051 143 1222 173 LITIBVS
1240 143 1551 175 IANSENISTICIS

1159 213 1308 261 scripta
1341 217 1482 251 contra
1508 225 1629 262 saepe
1663 219 1924 253 memoratam
1959 216 2116 254 Bullam

1162 267 1273 316 prelo
1300 268 1644 305 committerentur
1670 273 1738 306 aut
1763 271 2051 315 venderentur,
2077 276 2118 308 et

1161 333 1211 358 ne
1227 321 1318 369 quid
1333 326 1474 359 contra
1483 323 1753 360 reverentiam
1767 325 2019 373 Apostolicae
2028 324 2120 362 Sedi

1160 375 1333 412 debitam
1367 377 1611 414 scriberetur
1637 382 1706 414 aut
1731 378 1956 424 diceretur3
1983 378 2117 424 curiis,

1161 440 1210 465 ne
1228 429 1491 477 Appellantes
1509 435 1789 478 protegerent,
1809 432 2025 476 interdixit3
2040 431 2120 479 epi-

1160 495 1303 531 scopos
1330 488 1470 522 contra
1500 485 1760 532 magistratus
1785 486 1922 524 civiles
1947 486 2122 535 protexit

1162 537 1455 587 mandavitque,
1474 544 1518 576 ut
1541 544 1708 587 utraque
1735 550 1829 587 pars
1854 540 1902 577 de
1919 541 2026 577 bulla
2044 540 2122 577 ista

1163 596 1202 628 et
1229 593 1410 629 materiis
1437 593 1486 630 ad
1513 604 1602 630 eam
1628 593 1898 641 spectantibus
1923 605 2044 642 usque
2070 593 2121 630 ad

1163 645 1337 683 futurum
1363 648 1572 684 concilium
1599 648 1790 695 generale
1815 647 2015 686 silentium
2039 659 2120 686 ser-

1163 705 1292 746 varet,
1320 702 1421 749 quod
1447 701 1610 739 minime
1636 702 1783 738 factum
1810 706 1884 739 est.

1211 754 1253 790 In
1267 755 1448 792 uniendis
1462 755 1616 803 quidem
1625 755 1903 793 dissidentibus
1915 755 2020 793 haud
2030 766 2124 804 pau-

1165 808 1200 843 ci
1220 819 1242 844 e
1261 810 1425 846 summis
1442 810 1541 846 viris
1560 815 1641 846 tum
1660 811 1700 846 in
1718 810 1848 847 Gallia
1870 815 1953 847 tum
1970 811 2123 847 Romae

1167 862 1419 909 laborarunt3
1439 865 1623 902 Clemens
1640 865 1696 901 XI
1722 865 1843 901 etiam
1863 864 1958 900 nihil
1977 864 2123 908 omisit,

1165 920 1207 953 ut
1231 917 1491 955 refractarios
1517 918 1567 955 ad
1592 919 1763 955 officium
1783 918 2008 964 reduceret;
2023 923 2125 955 atta—

1166 982 1257 1008 men
1284 972 1368 1008 eius
1393 977 1487 1009 vota
1513 973 1708 1009 frustrata
1732 975 1866 1009 suntl.
1894 972 2022 1009 Porro
2046 973 2125 1020 Ap-

1167 1025 1398 1073 pellantium
1425 1027 1533 1064 facta
1551 1028 1622 1064 sub
1649 1027 1865 1065 Clementis
1889 1026 1945 1062 XI
1970 1037 2126 1063 succes-

1167 1080 1322 1116 soribus
1350 1081 1430 1117 suis
1456 1081 1553 1118 locis
1580 1081 2053 1127 referemus—Clemens
2069 1079 2126 1116 XI

1171 1133 1220 1170 ad
1258 1134 1438 1171 laborum
1471 1147 1634 1172 suorum
1661 1140 1701 1173 et
1727 1135 1918 1173 virtutum
1949 1133 2128 1183 praemia

1170 1199 1191 1225 e
1210 1188 1311 1225 vivis
1329 1194 1519 1227 evocatus
1538 1194 1599 1227 est
1613 1191 1700 1227 xiv⁰
1716 1190 1872 1227 calend·
1888 1189 2004 1237 april.
2021 1187 2126 1232 1721,

1169 1254 1314 1280 annum
1340 1244 1482 1281 aetatis
1501 1256 1624 1292 agens
1641 1245 1702 1291 72,
1722 1256 1839 1293 quum
1865 1256 1938 1293 per
1965 1255 2059 1280 ann.
2078 1242 2125 1280 20

1169 1309 1287 1334 mens.
1319 1298 1354 1343 3,
1374 1298 1458 1335 dies
1484 1298 1530 1335 25
1557 1304 1778 1347 regnasset:
1807 1299 1919 1336 titulo
1944 1297 2045 1335 tanti
2061 1296 2129 1332 ho-

1169 1353 1280 1388 noris
1305 1364 1465 1401 semper
1490 1353 1577 1397 fuit,
1603 1358 1646 1390 ut
1672 1354 1820 1401 optimo
1847 1354 1968 1390 etiam
1994 1361 2129 1388 succe-

1170 1405 1277 1442 denti
1304 1406 1485 1444 Pontifici
1510 1407 1680 1444 difficilis
1705 1408 1920 1444 aemulatio
1946 1407 2061 1444 foret.

1218 1462 1277 1498 41.
1317 1460 1574 1498 Innocentius
1614 1461 1736 1497 XIII
1753 1489 1761 1502 ,
1796 1461 1994 1510 Pontzfeae
2034 1466 2124 1505 (an.

1175 1515 1439 1559 1721)-Post
1464 1515 1711 1553 Clementem
1737 1515 1810 1564 Pp.
1837 1516 1914 1561 XI,
1941 1515 2130 1564 postridie

1174 1580 1300 1606 nonas
1327 1570 1422 1605 maii
1451 1580 1515 1605 an.
1545 1569 1637 1605 1721
1666 1569 1841 1617 pontifex
1877 1573 2034 1606 creatus
2059 1569 2134 1606 fuit

1174 1623 1427 1661 Innocentius
1442 1624 1547 1668 XIII,
1563 1627 1683 1660 antea
1698 1623 1872 1660 Michael
1891 1623 2069 1670 Angelus
2082 1623 2132 1660 de

1174 1678 1406 1722 Comitibus,
1434 1688 1635 1722 romanus,
1656 1688 1770 1725 quem
1791 1680 1953 1725 praeter
1975 1677 2132 1714 clarita-

1175 1735 1256 1768 tem
1284 1732 1468 1779 generis,
1496 1743 1517 1768 e
1546 1743 1620 1779 quo
1647 1732 1781 1779 plures
1808 1730 2023 1768 Pontifices
2050 1729 2133 1767 nati

1175 1789 1288 1830 sunt,
1315 1796 1483 1822 munera
1508 1796 1659 1833 quoque
1687 1785 1792 1821 domi
1818 1785 1991 1833 forisque
2018 1788 2134 1832 gesta

1175 1850 1361 1887 supremo
1381 1840 1529 1875 honore
1548 1839 1708 1886 dignum
1737 1839 1948 1876 faciebant.
1970 1838 2013 1874 In
2030 1839 2134 1886 Apo-

1175 1893 1315 1930 stolica
1329 1894 1431 1930 Sede
1451 1893 1869 1941 collocatus‚prudenti
1887 1892 2051 1929 consilio
2069 1903 2135 1940 op-

1177 1948 1294 1985 timos
1320 1949 1393 1985 sibi
1419 1948 1670 1985 administros
1696 1948 1830 1995 elegit.
1848 1946 2061 1984 Mitissimo
2078 1946 2135 1982 in·

1176 2003 1294 2048 genio
1321 2002 1538 2050 praedItus,
1566 2013 1634 2038 nec
1653 2000 1910 2038 mansuetudo
1929 1999 2137 2048 integrita-

1175 2060 1250 2092 tem
1276 2056 1478 2105 corrupit,
1506 2068 1574 2093 nec
1602 2055 1813 2104 integritas
1840 2053 2134 2091 mansuetudini

1176 2111 1411 2159 repuynucit
1428 2112 1456 2145 2.
1472 2111 1527 2147 Ut
1552 2110 1724 2146 dlvinam
1743 2120 1858 2157 opem
1878 2119 1948 2154 pro
1967 2108 2135 2145 salutari

1175 2165 1375 2202 Ecclesiae
1388 2165 1580 2212 regimine
1592 2175 1788 2211 conseque
1795 2163 2134 2209 vetui-‚lubilaeum

1178 2219 1317 2256 indixit
1343 2225 1383 2256 et
1408 2219 1583 2266 publicas
1609 2217 1918 2266 supplicationes
1941 2217 2134 2254 decrevit.

1179 2276 1341 2312 Festum
1368 2286 1420 2311 ss.
1443 2273 1624 2310 Nominis
1651 2273 1737 2309 Iesu
1763 2273 1961 2310 dominica
1986 2273 2018 2309 11
2045 2276 2135 2321 post

1176 2329 1439 2377 Epiphaniam
1466 2328 1515 2365 ab
1549 2328 1738 2364 universa
1762 2327 1946 2365 Ecclesia
1971 2331 2134 2376 quotan-

1178 2385 1237 2420 nis
1264 2384 1460 2421 celcbrari
1487 2383 1684 2419 voluit.-—
1701 2382 1857 2420 Cultum
1883 2383 2134 2419 immemora-

1178 2439 1293 2475 bilem
1325 2439 1369 2474 B.
1405 2438 1593 2475 Andreae
1622 2438 1670 2474 de
1700 2437 1933 2483 Comitibus,
1963 2437 2134 2475 Alexan-

1177 2493 1237 2529 dri
1264 2493 1315 2529 IV
1344 2493 1481 2529 fratris
1506 2493 1600 2536 filio,
1628 2491 1787 2528 Ordinis
1813 2492 2014 2528 Minor-um
2033 2520 2042 2537 ‚
2068 2502 2136 2540 ap-

1180 2547 1373 2596 probavit.
1397 2568 1436 2574 —-
1459 2546 1715 2594 Disciplinam
1749 2545 2062 2583 ecclesiasticam
2097 2545 2135 2582 in

1181 2613 1304 2649 regno
1343 2601 1561 2650 Hispaniae
1596 2600 1814 2648 composuit
1847 2599 2134 2638 Constitutione

1177 2655 1400 2704 Apostolict‘
1414 2654 1643 2700 ministerii,
1660 2664 1775 2703 quam
1792 2653 2029 2691 Benedictus
2042 2653 2133 2690 XIII

1179 2711 1217 2745 in
1246 2711 1428 2746 Romana
1457 2709 1606 2759 synodo
1633 2720 1696 2745 an.
1729 2708 1822 2745 1725
1847 2707 1897 2744 ad
1923 2711 2049 2744 totnm
2075 2718 2138 2743 or-

1181 2765 1267 2801 bem
1301 2763 1490 2801 extendit.
1520 2764 1663 2801 Carolo
1692 2761 1924 2811 imperatori
1950 2761 2003 2797 VI
2029 2761 2138 2799 inve-

1179 2819 1362 2855 stituram
1390 2818 1503 2866 regni
1530 2818 1734 2866 utriusque
1753 2816 1912 2853 Siciliae
1931 2819 1972 2853 et
1997 2815 2136 2852 Hiero-

1180 2873 1407 2921 solymitani
1425 2873 1606 2909 contulit.
1622 2872 1781 2908 Nullum
1798 2869 2071 2919 praetermisit
2084 2869 2138 2905 of-

1182 2928 1325 2973 ficium,
1342 2932 1385 2964 ut
1403 2928 1601 2976 principes
1621 2927 1857 2964 christianos
1875 2925 2072 2963 excitaret
2087 2923 2138 2961 ad

1181 2993 1297 3029 opem
1324 2982 1528 3019 serendam
1552 2982 1746 3030 equitibus
1764 2979 2139 3028 Hierosolymitanis

1180 3049 1248 3073 scu
1276 3037 1551 3074 Melitensibus
1569 3037 1761 3074 adversus
1778 3036 1951 3081 Tui-cas,
1969 3034 2138 3071 insulam

1182 3091 1362 3128 Melitam
1384 3096 1494 3130 terra
1512 3092 1687 3140 marique
1705 3101 1938 3140 oppugnare
1954 3089 2136 3128 minitan-

1228 3199 1235 3219 ¹
1261 3201 1418 3241 liasilcau,
1438 3201 1501 3233 loc.
1520 3201 1578 3234 cit.

1226 3245 1239 3267 ⁴2
1257 3244 1292 3279 S.
1311 3247 1447 3288 August.
1466 3246 1576 3289 Epist.
1594 3245 1639 3279 43
1655 3246 1735 3280 alias
1753 3245 1832 3286 10-2,
1849 3253 1878 3279 c.
1899 3245 1931 3286 5,
1949 3243 1965 3289 ἕ
1982 3243 2035 3278 16.
