2241 3473
335 108 410 149 122

277 184 548 231 decreverunt,
567 183 664 222 illud
692 183 972 221 celebrandum
1001 182 1225 221 Florentiae

277 238 343 275 vel
357 238 479 284 Utini;
496 237 648 286 reliqua
667 247 770 285 pars,
790 235 873 274 fere
894 248 915 274 e
935 235 1095 274 secundi
1116 235 1226 273 ordi-

277 290 338 328 nis
358 290 624 328 sacerdotibus
653 289 882 337 composita,
913 289 1012 326 duce
1032 289 1225 326 cardinali

280 343 490 389 Ludovico,
512 341 746 388 Arelatensi,
766 342 982 389 constituit,
1002 341 1101 379 illud
1121 342 1226 379 cele-

280 397 473 435 brandum
494 395 674 433 Basileae
694 397 764 432 aut
784 395 987 434 Avenione
1006 395 1072 433 vel
1090 395 1130 432 in
1150 395 1227 434 Sa-

280 449 435 495 baudia3
457 449 644 486 Pontifex
663 460 758 486 vero
778 449 922 496 locum,
942 462 965 487 a
984 448 1131 498 legatis
1149 448 1227 486 suis

280 513 367 540 cum
407 502 574 540 sanioris
611 503 735 551 partis
775 514 934 540 assensu
965 503 1227 551 designatum,

280 555 472 604 probavit,
492 555 592 604 quod
613 557 751 604 gratus
770 558 872 594 esset
893 556 1051 593 Graecis
1071 557 1111 594 et
1131 567 1225 593 con-

280 611 489 646 sentaneus
509 608 632 657 pactis
652 620 743 646 cum
762 610 809 647 iis
830 609 947 648 initis.

332 661 364 698 E
384 661 499 699 dictis
518 664 580 699 sat
600 664 722 710 patet,
744 667 886 700 cuneta
899 661 1076 700 Basileae
1091 663 1226 700 contra

279 715 341 753 ius
357 714 461 754 facta
479 717 519 752 et
537 714 652 753 irrita
671 727 756 753 esse
775 727 875 765 quae
897 718 1032 753 contra
1052 714 1224 763 dignita-

278 770 358 806 tem
395 770 435 806 et
471 768 747 806 auctoritatem
786 769 1027 819 pontificiam
1065 767 1226 806 fuerunt

276 823 450 868 tentata3
479 821 604 860 multo
637 822 779 860 clarius
810 825 896 871 post
923 834 1014 860 sess.
1036 821 1152 859 XXV
1179 833 1223 859 o-

277 875 377 912 mnis
396 874 564 924 legitimi
592 876 741 913 concilii
776 876 992 914 auctoritas
1013 874 1225 913 Basileensi

279 928 442 967 concilio
478 929 634 967 sublata
663 929 911 978 conspicitur.
962 929 1091 971 Quum
1121 928 1223 966 enim

281 981 565 1020 Basileensium
593 981 713 1021 factio
742 983 981 1032 accepisset,
1004 982 1224 1030 Eugenium

280 1035 337 1072 IV
365 1035 564 1074 decretum
594 1036 641 1074 de
670 1036 928 1075 translatione
955 1035 1110 1073 concilii
1133 1046 1224 1084 pro-

281 1089 407 1136 basse,
422 1090 611 1128 adversus
626 1101 717 1128 eum
735 1090 896 1136 exarsit,
912 1091 952 1127 et
968 1100 1061 1127 sess.
1075 1089 1226 1134 XXVI,

283 1142 407 1191 pridie
421 1142 602 1182 calendas
619 1143 785 1190 sextilis,
802 1143 1111 1181 reclamantibus
1128 1142 1226 1179 Pon-

282 1194 401 1235 tificis
428 1194 572 1246 legatis
598 1198 637 1235 et
666 1196 859 1246 plerisque
879 1197 1077 1243 Patribus,
1100 1196 1228 1244 Euge—

285 1249 391 1287 nium
412 1250 481 1298 Pp.
503 1250 716 1289 multorum
736 1251 947 1288 criminum
968 1249 1174 1288 accusavit
1191 1252 1230 1285 et

284 1302 389 1341 intra
416 1302 468 1340 60
496 1304 576 1341 dies
605 1303 644 1341 in
672 1303 731 1341 ius
753 1304 921 1342 vocavit.
944 1304 1092 1341 Eadem
1112 1302 1230 1341 factio

285 1368 376 1394 sess.
398 1356 567 1403 XXVII,
583 1360 644 1394 vi0
660 1357 843 1395 calendas
859 1357 1027 1395 octobris
1039 1386 1048 1401 ,
1064 1355 1232 1394 transla-

283 1409 430 1447 tionem
443 1410 594 1448 coneilii
606 1410 758 1449 irritam
766 1410 878 1457 dixit,
892 1413 932 1448 et
949 1409 1231 1453 sess.XXVIII,

284 1463 453 1501 calendis
481 1463 662 1510 octobris,
691 1464 865 1513 praeside
882 1464 1051 1512 Georgio
1079 1463 1232 1512 episco-

284 1529 332 1567 po
360 1517 515 1556 Visensi
548 1517 587 1555 in
620 1517 831 1567 Hispania,
860 1517 1080 1566 Eugenium
1111 1516 1234 1554 decla-

282 1571 387 1609 ravit
423 1574 708 1618 contumacem,
735 1571 837 1620 quod
867 1571 974 1609 intra
1002 1570 1234 1608 constitutos

284 1624 366 1663 dies
385 1636 460 1662 non
477 1624 772 1673 comparuisset.
794 1625 944 1662 Verum
965 1636 1014 1662 ex
1034 1636 1112 1673 quo
1130 1626 1234 1661 tem-

285 1690 377 1728 pore
415 1677 641 1716 Basileense
669 1677 876 1716 concilium
905 1678 944 1715 in
974 1675 1075 1716 duas
1103 1681 1235 1727 partes

284 1733 448 1770 scissum
476 1734 548 1779 est,
574 1732 847 1782 sigismundus
867 1731 1081 1781 imperator
1099 1736 1140 1769 et
1167 1729 1233 1768 alii

286 1785 479 1835 principes
498 1785 677 1836 plerique
692 1785 798 1825 illius
814 1787 944 1835 partes
965 1785 1234 1831 deseruerunt,

286 1839 448 1888 eiusque
477 1839 634 1878 decreta
665 1841 801 1877 contra
838 1838 1056 1889 Eugenium
1081 1838 1136 1876 IV
1163 1837 1235 1875 im-

287 1893 514 1942 probarunt.
545 1892 731 1932 Pontifex
759 1893 892 1931 autem
926 1892 1032 1931 edita
1062 1891 1234 1930 calendis

287 1946 455 1986 octobris
485 1946 587 1985 1437
615 1944 894 1985 constitutione
921 1946 1109 1984 Doctorz‘s
1133 1956 1234 1993 yen-

289 2001 406 2047 tium‚
421 1999 629 2038 concilium
643 1999 847 2041 transtulit
867 2000 1104 2038 Ferrariam.
1121 1999 1233 2036 Basi-

287 2053 477 2092 leensium
494 2065 588 2091 vero
600 2053 716 2092 factio
728 2054 919 2092 sessiones
933 2065 1026 2092 suas
1041 2064 1231 2103 prosecu-

287 2109 348 2153 ta,
367 2106 524 2145 tandem
553 2107 722 2146 schisma
742 2107 971 2156 complevit,
994 2110 1036 2145 ut
1056 2118 1126 2144 suo
1147 2106 1232 2145 loco

292 2160 507 2198 videbimus
524 2159 548 2198 ¹.

341 2213 645 2252 22.Florentz'n.
662 2214 892 2253 Concilium
905 2212 1232 2263 (an.1438)-1n-

289 2269 405 2306 terim
413 2268 456 2306 B.
469 2267 654 2306 Nicolaus
664 2267 869 2317 Albergati
885 2267 1107 2314 cardinalis,
1119 2279 1231 2315 quem

288 2322 488 2371 Eugenius
517 2321 587 2371 Pp.
616 2320 838 2359 Ferrariam
868 2322 917 2359 ad
947 2320 1153 2359 concilium
1172 2320 1230 2358 le-

290 2377 467 2425 gaverat,
494 2377 555 2412 Vl⁰
584 2374 672 2412 idus
700 2374 866 2412 ianuarii
895 2374 1009 2420 1438,
1028 2374 1172 2412 ibidem
1192 2374 1231 2411 in

291 2429 456 2468 ecclesia
476 2427 613 2467 maiori
635 2430 871 2466 conventum
888 2427 1039 2474 habuit,
1054 2439 1232 2476 praesen-

293 2483 396 2522 tibus
416 2483 441 2523 5
461 2481 770 2531 archiepiscopis,
794 2481 841 2519 18
861 2481 1050 2530 episcopis
1070 2481 1230 2528 aliisque

293 2535 494 2587 praelatis,
514 2536 555 2573 in
575 2547 649 2584 quo
668 2535 777 2573 lectis
796 2534 964 2584 Eugenii
985 2535 1141 2581 litteris,
1161 2534 1231 2572 de·-

292 2590 460 2629 claravit
479 2589 688 2627 concilium
712 2588 866 2628 Basilea
885 2588 1118 2626 translatum
1139 2587 1232 2627 Fer-

293 2644 438 2684 rariam
475 2643 523 2682 ad
562 2643 847 2693 procurandam
877 2642 1114 2680 Graecorum
1146 2652 1232 2678 cum

293 2698 470 2736 Ecclesia
503 2699 542 2735 et
575 2696 798 2746 Apostolica
828 2695 929 2733 Sede
961 2695 1152 2732 unionem.
1193 2695 1233 2731 Id

294 2751 419 2800 ipsum
436 2751 585 2790 factum
601 2750 714 2788 estin
731 2749 902 2788 sessione
918 2749 1052 2786 habita
1068 2748 1129 2786 1v⁰
1148 2748 1235 2785 idus

292 2806 464 2843 ciusdem
484 2804 638 2842 mensis.
651 2804 747 2842 Post
761 2804 807 2842 17
820 2802 901 2840 dies
920 2801 1146 2840 Ferrariam
1170 2813 1234 2839 ve-

295 2859 353 2896 nit
374 2858 572 2908 Eugenius
594 2858 664 2906 Pp.
686 2857 891 2906 pluresque
912 2868 1001 2893 cum
1022 2854 1233 2893 cardinali-

295 2911 384 2958 bus,
406 2911 588 2961 praelatis
609 2916 648 2949 et
669 2911 893 2949 doctoribus
912 2909 1237 2959 congregationes

297 2965 446 3013 habuit,
474 2966 512 3003 in
533 2965 671 3013 quibus
691 2965 738 3002 de
759 2963 1046 3002 Basileensibus
1066 2962 1238 3002 modeste

338 3070 348 3090 ¹
366 3070 478 3104 Lahhe.
497 3069 626 3107 Concu,
644 3073 663 3100 t.
687 3069 747 3106 xil,
762 3067 883 3108 p.459;
907 3065 1058 3106 Raynnld.
1073 3069 1103 3096 et
1125 3065 1238 3104 Spond.

301 3111 339 3141 ad
358 3121 407 3142 an.
427 3110 570 3151 ‘imi-37,
589 3111 774 3150 Muzzarelli,
789 3110 832 3142 De
855 3109 1049 3139 auctoritate
1064 3105 1099 3139 13.
1123 3106 1240 3145 I'oulis.

302 3156 321 3183 1.
338 3153 374 3187 Π,
392 3163 416 3183 c.
439 3153 483 3189 17;
502 3154 520 3183 Ι.
539 3155 570 3185 Β.
590 3153 702 3188 valum„
723 3151 874 3183 f’raelvct.
893 3149 969 3180 llis-t.
983 3149 1055 3180 cccl.
1073 3154 1090 3179 t.
1109 3149 1158 3188 IV,
1175 3158 1202 3189 p.
1220 3150 1243 3186 1,

303 3204 327 3226 c.
345 3195 373 3231 53
390 3195 420 3225 F.
440 3197 460 3226 Λ
487 3197 610 3227 Zaccnr.
630 3193 787 3234 Aulisebr.
805 3202 870 3234 par.
890 3192 926 3230 11,
944 3193 960 3223 i.
978 3191 1006 3231 4,
1023 3201 1049 3224 c.
1067 3190 1091 3224 3,

680 156 685 161 ,
744 119 898 145 EPOCHA
926 119 982 146 lx.
1011 118 1064 145 AB
1092 117 1220 145 1N1‘1'10
1246 117 1474 147 SGHISMA'HS
1503 120 1731 149 occmEN'rIs

1270 185 1432 231 questus
1460 186 1500 222 et
1518 186 1779 224 innocentiam
1798 196 1909 224 suam
1922 185 2094 224 ,testatus
2110 214 2123 232 ,
2139 196 2207 224 as-

1267 237 1403 283 seruit,
1432 249 1472 275 se
1499 239 1790 288 paratissimum
1818 250 1901 278 esse
1929 238 1979 276 ad
1997 237 2206 276 delendum

1269 289 1427 328 illorum
1448 291 1670 340 dissidium3
1691 292 1828 330 deinde
1849 291 2038 330 nonnulla
2057 291 2206 329 consti-

1269 343 1357 390 tuit,
1372 345 1602 392 praesertim
1622 346 1668 383 de
1687 345 1820 383 ordine
1837 344 1995 383 sedendi
2013 345 2053 382 in
2072 344 2206 383 conci-

1267 396 1330 434 lio.
1359 397 1460 436 Sess.
1490 398 1546 445 II,
1572 399 1816 447 praesidente
1832 398 2009 447 Eugenio
2028 400 2069 436 et
2086 408 2208 447 prae-

1268 450 1444 488 sentibus
1473 451 1524 488 72
1551 452 1752 501 episcopis,
1781 451 1914 489 habita
1931 450 2005 489 xv⁰
2025 450 2210 489 calendas

1269 504 1441 550 martias,
1461 504 1575 543 irrita
1595 505 1698 543 dicta
1725 507 1819 543 sunt
1846 516 1906 549 ea,
1933 515 2034 553 quae
2054 515 2078 542 a
2092 504 2207 542 Basi-

1269 558 1462 595 leensibus
1482 558 1522 595 in
1543 559 1592 596 R.
1613 557 1817 596 Pontificis
1843 557 2031 595 iniuriam
2050 556 2210 596 fuerant
2240 583 2241 586 =

1267 610 1426 648 decreta
1451 615 1520 650 aut
1539 612 1844 650 decernerentur
1859 640 1870 658 ,
1889 614 1930 648 et
1949 610 2210 657 declaratum,

1268 676 1345 710 eos,
1365 664 1429 713 qui
1448 665 1487 701 in
1507 665 1582 703 isto
1601 669 1714 703 coetu
1736 663 2096 714 perseveraverint,
2117 663 2212 701 inci—

1268 717 1371 755 disse
1388 717 1426 754 in
1436 730 1580 767 poenas
1595 721 1634 756 et
1651 729 1849 764 censuras,
1860 717 1899 755 in
1914 717 2068 756 decreto
2085 720 2214 755 trans-

1268 771 1424 808 lationis
1452 783 1669 820 expressas.
1698 772 1782 810 Hae
1810 771 1912 809 duae
1939 769 2130 808 sessiones
2169 770 2209 808 in

1268 824 1365 862 actis
1380 824 1567 863 Romanis
1582 825 1733 863 concilii
1748 823 1966 862 Florentini
1981 835 2057 862 non
2075 823 2211 873 legun-

1268 881 1348 923 tur,
1367 878 1469 926 quod
1488 879 1527 915 in
1546 879 1594 916 iis
1613 880 1660 916 de
1678 876 2212 927 principalivnegotimnimi-

1269 942 1357 968 rum
1386 932 1432 969 de
1460 933 1601 969 unione
1621 933 1859 970 Graecorum
1875 960 1886 976 ,
1906 942 1982 968 non
2001 929 2122 968 fuerit
2143 941 2213 968 ac-

1269 987 1366 1022 tum.
1383 985 1577 1023 Posthaec
1592 985 1818 1023 Ferrariam
1833 985 2082 1022 advenerunt
2092 983 2212 1022 Ioan-

1271 1051 1337 1076 nes
1367 1038 1628 1088 Palaeologus
1657 1039 1693 1076 II
1722 1039 1936 1088 imperator
1954 1037 2213 1083 Graecorum,

1271 1092 1456 1140 Iosephus
1475 1092 1699 1141 patriarcha
1717 1092 1783 1140 Cp.
1801 1121 1812 1138 ,
1831 1090 1989 1129 Marcus
2009 1092 2210 1139 metropo-

1271 1145 1341 1183 lita
1361 1145 1592 1194 Ephesinus,
1610 1146 1818 1183 Bessarion
1837 1145 2011 1183 Nicaeae
2030 1146 2071 1181 et
2086 1143 2214 1182 Isido-

1273 1211 1338 1236 rus
1371 1199 1536 1237 Russiae
1574 1198 1868 1248 archiepiscopi,
1901 1197 2046 1247 aliique
2081 1196 2214 1245 plures

1274 1253 1440 1301 praelati
1469 1253 1612 1291 Graeci
1641 1255 1682 1291 et
1711 1252 1785 1290 viri
1814 1249 2082 1290 ecclesiastici.
2104 1250 2216 1288 Tunc

1273 1307 1504 1356 praecipuae
1523 1306 1696 1344 Graecos
1715 1306 1817 1344 inter
1831 1307 1871 1344 et
1884 1305 2046 1343 Latinos
2061 1305 2197 1343 contro
2210 1323 2222 1332 -

1275 1360 1440 1406 versiae,
1466 1371 1605 1408 nempe
1625 1360 1673 1397 de
1693 1359 1938 1409 processione
1957 1357 2127 1407 Spiritus
2145 1356 2184 1395 S.
2204 1385 2214 1402 ,

1276 1414 1321 1451 de
1350 1425 1449 1462 pane
1477 1413 1750 1458 eucharistico,
1769 1413 1816 1450 de
1835 1412 1966 1461 poenis
1988 1409 2214 1460 Purgatorii

1274 1470 1313 1505 et
1341 1467 1389 1504 de
1417 1467 1468 1504 R.
1498 1466 1699 1504 Pontificis
1728 1466 1913 1515 primatu,
1941 1465 1990 1503 ab
2011 1464 2214 1512 utriusque

1275 1522 1398 1569 partis
1425 1520 1618 1569 theologis
1648 1522 1910 1568 pertractatae
1939 1521 2041 1557 sunt.
2070 1516 2220 1555 Deinde

1278 1573 1311 1611 1ξι
1326 1573 1466 1620 Sessio,
1478 1585 1556 1611 una
1571 1585 1658 1610 cum
1671 1573 1832 1611 Graecis
1848 1572 2026 1621 praeside
2039 1570 2216 1621 Eugenio

1279 1627 1347 1677 Pp.
1365 1656 1376 1674 ,
1391 1627 1526 1664 habita
1540 1626 1617 1665 fuit
1637 1626 1820 1676 postridie
1839 1637 1959 1664 nonas
1979 1624 2160 1671 octobris,
2179 1624 2218 1662 in

1276 1693 1354 1729 qua
1381 1680 1585 1719 Bessarion
1616 1679 1968 1718 luculentissimam
2000 1677 2217 1716 orationem

1276 1734 1369 1772 feeit
1396 1734 1444 1772 de
1472 1745 1616 1783 magno
1632 1733 1742 1772 Fidei
1756 1733 1926 1782 negotio,
1936 1736 2151 1780 omnesque
2170 1730 2219 1769 ad

1277 1788 1540 1826 constantiam
1559 1787 1598 1825 in
1627 1799 1674 1825 eo
1702 1786 1907 1825 tractando
1935 1786 2115 1824 hortatus
2149 1787 2220 1824 est.

1275 1844 1378 1881 Sess.
1398 1842 1448 1888 II,
1469 1844 1513 1878 νο
1532 1840 1618 1879 idus
1637 1840 1822 1887 octobris,
1836 1839 2013 1893 Andreas
2025 1837 2221 1888 archiepi-

1274 1907 1412 1945 scopus
1439 1894 1617 1933 Rhodius
1645 1893 1799 1932 nomine
1826 1892 2059 1933 Latinorum
2073 1891 2223 1931 oratio·-

1275 1962 1363 1988 nem
1391 1949 1542 1996 habuit,
1570 1948 1830 1997 convenitque
1857 1947 1961 1985 inter
1992 1946 2146 1992 Patres,
2181 1946 2224 1983 ut

1274 2004 1299 2042 6
1331 2003 1527 2051 utrimque
1556 2002 1670 2039 electi
1698 2001 1773 2039 viri
1804 2001 1850 2038 de
1869 1998 2130 2039 controversis
2157 2007 2222 2037 ar-

1274 2057 1405 2095 ticulis
1434 2057 1688 2105 disputarent.
1720 2055 1804 2093 Hae
1832 2053 2114 2102 disputationes
2133 2063 2221 2090 coe-

1275 2113 1363 2160 ptae
1392 2112 1482 2148 sunt
1510 2121 1603 2147 sess.
1633 2109 1689 2146 III
1719 2107 1843 2158 pridie
1872 2107 1957 2145 idus
1985 2105 2166 2151 octobris,
2183 2108 2222 2144 et

1274 2164 1522 2202 continuatae
1555 2163 1600 2200 13
1629 2162 1866 2200 sessionibus
1891 2159 2155 2209 sequentibus,
2175 2159 2224 2198 ab

1273 2219 1400 2256 idibus
1428 2217 1596 2254 octobris
1628 2227 1751 2264 usque
1780 2216 1828 2253 ad
1858 2219 1931 2252 ivm
1964 2214 2053 2252 idus
2085 2213 2224 2252 ianua.-

1274 2272 1321 2309 rii
1366 2271 1466 2309 1439
1509 2270 1728 2308 celebratis.
1763 2268 1923 2307 Interim
1962 2266 2225 2305 invalescente

1273 2327 1312 2363 in
1341 2325 1436 2362 urbe
1456 2322 1642 2361 Ferraria
1671 2322 1915 2371 pestilentia,
1935 2320 2135 2370 Eugenius
2154 2318 2224 2358 ,IV

1273 2378 1481 2416 concilium
1516 2376 1721 2415 transtulit
1746 2374 1986 2414 Florentiam
2003 2403 2014 2421 ,
2035 2373 2099 2412 ubi
2128 2373 2223 2412 reli-

1272 2444 1372 2481 quae
1393 2442 1534 2468 novem
1554 2430 1744 2468 sessiones
1763 2429 1921 2468 habitae
1940 2430 2046 2474 sunt,
2063 2427 2226 2467 etundc

1274 2488 1344 2523 hoc
1360 2484 1580 2530 concilium,
1601 2483 1782 2532 quamvis
1798 2482 2003 2521 Ferrariae
2022 2484 2201 2531 coeptum
2215 2509 2225 2527 ‚

1275 2539 1394 2587 vulgo
1415 2538 1689 2575 Florentinum
1709 2536 1949 2585 appellatum
1968 2537 2038 2574 est.
2144 2567 2147 2571 .

1327 2592 1428 2629 Sess.
1453 2591 1564 2628 XVII
1584 2595 1624 2628 et
1643 2591 1666 2628 8
1687 2589 1950 2638 sequentibus,
1970 2601 1992 2626 a
2018 2586 2079 2626 1v⁰
2099 2587 2227 2627 calen-

1276 2647 1344 2683 das
1378 2645 1510 2682 martii
1542 2656 1662 2692 usque
1696 2643 1743 2682 ad
1778 2650 1850 2682 1x¹¹¹
1875 2642 2057 2680 calendas
2091 2641 2226 2690 aprilis

1278 2699 1433 2744 habitis,
1462 2699 1745 2747 disputationes
1774 2697 1935 2734 fuerunt
1953 2694 2222 2740 continuatae,

1278 2756 1364 2802 post
1391 2764 1488 2801 quas
1516 2752 1749 2797 Graeci,uno
1778 2750 1912 2788 Marco
1935 2748 2134 2798 Ephesino
2153 2759 2225 2786 ex-

1279 2809 1499 2856 cepto,cum
1513 2805 1663 2843 Latinis
1682 2805 1965 2843 consenserunt
1980 2802 2026 2840 de
2043 2801 2222 2840 articulis

1279 2859 1551 2904 controversis,
1567 2862 1608 2896 et
1622 2870 1713 2896 sess.
1735 2856 1863 2902 XXV,
1883 2855 2006 2905 pridie
2034 2867 2153 2894 nonas
2173 2854 2228 2892 iu·

1279 2915 1332 2960 lii,
1355 2913 1505 2951 unionis
1531 2913 1734 2950 decretum
1756 2921 1896 2960 graece
1926 2912 1966 2947 et
1985 2909 2105 2947 latine
2125 2919 2224 2947 exa-

1282 2973 1424 3012 ratum,
1453 2966 1715 3014 subscriptum
1743 2968 1861 3012 atque
1890 2963 2031 3000 lectum
2062 2962 2151 3007 fuit,
2182 2962 2220 3000 in

1281 3034 1356 3071 quo
1385 3023 1409 3058 4
1438 3025 1643 3068 sequentes
1663 3018 1818 3056 articuli
1838 3017 1885 3055 ab
1906 3016 2085 3054 omnibus
2105 3016 2224 3054 Chri-

1282 3074 1415 3113 stianis
1443 3073 1622 3111 credendi
1642 3075 1681 3110 et
1700 3069 1934 3120 suscipiendi
1963 3069 2226 3107 definiuntur:

1288 3128 1545 3176 1⁰,Spiritum
1561 3127 1598 3164 S.
1622 3125 1830 3175 procedere
1850 3135 1897 3161 cx
1921 3123 2040 3160 Patre
2060 3127 2100 3160 et
2119 3122 2221 3161 Filio

1285 3188 1471 3232 tanquam
1494 3181 1541 3219 ab
1563 3179 1675 3218 unico
1698 3178 1882 3229 principio
1903 3179 1943 3215 et
1963 3176 2078 3215 unica
2099 3175 2226 3228 spira-
