2241 3473
481 133 618 164 stvE
640 133 695 162 AD
716 133 934 165 PVBLICAM
956 130 1106 161 RERVM
1127 130 1169 160 IN
1190 132 1362 162 GALLns
1383 130 1705 162 SVBVERSIONEM

124 207 229 255 lege,
253 207 297 241 ut
323 203 385 240 isti
412 203 561 239 fructus
587 203 910 250 dispensarentur
936 211 1071 239 secun-

127 261 220 297 dum
254 268 448 295 canonum
481 261 650 302 statuta;
679 258 750 294 sibi
778 262 911 294 tamen
937 256 983 293 52
1010 255 1073 291 be-

131 312 273 350 neficia
306 311 550 354 reservavit;
580 316 621 348 et
647 323 718 348 rex
745 311 793 347 ad
820 308 1074 348 resarcienda

123 366 379 408 detrimenta,
400 376 500 412 quae
520 364 608 402 inde
628 365 851 413 patiebatur
870 364 981 400 curia
1000 363 1074 398 Ro-

123 420 264 462 mana',
290 418 327 455 ei
354 423 505 455 certam
534 419 724 466 pecuniae
751 427 944 454 summam
971 427 1074 453 asse-

123 474 212 510 ruit.
233 472 309 509 Sed
336 484 424 509 cum
454 473 653 520 republica
672 473 828 509 Veneta
847 481 971 517 grave
991 481 1074 507 cer-

124 531 256 564 tamen
281 525 431 563 habuit.
461 527 519 562 Ea
544 526 683 574 quippe
703 537 805 562 anno
827 525 917 561 1754
935 524 1072 567 vetuit,

123 591 172 618 ne
187 581 346 617 litterae
363 580 588 628 pontificiae
603 579 760 616 effectui
775 578 980 621 darentur,
999 577 1074 613 nisi

125 634 234 682 prius
259 645 281 670 a
310 634 504 681 regimine
532 633 636 669 civili
664 633 864 680 cognitae,
883 641 1009 679 neque
1036 630 1076 665 in

127 692 328 735 posterum
349 686 630 734 indulgentiae,
650 686 859 734 privilegia
877 685 1074 726 altarium,

125 742 304 789 variique
329 741 489 788 generis
513 739 826 789 dispensationes
853 743 893 776 et
919 749 1076 775 conces-

127 796 258 833 siones
282 805 306 831 a
333 794 522 831 pontifice
557 798 789 842 peterentur·
821 796 890 829 aut
924 792 1076 839 accipe-

126 853 278 892 rentur,
298 847 372 884 nisi
397 848 466 884 sub
494 847 614 885 certis
632 847 932 884 conditionibus.
951 846 1076 882 Bene-

125 902 253 939 dictus
271 901 363 938 XIV
384 901 684 949 Rempublicam
711 901 901 948 gravibus
920 898 1077 936 monitis

127 966 363 1005 permovere
384 959 550 992 conatus
576 959 637 992 est
663 955 711 991 ad
737 955 900 992 decreta
926 955 1003 990 ista
1019 964 1077 989 re-

124 1009 317 1047 vocanda.
347 1009 518 1046 Senatus
543 1009 736 1053 Venetus,
765 1009 857 1045 licet
883 1010 1077 1044 contesta-

126 1067 186 1101 tus
212 1063 277 1109 sit,
304 1063 376 1100 sibi
403 1063 562 1099 minime
581 1063 620 1099 in
647 1063 778 1099 animo
804 1062 925 1099 fuisse
945 1065 1078 1098 aucto-

125 1118 286 1155 ritatem
311 1117 552 1165 pontificiam
571 1127 666 1154 suae
685 1117 895 1161 subiicere,
914 1115 1078 1153 decreta

124 1174 258 1209 tamen
291 1183 366 1208 non
400 1172 614 1209 revocavit.
651 1171 903 1219 Quapropter
944 1170 1076 1206 Ponti-

123 1225 188 1262 fex
216 1236 352 1263 omnes
383 1226 664 1262 conventiones
695 1223 995 1261 commerciales
1022 1223 1075 1258 in-

124 1282 186 1316 ter
209 1291 302 1317 suos
319 1283 360 1317 et
378 1280 634 1327 Reipublicae
652 1278 826 1316 subditos
845 1278 1017 1321 sustulit,
1037 1281 1078 1314 et

122 1333 320 1370 mercibus
337 1332 555 1370 venetianis
570 1333 724 1369 maiora
748 1332 962 1379 vectigalia
988 1342 1077 1367 con-

122 1385 262 1423 stituit·
287 1388 471 1425 Clemens
496 1398 592 1424 vero
618 1387 723 1428 Xlll,
745 1386 828 1423 eius
855 1395 1078 1428 successor,

122 1441 283 1478 natione
309 1441 502 1485 Venetus,
529 1451 553 1477 a
581 1440 801 1488 Republica
826 1438 1079 1487 impetravit,

121 1498 165 1530 ut
191 1493 355 1532 decreta
379 1495 458 1532 ista
483 1498 707 1532 revocaret.

174 1547 398 1586 Praeterea
431 1548 670 1586 Benedictus
696 1547 789 1584 XIV
817 1546 1082 1583 Beatificatio-

126 1612 196 1638 nes
215 1606 255 1639 et
273 1603 602 1640 Canonizationes
631 1602 777 1638 SSrum
805 1601 943 1638 statuit
969 1610 1081 1648 pera-

126 1655 276 1701 gendas
294 1668 385 1693 esse
401 1656 438 1692 in
458 1656 557 1693 aede
577 1655 772 1703 Principis
783 1654 1077 1702 Apostolorum.

125 1708 398 1747 Elisabetham
426 1710 670 1757 Aragoniae‚
699 1709 889 1744 loannam
917 1707 1081 1744 Franci-

124 1774 234 1799 scam
274 1764 451 1801 Fremiot
484 1764 532 1801 de
566 1763 762 1807 Chantal,
799 1762 1079 1799 institutricem

126 1817 358 1854 Monialium
394 1829 418 1855 a
450 1818 689 1855 Visitatione
721 1830 753 1854 s.
783 1816 964 1859 Mariae,
991 1815 1080 1850 Ale-

125 1870 318 1907 xandrum
353 1872 527 1908 SauIIum
547 1901 555 1916 ‚
583 1872 869 1920 Hieronymum
904 1868 1079 1905 AEmilia-

124 1935 218 1961 num
245 1924 458 1962 Patritium
472 1926 685 1970 Venetum,
707 1924 959 1962 fundatorem
978 1923 1082 1960 Con—

127 1989 186 2025 gr.
207 1979 462 2024 Somaschae,
482 1979 689 2028 Iosephum
709 1991 732 2016 a
750 1979 883 2015 Matre
898 1976 1081 2021 Dei‚fun·

126 2030 303 2069 datorem
337 2033 569 2070 Scholarum
604 2033 767 2070 Piarum
786 2061 795 2077 ,
822 2031 1029 2078 Iosephum
1056 2039 1078 2066 a

126 2085 344 2134 Cupertino
382 2087 642 2125 Sacerdotem
673 2086 1003 2126 Conventualium
1040 2084 1080 2119 in

126 2138 341 2177 Beatorum
368 2142 603 2189 Catalogum
624 2142 771 2187 retulit3
792 2141 898 2177 inter
913 2140 1081 2176 Sanctos

126 2204 223 2230 vero
250 2194 427 2232 Fidelem
447 2206 470 2231 a
490 2195 759 2243 Sigmaringa,
777 2192 966 2241 Capucin.
984 2191 1079 2227 Pro-

128 2250 391 2296 tomartyrem
418 2250 458 2285 S.
484 2249 530 2287 C.
557 2249 604 2286 de
624 2249 797 2296 Propag-
817 2245 1081 2291 Fide‚Camil-

129 2299 208 2336 lum
231 2301 278 2338 de
297 2302 455 2347 Lellis1‚
472 2302 635 2339 Petrum
654 2303 891 2350 Regalatum
912 2300 960 2336 de
981 2299 1078 2336 Min.

128 2352 221 2390 Obs.
233 2382 241 2398 ,
267 2355 475 2403 Iosephum
495 2367 518 2392 a
535 2356 728 2393 Leonissa
745 2355 935 2402 Capucin.
953 2357 994 2390 et
1011 2353 1082 2390 Ca-

131 2405 327 2444 tharinam
353 2408 403 2446 de
429 2409 575 2445 Ricciis
602 2410 918 2451 Dominicanam,
945 2406 1084 2442 inscri-

129 2460 220 2507 psit·
249 2461 394 2497 Ratum
422 2473 572 2510 quoque
590 2463 700 2499 iussit
719 2463 866 2499 cultum
885 2460 1083 2509 publicum

129 2513 179 2550 ab
197 2513 497 2551 immemorabili
514 2516 726 2553 exhibitum
745 2517 791 2552 B.
813 2516 984 2551 Ioannae
1005 2513 1083 2549 Va-

130 2567 251 2605 lesiae
286 2569 480 2605 Francor.
514 2569 654 2616 Regin.
690 2574 730 2607 et
761 2570 797 2605 b.
826 2568 993 2605 Nicolao
1019 2566 1084 2601 Al-

129 2620 296 2669 bergato
323 2623 549 2660 Cartusian.
576 2624 616 2659 S.
644 2623 693 2659 R.
720 2624 765 2660 E.
793 2622 909 2661 Card.
926 2650 935 2666 ,
959 2621 1084 2656 Bono-

129 2675 256 2713 niens.
283 2677 447 2721 Antist.‚
474 2677 513 2713 b.
540 2677 754 2714 Benedicto
781 2689 804 2714 a
829 2689 863 2713 s.
892 2674 1085 2712 Philadel-

131 2728 246 2776 phio,
272 2730 478 2767 Francisc.
508 2730 623 2775 laico,
649 2731 767 2779 vulgo
791 2731 897 2766 dicto
923 2729 953 2765 it
986 2729 1084 2766 San-

130 2783 170 2819 to
202 2794 295 2820 nero
315 2812 324 2828 ‚
350 2796 372 2821 e
406 2784 632 2831 parentibus
659 2796 707 2821 ex
733 2784 944 2832 Aethiopia
971 2786 1086 2819 natus

132 2837 171 2873 in
199 2839 434 2875 servitutem
462 2838 501 2874 in
526 2839 695 2875 insulam
715 2839 873 2875 Siciliae
893 2837 1082 2874 abductis.

129 2891 390 2930 Confirmavit
416 2892 680 2939 indulgentias
706 2902 730 2927 a
755 2891 968 2928 Benedicto
996 2891 1085 2927 XIII

133 2956 344 2984 concessas
371 2946 437 2990 iis,
455 2945 519 2993 qui
539 2945 797 2992 antiphonam
823 2945 992 2992 Anyelus
1010 2945 1089 2982 Do-

135 3000 233 3036 mini
259 3010 379 3036 mane
394 3027 403 3044 ‚
422 2998 587 3035 meridie
606 3008 652 3034 ac
670 3009 837 3046 vespere
858 2999 1087 3043 recitarent,

134 3054 326 3102 simulque
361 3052 591 3101 praecepit,
626 3056 670 3088 ut
705 3051 838 3088 diebus
873 3052 1089 3091 Dominicis

134 3107 273 3145 stando
303 3107 507 3153 dicerent;
537 3110 715 3155 tempore
743 3109 877 3143 autern
906 3105 1089 3143 Paschali

179 3229 190 3251 ¹
211 3227 253 3260 De
270 3236 334 3270 quo
352 3225 417 3260 vid.
437 3235 469 3269 p.
490 3225 568 3260 193.

1938 117 2018 160 283

1122 200 1286 249 singulis
1324 201 1461 239 diebus
1494 199 1633 238 stando
1667 198 1886 236 recitarent
1916 197 2073 244 Regina

1122 254 1233 293 Coeli
1260 267 1348 293 cum
1375 267 1481 294 vers.
1507 259 1548 293 et
1573 253 1734 303 propria
1760 252 1953 289 oratione.
1976 251 2076 288 Pon·

1125 309 1265 347 tificale
1304 310 1503 354 correxit,
1537 313 1578 346 et
1611 308 1658 345 de
1698 305 1946 344 emendando
1980 306 2078 343 Bre-

1124 362 1248 399 viario
1282 363 1386 399 serio
1421 362 1623 411 cogitavit.
1662 361 1776 398 Diem
1809 360 1985 397 natalem
2018 370 2072 396 ss.

1123 417 1262 463 Apost.
1291 416 1401 454 Petri
1430 421 1470 454 et
1496 416 1607 452 Pauli
1639 427 1712 463 per
1741 417 1862 451 totam
1889 417 2074 450 octavam

1123 470 1355 507 solemniter
1389 469 1583 507 celebrari
1618 467 1848 512 mandavit,
1882 467 2077 504 ordinem-

1126 535 1199 571 que
1233 528 1274 561 et
1299 523 1457 560 modum
1491 524 1530 559 in
1563 522 1729 559 diversis
1754 521 1873 559 Urbis
1898 519 2079 558 ecclesiis

1125 578 1350 615 celebrandi
1371 577 1626 625 praescripsit
1638 576 1926 614 Constitutione
1941 574 2079 611 Admi-

1124 631 1266 667 rabilis
1285 630 1534 679 Sapientiae.
1554 631 1593 666 S.
1616 629 1761 666 Leonis
1781 630 1793 665 Ι
1813 631 2077 676 cognomento

1128 683 1275 731 Mayni
1293 684 1475 721 Officium
1503 683 1748 730 Missamque
1768 683 1843 718 ritu
1863 683 2076 718 Doctorum

1126 738 1320 774 celebrari
1345 737 1476 782 iussit;
1505 749 1537 773 s.
1565 737 1821 773 Franciscum
1857 735 2077 772 Xaverium

1126 791 1164 827 in
1183 792 1363 828 omnibus
1387 791 1586 827 Indiarum
1607 790 1834 837 regionibus
1860 788 2077 836 principem

1126 849 1337 892 patronum
1363 845 1500 881 haberi
1525 844 1661 880 voluit.
1690 843 1918 880 Lusitaniae
1944 853 2082 879 sacer-

1125 899 1293 943 dotibus,
1313 897 1642 947 quemadmodum
1662 901 1703 934 et
1721 897 1921 946 Hispanis,
1937 895 2079 945 permi-

1125 953 1176 990 sit
1203 956 1264 990 ter
1286 954 1433 991 Missae
1457 951 1703 990 Sacrificium
1730 951 1864 988 facere
1885 950 1948 988 die
1966 950 2081 988 Com-

1127 1007 1424 1044 memorationis
1457 1006 1632 1044 omnium
1672 1004 1846 1041 fidelium
1880 1004 2080 1041 defuncto-

1128 1073 1212 1098 rum
1236 1064 1264 1095 ¹.
1296 1062 1471 1109 Regulas
1512 1064 1552 1098 et
1586 1059 1884 1097 constitutiones
1924 1057 2082 1095 admisit

1127 1116 1372 1153 Clericorum
1401 1116 1740 1152 Discalceatorum
1767 1112 1967 1149 Passionis
1994 1112 2081 1149 Iesu

1128 1169 1295 1215 Christi3
1321 1170 1578 1217 militiamque
1612 1180 1644 1205 s.
1672 1167 1845 1204 Ianuarii
1871 1166 2081 1203 confirma·

1128 1224 1184 1261 vit
1211 1225 1259 1261 ab
1292 1224 1497 1272 utriusque
1524 1223 1682 1261 Siciliae
1708 1223 1820 1270 Rege
1846 1220 2080 1258 institutam.

1129 1278 1330 1315 Salutaria
1361 1279 1484 1314 multa
1507 1276 1686 1315 decrevit
1711 1276 1760 1312 ad
1786 1278 1936 1313 rectam
1962 1274 2081 1311 totius

1130 1333 1363 1371 Pontificiae
1389 1333 1549 1369 ditionis
1575 1331 1921 1380 gubernationem,
1947 1329 2082 1378 ampli-

1129 1386 1247 1424 ficato
1275 1386 1530 1431 commercio,
1551 1384 1780 1433 iudiciisque
1806 1382 1957 1422 rectius
1982 1381 2084 1420 ordi-

1129 1441 1231 1478 natis
1248 1443 1276 1474 2.

1177 1494 1365 1533 Car-olum
1405 1493 1646 1530 Borbonium
1682 1492 1886 1539 utriusque
1924 1490 2083 1528 Siciliae

1130 1548 1282 1595 Regem
1305 1547 1494 1592 Veletris,
1513 1558 1587 1595 quo
1615 1547 1654 1582 in
1680 1545 1821 1594 oppido
1846 1544 1937 1582 belli
1962 1554 2082 1582 causa

1130 1601 1195 1638 diu
1220 1602 1364 1645 fuerat,
1381 1612 1484 1638 anno
1504 1601 1594 1637 1744
1613 1600 1780 1636 Romam
1799 1610 1849 1636 ex
1866 1598 2083 1648 improviso

1131 1655 1350 1703 profectum
1366 1683 1374 1699 ‚
1411 1654 1574 1703 pedibus
1599 1654 1681 1690 suis
1706 1652 1844 1690 oscula
1868 1653 1993 1700 figere
2020 1662 2085 1688 cu-

1130 1711 1317 1758 pientem,
1339 1713 1508 1758 paterna
1530 1708 1688 1745 omnino
1709 1707 1988 1744 benevolentia
2013 1717 2080 1743 ex-

1130 1764 1254 1812 cepit,
1281 1767 1319 1801 et
1345 1774 1461 1811 quam
1497 1761 1671 1799 maxima
1701 1761 1828 1810 potuit
1857 1772 1928 1809 per
1954 1760 1992 1796 id
2017 1760 2084 1796 ho-

1131 1829 1294 1863 rarum,
1333 1818 1471 1865 quibus
1503 1817 1544 1853 in
1577 1816 1686 1854 Urbe
1713 1815 1879 1860 mansit,
1914 1814 2083 1851 liberali-

1132 1875 1211 1908 tate
1236 1875 1498 1919 prosequutus
1524 1874 1596 1907 est.
1617 1869 1805 1906 Lusitano
1824 1868 1927 1916 Regi
1947 1867 2084 1905 Ioanni

1130 1926 1166 1960 V
1199 1925 1246 1962 de
1278 1925 1482 1963 Catholica
1513 1924 1745 1972 Religione,
1782 1926 1822 1960 et
1855 1922 2085 1970 Apostolica

1130 1979 1232 2016 Sede
1266 1979 1474 2025 praeclare
1512 1977 1681 2022 merito,
1718 1980 1758 2014 et
1789 1975 2085 2013 successoribus

1131 2032 1215 2069 eius
1240 2031 1488 2068 Ficlelissimi
1516 2031 1670 2068 titulum
1697 2030 1907 2068 concessit·
1935 2029 2085 2076 Magno

1131 2087 1327 2135 Magistro
1348 2085 1618 2123 Melitensium
1640 2085 1814 2134 equitum
1832 2094 1956 2121 ensem
1978 2083 2086 2120 misit

1132 2145 1172 2179 et
1188 2141 1371 2189 yalenam
1395 2139 1573 2188 praemia
1591 2139 1750 2177 fortium
1770 2139 1948 2175 virorum
1973 2141 2014 2175 et
2031 2139 2087 2174 in-

1132 2195 1302 2243 signium
1335 2194 1652 2242 propugnatione
1686 2204 1734 2230 ac
1765 2191 1992 2230 defensione
2026 2192 2085 2227 rei

1133 2249 1374 2286 christianae
1390 2250 1418 2282 3.
1446 2248 1553 2289 Quos
1579 2247 1740 2284 Liberos
1767 2246 2086 2284 Coementatores

1179 2356 1190 2377 ¹
1209 2355 1308 2394 Bona,
1329 2353 1456 2387 Rerum
1475 2352 1624 2395 liturgic.
1643 2352 1669 2386 l.
1688 2352 1716 2392 1,
1735 2361 1764 2388 c.
1785 2351 1839 2390 18,
1858 2350 1873 2395 ἓ
1892 2351 1924 2384 7.

1178 2398 1193 2422 2
1212 2400 1478 2443 Sapientissimae
1499 2399 1774 2439 Constitutiones,
1794 2406 1873 2440 quas
1891 2395 1988 2429 variis
2007 2399 2085 2430 tem-

1135 2446 1269 2490 poribus
1289 2446 1483 2478 Benedictus
1500 2444 1569 2477 XIV
1583 2445 1697 2484 edidit,
1711 2445 1742 2477 in
1763 2452 1860 2477 unum
1880 2451 1997 2484 corpus
2014 2443 2086 2477 col-

1139 2494 1252 2532 lectae,
1267 2492 1288 2525 4
1302 2493 1423 2533 magnis
1449 2491 1667 2524 voluminibus
1693 2491 1840 2533 vulgatae
1862 2488 1947 2532 typis
1967 2487 2084 2522 Roma·

1134 2538 1185 2572 nis
1204 2537 1457 2579 elegantissimis
1475 2537 1578 2570 fuere.

1177 2585 1192 2608 3
1208 2584 1300 2617 Unde
1325 2587 1358 2616 et
1375 2583 1501 2626 quando
1520 2587 1630 2616 natum
1649 2581 1776 2615 initium
1801 2580 1950 2614 mittendi
1975 2580 2011 2614 ad
2029 2580 2086 2613 im-

1134 2633 1301 2672 peratores
1319 2634 1438 2672 optime
1453 2629 1491 2662 de
1508 2631 1711 2672 propugnata
1724 2627 1885 2667 religione
1899 2626 2085 2661 Christiana

1135 2676 1266 2709 meritos
1286 2676 1425 2716 insignia
1441 2679 1625 2713 memorata,
1638 2681 1720 2716 quae
1735 2676 1826 2706 nocte
1839 2672 1959 2706 Cliristi
1980 2673 2086 2705 Domi·

1135 2722 1166 2754 ni
1185 2731 1201 2753 a
1221 2721 1350 2755 Summo
1364 2721 1521 2754 Pontifice
1539 2722 1784 2759 consecrantur,
1803 2719 1884 2751 haud
1902 2719 1981 2752 satis
1999 2727 2084 2751 com·

1134 2770 1275 2810 portum.
1296 2767 1427 2806 Quidam
1444 2766 1599 2806 originem
1619 2765 1741 2798 ducunt
1766 2774 1783 2796 a
1808 2765 1943 2797 Litteris
1960 2765 2079 2803 sacris3

1135 2813 1191 2845 alii
1211 2815 1377 2846 inventum
1404 2812 1592 2845 existimant
1625 2810 1816 2843 Pontificum
1851 2810 2083 2845 Romanorum.

1135 2858 1249 2892 Sixlus
1267 2860 1325 2901 Pp.
1344 2858 1384 2890 IV
1409 2862 1500 2890 vocat
1526 2857 1746 2899 approbatam
1772 2866 1817 2888 ss.
1839 2859 1996 2898 patrum,
2025 2856 2084 2889 Ιιοα

1136 2909 1186 2937 est
1203 2903 1715 2944 Ponuficum,consuetudinem,
1728 2903 1774 2934 uti
1792 2906 1880 2935 tenet
1894 2901 2082 2944 christoph.

1137 2950 1309 2983 Marcellus
1335 2949 1380 2991 (l.
1411 2950 1422 2981 1
1450 2948 1548 2981 Sacr.
1578 2947 1710 2981 Cerem.
1738 2947 1826 2980 Sess.
1855 2949 1887 2987 7,
1914 2955 1942 2980 c.
1970 2948 2003 2988 7,
2029 2956 2081 2989 ap.

1137 2993 1511 3038 Theopl1.Raynaud‚De
1528 2993 1646 3027 Gladio
1658 2996 1689 3026 et
1701 2993 1794 3027 Pileo
1808 3002 1825 3026 α
1842 2993 2002 3035 Pontifice
2017 2991 2086 3025 ini-

1138 3041 1243 3080 tiatis,
1263 3044 1343 3073 sect.
1359 3041 1390 3079 1,
1405 3038 1420 3084 ἓ
1435 3039 1484 3083 3).
1499 3039 1544 3072 Ibi
1563 3040 1715 3083 exprimit
1733 3038 2000 3080 significationem
2019 3046 2084 3080 my-

1138 3087 1248 3119 sticam
1269 3086 1369 3125 ensis,
1396 3085 1586 3128 subiicitque
1613 3084 1784 3118 verborum
1811 3083 1993 3124 formulam,
2020 3091 2084 3126 qua

1138 3132 1289 3165 Pontifex
1325 3131 1415 3163 illum
1443 3131 1568 3164 tradere
1593 3131 1774 3164 consuevit.
1805 3129 1918 3163 Franc.
1943 3129 2020 3171 Pagi
2050 3129 2083 3161 in

1144 3176 1218 3211 Vita
1245 3176 1364 3209 Urbani
1382 3175 1435 3216 VI,
1456 3176 1471 3221 Ξ
1489 3175 1529 3208 58
1549 3176 1669 3210 subdit:
1689 3188 1704 3205 «
1718 3175 1809 3209 Nunc
1826 3175 1905 3210 haec
1923 3174 2032 3215 (ensis
2049 3175 2082 3206 et

1133 3222 1229 3266 pilei)
1256 3222 1438 3257 benedictio
1465 3223 1500 3256 fit
1524 3223 1556 3256 in
1575 3230 1778 3266 quocumque
1803 3221 1886 3255 festo
1918 3218 2079 3259 solemni;
