2241 3473
221 124 301 164 416

509 135 676 163 EPOCHA'
697 135 783 161 XIII·
808 137 835 161 A
857 135 1036 162 PVBLICA
1058 134 1205 162 RERVM
1226 135 1267 161 IN
1290 135 1457 162 GALLIIS
1476 135 1766 164 SVBVERSIONE

174 207 219 244 lit
237 207 284 244 de
303 218 373 243 sua
392 207 584 244 electione
607 210 647 242 et
665 205 978 241 benedictionem
1005 216 1121 252 expo·
1169 216 1243 251 pax
1270 205 1423 248 redeat,
1450 208 1488 240 et
1515 205 1662 241 veritas
1680 217 1727 241 ac
1746 206 1895 243 iustitia
1913 205 2111 253 triumpho

170 261 350 303 stulavit;
371 265 431 295 ast
447 259 538 294 Pius
566 258 635 305 Pp.
652 258 721 300 IX,
744 259 862 294 Brevi
890 258 980 293 dato
999 257 1059 293 die
1078 258 1121 294 21

177 314 347 350 octobris
362 313 453 350 1858
472 312 519 347 ad
538 312 746 348 universos
762 312 871 358 regni
890 311 1120 348 Hollandiae

171 368 399 409 catholicos,
427 367 534 401 illum
562 366 937 408 excommunicavit,
961 365 1119 412 eiusque

175 422 406 458 electionem
428 419 581 454 irritam
603 419 834 455 declaravit.
856 419 1120 455 Nihilominus

171 475 232 510 hic
252 484 396 519 magna
415 484 501 508 cum
521 472 781 509 sollicitudine
801 484 823 509 a
841 472 1032 509 veteribus
1051 484 1117 508 cci-

169 526 398 569 tltolicis‚ut
424 526 678 562 Germaniam
707 527 1118 574 petei‘·et‚rogabatur,

172 592 247 616 non
274 580 387 615 modo
406 584 448 615 ut
467 581 614 616 fratres
629 581 897 625 confirmaret,
912 581 980 617 sed
997 581 1117 617 etiam

173 639 213 670 ut
233 634 398 681 aliquem
419 645 556 670 eorum
578 634 817 682 Episcopum
845 640 1117 679 consecraret,

175 699 221 723 eo
248 687 407 723 consilio
426 691 468 724 ut
497 689 592 724 sorti
620 699 716 724 suae
740 688 897 725 futurae
922 689 1118 737 prospice-

176 746 277 777 rent.
306 742 340 777 Is
367 742 404 777 in
436 742 663 778 vitationem
688 743 934 789 excipiebat:
963 756 1116 780 verum-

172 798 304 830 tamen
340 795 400 831 die
427 796 449 832 4
483 807 604 831 mens.
636 797 730 831 iunii
764 796 854 833 1873
889 798 990 834 diem
1025 798 1119 834 obiit

173 860 428 895 supremum,
467 854 559 885 tunc
592 850 745 896 quidem
783 852 993 897 temporis,
1031 863 1116 887 cum

173 904 317 938 veteres
332 902 524 938 catholici
543 903 580 938 in
598 903 744 939 violata
763 903 940 940 aedicula
960 906 997 940 S.
1018 905 1117 941 Pan-

172 955 364 999 taleonis‚
399 956 614 999 Coloniae,
651 957 857 1003 Iosephum
895 958 1115 994 Hubertum

169 1008 397 1045 Reinckens
424 1009 496 1045 sibi
515 1010 740 1057 episcopum
769 1012 991 1058 elegebant.
1015 1013 1117 1054 Qua-

171 1063 347 1099 mobrem
384 1064 485 1100 alter
525 1065 731 1112 episcopus
762 1065 977 1102 iansenista
1003 1079 1049 1104 eo
1075 1079 1114 1104 se

171 1118 331 1152 contulit
348 1118 562 1165 probrosae
578 1118 772 1155 missionis
790 1120 1011 1166 fungendae
1028 1133 1113 1157 cau-

168 1181 225 1206 sa.
262 1171 417 1208 Interea
452 1184 567 1219 quum
602 1172 663 1209 die
705 1174 748 1209 15
781 1173 982 1210 decembr.
1025 1175 1116 1213 1874

167 1235 281 1271 quem
309 1226 356 1261 ab
384 1226 595 1263 haereticis
626 1228 879 1264 renunciatus
910 1230 1028 1267 fuerit
1055 1242 1115 1267 ar-

167 1278 438 1328 chiepiscopus
458 1283 672 1319 iansenista
689 1284 993 1322 Ultraiectensis
1009 1287 1116 1323 Ioan-

167 1344 237 1369 nes
256 1335 482 1384 Heijkamp,
494 1338 525 1372 is
541 1348 659 1374 ausus
675 1344 734 1376 est
749 1341 795 1376 R.
808 1340 990 1377 Pontifici
1006 1354 1114 1378 suam

169 1387 402 1425 electionem
432 1391 690 1438 significare;
720 1399 759 1430 et
801 1394 891 1429 Pius
920 1396 973 1431 lX
1009 1396 1117 1432 brevi

169 1440 260 1477 dato
295 1443 356 1479 die
383 1445 425 1481 31
456 1447 588 1482 martii
618 1448 708 1484 1875
736 1460 825 1485 eum
855 1453 1117 1487 excommuni-

172 1497 299 1541 cavit,
326 1499 486 1547 eiusque
508 1502 740 1539 electionem
768 1503 922 1539 irritam
951 1516 1038 1542 esse
1057 1506 1118 1543 de-

171 1552 306 1588 crevit.
343 1554 403 1589 Ab
431 1566 477 1591 eo
499 1556 661 1603 posthac
696 1561 875 1604 tempore
895 1559 995 1594 haud
1016 1571 1119 1596 com-

170 1611 323 1652 pertum
357 1614 417 1644 est
436 1610 604 1646 relatam
633 1611 751 1647 fuisse
773 1612 812 1647 S.
838 1612 925 1648 Sedi
949 1614 1117 1661 aliquam

170 1660 390 1698 huiusmodi
419 1664 676 1709 electionem;
698 1678 821 1713 neque
838 1667 1061 1704 mirandum
1083 1682 1118 1706 e-

173 1714 236 1756 rit,
265 1716 296 1751 si
324 1717 557 1754 advertatur
585 1720 661 1754 iam
697 1721 745 1756 ab
772 1732 874 1756 anno
905 1722 997 1759 1877
1024 1726 1120 1760 oete-

168 1779 256 1804 ram
283 1771 571 1809 catholicorum
592 1775 829 1811 Germaniae
846 1775 1120 1822 ephemerides

171 1825 501 1870 praenuntiasse,
539 1828 775 1865 iansenistas
817 1830 1118 1868 ultraiectenses

169 1878 270 1913 velle
298 1878 335 1913 in
365 1885 567 1925 posterum
596 1888 635 1918 et
661 1882 734 1918 hoc
761 1884 941 1919 ultimum
961 1885 1116 1922 abrum-

170 1941 262 1975 pere
288 1931 485 1970 vinculum
509 1964 516 1977 ,
547 1947 619 1983 quo
649 1939 935 1984 praetexebant
961 1950 1003 1974 se
1023 1940 1120 1976 San-

173 1988 260 2020 ctae
289 1986 378 2022 Sedi
406 1988 522 2032 uniri,
548 1990 602 2025 ita
628 1994 670 2026 ut
699 2002 773 2025 non
802 1991 970 2037 amplius
998 1993 1046 2028 ab
1073 2006 1121 2031 ea

171 2043 757 2084 expeterentconfirmationem
767 2045 892 2080 omnis
908 2046 997 2081 novi
1010 2059 1120 2092 pseu-

172 2093 219 2128 do
247 2094 443 2143 aepiscopi
482 2098 529 2133 ab
561 2110 601 2134 se
629 2099 758 2135 electi·
785 2099 960 2147 Exiguus
988 2108 1118 2140 autem

171 2152 231 2183 est
247 2149 434 2186 eiusmodi
458 2151 666 2188 Pastorum
684 2165 795 2200 grex;
817 2165 905 2189 nam
924 2167 993 2201 pro
1013 2163 1121 2194 certo

170 2201 390 2239 habendum
401 2211 462 2241 est
477 2218 681 2242 numerum
700 2208 921 2244 huiusmodi
938 2209 1121 2248 schisma-

172 2257 338 2294 ticorum
367 2259 404 2295 in
432 2260 534 2296 diem
556 2261 746 2297 imminui.

217 2312 381 2356 Verum,
408 2315 597 2361 producto
620 2317 667 2352 ad
687 2318 889 2355 Summum
913 2320 1121 2358 Pontifica—

172 2370 250 2402 tum
286 2368 487 2405 Cardinali
516 2371 686 2407 [oachim
719 2372 836 2408 Peeci
856 2402 863 2415 ,
892 2375 953 2422 qui
982 2376 1123 2413 Leonis

173 2420 258 2457 Xlll
291 2435 432 2460 nomen
462 2427 707 2474 assumpsit,
737 2436 983 2465 memoratae
1012 2431 1126 2478 eplic-

171 2477 370 2522 meridcs,
398 2490 534 2516 mense
561 2481 734 2517 octobris
769 2483 860 2519 1878
883 2511 890 2525 ,
919 2484 1122 2530 epistolam

174 2532 392 2569 retulerunt
426 2533 474 2569 ad
503 2536 898 2582 congratulationem
928 2539 1124 2584 pertinen-

174 2590 264 2629 tem,
295 2594 333 2623 ct
359 2589 622 2636 subscriptam
643 2601 666 2626 a
685 2591 898 2638 suppositis
934 2593 1123 2641 archiepi-

175 2653 294 2688 scopo
323 2642 537 2679 iansenista
557 2645 830 2682 ultraiectensi
852 2646 996 2681 Ioanne
1018 2647 1126 2695 Heij-

175 2695 309 2744 kamp,
337 2701 377 2732 et
400 2698 596 2745 episcopis
616 2700 797 2746 Gaspare
826 2700 969 2735 Ainkel
989 2701 1125 2738 Harle-

174 2751 296 2785 mensi
314 2756 352 2786 ct
378 2752 557 2788 Cornelio
588 2753 807 2800 Diepeudat
842 2754 1122 2790 Davcnterien.

173 2804 245 2844 Qui
276 2804 366 2840 licet
393 2806 600 2842 videantur
623 2808 789 2843 Romani
815 2807 1019 2843 pontificis
1043 2807 1123 2842 Pri—

176 2862 322 2893 matum
345 2858 568 2903 admittere,
586 2866 715 2898 tamen
732 2863 815 2897 eius
833 2862 1124 2898 lnl'allibilitatis

175 2916 213 2947 ct
235 2912 512 2950 immaculatae
530 2916 706 2962 Virginis
727 2917 879 2952 Mariae
897 2916 1125 2963 conceptio—

174 2966 232 3000 nis·
259 2967 446 3013 dogmata
475 2976 677 3016 1·cspuunt;
701 2971 1024 3006 ulti-aic‹.·.tcnse1n
1045 2970 1124 3006 ian-

175 3021 375 3057 senianam
405 3024 613 3060 eeclesiam
643 3037 665 3060 a
694 3026 872 3060 Romana
902 3024 1002 3061 Scdc
1021 3024 1126 3061 desc-

176 3074 276 3109 cisse
307 3083 465 3123 negant,
495 3084 534 3113 et
561 3079 682 3114 Deum
713 3080 784 3113 hoe
815 3080 1047 3115 henclicium
1069 3091 1126 3114 ro-

178 3135 296 3172 gant,
326 3136 367 3164 nt
396 3132 551 3168 tandem
581 3133 787 3179 aliquando
817 3133 904 3168 huic
933 3133 1126 3170 ccclesiae

228 3248 232 3267 ¹
268 3250 386 3282 Vidi-sis
404 3251 445 3282 La
464 3251 604 3284 Scicnza
618 3263 644 3294 J:
661 3253 693 3284 [α
714 3252 891 3292 [rodestol.
911 3251 1124 3294 cx11,p.173.

1168 259 1361 294 donentur
1380 260 1407 290 1.
1437 258 1616 295 Perbelle
1643 259 1808 306 quadrat
1833 260 1882 296 ad
1909 261 2005 296 istos
2031 260 2112 296 ian-

1167 312 1349 348 senianos
1364 311 1560 359 adagium:
1579 312 1724 361 Vulpes
1735 312 1864 361 pilum
1882 315 2022 358 mutat,
2037 324 2114 350 non

1165 375 1290 401 mores
1309 370 1316 400 !

1212 413 1270 449 95.
1299 412 1504 449 Ecclesiae
1535 412 1756 449 Orientalis
1781 415 2017 451 siccius-Ex
2035 414 2108 459 his,

1166 477 1263 514 quae
1306 471 1424 503 antea
1454 467 1661 503 retulimus
1692 467 1739 504 de
1766 469 1959 504 ecclesiae
1986 469 2110 505 orien-

1167 520 1254 556 talis
1280 524 1387 557 statu
1401 524 1430 563 1,
1447 521 1563 557 facile
1582 521 1817 566 ostenditur,
1840 522 1923 558 eius
1939 523 2114 558 vexatio-

1167 585 1236 609 nes
1269 579 1399 610 ortum
1429 575 1575 611 habere
1603 587 1652 611 ex
1679 586 1816 611 amore
1842 577 2113 613 Constantino-

1167 629 1314 672 poleos‚
1345 629 1566 676 posthabita
1593 630 1734 665 Roma.
1754 631 1807 665 At
1825 641 1919 665 vero
1938 630 2030 666 dum
2049 630 2116 666 illa

1166 683 1346 720 Ecclesia
1373 684 1550 730 regimen
1581 683 1784 719 pontificis
1810 685 1939 720 vitare
1967 683 2110 730 studet,

1164 737 1299 773 incidit
1325 737 1364 772 in
1391 738 1601 784 imperium
1630 743 1847 781 turcarum,
1865 749 1912 774 eo
1938 738 2108 780 saevius,

1163 802 1236 838 quo
1264 791 1488 834 immanius,
1517 798 1556 828 et
1583 792 1741 828 tandem
1767 792 1816 828 ab
1842 792 1990 829 unitate
2017 792 2107 828 fidei

1163 845 1335 881 abscissa
1363 846 1490 881 veteri
1517 846 1666 892 gloriae
1694 846 1916 882 valedicere
1936 846 2102 893 cogitur.

1163 899 1237 935 Sed
1255 900 1433 935 Ecclesia
1449 900 1827 942 Romana,omuium
1843 900 2113 936 Ecclesiarum

1164 958 1291 989 mater
1316 958 1357 990 et
1383 953 1591 1000 magistra,
1620 954 1769 989 nullum
1796 965 1873 989 non
1900 957 2033 989 movet
2058 954 2112 990 la-

1165 1007 1303 1054 pidem,
1334 1011 1376 1044 ut
1401 1012 1461 1044 tot
1481 1013 1689 1055 tantaeque
1709 1008 1901 1044 ecclesiae
1922 1008 1971 1043 ad
1988 1007 2114 1054 pristi-

1166 1073 1253 1097 nam
1283 1062 1450 1108 gloriam
1478 1061 1824 1105 instaurarentur,
1853 1066 1892 1098 et
1919 1064 1998 1101 Leo
2026 1061 2114 1097 XIII

1163 1127 1324 1152 suorum
1343 1117 1654 1152 Antecessorum
1676 1116 1857 1163 exempla
1875 1120 2062 1163 sequutus
2078 1119 2118 1151 et

1169 1170 1282 1206 factis
1309 1174 1348 1206 et
1375 1171 1532 1217 scriptis
1560 1170 1743 1214 ostendit,
1764 1170 1867 1206 illius
1886 1168 2118 1216 magnitudo

1169 1236 1377 1272 numquam
1407 1236 1521 1272 posse
1550 1226 1830 1268 reflorescere,
1859 1224 1931 1260 nisi
1960 1236 2048 1261 cum
2076 1224 2115 1260 S.

1170 1279 1270 1316 Sede
1311 1280 1587 1327 coniungatur.
1623 1280 1838 1316 Testantur
1871 1279 2116 1329 propositum

1169 1338 1343 1370 nostrum
1372 1336 1574 1382 sequentia
1602 1336 1722 1370 facta.

1214 1388 1272 1424 De
1293 1389 1594 1425 neo-schismate
1613 1389 1715 1424 inter
1733 1388 1966 1424 Armenos—-
1983 1389 2121 1424 Arme-

1172 1454 1239 1478 nos
1274 1444 1351 1478 iam
1390 1443 1482 1479 alibi
1519 1443 1827 1479 memoravimus
1843 1442 1948 1478 2zhic
1982 1441 2029 1478 de
2060 1452 2121 1477 ca-

1171 1497 1327 1533 tholicis
1347 1502 1499 1533 tantum
1520 1508 1699 1544 agemus.
1715 1498 1867 1533 Horum
1887 1496 2001 1533 sedes
2021 1496 2123 1544 prin-

1171 1563 1262 1598 ceps
1289 1563 1480 1588 armenae
1503 1551 1731 1599 provinciae
1751 1550 2125 1598 Costantinopolita-

1174 1619 1242 1643 nae
1263 1607 1481 1643 constituta
1501 1609 1561 1643 est
1580 1617 1644 1642 an.
1666 1606 1769 1644 1830.
1797 1607 1900 1642 Ante
1929 1606 2002 1642 hoc
2029 1609 2124 1642 tem-

1173 1674 1240 1709 pus
1266 1661 1364 1697 haec
1393 1661 1599 1708 provincia
1626 1661 1663 1696 in
1685 1672 1726 1697 re
1745 1660 1940 1707 spirituali
1967 1671 1991 1696 a
2017 1659 2120 1696 Lati-

1172 1727 1243 1752 nae
1273 1715 1477 1752 Ecclesiae
1497 1715 1658 1750 Vicario
1685 1714 1910 1762 Apostolico
1930 1714 2125 1751 Constan-

1173 1769 1331 1817 tinopoli
1358 1769 1521 1805 sedente
1550 1769 1760 1816 pendebat;
1782 1769 1817 1803 in
1838 1779 1882 1804 re
1901 1767 2006 1803 civili
2026 1767 2123 1804 schi-

1173 1824 1430 1860 smaticorum
1458 1823 1717 1859 Patriarchae
1736 1822 1874 1859 subiici
1892 1822 2121 1869 cogebatur:

1173 1878 1494 1915 Ottomannicum
1510 1878 1615 1914 enim
1626 1877 1835 1924 imperium
1846 1876 1991 1912 nullum
2005 1875 2124 1911 alium

1172 1933 1329 1968 civilem
1363 1932 1640 1978 magistratum
1675 1942 1744 1978 pro
1772 1930 1960 1966 Armenis
1987 1929 2124 1966 admit-

1174 1987 1293 2023 tebat.
1322 1986 1432 2027 Quae
1468 1985 1659 2021 subiectio
1687 1985 1799 2031 iu'ges
1833 1989 1872 2020 et
1903 1984 2010 2020 feras
2038 1994 2124 2031 per-

1172 2040 1395 2077 secutiones
1414 2040 1451 2075 in
1471 2039 1688 2075 catholicos
1708 2038 1928 2085 progenuit:
1956 2047 2124 2084 quarum

1173 2094 1407 2141 gravissima
1427 2094 1597 2130 an 1827
1616 2093 1787 2130 excitata
1806 2103 1926 2139 usque
1953 2091 2001 2126 ad
2028 2101 2118 2126 aun.

1176 2149 1265 2186 1829
1292 2149 1460 2192 saeviit;
1505 2159 1578 2195 quo
1613 2158 1717 2183 anno
1744 2145 1908 2182 Armeni
1943 2144 2125 2182 catholici

1177 2203 1344 2239 maxime
1372 2203 1504 2239 vexati
1526 2206 1616 2238 sunt
1643 2213 1689 2237 ac
1718 2200 1826 2237 bonis
1853 2200 1960 2236 exuti
1987 2200 2025 2234 in
2045 2198 2125 2235 exi-

1176 2258 1265 2293 lium
1295 2257 1395 2304 pulsi
1421 2262 1536 2304 atque
1563 2256 1745 2303 dispersi·

1222 2310 1402 2347 Providis
1430 2310 1587 2346 tandem
1615 2310 1759 2346 Leonis
1785 2309 1857 2345 XII
1885 2312 1926 2345 et
1952 2308 2011 2344 Pii
2037 2308 2124 2345 VIII

1175 2366 1291 2408 euris,
1320 2377 1365 2401 ac
1401 2365 1599 2407 officiosis,
1629 2363 1858 2400 eorumdem
1888 2363 2123 2400 Pontificum

1175 2425 1341 2467 rogatu,
1378 2419 1546 2467 negotiis
1577 2430 1600 2454 a
1628 2419 1843 2454 Francisco
1880 2418 1908 2461 1,
1936 2417 2123 2454 Austriae

1175 2475 1430 2522 imperatore,
1450 2479 1488 2509 et
1508 2484 1530 2508 a
1548 2473 1691 2508 Carolo
1703 2473 1753 2516 X,
1772 2484 1865 2520 rege
1885 2472 2128 2516 Galliae‚su—

1174 2530 1341 2576 sceptis,
1367 2528 1548 2563 saltantis
1578 2526 1792 2562 Mahmoud
1813 2527 1865 2570 ΙΙ,
1892 2527 2053 2573 cognita
2080 2526 2122 2561 il-

1176 2585 1302 2619 lorum
1324 2583 1606 2619 catholicorum
1627 2581 1867 2624 innocentia,
1886 2592 1954 2617 eos
1973 2581 2020 2617 ab
2047 2580 2127 2617 exi-

1178 2639 1225 2673 lio
1247 2649 1440 2674 revocans
1458 2648 1508 2672 ex
1525 2636 1765 2672 schismatici
1791 2635 2041 2683 patriarchae
2063 2645 2126 2683 po-

1178 2696 1318 2728 testate
1339 2691 1483 2738 cripuit
1502 2720 1509 2732 ,
1545 2690 1778 2738 donavitque
1807 2691 1934 2726 cultus
1968 2690 2124 2726 liberta-

1178 2750 1241 2781 tc¹³.
1258 2747 1367 2781 'l‘unc
1386 2745 1477 2780 Pius
1496 2745 1582 2779 Vlll
1605 2745 1883 2780 constitutione
1897 2742 2008 2784 Quod
2029 2742 2125 2779 iam-

1176 2800 1244 2835 ‹licc
1271 2801 1292 2835 Γ)
1312 2800 1361 2836 iul
1381 2800 1486 2836 ,1830
1515 2800 1551 2833 in
1581 2799 1783 2845 provincia
1811 2800 1988 2833 Armena
2015 2797 2127 2844 Cpna

1177 2853 1308 2889 sedem
1326 2853 1719 2900 Arehiepiscopalem
1735 2851 2057 2889 etPrimatialem
2075 2850 2130 2886 in-

1177 2909 1310 2944 stituit.
1327 2909 1612 2944 Verumtamen
1637 2908 1836 2943 Sanctitas
1847 2908 1925 2943 Sua
1941 2916 2128 2952 expresse

1180 2969 1462 2999 reservaverat
1489 2963 1560 2998 sibi
1590 2968 1629 2999 et
1664 2961 1959 2998 successoribus
1985 2960 2065 2996 suis
2091 2960 2129 2995 in

1179 3022 1376 3063 posterum
1397 3017 1568 3058 sancire,
1590 3028 1688 3064 quae
1710 3017 1745 3052 in
1766 3015 1979 3052 constituta
2005 3014 2125 3051 eccle-

1177 3071 1338 3106 siastica
1367 3072 1570 3117 provincia
1600 3083 1668 3119 pro
1688 3075 1925 3117 temporum,
1955 3069 2127 3105 locorum

1226 3157 1229 3175 ¹
1262 3160 1328 3192 vui.
1357 3169 1408 3200 pp.
1437 3158 1493 3194 013,
1517 3159 1590 3193 15³7,
1614 3158 1691 3196 207,
1710 3155 1875 3194 2139-270,
1894 3155 1970 3186 3313.

1222 3200 1233 3219 ’·’
1255 3205 1377 3237 Vulrsis
1397 3214 1448 3246 pp.
1472 3205 1526 3242 31,
1549 3204 1602 3241 38,
1625 3204 1665 3233 66
1692 3213 1742 3245 sq,
1762 3200 1924 3233 ’.ΜΠ-908.

1222 3243 1235 3261 ³
1251 3250 1289 3283 cf
1307 3251 1438 3283 Bullar.
1460 3256 1484 3283 t.
1504 3250 1538 3289 V,
1558 3259 1588 3291 p.
1609 3249 1663 3282 53.
