2241 3473
601 191 728 222 VSQVE
757 191 810 218 AD
839 191 988 219 OBITVM
1016 191 1047 220 S.
1077 192 1238 220 IOANNIS
1266 192 1455 220 APOSTOLI

38 254 138 293 rium
159 253 322 304 adeptus
343 255 403 292 cst
422 253 541 301 Nero,
561 255 625 302 qui
645 254 754 292 initio
774 253 886 291 varia
906 254 983 291 rir-

37 307 134 346 tutis
153 308 365 357 specimina
386 307 504 353 dedit,
520 307 736 357 praeceptis
751 306 982 355 monitisque

37 361 207 399 Senecae
235 361 530 410 obtemperansg
552 365 686 410 postea
705 371 799 397 vero
820 361 982 396 teterri-

37 425 143 452 mum
164 414 407 452 crudelitatis
428 419 465 451 et
487 414 658 451 omnium
679 413 865 450 vitiorum
881 425 984 449 inon-

37 470 161 505 strum
181 467 318 505 evasit.
344 469 525 513 Matrem,
545 467 718 512 fratrem,
745 478 919 510 uxorem,
941 478 984 503 a-

34 520 182 567 mitam,
202 521 391 559 Senecam
412 523 699 570 praeceptorem
715 531 842 565 suum,
863 519 982 556 alios-

35 585 109 622 que
129 573 339 612 interemit.
353 574 591 612 Christianos
602 572 794 610 dirissime
810 584 984 621 persecu-

35 629 99 665 tus
118 630 189 673 est,
211 630 254 665 ut
273 627 374 665 infra
394 627 621 665 videbimus.

88 681 151 719 32.
174 682 222 719 B.
255 682 294 718 Γ.
316 682 479 718 Mare'ae
497 680 722 727 assumptio
738 679 846 716 -Eo
865 679 983 727 impe-

35 737 171 779 rante,
191 734 234 772 B.
256 734 457 783 Virginem
488 732 654 770 Mariam
684 732 983 779 obdormivisse,

37 788 254 837 complures
291 786 432 825 eruditi
461 785 654 832 sentiunt3
684 797 733 822 an
762 785 903 835 Ephesi
932 797 981 822 an

37 840 315 889 Hierosolymis
335 839 466 876 vivere
487 838 658 885 desierit,
679 851 754 876 non
770 839 883 889 plane
899 850 985 876 con-

36 896 127 932 stat.
145 894 267 931 Porro
283 893 329 930 de
345 892 578 930 Beatissima
598 892 761 941 Virgine
778 895 863 941 post
878 892 984 930 Chri-

35 946 85 984 sti
113 947 378 984 ascensionem
407 946 479 982 hoc
506 957 625 982 unum
646 957 666 982 e
682 945 895 994 Scripturis
915 957 982 982 sa-

36 999 114 1037 cris
134 999 331 1046 novimus,
352 999 452 1048 quod
472 998 752 1048 Hierosolymis
772 1011 858 1035 cum
879 999 984 1048 Apo-

34 1053 143 1091 stolis
171 1052 210 1090 in
239 1052 416 1090 oratione
444 1055 715 1102 perseveraret
735 1051 760 1090 ¹.
781 1051 888 1090 Nulli
909 1053 983 1089 du-

35 1106 152 1153 bium,
172 1107 265 1155 quin
286 1118 315 1144 s.
338 1106 501 1144 Ioannes
522 1105 796 1155 Evangelista,
815 1105 876 1143 cui
896 1105 984 1143 Sal-

35 1162 149 1198 vator
167 1171 188 1197 e
207 1171 323 1197 cruce
352 1161 514 1197 matrem
543 1171 654 1196 suam
673 1160 983 1205 commendarat,

35 1224 172 1251 curam
200 1213 308 1251 illius
327 1213 503 1263 gesserit.
524 1214 578 1250 At
597 1224 698 1261 quae
718 1213 900 1261 deinceps
919 1212 984 1249 vi-

34 1269 97 1304 tae
116 1266 200 1304 eius
219 1266 353 1312 series,
374 1266 452 1313 ubi,
469 1266 676 1314 quomodo,
693 1277 768 1314 quo
789 1278 891 1303 anno
911 1266 982 1303 ob-

34 1320 144 1367 ierit,
164 1322 270 1358 certo
297 1331 372 1357 non
394 1322 558 1357 constat.
580 1320 618 1357 S.
631 1319 883 1369 Epiphanius,
903 1331 982 1368 spe-

35 1376 135 1411 ctata
154 1373 342 1423 singulari
358 1373 509 1411 Mariae
526 1373 762 1411 excellentia
778 1376 817 1410 et
833 1374 982 1410 attento

33 1426 322 1476 Scripturarum
333 1426 669 1472 silentio,definire
685 1438 761 1463 non
777 1430 836 1464 est
851 1438 982 1473 ausus,

38 1480 206 1518 fueritne
243 1480 426 1518 defuncta
463 1482 503 1517 et
536 1479 689 1529 sepulta
717 1480 780 1517 vel
809 1492 832 1518 a
859 1482 984 1517 morte

38 1537 291 1584 praeservata
318 1533 344 1571 ².
365 1534 646 1572 Verumtamen
677 1545 700 1571 ‹<
720 1533 897 1572 Ecclesia
925 1545 983 1571 ca-

36 1586 200 1634 tholica,
220 1587 276 1625 ait
303 1587 494 1625 Baronius
507 1617 516 1634 ,
537 1586 683 1624 nullam
714 1587 760 1624 de
784 1587 891 1625 obitu
911 1587 983 1624 Dei

38 1640 248 1678 Genitricis
268 1640 547 1678 dubitationem
567 1640 758 1687 admittit3
778 1641 845 1678 sed
865 1652 983 1689 quam

38 1693 149 1731 novit
176 1694 372 1731 humanae
392 1696 557 1731 naturae
577 1696 817 1740 consortem,
837 1694 981 1731 huma-

36 1757 126 1784 nam
137 1746 284 1796 pariter
295 1746 482 1785 moriendi
495 1746 765 1785 necessitatem
780 1749 981 1797 expertam

35 1799 201 1838 affirmat
215 1798 230 1820 ³
245 1811 282 1838 ».

87 1853 161 1891 Pia
179 1853 470 1903 communisque
491 1853 773 1892 catholicorum
792 1853 985 1892 sententia

37 1908 108 1953 est,
126 1906 170 1945 B.
191 1906 240 1945 V.
260 1906 427 1944 Mariam
448 1909 534 1956 post
553 1907 701 1945 obitum
721 1919 811 1945 mox
833 1907 984 1945 redivi-

33 1971 81 1997 vo
108 1971 267 2010 corpore
304 1959 345 1997 in
388 1960 541 1998 coelum
579 1960 696 1998 fuisse
734 1962 983 2009 assumptam.

32 2012 158 2051 Multa
185 2012 340 2062 quidem
359 2013 407 2051 de
434 2013 516 2051 eius
536 2013 797 2062 assumptione
816 2025 983 2051 narran-

31 2068 97 2104 tur
114 2066 154 2104 in
173 2066 270 2104 libro
291 2079 314 2105 ‹<
334 2067 380 2104 de
401 2067 586 2105 Transitu
606 2066 781 2116 Virginis
801 2078 822 2104 »
836 2097 846 2114 ,
865 2066 983 2105 Meli-

32 2119 113 2157 toni
140 2120 287 2168 affict03
306 2121 374 2158 sed
401 2121 545 2158 librum
573 2120 692 2158 istum
711 2132 794 2158 esse
814 2132 982 2169 apocry-

33 2173 151 2223 phum
165 2203 176 2220 ,
203 2185 292 2211 cum
321 2173 476 2212 Gelasio
497 2175 568 2224 Pp.
588 2174 605 2211 Ι
626 2173 873 2212 consentiunt
893 2185 980 2212 om-

34 2238 102 2264 nes
132 2226 257 2276 periti.
287 2228 544 2277 Apocryphus
569 2227 688 2265 etiam
710 2231 770 2265 est
790 2228 931 2265 Sermo
953 2240 982 2266 s.

34 2279 277 2330 Hieronymi,
298 2281 364 2330 qui
385 2284 522 2319 contra
541 2281 586 2319 B.
604 2281 656 2319 M.
677 2281 725 2319 V.
747 2281 982 2330 assumptio-

33 2345 121 2370 nem
146 2334 360 2384 adlegatur.
391 2334 580 2376 Quamvis
609 2334 656 2372 de
686 2345 871 2383 corporea
891 2335 982 2373 Ma-

31 2386 112 2424 riae
132 2387 396 2437 assumptione
411 2388 554 2426 sileant
569 2387 710 2426 Patres
726 2387 898 2437 priorum
914 2388 983 2426 Ec-

34 2439 173 2477 clesiae
202 2441 445 2479 saeculorum
458 2471 467 2488 ,
485 2441 590 2491 piam
609 2443 739 2479 tamen
761 2442 806 2479 de
826 2453 872 2479 ea
891 2453 982 2479 sen-

35 2493 200 2530 tentiam
227 2494 303 2531 iam
332 2495 419 2532 inde
448 2507 471 2533 a
498 2494 653 2532 saeculo
681 2495 738 2532 VI
757 2494 796 2531 in
817 2498 982 2543 utraque

33 2546 208 2584 Ecclesia
227 2559 368 2596 graeca
387 2552 427 2586 et
445 2548 567 2586 latina
586 2548 702 2586 fuisse
727 2549 923 2597 receptam
943 2551 984 2586 et

32 2599 208 2649 deinceps
234 2603 455 2639 constanter
473 2601 674 2647 traditam,
688 2603 884 2639 testantur
905 2602 981 2639 Pa-

33 2654 112 2690 tres
141 2652 291 2691 mediae
319 2656 358 2692 et
385 2655 581 2704 sequentis
610 2655 768 2700 aetatis,
789 2654 982 2703 graeciae

33 2705 157 2744 latini.
187 2706 351 2745 Accedit
383 2708 585 2757 utriusque
610 2708 809 2746 Ecclesiae
829 2708 982 2756 praxis,

30 2759 70 2796 in
99 2770 176 2808 qua
203 2759 281 2798 iam
309 2760 398 2798 inde
429 2762 476 2798 ab
505 2762 614 2799 annis
638 2761 738 2799 1200
757 2765 796 2798 et
817 2761 982 2810 amplius

34 2812 174 2851 festum
223 2813 509 2862 Assumptionis
547 2815 782 2853 celebratur.
820 2815 982 2852 Accedit

31 2867 244 2905 communis
275 2867 447 2904 omnium
475 2867 683 2917 insignium
712 2867 981 2916 theologorum

31 2919 217 2958 doctrina.
231 2921 435 2959 Accedunt
451 2921 567 2958 etiam
583 2921 755 2959 rationes
771 2932 983 2969 congruen-

32 2972 122 3010 tiae.
136 2973 206 3011 His
217 2973 379 3023 aliisque
391 2974 587 3011 rationum
601 2974 806 3012 momentis
817 2985 980 3023 persua-

32 3037 97 3064 sus
116 3027 238 3065 omnis
250 3027 465 3065 catholicus
477 3027 580 3064 orbis
599 3027 834 3065 sententiam
845 3027 891 3064 de
904 3039 984 3065 cor-

32 3091 148 3128 porea
167 3080 212 3118 B.
224 3079 272 3119 V.
292 3080 345 3118 M.
368 3080 628 3130 assumptione
644 3080 844 3130 amplexus
860 3082 920 3118 est
933 3080 961 3121 ⁴¹.

73 3173 83 3194 ¹
103 3174 171 3205 Act.
188 3175 212 3213 1,
228 3174 275 3206 14.
292 3192 330 3197 -
344 3174 357 3196 ²
374 3174 511 3207 Haeres.
529 3173 642 3204 78.—³
655 3173 783 3206 Annal.
803 3176 850 3206 ad.
868 3185 916 3207 an.
932 3176 980 3207 48.

73 3215 87 3237 4
103 3216 231 3254 Suarez,
259 3216 368 3247 Theol.
392 3220 469 3256 part.
493 3216 551 3253 111,
576 3225 604 3255 q.
627 3215 683 3255 37,
700 3225 727 3246 a.
742 3215 780 3255 4,
797 3217 908 3256 disput.
925 3218 981 3255 213

34 3257 225 3296 Thomassin,
255 3258 445 3290 Tractatzcs
467 3259 508 3289 de
522 3257 634 3297 festis,
651 3256 670 3288 l.
686 3257 725 3296 11,
740 3267 767 3290 c.
783 3257 836 3297 20;
852 3259 980 3290 Benedi-

187 3310 437 3360 WOUTERS,
465 3311 492 3351 Ι.

1871 182 1919 221 17

1080 254 1207 296 Quum
1227 257 1312 305 post
1331 255 1500 294 medium
1521 254 1663 294 saeculi
1677 255 1794 294 XVII
1811 256 1974 296 Ioannes

1026 308 1071 345 de
1091 309 1266 357 Launoy,
1287 309 1421 347 doctor
1441 309 1685 356 Parisiensis,
1702 310 1763 347 vir
1780 309 1882 348 ultra
1897 322 1975 348 mo-

1027 361 1116 398 dum
1147 362 1324 408 criticus,
1346 362 1385 400 in
1416 362 1514 400 libro
1529 363 1588 401 De
1606 363 1866 401 conscribendo
1887 364 1973 401 Pa-

1027 415 1208 452 ressensis
1227 417 1415 453 ccclesiae
1430 417 1737 466 martyrologio,
1753 415 1875 454 multa
1889 428 1975 454 con-

1027 467 1222 515 gessisset,
1238 469 1377 516 quibus
1397 481 1581 518 corporea
1597 470 1786 519 Deiparae
1801 468 1975 519 Virginis

1027 521 1239 569 assumptio
1258 521 1294 557 in
1317 522 1478 559 dubium
1504 525 1725 569 vocaretur,
1745 523 1846 560 hanc
1866 534 1975 572 egre·

1026 573 1086 621 gie
1116 574 1364 611 vindicarunt
1394 574 1556 614 Ioannes
1584 576 1810 622 Gaudinus,
1841 575 1975 614 doctor

1025 626 1260 664 Sorbenicus
1279 626 1303 673 ¹,
1324 631 1363 664 et
1382 628 1484 665 alter
1510 629 1714 678 theologus
1742 628 1976 667 Serbonicus

1026 680 1096 716 sub
1126 680 1277 717 nomine
1307 692 1501 729 anonymo
1521 682 1773 729 L'Advocat,
1792 683 1831 720 in
1860 682 1975 720 docta

1026 733 1310 771 dissertatione.
1340 735 1453 771 Anno
1486 735 1585 772 1786
1614 736 1658 772 Ρ.
1688 735 1717 773 Ι.
1738 736 1916 781 Marant,
1935 735 1974 772 in

1028 786 1291 823 Universitate
1321 787 1557 824 Lovaniensi
1579 788 1762 826 historiae
1784 788 1974 826 ecclesia-

1026 839 1146 877 sticae
1175 839 1369 888 professor
1396 841 1549 889 regius,
1577 841 1615 878 in
1643 841 1742 878 libro
1772 843 1974 879 Dz'scussz'o

1028 892 1234 937 historica,
1255 905 1312 930 an
1327 894 1385 930 sit
1401 893 1447 930 de
1464 894 1545 943 fide
1564 899 1640 932 aut
1658 895 1801 932 saltem
1821 897 1880 933 ita
1895 906 1976 933 cer·-

1030 951 1116 982 tum
1136 951 1174 982 et
1193 946 1240 983 de
1258 951 1391 984 mente
1414 947 1640 991 Ecclesiae,
1662 947 1710 984 Β.
1741 948 1781 985 V.
1803 948 1860 986 M.
1881 959 1974 985 cor-

1025 1010 1123 1046 pore
1143 1000 1186 1036 in
1202 1001 1356 1037 coelum
1371 1005 1626 1049 assumptam
1641 1011 1724 1037 esse
1740 1003 1828 1047 etc.,
1844 1013 1976 1050 quam-

1028 1052 1085 1089 vis
1114 1053 1306 1101 expressis
1335 1053 1465 1090 verbis
1493 1064 1717 1102 corpoream
1738 1054 1975 1103 assumptio-

1028 1117 1114 1142 nem
1135 1117 1210 1142 non
1232 1106 1408 1155 negarit,
1428 1107 1531 1155 piam
1551 1109 1681 1144 tamen
1709 1106 1908 1145 Ecclesiae
1928 1107 1976 1145 de

1027 1170 1074 1196 ea
1101 1159 1389 1207 persuasionem
1421 1159 1678 1209 impugnavit.
1707 1160 1855 1198 Verum
1884 1160 1974 1198 Ma-

1027 1212 1142 1249 rantii
1162 1212 1395 1251 obiectiones
1409 1214 1448 1251 et
1463 1213 1710 1251 difficultates
1726 1213 1977 1251 confutarunt

1027 1265 1056 1303 I.
1077 1266 1122 1303 A.
1143 1265 1317 1313 Salmon,
1336 1266 1376 1303 in
1398 1266 1513 1304 Univ.
1535 1267 1684 1304 Lovan.
1711 1267 1750 1305 S.
1772 1267 1816 1304 T.
1838 1267 1976 1305 bacca-

1025 1318 1184 1357 laureus
1202 1316 1228 1365 ⁶²,
1257 1319 1302 1357 G.
1333 1319 1361 1357 I.
1392 1331 1468 1358 van
1489 1320 1562 1357 den
1583 1320 1773 1366 Baviere,
1795 1320 1834 1358 S.
1856 1320 1900 1358 T.
1926 1320 1973 1358 li-

1028 1369 1259 1419 centiatus³,
1279 1373 1375 1422 prof.
1395 1374 1450 1422 Ig.
1468 1385 1544 1411 van
1565 1374 1638 1411 den
1659 1373 1818 1411 Driesch
1833 1371 1860 1411 ⁴¹.

1079 1426 1141 1464 33.
1170 1427 1375 1465 Ecclesiae
1403 1428 1446 1465 z'n
1479 1427 1752 1465 Occz'dente—
1771 1425 1933 1464 Sublato
1954 1439 1975 1464 e

1027 1479 1125 1518 vivis
1146 1479 1306 1518 Claudio
1326 1480 1584 1529 imperatore,
1604 1481 1748 1518 Petrus
1776 1479 1976 1529 Apostolo-

1024 1545 1114 1570 rum
1133 1533 1308 1582 princeps
1329 1534 1495 1572 Romam
1515 1545 1715 1583 regressus
1735 1534 1795 1571 est
1822 1532 1847 1572 ⁵.
1878 1534 1975 1572 Cre-

1026 1587 1160 1624 dentes
1190 1587 1228 1624 in
1248 1587 1342 1625 Fide
1362 1587 1650 1634 corroboravit,
1670 1598 1882 1636 eorumque
1902 1598 1976 1624 nu-

1026 1652 1177 1678 merum
1204 1640 1243 1678 in
1270 1641 1380 1687 urbe,
1396 1639 1564 1690 locisque
1583 1639 1720 1678 vicinis
1740 1640 1864 1678 auxit.
1884 1640 1973 1678 Non

1025 1693 1064 1730 in
1093 1694 1174 1731 sola
1204 1694 1298 1731 urbe
1322 1693 1568 1740 consistebat,
1588 1694 1656 1731 sed
1675 1693 1823 1731 relictis
1841 1693 1894 1730 ibi
1914 1692 1974 1731 vi-

1027 1747 1154 1794 cariis,
1163 1747 1211 1785 ad
1226 1746 1555 1785 disseminandam
1571 1747 1823 1785 christianam
1837 1746 1976 1785 Fidem

1026 1800 1065 1838 in
1086 1801 1304 1849 provincias
1328 1801 1573 1838 excurrebat.
1595 1801 1809 1839 Praeterea
1828 1812 1849 1838 e
1868 1799 1977 1838 disci-

1027 1853 1126 1903 pulis
1163 1854 1242 1892 suis
1280 1854 1485 1901 delegabat
1512 1853 1579 1902 qui
1605 1854 1646 1891 in
1675 1853 1839 1891 diversis
1871 1852 1976 1890 Occi-

1027 1907 1152 1945 dentis
1181 1906 1388 1956 provinciis
1416 1907 1672 1956 Evangelium
1697 1906 1976 1945 annuntiarent

1025 1962 1065 1997 et
1093 1960 1400 1998 Christianorum
1429 1963 1560 1998 coetus
1588 1972 1657 1998 seu
1683 1959 1863 1998 ecclesias
1882 1959 1975 1998 fun-

1027 2014 1176 2051 darent.
1197 2015 1249 2052 Et
1269 2025 1387 2063 quum
1416 2016 1517 2051 esset
1541 2013 1725 2062 frequens
1744 2013 1976 2063 populorum

1026 2079 1046 2104 e
1066 2067 1276 2116 provinciis
1294 2067 1332 2104 in
1356 2067 1491 2104 urbem
1507 2067 1660 2117 imperii
1676 2067 1872 2105 dominam
1888 2078 1976 2104 con-

1026 2133 1181 2168 cursus,
1201 2120 1357 2170 Religio
1376 2121 1525 2158 Romae
1545 2132 1568 2158 a
1588 2121 1707 2158 Petro
1728 2119 1975 2167 annuntiata,

1026 2174 1233 2223 provinciis
1253 2176 1292 2211 et
1311 2173 1535 2211 civitatibus
1555 2174 1706 2223 imperii
1725 2173 1975 2223 significaba-

1025 2230 1101 2266 tur.
1132 2228 1193 2265 Ita
1221 2227 1369 2265 factum
1399 2229 1479 2274 est,
1499 2230 1542 2265 ut
1562 2240 1635 2265 non
1655 2227 1695 2264 in
1714 2227 1794 2265 solo
1814 2226 1975 2264 Oriente

1024 2282 1092 2319 sed
1120 2281 1238 2319 etiam
1258 2281 1298 2318 in
1319 2280 1529 2319 Occidente
1555 2281 1740 2319 ecclesiae
1759 2281 1893 2330 plures
1915 2281 1973 2318 A-

1024 2334 1262 2384 postolorum
1282 2337 1456 2383 tempore
1476 2334 1622 2372 fuerint
1642 2334 1846 2372 institutae
1860 2331 1886 2371 ⁶.

1025 2434 1090 2461 ctus
1115 2429 1189 2465 xlv,
1212 2429 1262 2459 De
1282 2428 1387 2468 festis
1409 2428 1448 2458 D.
1466 2428 1505 2460 N.
1522 2427 1549 2458 I.
1568 2428 1600 2458 G.
1618 2433 1652 2458 et
1665 2427 1704 2458 B.
1723 2426 1766 2458 M.
1786 2427 1819 2458 V.
1837 2429 1915 2466 part.
1933 2427 1974 2465 ll;

1026 2473 1146 2508 Baron.,
1158 2470 1286 2501 Annal.
1301 2470 1340 2500 ad
1354 2479 1404 2501 an.
1417 2469 1467 2508 48,
1480 2475 1509 2501 et
1522 2470 1642 2501 Adnot.
1656 2469 1696 2500 in
1706 2469 1812 2500 Mart.
1827 2469 1877 2499 XV
1890 2476 1972 2508 aug.;

1024 2514 1139 2553 Butler,
1154 2512 1230 2543 Vies
1246 2512 1304 2543 des
1321 2511 1380 2543 SS.
1397 2511 1435 2543 15
1451 2512 1666 2542 Aout.-Inter
1687 2510 1873 2541 recentiores
1896 2510 1975 2540 scri-

1023 2559 1128 2594 ptores
1152 2554 1214 2584 vid-
1231 2554 1312 2584 loan.
1336 2552 1374 2583 de
1398 2554 1496 2591 Luca,
1513 2551 1751 2584 L'Assunzione
1766 2550 1801 2582 di
1815 2550 1856 2582 M.
1871 2549 1927 2582 SS.
1944 2550 1974 2581 in

1023 2597 1097 2636 Eph.
1114 2595 1157 2627 La
1173 2595 1309 2626 Scienza
1322 2603 1337 2625 e
1354 2593 1385 2624 la
1399 2593 1492 2633 Fede,
1510 2593 1567 2625 vol.
1583 2594 1683 2631 vll-x,
1699 2592 1806 2632 Napoli
1824 2591 1973 2637 1869-70;

1024 2640 1056 2668 A.
1080 2637 1219 2675 Vaccari,
1241 2635 1285 2667 De
1307 2644 1463 2675 corporea
1487 2635 1644 2676 Deiparae
1666 2635 1828 2673 Assmnpt.
1846 2641 1879 2663 m
1895 2631 1972 2666 Coe-

1023 2680 1101 2716 lum,
1126 2680 1240 2709 Romae
1265 2677 1490 2709 1869.—Varia
1506 2677 1658 2716 postulata
1675 2675 1808 2706 Concilio
1825 2674 1974 2706 vaticano

1024 2721 1158 2751 exhibita
1181 2720 1264 2750 fuere
1287 2728 1344 2759 pro
1368 2718 1541 2749 definitione
1565 2717 1740 2757 dogmatica
1761 2716 1793 2747 B.
1810 2716 1847 2747 M.
1864 2716 1896 2747 V.
1912 2717 1975 2747 As-

1024 2765 1136 2801 sumpt.
1152 2762 1181 2791 in
1198 2761 1331 2792 Coelum.

1065 2802 1076 2823 1
1093 2801 1292 2842 Assumptio
1307 2802 1353 2832 M.
1371 2801 1406 2833 V.
1424 2800 1618 2837 vindicata,
1635 2799 1732 2830 Paris.
1749 2797 1840 2838 1670,
1855 2798 1953 2830 in-18.

1064 2844 1078 2865 2
1095 2843 1353 2885 Apoloqeticum
1384 2848 1561 2874 tentamen
1578 2850 1646 2881 pro
1668 2840 1845 2871 communi
1866 2840 1975 2871 Eccle-

1024 2886 1101 2917 siae
1117 2885 1366 2932 persuasione,
1391 2894 1461 2923 qua
1478 2883 1540 2923 pie
1561 2882 1720 2914 creditur
1734 2882 1774 2914 Β.
1792 2883 1828 2914 V.
1843 2882 1890 2914 M.
1905 2891 1976 2913 cor-

1021 2923 1783 3009 222?ees-2553²55²astd·.3.⁷.-8{22.2..2
1799 2964 1839 2996 Ρ.
1857 2964 1884 2996 1.
1901 2963 1976 2997 Μ..-

1026 3017 1122 3047 rant,
1139 3009 1320 3040 Discussio
1336 3007 1508 3039 historica
1523 3010 1579 3038 etc.
1596 3007 1720 3047 Brugis,
1734 3006 1812 3038 in—8.

1065 3053 1079 3075 4
1096 3051 1277 3082 Discussio
1307 3049 1539 3081 discussionis
1567 3048 1758 3080 historicae
1786 3047 1827 3078 P.
1850 3046 1876 3078 I.
1900 3047 1976 3080 Ma-

1025 3098 1110 3125 rant
1125 3096 1181 3124 etc.
1200 3092 1294 3123 Gand.
1312 3091 1407 3122 in-'18.

1065 3136 1080 3157 5
1096 3135 1138 3164 De
1153 3135 1212 3164 hoc
1229 3133 1365 3163 secundo
1382 3133 1463 3163 Petri
1478 3133 1604 3163 Romam
1621 3130 1754 3162 adventu
1769 3130 1904 3170 loquitur
1919 3131 1974 3161 La-

1027 3176 1169 3212 ctantius,
1191 3174 1223 3205 in
1246 3174 1314 3205 libr.
1339 3174 1388 3204 De
1410 3178 1512 3205 mort.
1524 3178 1734 3213 persecutor.
1752 3173 1904 3212 scribens,
1920 3173 1974 3203 Pe-

1025 3220 1104 3248 trum
1122 3218 1248 3247 Romam
1266 3216 1386 3246 venisse
1402 3215 1571 3254 imperante
1588 3216 1716 3246 Nerone.

1065 3259 1079 3281 6
1095 3258 1137 3289 Cf.
1153 3257 1352 3295 Schelstrate,
1368 3256 1476 3298 Antiq.
1493 3256 1602 3289 christ.
1617 3255 1637 3286 l.
1654 3257 1690 3295 ΙΙ,
1704 3256 1781 3287 Diss.
1795 3255 1818 3286 1.

1750 3308 1775 3345 3
