2241 3473
474 128 613 160 vSQVE
635 130 689 158 An
710 129 924 158 PVBLICAM
947 126 1096 157 RERVM
1118 127 1160 155 IN
1181 128 1350 158 GALLIIS
1371 127 1695 158 SVBVERSIONEM

117 201 380 240 dubitationes
398 202 439 236 et
455 201 679 249 propositas
693 201 943 250 quaestiones
957 201 1064 238 dedit

117 256 376 294 resolutiones
401 257 441 291 et
468 256 746 303 responsiones
772 266 971 303 congruas
985 258 1012 290 ¹.

167 310 223 348 38.
242 308 346 345 Lites
360 308 647 346 sansoniscicae
659 332 695 337 —
708 310 816 347 Lites
831 313 962 346 autern
979 310 1063 346 Ian-

117 362 345 407 senisticae‚
374 362 422 398 ab
448 363 560 399 aunis
586 363 734 412 aliquot
760 364 798 399 in
816 363 944 400 Gallia
962 363 1064 410 sopi-

118 422 199 461 tae,
228 417 388 453 ineunte
413 417 487 452 hoc
512 417 670 454 saeculo
697 417 940 454 revixerunt.
970 417 1064 458 Qui-

118 471 207 508 dam
226 470 412 508 sacerdos
430 472 476 509 ³10
493 471 717 508 doctoribus
736 470 961 508 Sorbonicis
978 482 1063 517 pro-

115 524 245 574 posuit
263 536 402 561 casum
421 525 702 568 conscientiae,
721 535 745 561 a
765 524 1007 568 Iansenistis,
1021 528 1063 561 ut

113 578 272 622 dicitur,
299 578 524 614 confictum:
552 590 627 626 quo
653 578 917 626 quaerebatur
944 589 994 614 an
1023 579 1059 613 in

112 642 229 669 sacro
257 631 516 668 confessionis
542 632 728 668 tribunali
746 631 952 668 absolvere
972 631 1065 668 lice—

114 690 178 723 ret
210 685 397 722 clericum
415 714 424 728 ,
455 685 518 733 qui
545 686 802 722 confiteretur
821 714 830 728 ‚
857 697 898 721 se
924 686 947 722 5
974 696 1063 732 pro-

113 740 331 789 positiones
346 738 1060 786 lanseniidamnare‚quemad1n0dum

113 804 182 830 eas
211 793 422 829 damnarat
439 793 633 837 Ecclesia;
653 797 842 841 quantum
861 796 994 829 autem
1015 793 1062 829 ad

114 847 264 884 factum
287 850 456 895 spectat,
471 858 519 883 an
535 858 605 883 eae
619 858 737 884 sensu
755 847 942 883 damnato
962 847 1000 882 in
1020 847 1062 883 li-

113 901 182 938 bro
194 901 364 938 lansenii
379 901 715 945 contineantur‚se
732 913 808 937 non
819 901 891 937 nisi
906 901 1064 948 religio-

111 966 198 992 sum
227 956 441 992 observare
468 955 682 992 silentium.
709 956 904 993 Doctores
920 955 1060 992 Serbo-

113 1009 190 1045 nici
208 1008 746 1057 responderunt‚huiusmodi
764 1009 955 1046 clericum
975 1020 1062 1046 esse

114 1062 410 1100 absolvendum.
438 1063 524 1098 Hoc
543 1073 791 1109 responsum,
811 1074 877 1099 an.
895 1063 987 1100 1702
1008 1067 1064 1111 ty-

113 1117 173 1166 pis
196 1116 418 1164 vulgatum,
438 1117 748 1153 Iansenistarum
767 1117 977 1153 audaciam
995 1127 1063 1153 au-

113 1170 172 1208 xit
189 1182 312 1221 eoque
331 1171 382 1207 ad
400 1170 614 1208 eludendas
628 1171 944 1208 Constitutiones
957 1172 1059 1218 Apo-

111 1225 273 1262 stolieas
296 1225 357 1262 usi
382 1229 484 1262 sunt.
513 1225 696 1263 Clemens
715 1225 788 1273 Pp.
807 1227 863 1262 XI
883 1237 945 1262 an.
966 1226 1059 1263 1703

113 1279 353 1316 sententiam
362 1280 683 1316 Sorbonistarum
695 1281 1062 1328 proscripsit-Eam-

113 1331 201 1369 dem
223 1333 462 1370 sententiam
481 1333 702 1371 Cardinalis
720 1334 767 1371 de
785 1334 978 1378 Noailles‚
999 1345 1062 1370 ar-

113 1386 385 1435 chiepiscopus
409 1387 663 1432 Parisiensis,
691 1389 834 1436 aliique
853 1388 965 1425 multi
983 1390 1064 1436 epi-

114 1441 222 1489 scopi
248 1441 418 1487 Galliae,
445 1442 616 1490 theologi
635 1442 755 1479 etiam
773 1444 1005 1479 Duacenses
1019 1447 1060 1479 et

117 1494 388 1533 Lovanienses
415 1497 591 1533 censuris
616 1497 740 1533 variis
762 1500 964 1533 notarunt.
985 1495 1062 1544 Ipsi

115 1547 299 1586 doctores
333 1550 538 1586 Sorbonici
568 1561 592 1587 a
617 1551 816 1587 Ludovico
844 1563 939 1598 rege
968 1550 1062 1586 XIV

117 1601 358 1640 decisionem
372 1615 484 1640 suam
500 1616 691 1641 revocare
707 1605 833 1642 eoacti
844 1608 948 1648 sunt,
963 1603 1063 1652 quod

117 1656 263 1704 reipsa,
289 1669 367 1694 uno
393 1662 559 1706 excepto
585 1658 796 1705 Petitpied,
824 1659 1018 1696 fecerunt.

162 1710 292 1752 Quum
316 1722 413 1748 vero
440 1712 682 1749 Iansenistae
703 1713 888 1749 continuo
907 1715 1065 1748 eonten-

115 1762 282 1809 derent,
316 1765 423 1801 circa
454 1766 601 1802 sactum
627 1766 809 1803 sufficere
837 1766 1063 1814 religiosum

115 1829 185 1854 seu
207 1819 477 1867 obsequiosum
496 1820 694 1857 silentium
714 1821 864 1869 hacque
882 1821 948 1857 via
966 1821 1065 1858 Con-

115 1871 338 1909 stitutiones
352 1873 591 1920 apostolicas
606 1874 827 1918 eluderent,
841 1874 1063 1910 doctrinam

115 1924 393 1962 Iansenianam
406 1927 445 1962 in
461 1926 577 1963 eorde
592 1938 661 1963 suo
673 1928 898 1964 retinebant
913 1927 1064 1964 etclam

115 1978 439 2016 disseminabant.
459 1980 642 2018 Clemens
662 1982 733 2025 XI,
753 1993 776 2018 a
794 1982 948 2018 Galliae
967 1991 1064 2027 rege

117 2035 157 2068 et
189 2033 387 2080 episcopis
419 2035 618 2071 nonnullis
651 2040 815 2082 rogatus
831 2065 839 2078 ,
874 2047 939 2072 an.
973 2035 1066 2072 1705

117 2085 274 2122 Bullam
291 2087 424 2144 efiidit,
448 2087 614 2124 Vincam
631 2088 791 2125 Domini
811 2089 1002 2127 Sabaoth,
1026 2089 1064 2124 in

118 2150 193 2186 qua
218 2141 526 2179 Constitutiones
542 2142 761 2180 Innocentii
779 2144 817 2179 X
837 2147 877 2180 et
894 2143 1064 2179 Alexan-

115 2193 177 2229 dri
203 2195 271 2231 v11
298 2195 560 2240 confirmavit,
588 2197 743 2234 litteras
768 2197 984 2237 Clementis
1010 2197 1065 2232 IX

116 2249 157 2282 et
182 2247 398 2285 Innocentii
424 2250 512 2293 XII,
529 2251 569 2286 in
588 2251 717 2287 forma
733 2251 875 2288 Brevis
892 2251 1018 2294 datas,
1043 2261 1066 2286 a

118 2299 227 2337 falsis
246 2302 556 2339 Iansenistarum
577 2304 965 2353 interpretationibus
982 2305 1065 2340 vin-

117 2352 277 2398 dicavit,
303 2355 524 2394 doctrinam
550 2358 588 2394 in
607 2360 733 2396 relato
753 2371 847 2396 casu
866 2359 1066 2396 conscien-

118 2407 197 2444 tIae
223 2419 453 2456 expressam
479 2411 708 2457 damnavit,
737 2414 1033 2462 declaravitque
1057 2443 1066 2457 ‚

119 2456 406 2521 «obedientiae
425 2492 434 2507 ‚
468 2476 567 2512 quae
598 2468 859 2514 praeinsertis
885 2468 1068 2516 apostoli-

119 2526 176 2551 cis
194 2516 536 2555 constitutionibus
553 2520 733 2566 debetur,
751 2523 982 2570 obsequioso
1001 2522 1065 2557 illo

117 2569 270 2606 silentio
297 2571 459 2608 minime
484 2574 672 2620 satisferi3
695 2576 763 2612 sed
781 2576 1010 2613 damnatum
1029 2576 1066 2611 in

118 2623 141 2658 5
155 2623 344 2669 praefatis
359 2627 686 2672 propositionibus
700 2630 872 2667 Iansenii
883 2631 972 2666 libri
982 2641 1066 2666 sen-

117 2687 220 2717 sum,
250 2689 363 2725 quem
391 2679 548 2716 illarum
574 2683 698 2719 verba
723 2695 818 2731 prae
850 2696 892 2720 se
918 2685 1063 2727 ferunt,

116 2733 160 2766 ut
185 2731 433 2778 praefertur,
460 2733 508 2770 ab
533 2736 713 2773 omnibus
742 2738 1067 2775 Christifidelibus

117 2787 162 2819 ut
183 2783 444 2831 haereticum,
463 2799 539 2824 non
557 2799 628 2826 ore
646 2792 786 2836 solum,
804 2792 872 2828 sed
891 2796 930 2828 et
948 2793 1065 2830 corde

119 2837 231 2873 reiici
257 2849 305 2874 ac
329 2839 510 2877 damnari
536 2842 694 2889 debere3
722 2858 795 2882 nee
821 2846 900 2882 alia
917 2850 1065 2892 mente,

119 2891 249 2927 animo
263 2896 332 2928 aut
346 2894 580 2933 credulitate
596 2909 717 2946 supra
730 2898 858 2936 dictae
873 2900 1065 2937 formulae

119 2944 310 2982 subscribi
336 2946 442 2985 licite
470 2961 583 2996 posse
598 2964 633 2985 »-
660 2952 770 2989 Haec
798 2954 912 2990 Bulla
929 2954 1065 2992 eodem

120 3007 224 3034 anno
250 3009 275 3036 a
299 3001 406 3037 clero
433 3003 638 3040 Gallicano
658 3005 696 3041 in
714 3008 884 3044 comitiis
902 3020 1065 3056 genera-

150 3114 177 3165 ·¹
203 3116 312 3150 Natal.
339 3120 514 3158 Alexand„
542 3122 628 3155 Hist.
657 3126 759 3164 ecch,
783 3126 946 3169 Suppleml
978 3133 1000 3160 l.
1023 3130 1064 3167 ΙΙ,

121 3159 206 3211 Diss.
218 3162 584 3208 4;Goorg.r1·a5‚111·st.
597 3173 803 3204 controvers.
819 3173 857 3205 cle
875 3175 996 3206 ritihus
1014 3176 1065 3209 Si-

121 3214 218 3247 7110183
245 3210 421 3250 Mamachi,
451 3211 581 3255 Oriqin.
608 3218 639 3248 ct
657 3218 815 3260 antiquit.
836 3221 954 3254 christ.
978 3222 999 3254 l.
1022 3222 1063 3255 ll.

338 3272 606 3325 wov‘rERs,
639 3277 690 3318 11.

1921 114 2002 155 257

1111 201 1210 239 libus
1235 204 1276 238 et
1301 211 1326 237 a
1351 201 1532 238 Sorbona
1557 202 1780 249 acceptata,
1805 209 1830 236 a
1856 201 1976 236 curiis
2002 211 2062 237 re-

1110 256 1176 303 gni
1195 256 1234 291 in
1255 255 1482 303 catalogum
1503 255 1634 302 legum
1654 254 1900 303 publicarum
1919 254 2062 298 relata,

1111 314 1150 347 et
1175 310 1224 346 ab
1249 309 1460 357 episcopis,
1478 320 1556 345 uno
1575 311 1742 356 excepto
1765 307 2062 355 Pontiopolensi

1109 363 1591 410 (Saint-Pons)‚publieata
1605 365 1675 399 est.
1692 361 1843 399 Eadem
1856 361 1964 398 bulla
1976 361 2062 398 sub-

1109 417 1320 454 scribenda
1343 416 1547 464 proposita
1564 417 1635 452 fuit
1652 415 1886 453 monialibus
1901 415 2063 452 Portus·

1110 471 1251 518 Regii,
1281 481 1447 518 quarum
1476 470 1709 506 coenobium
1736 473 1823 507 erat
1849 468 2065 518 praecipua

1110 524 1442 562 refractariorum
1458 523 1574 560 sedes
1589 524 1747 572 etquasi
1757 527 1953 561 centrum.
1964 524 2063 562 Cum

1110 590 1206 615 vero
1232 579 1331 615 istae
1350 577 1544 614 moniales
1565 577 1603 613 in
1620 589 1693 615 sua
1710 581 1849 615 contra
1869 578 2064 617 Constitu-

1111 634 1239 670 tioues
1278 632 1514 679 apostolicas
1553 632 1770 669 rebellione
1809 632 2036 681 pertinaces
2054 659 2064 676 ‚

1111 687 1241 724 bullae
1260 686 1476 724 Clementis
1496 697 1573 722 non
1592 686 1669 722 nisi
1689 698 1776 723 eum
1794 686 2063 730 restrictione,

1110 741 1230 779 salvis
1257 752 1399 787 nempe
1426 740 1488 784 iis,
1517 751 1617 788 quae
1643 752 1715 788 pro
1742 752 1784 777 se
1804 741 1844 776 in
1862 752 1959 788 pace
1978 740 2065 778 Cle-

1111 796 1289 833 mentina
1318 795 1476 832 fuerant
1502 795 1677 839 decreta,
1705 795 1954 832 subscribere
1984 794 2065 831 vel-

1112 851 1206 894 lent,
1232 861 1369 887 earum
1390 849 1675 885 monasterium
1695 849 1801 896 regis
1820 849 2006 885 mandato
2025 851 2067 885 et

1112 904 1401 952 archiepiscopi
1419 902 1670 945 Parisiensis,
1685 903 1910 940 Cardinalis
1924 902 1972 939 de
1985 902 2064 938 No-

1113 958 1236 1001 ailles‚
1265 969 1444 1000 assensu,
1471 967 1575 993 anno
1604 957 1696 994 1709
1723 957 1910 993 abolitum
1937 959 1978 992 et
2001 955 2066 992 de-

1112 1015 1306 1049 structum
1333 1015 1412 1055 est;
1441 1011 1550 1059 ipsae
1575 1021 1672 1047 vero
1698 1022 1769 1058 per
1794 1010 1953 1047 diversa
1979 1020 2066 1046 coe-

1114 1068 1231 1105 nobia
1256 1068 1459 1116 dispersae
1486 1071 1589 1112 sunt,
1609 1068 1648 1104 in
1666 1068 1802 1116 quibus
1820 1066 1958 1103 melius
1977 1063 2068 1101 edo-

1113 1127 1201 1160 ctae
1228 1124 1333 1160 intra
1358 1124 1380 1160 4
1406 1135 1550 1167 annos,
1576 1133 1658 1159 una
1683 1125 1872 1170 excepta,
1899 1132 1942 1157 se
1967 1121 2067 1158 Con-

1113 1179 1380 1216 stitutionibus
1398 1178 1641 1226 apostolieae
1657 1178 1768 1215 Sedis
1786 1176 2066 1214 submiserunt.

1161 1234 1291 1275 Quum
1325 1236 1456 1270 autem
1493 1232 1714 1269 Ludovieus
1745 1232 1840 1268 XIV
1866 1229 2067 1267 neminem

1114 1287 1465 1325 Constitutionibus
1506 1287 1734 1335 apostolicis
1771 1288 1910 1335 aperte
1942 1282 2070 1320 refra-

1115 1343 1202 1391 gari
1228 1343 1369 1386 ferret,
1396 1342 1531 1390 plures
1552 1341 1795 1385 refraetarii,
1814 1338 1985 1376 maxime
2003 1348 2067 1374 eo-

1114 1409 1204 1434 rum
1234 1397 1472 1446 coryphaei,
1499 1396 1766 1444 confugerunt
1789 1395 1830 1431 in
1854 1392 2067 1440 Belgium;

1115 1463 1241 1499 neque
1268 1452 1308 1487 in
1334 1463 1380 1488 eo
1402 1462 1543 1488 secure
1563 1454 1743 1498 agentes,
1765 1447 2009 1486 transierunt-
2025 1445 2067 1481 in

1115 1506 1322 1542 Bataviam
1337 1517 1407 1542 seu
1416 1505 1684 1548 Hollandiam,
1693 1504 1758 1541 ubi
1769 1503 1881 1540 triste
1891 1500 2064 1538 schisma

1116 1560 1218 1596 inter
1233 1560 1458 1596 Catholicos
1473 1558 1806 1596 excitarunt-In
1816 1556 1892 1593 hae
1902 1553 2067 1601 regione

1116 1613 1308 1651 Catholici
1334 1614 1528 1650 hactenus
1554 1613 1766 1662 praeclara
1778 1610 1962 1657 exempla.
1979 1619 2068 1644 con-

1117 1668 1288 1705 stantiae
1314 1669 1353 1703 in
1381 1667 1478 1704 Fide
1505 1678 1552 1703 ac
1578 1666 1738 1715 pietatis
1762 1669 1802 1703 et
1818 1662 2067 1702 reverentiae

1118 1721 1156 1757 in
1172 1722 1440 1769 Apostolicam
1452 1721 1594 1758 Sedem
1605 1721 1812 1758 dederant.
1822 1719 1959 1755 Prima
1967 1715 2067 1753 schi-

1117 1776 1254 1812 smatis
1281 1776 1434 1812 semina
1459 1775 1606 1823 sparsit
1625 1776 1792 1811 Ioannes
1808 1774 1855 1810 de
1872 1773 2070 1812 Neercas÷

1117 1830 1189 1873 sel,
1207 1829 1514 1871 Gorcomiensis‚
1533 1829 1709 1866 Oratorii
1726 1826 1967 1865 Parisiensis
1982 1836 2070 1873 pre—

1117 1883 1252 1931 sbyter
1271 1887 1310 1920 et
1329 1884 1377 1919 ab
1394 1894 1457 1919 an.
1478 1884 1569 1920 1663
1584 1882 1791 1930 episcopus
1804 1879 2069 1919 Castoriensis

1117 1939 1232 1984 atque
1251 1936 1423 1973 vicarius
1440 1936 1692 1984 Apostolicus
1710 1936 1748 1971 in
1763 1934 1988 1977 Hollandia3
2004 1933 2070 1980 qui

1117 1990 1296 2037 quamvis
1322 1991 1475 2027 Rornae
1502 1990 1735 2026 formulario
1761 1988 1977 2025 Alexandri
1995 1986 2068 2023 VII

1115 2043 1434 2091 subscripsisset,
1461 2043 1723 2080 Iansenianae
1750 2042 1931 2079 factionis
1956 2053 2068 2090 cory-

1117 2097 1253 2145 phaeis
1278 2098 1531 2134 familiariter
1557 2109 1651 2133 usus
1678 2102 1750 2133 est.
1779 2097 1956 2133 Schisma
1977 2106 2067 2131 eon-

1116 2155 1353 2188 summatum
1380 2152 1453 2187 fuit
1477 2151 1547 2187 sub
1575 2151 1659 2187 eius
1677 2162 1925 2193 successore,
1944 2149 2067 2186 Petro

1117 2204 1272 2242 Coddeo
1296 2217 1364 2241 seu
1383 2204 1529 2248 Codde,
1550 2205 1615 2252 qui
1633 2204 1918 2241 Amstelodami
1936 2206 2067 2245 natus,

1119 2270 1140 2295 e
1164 2259 1397 2307 presbytero
1417 2259 1591 2295 Orator-ii
1610 2270 1674 2295 an.
1696 2258 1787 2296 1686
1805 2256 2068 2304 archiepisco-

1119 2323 1190 2358 pus
1216 2313 1456 2349 Sebastenus
1474 2316 1514 2349 et
1531 2312 1687 2348 loannis
1704 2312 1752 2348 de
1770 2309 2008 2348 Neercassel
2028 2309 2068 2344 in

1118 2366 1325 2403 Vieariatu
1355 2367 1569 2415 apostolico
1589 2377 1808 2407 successor,
1830 2376 1919 2401 cum
1938 2365 2069 2400 Ianse·

1119 2420 1230 2456 nistis
1256 2421 1294 2456 in
1320 2421 1392 2457 has
1415 2421 1602 2467 regiones
1619 2419 1809 2466 profugis,
1832 2416 2067 2466 praesertim

1119 2485 1208 2509 eum
1234 2473 1280 2509 P.
1307 2474 1479 2516 Quesnel
1506 2474 1747 2521 singularem
1772 2472 1987 2509 amicitiam
2007 2482 2070 2507 eo-

1119 2527 1203 2571 luit,
1229 2528 1460 2564 formulario
1487 2527 1702 2564 Alexandri
1729 2526 1800 2562 VII
1819 2525 2066 2562 subscribere

1121 2581 1263 2625 renuit,
1290 2581 1446 2617 illorum
1472 2583 1685 2624 novitates,
1713 2579 1936 2615 doctrinam
1954 2581 1995 2615 et
2012 2578 2066 2614 di-

1118 2634 1326 2682 sciplinam
1353 2635 1539 2683 suscepit,
1566 2638 1607 2671 et
1631 2637 1712 2670 tum
1740 2633 1780 2668 in
1798 2633 1905 2669 clero
1924 2635 2007 2668 tum
2025 2631 2065 2668 in

1119 2688 1259 2735 populo
1291 2688 1453 2725 firmare
1489 2688 1647 2724 studuit.
1679 2687 1848 2722 Romam
1873 2689 2067 2729 vocatus,

1118 2741 1325 2779 ann01702
1339 2742 1387 2778 ab
1399 2742 1524 2777 officio
1534 2740 1672 2776 vicarii
1687 2739 1892 2787 apostolici
1907 2750 2068 2786 suspen-

1118 2806 1183 2830 sus
1209 2798 1248 2831 et
1274 2795 1295 2831 3
1314 2795 1426 2840 april.
1450 2795 1540 2832 1704
1558 2793 1758 2841 depositus
1774 2792 1859 2828 fuit.
1878 2793 2067 2829 Attamen

1118 2847 1196 2883 iam
1221 2848 1333 2883 multi
1352 2859 1372 2883 e
1391 2847 1616 2891 Catholicis,
1637 2846 1759 2883 etiam
1778 2857 1799 2882 e
1815 2846 1935 2889 clero,
1952 2848 2069 2882 erant-

1118 2900 1359 2937 Iansenismo
1391 2899 1544 2943 infecti,
1573 2899 1636 2947 qui
1662 2898 1877 2941 Coddeum,
1905 2898 1978 2934 etsi
2005 2898 2069 2935 de-

1118 2955 1285 3001 positum
1304 2956 1343 2989 et
1358 2953 1624 2995 interdictum,
1636 2957 1821 3000 tanquam
1838 2952 2067 2999 episcopum

1117 3018 1229 3043 suum
1255 3007 1436 3042 venerati
1463 3010 1565 3042 sunt.
1593 3006 1730 3042 Novus
1756 3017 1851 3042 vero
1881 3005 2068 3041 Vicarius

1118 3059 1370 3107 apostolicus,
1387 3070 1500 3106 quem
1517 3060 1564 3095 R.
1584 3059 1766 3095 Pontifex
1783 3059 1957 3094 inlocum
1969 3057 2064 3095 Cod-

1117 3114 1178 3149 dei
1193 3112 1467 3154 constituerat,
1484 3123 1508 3148 a
1523 3113 1761 3159 magistratu
1777 3112 2068 3147 civilimuneris

1117 3167 1176 3202 sui
1194 3165 1382 3202 exercitio
1403 3166 1634 3212 prohibitus,
1658 3165 1734 3201 imo
1754 3169 1892 3213 postea
1910 3176 1960 3201 ex
1975 3165 2066 3200 Hol-

1117 3220 1249 3257 landia
1276 3220 1478 3268 relegatus
1503 3224 1575 3258 est.
1604 3220 1784 3258 Coddeus
1802 3220 2066 3267 impoenitens

1805 3283 1855 3321 18
