2241 3473
286 167 361 206 116

692 176 846 203 EPOCHA
874 177 927 202 IX.
956 175 1009 202 AB
1037 176 1159 203 ῙΝΙΤΙΟ
1187 176 1416 204 SCHISMATIS
1446 176 1678 204 OCCIDENTIS

231 244 501 290 cancellarius,
530 242 748 280 orationem
777 242 916 280 habuit
944 242 991 279 de
1021 242 1176 281 concilii
1218 242 1350 281 curiae
1368 243 1580 282 saecularis
1594 243 1739 282 iudicio*
1751 244 1924 294 relictus3
1936 246 2056 285 etiam
2071 259 2160 286 con-

231 298 422 347 generalis
444 296 683 334 auctoritate
703 307 821 343 supra
837 296 1000 344 Papam3
1012 308 1175 345 cumque
1219 297 1401 334 demnata
1417 296 1490 334 fuit
1504 297 1683 335 doctrina
1698 298 1854 336 Ioannis
1869 299 1989 337 Parvi
2001 299 2166 351 (Pe‘tz‘t),

230 350 445 389 cardinales
460 348 566 386 missi
583 349 631 386 ad
647 349 830 385 Ioannem
846 349 997 396 XXIII,
1011 353 1055 387 ut
1072 361 1173 387 men-

231 407 307 441 tem
323 403 405 440 eius
421 402 684 450 explorarent,
704 401 815 450 eique
843 402 1014 439 reditum
1034 403 1174 440 suade-

230 459 330 501 rent,
349 456 453 492 haud
473 455 654 492 idoneum
673 466 900 503 responsum
932 456 1173 503 retulissent,

230 509 364 546 habita
383 507 468 552 fuit,
490 508 668 556 praeside
688 508 877 546 cardinali
898 509 1016 546 Petro
1038 510 1084 547 de
1104 510 1175 547 Al-

232 562 345 607 liaco,
366 561 484 598 sessio
506 561 576 606 III,
596 561 635 598 in
656 573 734 610 qua
754 562 955 599 decretum
975 564 1047 608 est,
1067 575 1174 612 prae-

229 626 317 652 sens
339 613 544 651 concilium
566 626 649 652 esse
670 615 844 663 legitime
867 619 1149 665 congregatum
1165 646 1174 663 ,

231 671 282 714 et,
304 679 379 704 non
399 667 579 705 obstante
608 668 761 706 Ioannis
790 680 970 715 recessu,
1000 669 1175 718 legitime

231 720 472 766 continuari,
510 723 636 769 neque
674 721 965 759 dissolvendum
998 726 1067 760 aut
1100 722 1176 760 alio

230 773 564 819 transferendum,
590 774 817 823 priusquam
845 775 1019 813 extincto
1049 776 1173 814 schis-

229 832 335 865 mate
354 838 431 875 pax
446 827 642 876 Ecclesiae
664 828 816 866 reddita
834 827 947 874 foret,
963 829 1036 867 nisi
1057 841 1107 866 ex
1122 829 1175 866 iu-

229 882 291 918 sta
306 883 346 918 et
365 892 389 918 a
409 880 573 918 concilio
602 882 765 930 probata
785 894 912 920 causa.
938 882 1037 920 Sess.
1060 883 1115 921 IV
1137 886 1176 921 et

229 934 276 980 V,
298 933 476 982 praeside
496 934 686 972 cardinali
707 935 885 980 Iordane,
903 935 1080 984 episcopo
1101 936 1174 973 Al-

229 986 401 1032 banensi,
414 987 655 1025 declaratum
675 992 746 1034 est,
762 988 976 1026 Concilium
993 990 1178 1027 Constan-

229 1040 351 1077 tiense
376 1040 416 1076 in
437 1040 585 1089 Spiritu
615 1041 652 1079 S.
674 1042 849 1089 legitime
878 1046 1176 1091 congregatum,

230 1093 448 1131 Concilium
482 1094 666 1142 generale
709 1094 857 1134 faciens
901 1100 941 1133 et
964 1096 1175 1134 Ecclesiam

231 1146 466 1184 catholicam
505 1151 802 1196 repraesentans
823 1179 832 1196 ,
874 1151 1108 1198 potestatem
1155 1162 1178 1188 a

231 1199 385 1238 Christo
419 1200 644 1238 immediato
678 1202 823 1239 habere
844 1232 854 1250 ,
888 1203 949 1240 cui
994 1203 1177 1251 quilibet,

235 1253 511 1302 cuiuscumque
545 1258 671 1292 status
691 1256 753 1292 vel
783 1255 985 1305 dignitatis
998 1286 1007 1302 ,
1027 1257 1179 1294 etiamsi

231 1306 393 1356 papalis,
413 1307 615 1354 existeret,
635 1309 790 1346 obedire
814 1312 1015 1347 teneretur
1044 1311 1082 1347 in
1104 1311 1178 1357 his,

231 1371 332 1408 quae
370 1360 619 1408 pertinebant
662 1363 711 1399 ad
739 1362 898 1407 Fidem,
920 1365 967 1400 ad
995 1364 1176 1412 extirpa-

230 1413 377 1450 tionem
406 1413 499 1451 dicti
532 1415 753 1453 schismatis
785 1418 825 1453 et
862 1416 1200 1455 reformationem¹

230 1466 430 1504 Ecclesiae
451 1467 490 1504 in
513 1468 639 1517 capite
661 1471 700 1506 et
719 1469 758 1505 in
782 1471 979 1508 membris.
995 1470 1179 1508 Sessioni-
1199 1501 1202 1514 .

230 1520 300 1557 bus
333 1520 587 1568 sequentibus
623 1533 745 1570 usque
781 1523 830 1560 ad
859 1523 952 1560 XLI
985 1525 1179 1572 praesedit

229 1573 393 1611 Ioannes
409 1574 621 1613 cardinalis
635 1576 836 1625 episcopus
848 1576 1049 1615 Ostiensis.
1064 1578 1180 1615 Prae·

228 1627 484 1665 termittimus
505 1640 571 1666 eas
591 1629 793 1677 sessiones,
814 1630 853 1666 in
874 1631 1017 1679 quibus
1033 1641 1095 1669 res
1111 1631 1176 1669 mi-

231 1680 335 1718 noris
355 1681 542 1718 momenti
561 1685 759 1721 tractatae
779 1686 884 1722 sunt.
906 1684 1006 1722 Sess.
1029 1684 1085 1722 VI
1105 1685 1176 1722 de-

229 1736 338 1771 creta
375 1735 435 1771 est
478 1735 694 1774 honorifica
733 1736 879 1786 legatio
909 1738 957 1775 ad
994 1738 1177 1776 Ioannem

230 1787 379 1834 XXIII,
402 1789 446 1825 ut
464 1787 497 1826 is
517 1788 783 1828 Constantiam
805 1791 948 1829 rediret
968 1792 1029 1829 vel
1051 1793 1176 1841 ponti-

229 1840 348 1878 ficatu
378 1841 553 1889 cederet;
581 1844 649 1880 sed
680 1848 867 1882 neutrum
896 1844 928 1882 is
963 1846 1175 1894 praestitit.

233 1894 335 1932 Sess.
356 1894 432 1932 VII
453 1896 664 1934 concilium
685 1898 823 1935 Ioanni
853 1897 953 1935 diem
983 1898 1104 1946 dixit,
1137 1903 1180 1938 ut

233 1947 338 1985 intra
370 1947 394 1985 9
429 1949 511 1986 dies
545 1961 586 1986 se
621 1951 781 1988 concilio
814 1951 992 1997 sisteret3
1013 1953 1179 1992 Ioannes

233 2012 328 2038 vero
348 2001 525 2051 confugit
551 2003 802 2053 Friburgum,
829 2003 871 2042 'et
899 2005 1013 2054 paulo
1043 2009 1129 2055 post
1157 2019 1180 2044 a

232 2054 432 2092 Friderico
462 2056 669 2094 Austriaco
700 2058 899 2096 custodiae
935 2060 1180 2108 mancipatus

232 2107 320 2145 fuit.
341 2107 440 2146 Sess.
462 2108 555 2147 VIII
576 2110 627 2148 45
647 2111 802 2149 articuli
831 2112 987 2150 Ioannis
1018 2113 1184 2152 Wicleff

231 2161 420 2207 damnati,
440 2161 598 2211 eiusque
618 2165 763 2213 scripta
789 2165 871 2214 igni
899 2166 1057 2204 addicta
1076 2171 1178 2206 sunt.

230 2215 333 2252 Sess.
354 2214 500 2252 IX-XI
521 2217 725 2256 concilium
757 2219 898 2256 iterato
919 2220 1055 2268 Ioanni
1075 2221 1178 2259 diem

228 2267 339 2314 dixit,
359 2268 586 2318 audivitque
606 2271 766 2309 testium
796 2272 1054 2311 confessiones
1080 2286 1176 2312 con-

228 2324 290 2358 tra
309 2322 501 2359 eumdem.
523 2324 625 2361 Sess.
643 2324 733 2372 XII,
749 2326 808 2362 1v⁰
831 2326 980 2365 calend.
999 2327 1095 2365 iunii
1112 2341 1174 2366 an.

231 2374 347 2421 1415,
368 2375 552 2413 Ioannem
573 2377 712 2415 XXIII
742 2379 968 2427 pontificatu
999 2381 1176 2430 deposuit

230 2430 317 2478 post
331 2440 466 2466 annos
484 2430 509 2467 5
529 2442 575 2467 ac
594 2431 678 2467 dies
692 2431 739 2469 13
751 2444 867 2481 quam
889 2434 922 2470 ei
946 2436 1173 2473 mandatum

232 2482 373 2528 fuerat,
393 2494 605 2532 omnesque
626 2484 863 2523 Christianos
884 2487 932 2524 ab
954 2488 1174 2526 obedientia

233 2535 318 2572 eius
346 2536 525 2574 absolvit.
555 2536 653 2575 Sess.
687 2538 784 2576 XIII
814 2542 951 2577 contra
982 2541 1174 2580 Boliemos

234 2589 416 2626 Hussitas
435 2590 638 2628 decretum
657 2595 736 2639 est,
755 2604 909 2630 sacram
929 2605 1051 2631 comm
1061 2596 1172 2632 unio-

233 2654 321 2679 nem
350 2643 421 2681 sub
445 2655 522 2681 una
540 2645 666 2693 specie
686 2658 709 2684 a
727 2645 837 2684 laicis
865 2645 990 2695 iisque
1019 2647 1172 2687 ieiuniis

233 2707 315 2733 esse
335 2698 574 2745 sumendam,
594 2699 770 2748 hancque
788 2701 1105 2739 consuetudinem
1123 2703 1170 2739 ad

233 2748 406 2797 pericula
426 2756 466 2788 et
484 2752 668 2790 scandala
686 2754 845 2792 vitanda
864 2753 1035 2802 legitime
1055 2754 1170 2793 fuisse

232 2802 507 2842 introductam.
536 2805 635 2844 Sess.
666 2807 763 2846 XIV
785 2807 994 2855 Gregorius
1023 2809 1100 2846 XII
1130 2821 1169 2846 se

232 2858 368 2903 sponte
388 2869 457 2906 per
478 2863 768 2907 procuratorem
800 2860 1028 2909 pontificatu
1058 2862 1169 2899 abdi-

233 2909 359 2955 cavit;
380 2920 616 2960 quapropter
631 2914 665 2951 ei
688 2915 833 2963 primus
862 2914 971 2952 106113
991 2915 1030 2952 in
1051 2915 1170 2953 colle-

233 2961 293 3009 gio
332 2965 586 3003 cardinalium
624 2980 712 3005 enm
756 2972 942 3017 perpetua
978 2968 1172 3018 legatione

234 3017 428 3054 nnn-chiae
456 3020 726 3059 Anconitanae
759 3033 960 3059 concessus
978 3052 986 3067 ‚
1016 3023 1172 3071 eiusque

234 3070 446 3110 cardinales
469 3077 614 3124 recepti
635 3080 673 3114 et
694 3076 858 3113 ministri
883 3076 919 3112 in
942 3076 1075 3113 ciliciis
1095 3077 1173 3113 suis

234 3124 448 3162 confirmati
479 3133 580 3166 sunt.
603 3130 705 3167 Sess.
728 3130 803 3167 XV
832 3130 990 3166 articuli
1018 3133 1057 3167 et
1086 3129 1173 3167 libri

236 3176 388 3216 Ioannis
409 3180 490 3219 Hus
519 3183 690 3221 damnati
720 3185 824 3228 sunt,
847 3186 885 3219 et
907 3184 985 3232 ipse
1016 3183 1176 3221 Ioannes

238 3231 281 3267 ut
300 3232 517 3274 haereticus
532 3236 766 3275 sacerdotali
783 3237 928 3275 honore
945 3237 1123 3286 privatus
1138 3239 1177 3275 ct

1218 350 1386 387 doctoris
1407 350 1652 396 Parisiensis,
1675 351 1720 388 de
1740 350 1848 390 licito
1867 352 1944 390 imo
1963 352 2164 392 meritorio

1218 403 1494 451 tyrannicidio,
1513 415 1537 441 a
1559 403 1723 441 subditis
1743 405 1863 442 etiam
1885 406 2016 444 dolose
2034 419 2166 456 perpe-

1218 459 1334 494 trato.
1356 456 1457 495 Sess.
1486 457 1583 495 XVI
1611 460 1650 494 et
1677 457 1793 495 XVII
1824 458 2053 506 concilium,
2080 461 2166 498 tum

1218 509 1453 558 legationem
1472 512 1556 548 tum
1576 510 1652 548 alia
1671 509 1818 548 frustra
1837 511 2021 559 tentavit,
2037 514 2082 551 ut
2096 513 2167 551 Be-

1219 562 1416 600 nedictum
1436 563 1484 600 ad
1505 564 1772 611 deponendum
1789 563 2061 611 pontificatum
2085 578 2168 616 per-

1217 616 1389 654 duceret.
1411 617 1512 654 Sess.
1534 617 1632 654 XXI
1663 617 1930 665 Hieronymus
1959 618 2009 656 de
2035 618 2168 669 Praga

1218 669 1257 705 in
1278 669 1469 707 haeresim
1493 669 1754 716 Hussiticam,
1783 682 1902 718 quarn
1931 669 2168 720 eiuraverat,

1218 722 1408 771 relapsus,
1428 723 1638 760 damnatus
1665 726 1704 760 et
1731 723 1921 761 saeculari
1948 725 2080 762 curiae
2099 736 2166 762 re-

1217 774 1333 813 lictus
1352 775 1437 813 fuit.
1461 778 1562 814 Sess.
1583 776 1781 815 XXXVII
1802 775 2035 818 Benedictus
2054 777 2167 825 XIII,

1219 829 1283 876 qui
1313 829 1491 876 quamvis
1520 829 1675 878 saepius
1702 829 1874 867 monitus
1901 832 1941 867 et
1969 831 2095 868 etiam'
2118 832 2168 870 ab

1218 881 1421 930 Hispanis,
1441 883 1508 931 qui
1524 883 1604 921 iam
1623 883 1788 921 concilio
1805 883 2093 922 Constantiensi
2109 897 2171 923 ac-

1219 937 1427 982 cesserant,
1439 937 1599 974 derelict
1609 948 1664 982 us,
1675 939 1890 974 contumax
1903 938 2169 985 permanebat,

1220 991 1405 1037 tanquam
1427 990 1619 1038 periurus,
1631 989 1853 1027 schismatis
1875 989 2007 1028 fautor
2027 993 2066 1028 et
2081 989 2171 1029 haess

1235 1043 1391 1088 reticus,
1409 1043 1636 1091 pontificatu
1661 1043 1912 1092 deposituset
1923 1044 2169 1081 communio-

1220 1107 1266 1131 ne
1301 1095 1502 1133 Ecclesiae
1543 1096 1725 1134 exclusus
1756 1098 1827 1134 est.
1864 1096 2171 1140 Sess.,XXXIX

1222 1150 1260 1185 et
1280 1148 1352 1185 XL
1380 1149 1529 1187 editum
1553 1149 1630 1187 fuit
1651 1150 1848 1188 decretum
1869 1151 2103 1198 perpetuum
2123 1151 2170 1188 de

1221 1202 1464 1241 celebrandis
1494 1205 1596 1241 stato
1629 1205 1804 1252 tempore
1840 1203 2012 1241 conciliis
2044 1215 2170 1252 gene-

1220 1254 1382 1302 ralibus,
1403 1259 1441 1294 et
1461 1257 1733 1303 constitutum,
1755 1259 1798 1293 ut
1814 1255 1970 1294 futurus
1985 1256 2172 1295 Pontifex

1221 1320 1307 1346 cum
1336 1309 1499 1348 concilio
1520 1310 1583 1348 vel
1605 1310 1807 1347 nationum
1829 1309 2019 1359 delegatis
2038 1310 2172 1348 Eccle-

1221 1361 1319 1399 siam
1355 1365 1394 1400 et
1429 1363 1578 1401 curiam
1613 1364 1832 1401 Romanam
1868 1364 2081 1401 secundum
2124 1363 2172 1402 18

1225 1415 1413 1454 articulos
1448 1417 1640 1455 indicatos
1669 1416 1914 1454 reformaret.
1945 1417 2045 1455 Sess.
2079 1417 2172 1454 XLI

1227 1469 1417 1508 nominati
1447 1470 1607 1508 fuerunt
1637 1470 1839 1508 nationum
1868 1469 2074 1519 deputati,
2104 1471 2170 1519 qui

1224 1523 1295 1560 hac
1317 1523 1400 1560 vice
1424 1523 1539 1561 simul
1560 1535 1649 1561 cum
1669 1523 1930 1561 cardinalibus
1947 1523 2171 1572 pontificem

1223 1576 1428 1624 eligerent,
1457 1580 1496 1614 et
1525 1576 1586 1614 111⁰
1611 1577 1699 1614 idus
1720 1576 1943 1614 novembris
1966 1577 2065 1615 1417
2087 1577 2171 1614 ele-

1223 1631 1308 1666 ctus
1337 1629 1414 1668 fuit
1441 1630 1643 1668 Martinus
1663 1630 1711 1675 V,
1734 1631 1850 1668 antea
1869 1629 1961 1668 Otto
1982 1630 2028 1676 de
2048 1629 2171 1669 Colu-

1212 1695 1326 1728 -mna,
1356 1683 1566 1722 cardinalis
1596 1683 1796 1730 diaconus,
1816 1682 1883 1732 qui
1903 1682 2065 1732 reliquis
2084 1695 2170 1722 ses·-

1225 1737 1399 1774 sionibus
1429 1737 1626 1786 praesedit
1655 1735 1679 1774 ¹.
1708 1737 1809 1775 Sess.
1830 1736 1962 1774 XLIII
1981 1739 2021 1774 et
2039 1736 2173 1775 XLIV

1223 1790 1432 1828 concilium
1454 1791 1603 1839 aliquot
1622 1789 1914 1828 reformationis
1933 1789 2172 1840 capitapro-

1224 1844 1430 1893 mulgavit,
1457 1847 1496 1883 et
1516 1844 1712 1882 Martinus
1733 1844 1804 1893 Pp.
1826 1855 1895 1892 pro
1917 1842 2052 1881 futuro
2073 1855 2169 1881 con-

1222 1897 1311 1934 cilio
1332 1898 1504 1946 generali
1529 1897 1752 1946 designavit
1772 1897 1973 1934 civitatem
1992 1896 2171 1945 Papiam.

1226 1951 1329 1988 Sess.
1351 1952 1476 1996 XLV,
1494 1951 1627 1989 habita
1647 1957 1692 1989 x⁰
1715 1950 1898 1988 calendas
1917 1949 2039 1988 maias
2058 1950 2172 1996 1418,

1225 2004 1420 2042 Martinus
1442 2005 1477 2041 V
1498 2004 1708 2042 concilium
1729 2002 1898 2042 absolvit
1918 2005 1958 2041 et
1978 2015 2024 2041 ea
2038 2032 2048 2049 ,
2069 2015 2171 2052 quae

1223 2069 1290 2106 per
1319 2058 1523 2095 concilium
1553 2059 1593 2095 in
1613 2057 1791 2095 materiis
1810 2056 1921 2094 Fidei
1945 2056 2170 2094 conciliari-

1224 2114 1286 2148 ter
1313 2111 1585 2161 seu.legitimo
1606 2110 1859 2149 conciliorum
1880 2121 1988 2147 more
2016 2109 2172 2148 fuerant

1224 2164 1394 2209 decreta,
1424 2165 1658 2214 approbavit
1678 2163 2006 2212 confirmavitque
2023 2192 2033 2209 ‚
2056 2166 2100 2201 ut
2120 2173 2170 2201 ex

1223 2217 1282 2255 his
1312 2218 1445 2255 verbis
1476 2220 1604 2267 patet:
1628 2216 1820 2259 «Quibus
1847 2216 1903 2254 sic
1931 2215 2068 2262 factis,
2099 2216 2172 2255 SS.

1223 2271 1408 2308 Dominus
1438 2271 1583 2310 Noster
1611 2271 1681 2320 Pp.
1712 2270 1813 2308 dixit
1833 2270 2101 2319 respondendo
2121 2270 2172 2308 ad

1221 2324 1423 2373 praedicta
1439 2354 1448 2371 ,
1470 2326 1571 2373 quod
1592 2323 1724 2362 omnia
1745 2325 1784 2361 et
1804 2323 1961 2373 singula
1981 2323 2170 2361 determi-

1219 2382 1323 2424 nata,
1352 2377 1541 2416 conclusa
1567 2383 1605 2416 et
1626 2378 1783 2415 decreta
1803 2376 1838 2413 in
1861 2376 2038 2415 materiis
2058 2375 2171 2414 Fidei

1219 2443 1287 2480 per
1308 2443 1494 2480 praesens
1514 2431 1720 2469 concilium
1741 2429 2020 2478 conciliariter,
2038 2430 2172 2467 tenere

1219 2488 1257 2521 et
1278 2483 1563 2522 inviolabiliter
1583 2486 1794 2523 observare
1816 2483 1973 2522 volebat
1987 2513 1997 2529 ,
2017 2484 2171 2520 61111111-

1215 2549 1331 2586 quam
1362 2538 1561 2575 contraire
1591 2550 1747 2587 quoquo
1779 2537 1906 2583 modo,
1932 2536 2093 2586 ipsaque
2112 2535 2168 2574 sic

1214 2590 1476 2628 conciliariter
1506 2592 1611 2630 facta
1640 2591 1831 2640 approbat
1861 2592 1901 2628 et
1933 2589 2106 2628 ratificat
2128 2591 2168 2628 et

1214 2656 1288 2681 non
1310 2644 1424 2681 aliter
1445 2657 1514 2682 1166
1534 2645 1608 2684 alio
1631 2645 1741 2684 modo
1762 2643 1776 2665 ²
1799 2656 1837 2682 ».

1236 2750 1245 2769 ¹
1273 2750 1411 2780 Pontifex
1443 2750 1560 2780 electus
1578 2751 1625 2779 est
1650 2757 1666 2777 a
1688 2746 1906 2778 cardinalibus
1929 2754 1989 2776 una
2013 2744 2171 2784 omnibus,

1214 2792 1264 2828 qni
1283 2791 1388 2822 loanni
1417 2792 1521 2827 xxm,
1539 2790 1691 2829 Gregorio
1708 2790 1758 2820 xli
1776 2798 1812 2820 ac
1831 2787 1995 2820 Benedicto
2018 2786 2085 2818 xm
2103 2789 2173 2818 stu-

1215 2833 1337 2869 deltam,
1354 2842 1482 2863 nurnero
1497 2832 1550 2866 ⁹23,
1563 2832 1692 2871 aliisque
1710 2831 1782 2861 viris
1799 2829 2037 2869 spectatissimis
2053 2827 2102 2866 30,
2119 2828 2171 2868 qni

1215 2874 1298 2904 iuxta
1315 2875 1472 2905 decretum
1493 2874 1575 2904 8633.
1595 2873 1644 2903 XL
1669 2872 1870 2911 praecedenti
1894 2869 2021 2901 admissi
2047 2869 2171 2901 fuerant.

1215 2916 1242 2946 in
1261 2917 1423 2953 conclave,
1442 2916 1548 2946 daturi
1567 2922 1693 2952 operam
1712 2913 1850 2944 Pontifici
1870 2911 2034 2952 elegendo.
2052 2911 2093 2942 Eo
2116 2911 2169 2941 de-

1215 2958 1427 2995 (τι-6111011631
1453 2967 1500 2996 ap.
1528 2956 1618 2987 Lalib.
1645 2959 1663 2986 t.
1693 2955 1726 2985 lz'
1753 2954 1845 2987 Cone.
1874 2963 1903 2993 p.
1926 2952 1998 2987 244)
2023 2955 2171 2984 statutum

1218 2999 1328 3035 suerat,
1362 3004 1392 3029 ιιι
1420 3000 1476 3029 bac
1503 2999 1568 3028 vice
1601 2996 1818 3027 tlardnialibus
1843 2996 2091 3040 adiungerentur
2116 3003 2171 3040 sex

1219 3042 1358 3077 wrm—lau,
1378 3041 1422 3071 vel
1445 3041 1523 3070 aliae
1541 3039 1787 3070 honorabiliores
1805 3045 1957 3077 personae
1975 3035 2170 3082 Ecclesiasti-

1217 3092 1271 3111 6116
1290 3083 1317 3112 111
1332 3082 1432 3112 sacris
1449 3081 1617 3112 Ordinibus
1633 3081 1829 3117 constitutae,
1842 3078 1879 3109 de
1892 3076 2030 3119 qualibet
2043 3080 2168 3108 natione

1218 3125 1248 3153 in
1266 3124 1373 3154 eadem
1390 3123 1507 3163 synodo
1526 3132 1581 3160 pro
1601 3125 1673 3152 tnnc
1691 3120 1869 3151 existentes.

1259 3164 1272 3185 ²²
1289 3165 1400 3202 labne,
1421 3163 1538 3196 ConciI.
1554 3168 1571 3193 1.
1592 3164 1652 3201 xn,
1669 3172 1697 3202 p.
1718 3162 1730 3193 1
1747 3172 1755 3201 ;
1772 3162 1880 3199 Mansi,
1893 3164 1914 3191 t.
1927 3157 2168 3206 xxy¹1.p.520,

1221 3209 1239 3236 t.
1260 3207 1429 3245 xxx³111,1›.
1449 3206 1471 3236 1.
1489 3206 1603 3242 Quibus
1622 3205 1736 3241 voi-nis,
1750 3206 1781 3234 ut
1797 3202 2012 3234 animadvertit
2026 3199 2169 3240 Sponda-

1223 3258 1277 3278 nns
1293 3248 1343 3284 <ad
1361 3257 1408 3278 an.
1431 3247 1518 3283 1118,
1534 3246 1548 3286 Ξ
1565 3247 1605 3285 5),
1620 3246 1754 3277 l‘ontil'ex
1772 3244 1970 3285 significavit,
1985 3252 2020 3275 se
2034 3249 2167 3282 11011119-
