2241 3473
275 115 352 154 118

220 190 519 242 praedestinatis
547 191 711 237 constat;
736 191 876 227 Petrus
898 200 974 225 non
1003 187 1078 225 fuit
1095 198 1164 225 ca-

218 249 292 295 put
312 244 522 288 Ecclesiae,
541 243 607 279 sed
627 242 731 279 solus
751 241 940 288 Christus,
960 241 1009 278 R.
1030 240 1164 277 Ponti-

220 299 285 337 fex
315 300 406 335 ante
437 295 680 334 Constantini
710 295 762 332 M.
792 297 970 343 tempora
1000 306 1071 330 non
1094 293 1165 330 fuit

219 352 386 389 caeteris
408 348 599 398 episcopis
617 347 762 394 maior3
781 348 931 398 papalis
951 347 1122 396 dignitas
1142 358 1164 383 a

219 404 397 442 Caesaris
422 402 597 450 potentia
634 403 824 448 manavit3
859 400 1078 438 obedientia
1097 411 1162 437 ec-

217 456 447 500 clesiastica,
458 458 615 503 praeter
626 466 850 503 expressam
861 454 1086 503 Scripturae
1101 465 1165 490 au-

219 511 441 547 ctoritatem
463 510 522 545 est
537 508 766 545 adinventio
782 508 1051 554 sacerdotum3
1072 518 1162 543 cen—

220 575 333 601 surae
368 560 657 599 'ecclesiasticae
686 563 779 599 sunt
799 560 1162 605 anti-christianae3

220 615 401 654 sacerdos
435 615 799 652 excommunicatus
832 614 1026 652 abstinere
1059 613 1162 651 haud

218 670 335 706 debet
354 667 483 705 officio
504 667 758 705 concionandi
775 682 785 715 3
804 670 965 718 peccata
992 679 1067 704 non
1095 678 1163 716 per

217 721 584 767 absolutionem,sed
600 733 666 770 per
677 722 949 759 contritionem
962 721 1161 758 remittun-

216 779 298 822 tur3
315 775 529 824 episcopus,
547 775 744 823 praelatus
765 777 805 813 et
824 774 1004 812 dominus
1023 773 1163 820 civilis,

216 829 371 866 mortali
392 829 505 878 culpa
520 828 726 876 inquinati,
736 829 837 866 omni
848 829 1039 877 potestate
1055 828 1096 864 et
1109 826 1164 863 iu—

214 881 440 919 risdictione
457 881 659 928 excidunt3
679 881 948 919 condemnatio
960 880 1012 918 45
1021 880 1162 917 articu-

214 935 342 972 lorum
363 935 517 972 Ioannis
536 934 702 974 Wicleff
714 965 724 982 ,
744 935 850 973 facta
869 935 917 972 ab
933 934 1163 972 academicis

216 989 506 1038 pragensibus,
544 991 604 1026 est
638 988 918 1026 irrationabilis
947 991 986 1025 et
1014 987 1161 1035 iniqua.

213 1042 431 1080 Praeterea
446 1042 544 1088 Hus,
562 1042 609 1079 ad
622 1042 798 1081 Wicleffi
818 1040 1055 1090 exemplum,
1072 1041 1159 1078 RR.

215 1095 472 1133 Pontificibus
489 1125 498 1142 ,
519 1095 721 1145 episcopis,
741 1095 952 1142 monachis,
973 1094 1160 1132 ecclesia-

216 1149 324 1187 sticis
346 1149 658 1187 institutionibus
675 1179 684 1194 ,
718 1149 949 1186 Sanctorum
980 1147 1101 1185 cultui
1121 1149 1161 1184 et

217 1202 428 1252 suffragiis,
444 1202 700 1251 indulgentiis
717 1203 891 1252 graviter
899 1201 1082 1239 detraxit.
1101 1201 1161 1238 Di-

217 1256 353 1305 scipuli
386 1267 478 1293 vero
499 1256 585 1293 eius
604 1254 953 1305 pseudo-magistri
973 1255 1032 1292 sui
1054 1266 1161 1292 erro-

213 1309 318 1346 ribus
340 1321 459 1347 novos
479 1310 725 1356 addiderunt,
755 1310 817 1347 alii
849 1309 958 1354 alios,
988 1311 1103 1357 prout
1121 1308 1159 1345 in

213 1363 387 1400 diversas
407 1365 533 1400 sectas
555 1363 744 1400 abierant.

268 1417 381 1453 Anno
415 1416 514 1453 1414
545 1417 709 1454 Ioannes
742 1417 824 1454 Hus
853 1415 1011 1453 consilio
1032 1415 1159 1463 Sigis-

214 1470 345 1506 mundi
367 1470 626 1518 imperatoris,
649 1481 762 1518 quem
780 1469 942 1506 Ioannes
958 1468 1095 1506 XXIII
1111 1469 1157 1505 ad

213 1523 508 1572 compescendos
520 1523 809 1561 haereticorum
828 1523 866 1559 in
882 1522 1069 1560 Bohemia
1086 1534 1161 1558 mo-

210 1578 274 1613 tus
297 1576 631 1625 interpellaverat,
660 1576 859 1626 profectus
880 1579 938 1613 est
957 1577 1004 1613 ad
1026 1575 1159 1612 conci-

212 1630 307 1667 lium
325 1630 843 1677 Constantieuse‚doctrinae
860 1641 952 1668 suae
968 1628 1157 1666 rationem

212 1695 345 1720 coram
367 1695 412 1720 eo
433 1684 672 1722 redditurus.
694 1685 728 1721 A
749 1683 914 1721 concilio
935 1682 1159 1731 interroga-

212 1741 275 1774 tus
295 1737 341 1774 de
361 1737 560 1776 erroribus
582 1738 661 1776 suis
677 1767 686 1784 ,
703 1739 743 1774 et
762 1739 893 1775 utrum
912 1736 998 1774 illos
1018 1747 1158 1774 secun-

212 1791 304 1828 dum
326 1790 555 1829 mandatum
575 1791 659 1829 eius
678 1791 921 1840 corrigeret,
948 1788 1159 1838 respondit,

211 1855 252 1881 se
282 1844 427 1881 nullius
455 1845 599 1883 erroris
626 1856 709 1882 esse
738 1844 959 1890 conscium3
979 1844 1158 1892 paratum

212 1899 359 1943 tamen,
381 1898 413 1935 si
429 1898 476 1935 de
496 1898 627 1947 aliquo
653 1898 952 1936 convinceretur
968 1925 979 1943 ,
999 1896 1047 1933 ad
1069 1907 1159 1933 eum

212 1951 500 2000 corrigendum.
522 1953 673 1989 Verum
700 1951 777 1989 duo
797 1950 971 1999 theologi
993 1950 1161 1998 Pragen-

209 2015 270 2041 ses
291 2005 435 2042 multas
456 2005 716 2043 heterodoxas
736 2005 980 2049 assertiones,
995 2014 1015 2039 e
1035 2003 1160 2051 scrip-

211 2057 260 2094 tis
296 2057 427 2095 Hussii
462 2061 665 2108 excerptas
682 2088 692 2105 ,
713 2058 875 2096 concilio
907 2056 1134 2094 obtulerunt
1150 2086 1160 2103 ,

211 2122 377 2159 eumque
393 2123 582 2149 accusat-u
590 2112 753 2161 nt,quod
770 2112 974 2149 damnatos
986 2107 1159 2148 Wicleffi

211 2164 399 2201 articulos
419 2164 670 2212 defendisset,
690 2165 918 2214 plebemque
941 2166 1075 2201 contra
1089 2164 1161 2201 cle-

211 2229 296 2254 rum
326 2219 548 2257 excitasset.
581 2219 796 2256 Concilium
825 2218 877 2255 30
905 2218 1104 2262 articulos,
1138 2229 1159 2254 e

208 2273 282 2308 scri
292 2272 368 2320 ptis
390 2272 522 2310 Hussii
552 2272 728 2319 selectos,
748 2272 1042 2317 condemnavit3
1063 2271 1161 2308 Hus-

210 2324 290 2362 sius
313 2336 421 2371 vero,
439 2325 582 2363 iterato
603 2326 884 2374 interrogatus,
905 2336 1056 2362 errores
1071 2336 1158 2362 suos

209 2379 392 2416 abiurare
414 2379 551 2417 noluit.
568 2379 679 2416 Tunc
699 2391 722 2416 a
742 2378 903 2416 concilio
924 2378 1160 2415 condemna-

208 2434 285 2477 tus,
307 2433 355 2468 ab
376 2432 509 2470 ordine
525 2432 757 2470 sacerdotali
773 2431 1159 2481 depositus,relictus

210 2485 287 2522 fuit
318 2485 450 2523 curiae
479 2485 699 2531 saeculari,
721 2498 743 2523 a
763 2497 838 2534 qua
856 2515 865 2530 ,
885 2497 959 2521 non
981 2485 1159 2522 obstante

211 2539 306 2576 cleri
322 2538 666 2585 intcrcessione,nc
679 2539 933 2585 occideretur,
945 2550 1046 2575 anno
1059 2537 1159 2575 1415

210 2594 256 2630 ad
280 2603 416 2641 rogum
439 2593 648 2631 damnatus
670 2595 728 2632 est
750 2592 774 2630 ¹.

262 2646 404 2684 Parem
439 2651 582 2685 sortem
615 2647 735 2685 subiit
764 2646 1025 2694 Hieronymus
1055 2645 1158 2682 Pra-

249 2754 258 2774 ¹
283 2753 427 2783 llussitae
452 2757 481 2784 et
503 2756 611 2792 postca
636 2752 782 2784 haeretici
810 2753 1021 2791 protestantes
1046 2750 1157 2781 iniuste

208 2796 312 2834 quiesti
348 2799 438 2833 sunt,
463 2796 607 2826 loannem
632 2795 694 2826 llus
730 2803 747 2825 a
771 2793 907 2825 Concilio
931 2792 1156 2822 Constantinus-i

209 2837 306 2867 fuisse
330 2836 492 2867 custodiae
518 2837 682 2875 traditum,
706 2835 886 2866 damnatum
909 2838 939 2864 ct
962 2833 1156 2865 combustum

209 2882 318 2908 contra
336 2877 438 2907 datam
457 2879 482 2909 ei
503 2879 678 2909 securitatis
708 2877 798 2908 litlcm
823 2885 876 2906 scu
899 2874 1156 2906 salvum-eondu-

206 2927 308 2957 ‹rtum;
332 2927 401 2949 nam
427 2919 449 2950 1.
474 2920 535 2950 llus
560 2919 887 2950 salvum-conductum
911 2918 1031 2955 acecpit
1055 2925 1114 2946 non
1139 2925 1154 2945 a

207 2961 348 2998 concilio,
366 2961 419 2991 secl
439 2961 477 2991 ab
496 2962 684 3000 imperatore
701 2958 912 3000 sigismundo,
935 2959 986 2998 qui
1010 2958 1048 2995 ci,
1072 2958 1095 2987 si
1122 2968 1155 2988 se

207 3003 336 3033 concilio
353 3003 558 3040 submitteret,
577 3003 733 3042 publicam
753 3001 843 3032 sulem
861 3001 949 3038 tecit,
965 3008 1024 3030 non
1043 2999 1080 3029 ad
1098 2999 1154 3030 im-

211 3045 378 3082 punitatem
399 3045 568 3074 haereseos
587 3048 638 3074 :uit
655 3044 694 3074 :ul
712 3044 770 3074 vim
790 3043 922 3074 iustitiae
941 3040 1155 3080 frangendam,

206 3085 258 3114 svcl
280 3086 317 3114 act
332 3085 557 3123 prohibendam
575 3085 752 3115 violentiam
771 3085 858 3122 t'acti3
876 3092 935 3114 non
961 3083 1058 3122 potuit
1073 3083 1154 3112 enim

208 3126 379 3165 probibere
393 3127 572 3165 imperator,
590 3128 662 3167 quin
681 3127 845 3157 concilium
870 3134 926 3164 pro
949 3133 1076 3155 munere
1098 3133 1153 3153 suo

208 3167 361 3197 luteres-im
375 3172 579 3205 cowmscvrvt
592 3173 622 3198 ct
636 3169 831 3198 iudiciariam
845 3167 1028 3197 sententiam
1047 3167 1150 3202 serrem

212 3218 342 3248 cumque
372 3210 533 3241 concilium
552 3210 695 3241 llussium
712 3218 767 3250 per
783 3213 876 3241 testes
892 3234 898 3248 ,
914 3209 1030 3248 scripta
1057 3212 1086 3238 et
1103 3217 1148 3238 rc—

682 124 834 154 EPOCHA
865 125 920 151 lx.
950 124 1001 150 AB
1030 121 1156 148 INI'I'IO
1185 120 1413 149 SCHISMA'I'IS
1443 121 1672 149 OCCIDENTIS

1208 187 1360 237 gensis,
1385 187 1677 226 ardentissimus
1705 188 1834 227 Hussii
1867 187 2078 236 discipulus
2109 189 2149 224 et

1207 252 1437 289 magnarum
1452 241 1659 278 turbarum
1680 243 1798 290 atque
1813 241 2087 280 violentiarum
2106 240 2147 277 in

1206 294 1603 343 clerumPragensem
1620 297 1768 341 auctor3
1785 294 1851 344 qui
1868 306 1955 332 cum
1964 294 2148 331 Constan-

1206 347 1302 384 tiam
1319 347 1503 393 venisset,
1514 350 1556 384 ut
1570 347 1759 396 magistro
1772 360 1840 385 suo
1857 347 2051 397 suppetias
2067 346 2150 384 fer-

1207 403 1281 446 ret,
1297 412 1320 437 a
1335 401 1496 438 concilio
1511 402 1746 447 admonitus,
1764 404 1806 438 ut
1819 413 1972 438 errores
1987 400 2147 437 abiura—

1207 455 1279 500 ret,
1294 456 1380 502 post
1393 453 1536 492 multas
1554 454 1895 503 tergiversationes
1914 452 2086 491 Wicleffi
2107 454 2146 489 et

1206 507 1337 544 Hussii
1371 508 1556 545 haereses
1588 507 1813 554 damnavit3
1833 507 1900 544 sed
1929 507 2043 555 paulo
2063 508 2148 556 post

1206 560 1245 597 in
1274 560 1436 598 concilio
1469 562 1729 606 contestatus,
1750 572 1791 598 se
1819 560 2016 598 doctrinas
2054 571 2147 597 suas

1208 626 1283 651 non
1305 614 1381 651 nisi
1409 614 1545 652 mortis
1580 616 1687 651 metu
1713 616 1850 651 contra
1869 613 2146 651 conscientiam

1205 679 1314 704 suam
1346 667 1542 705 abiurasse
1556 697 1566 713 ,
1585 679 1703 715 seque
1731 667 1770 704 in
1789 667 1964 704 omnibus
1983 678 2148 703 consen-

1205 721 1280 758 tire
1295 720 1479 758 Wicleffo
1503 723 1543 758 et
1561 720 1715 767 HussiO,
1730 732 1831 758 anno
1852 719 1954 757 1416
1973 731 1998 757 a
2016 719 2149 756 conci-

1205 774 1256 811 lio
1277 774 1484 812 damnatus
1513 778 1552 812 et
1570 786 1594 811 a
1613 773 1722 811 curia
1749 772 1944 812 saeculari
1963 771 2150 822 supplicio

1205 826 1369 865 affectus
1390 827 1476 866 fuit.

1257 881 1543 919 Verumtamen
1562 881 1809 918 Hussitarum
1827 881 1933 918 secta
1948 891 2036 917 cum
2052 889 2149 917 mor-

1204 935 1243 971 te
1263 935 1433 972 auctoris
1444 935 1501 972 sui
1520 947 1595 973 non
1612 934 1685 972 fuit
1700 935 1883 979 exstinta‚
1899 933 1968 971 sed
1982 933 2149 970 maiores

1203 987 1402 1026 tumultus
1418 990 1458 1025 et
1472 988 1763 1038 persecutiones
1778 988 1916 1025 contra
1930 986 2149 1024 Catholicos

1205 1040 1243 1078 in
1264 1041 1454 1079 Bohemia
1474 1040 1689 1090 vicinisque
1704 1041 1930 1090 regionibus
1949 1038 2148 1078 excitavit.

1205 1094 1333 1136 Quum
1356 1095 1458 1132 enim
1479 1094 1739 1132 Wenceslaus
1759 1106 1842 1141 rex,
1862 1092 1975 1131 cuius
1990 1092 2149 1142 ignavia

1204 1148 1490 1186 haereticorum
1506 1148 1708 1186 audaciam
1724 1148 1904 1194 auxerat,
1919 1146 2057 1184 deinde
2071 1148 2150 1184 tur-

1204 1201 1405 1239 bulentum
1427 1213 1562 1239 eorum
1584 1201 1621 1239 in
1643 1201 1863 1240 Catholicos
1892 1200 2061 1238 animum
2082 1211 2147 1237 re·-

1204 1255 1371 1304 primere
1403 1257 1579 1293 tentaret
1596 1286 1606 1302 ,
1638 1255 1695 1292 illi
1730 1255 1826 1292 duce
1859 1254 2002 1292 Ioanne
2029 1252 2150 1292 Ziska

1203 1309 1368 1357 sumptis
1389 1310 1507 1346 armis
1527 1308 1780 1355 rebellarunt,
1800 1309 1839 1345 in
1860 1309 1992 1345 monte
2006 1306 2147 1344 vcirculi

1203 1362 1453 1400 Bechinensis
1471 1363 1517 1400 ad
1535 1362 1772 1400 Lusinitium
1793 1372 1949 1399 amnem
1965 1360 2148 1398 munitis-

1202 1415 1340 1453 simam
1364 1417 1510 1463 urbem,
1533 1416 1691 1454 Thabor
1711 1415 1875 1461 dictam,
1896 1414 1997 1451 unde
2017 1416 2057 1451 et
2076 1413 2147 1464 ipsi

1203 1469 1442 1506 Thaboritae
1463 1469 1649 1518 appellati
1671 1472 1763 1506 sunt
1782 1497 1791 1515 ,
1812 1469 2089 1512 extruxerunt,
2110 1468 2150 1504 et

1203 1523 1250 1559 ab
1271 1534 1333 1560 an.
1358 1523 1458 1560 1419
1478 1522 1515 1559 in
1538 1522 1757 1560 Catholicos
1777 1520 1973 1559 crudelius
1993 1520 2148 1558 saevie-

1203 1578 1307 1614 runt.
1327 1576 1488 1613 Interim
1509 1576 1701 1614 Martinus
1721 1576 1792 1624 Pp.
1815 1575 1863 1621 V,
1875 1575 1923 1612 ad
1943 1573 2151 1623 impedien-

1202 1628 1290 1666 dam
1306 1629 1514 1668 haereseos
1529 1629 1856 1679 progressionem,
1871 1627 1993 1665 edidit
2007 1626 2153 1666 consti-

1202 1683 1404 1728 tutionem,
1424 1695 1502 1732 qua
1523 1682 1710 1732 praelatis
1729 1679 2005 1719 ecclesiasticis
2025 1682 2066 1718 et
2083 1679 2148 1718 in-

1203 1736 1453 1785 quisitoribus
1467 1737 1690 1783 mandabat,
1708 1738 1751 1774 ut
1764 1734 1982 1773 haereticos
1995 1744 2149 1771 eorum-

1203 1801 1279 1838 que
1300 1789 1473 1828 fautores
1495 1789 1738 1840 praescripta
1771 1787 2004 1826 iudiciorum
2024 1786 2150 1826 forma

1203 1846 1445 1891 coercerent,
1462 1846 1502 1882 et
1524 1855 1660 1881 eorum
1681 1844 1851 1880 mentem
1866 1841 1969 1879 circa
1983 1840 2148 1879 damna-

1201 1897 1310 1934 tosin
1327 1896 1615 1936 constantiensi
1636 1895 1798 1934 concilio
1818 1894 2004 1933 articulos
2022 1893 2152 1944 explo-

1202 1952 1335 1987 rarent
1350 1951 1563 1988 secundum
1578 1949 1788 1988 formulam
1818 1949 1856 1986 in
1875 1948 1928 1987 35
1943 1947 2072 1998 capita
2090 1947 2151 1985 di-

1201 2004 1408 2050 stinctam;
1438 2006 1641 2054 praeterea
1669 2004 1714 2041 B.
1742 2003 1928 2040 Ioannem
1957 2000 2149 2039 Dominici

1201 2057 1439 2095 cardinalem
1456 2057 1493 2095 in
1504 2057 1732 2095 Bohemiam
1743 2056 1890 2105 legavit
1899 2055 1948 2092 ad
1968 2055 2149 2092 reducen-

1201 2111 1267 2148 dos
1287 2111 1335 2148 ad
1355 2111 1492 2149 Fidem
1509 2112 1702 2157 errantes,
1723 2108 1990 2157 excitavitque
2006 2107 2149 2157 episco-

1202 2176 1268 2213 pos
1294 2164 1493 2211 Poloniae,
1513 2164 1550 2201 in
1571 2175 1686 2213 quam
1707 2163 1824 2201 etiam
1843 2172 1963 2211 prava
1978 2161 2148 2199 haeresis

1202 2220 1498 2267 penetraverat,
1532 2220 1577 2255 ut
1609 2229 1692 2255 eam
1728 2215 1899 2254 studiose
1925 2214 2150 2260 evellerent;

1201 2283 1368 2319 cumque
1413 2271 1595 2309 Hussitae
1633 2269 1825 2307 violenter
1855 2268 1892 2306 in
1931 2267 2150 2306 Catholicos

1201 2324 1409 2370 saevirent,
1432 2324 1574 2362 bellum
1599 2335 1753 2362 sacrum
1783 2325 1919 2360 contra
1939 2321 2024 2359 illos
2044 2321 2148 2359 indi-

1202 2377 1269 2415 xit.
1304 2377 1576 2426 Sigismundus
1610 2378 1841 2426 imperator,
1874 2376 1958 2424 post
1986 2376 2150 2412 mortem

1200 2430 1335 2469 fratris
1353 2430 1412 2468 sui
1432 2430 1662 2469 chceslai
1682 2429 1817 2481 (1419)
1844 2429 1963 2467 etiam
1984 2439 2053 2466 rex
2068 2428 2149 2466 Bo-

1201 2483 1364 2529 herniae,
1383 2484 1600 2522 haereticos
1617 2486 1769 2522 armata
1784 2495 1901 2521 manu
1918 2482 1956 2520 in
1977 2481 2148 2519 ordinem

1199 2536 1377 2586 redigere
1397 2540 1560 2576 conatus
1580 2541 1650 2584 est,
1671 2538 1737 2575 sed
1757 2536 1816 2575 illi
1836 2538 1947 2574 tanta
1966 2535 2006 2572 vi
2027 2534 2147 2573 dimi—

1200 2593 1353 2638 carunt,
1365 2594 1407 2628 ut
1418 2591 1615 2629 exercitus
1637 2589 1847 2628 catholicos
1858 2601 1932 2627 non
1948 2587 2069 2627 semel
2085 2587 2149 2626 fu-

1200 2643 1329 2682 derint
1364 2646 1403 2682 et
1439 2644 1581 2682 bellum
1617 2656 1686 2694 per
1719 2643 1849 2694 plures
1883 2654 2004 2682 annos
2021 2640 2148 2680 conti-

1202 2697 1369 2735 nuarint.

1252 2751 1346 2789 Post
1365 2752 1530 2789 mortem
1554 2751 1709 2789 Ioannis
1723 2750 1861 2789 Ziskac
1880 2748 2021 2802 (1424)
2040 2747 2148 2786 Hus-

1198 2804 1296 2842 sitac
1316 2805 1325 2841 i
1332 2817 1353 2841 n
1376 2804 1506 2854 plures
1520 2807 1645 2844 sectas
1660 2805 1766 2843 scissi
1784 2805 1886 2842 sunt.
1903 2802 1997 2847 Atii,
2013 2800 2149 2851 appel-

1200 2857 1264 2894 lati
1299 2858 1552 2906 Thaboritac,
1584 2858 1871 2904 Waldensium,
1909 2854 2083 2894 Wicleffi
2112 2856 2150 2892 et

1199 2911 1330 2948 Ilussii
1363 2912 1538 2961 vestigiis
1574 2911 1744 2960 pressius
1786 2910 2068 2955 inhaeserunt,
2102 2919 2148 2945 0-

1199 2976 1323 3002 mnem
1347 2976 1442 3014 pcnc
1462 2966 1660 3004 Ecclesiae
1680 2964 1893 3003 catholicae
1913 2961 2147 3007 doctrinam,

1197 3088 1312 3119 sponsa
1326 3082 1493 3112 haereseos
1509 3079 1777 3118 convicisset,eum
1791 3077 1957 3115 damnavit,
1968 3080 1998 3108 et
2018 3076 2151 3117 peruna-

1198 3131 1263 3153 cem
1282 3123 1407 3153 tradidit
1423 3123 1530 3153 curiae
1544 3121 1710 3159 saeculari,
1727 3129 1807 3160 quae
1820 3119 1959 3149 eumdem
1974 3117 2013 3148 :td
2031 3124 2142 3164 rogum

1197 3164 1417 3195 condemnavit
1434 3163 1605 3194 secuudum
1624 3163 1710 3202 litiges
1727 3161 1856 3201 imperii,
1879 3169 2010 3200 poenam
2033 3159 2143 3200 captus

1198 3206 1227 3236 in
1244 3211 1441 3237 contumaces
1459 3206 1639 3237 haereticos
1656 3205 1868 3235 decernentes.
