2241 3473
234 146 314 186 246

882 155 1043 183 EPOCHA
1070 155 1126 182 VI.
1155 156 1190 182 A>
1211 156 1368 184 GAROLO
1396 157 1440 185 M.

183 224 307 262 nodus
326 226 461 262 contra
481 224 715 262 Formosum
735 221 807 270 Pp.
828 220 996 258 rescissa
1015 221 1055 257 et
1073 231 1137 256 re-
1181 219 1330 258 eiectus
1366 220 1453 258 fuit.
1484 222 1543 258 Ex
1573 232 1650 269 quo
1677 223 1855 271 tempore
1874 222 2138 272 Berengarius

180 278 347 325 probata
362 278 465 324 sunt;
480 276 542 321 iis,
554 275 619 323 qui
636 273 823 323 Stephani
837 273 987 322 synodo
1003 273 1137 309 coacte

181 329 447 368 interfuerant
460 358 469 373 ,
488 329 603 365 venia
625 338 832 373 coneessa3
853 327 1113 363 constitutum
1127 354 1137 371 ,

183 382 428 430 ut,quamvis
444 382 653 418 Formosus
673 380 916 417 necessitatis
932 390 1050 416 causa
1066 389 1135 427 pro

179 435 287 472 vitae
307 435 446 472 merito
468 446 490 471 a
511 434 722 471 Portuensi
742 432 905 470 ecclesia
925 433 973 470 ad
994 432 1139 468 Roma-

179 500 270 525 nam
299 487 430 524 fuerat
449 486 687 532 translatus,
707 487 745 524 id
774 489 908 524 tamen
933 485 973 522 in
995 496 1134 521 exem-

180 541 286 589 plum
307 553 382 578 non
406 543 695 586 assumeretur3
716 539 887 577 ordinati
909 551 931 575 a
946 538 1135 575 Fornioso

178 593 218 630 in
248 593 431 642 pristinos
460 594 606 642 gradus
640 593 846 639 restituti;
875 591 1134 629 violatoribus

179 646 262 684 eius
291 646 460 694 sepulcri
481 647 692 684 anathema
712 646 916 691 inflictum,
939 644 1012 681 nisi
1031 644 1133 681 resi-

177 699 395 748 piscerent3
416 699 682 737 ecclesiastica
702 710 868 737 censura
886 698 968 736 lata
997 699 1136 734 contra

177 764 343 802 pravam
364 752 701 799 consuetudinem,
723 751 914 790 Pontifice
934 753 974 788 et
993 750 1137 798 episco-

176 805 235 854 pis
254 805 528 852 morientibus,
544 806 861 854 patriarchium
881 807 921 841 et
941 803 1136 852 episcopia

177 857 402 907 expilandi3
423 861 463 896 et
482 859 531 896 ad
552 859 858 908 praevertendas
882 858 1020 895 turbas
1049 860 1134 894 sta-

175 914 310 949 tutum
331 914 409 959 est,
428 913 472 949 ut
494 912 681 949 Pontifex
710 913 1008 949 consecraretur
1027 921 1135 959 prae-

176 965 356 1002 sentibus
375 965 625 1014 imperatoris
645 965 798 1014 legatis.
816 965 925 1006 Quae
945 963 1077 1000 omnia
1097 962 1135 999 in

177 1018 476 1056 Ravennatensi
502 1019 653 1067 synodo
673 1018 904 1056 confirmata
924 1015 1134 1054 fuerurit¹.-

177 1070 285 1109 Obiit
300 1072 467 1110 Ioannes
483 1083 585 1109 anno
601 1072 692 1119 900,
702 1071 835 1109 sextili
854 1082 989 1108 mense
1004 1070 1139 1106 ineuu-

177 1127 237 1171 te,
255 1137 345 1162 cum
363 1137 484 1176 annos
504 1126 530 1162 2
550 1127 589 1162 et
609 1125 689 1163 dies
711 1125 760 1162 15
781 1124 968 1162 Pontifex
986 1122 1136 1160 fuisset.

230 1178 294 1216 68.
317 1179 468 1216 Italiae
487 1183 526 1217 et
544 1179 701 1216 Romae
719 1183 853 1215 status
869 1200 919 1205 --
932 1177 1041 1218 Quod
1063 1188 1137 1213 au-

176 1234 259 1269 tem
292 1232 365 1269 hoc
392 1234 432 1269 et
469 1232 648 1280 sequenti
677 1231 831 1269 saeculo
874 1231 1137 1279 quorumdam

178 1284 421 1322 Pontificum
459 1285 667 1322 electiones
700 1286 873 1334 partium
902 1283 1041 1320 studiis
1070 1284 1138 1320 aut

179 1338 393 1376 factionum
414 1339 590 1387 potentia
609 1339 789 1376 turbatas
810 1340 1068 1387 peractasque
1087 1336 1138 1373 le-

180 1402 338 1440 gamus,
358 1403 472 1429 nemo
491 1391 715 1438 mirabitur,
735 1391 803 1440 qui
824 1390 999 1435 noverit,
1020 1401 1136 1438 quam

179 1445 436 1494 perturbatus
457 1447 560 1482 esset
587 1444 649 1482 his
677 1444 920 1493 temporibus
941 1443 1080 1480 Italiae
1100 1445 1140 1479 et

181 1497 288 1535 urbis
303 1498 456 1535 Romae
476 1500 617 1535 status.
634 1497 844 1535 Mis-abitur
862 1496 992 1546 potius
1012 1496 1139 1544 singu-

177 1550 304 1588 larem
325 1550 395 1588 Dei
415 1562 511 1600 erga
530 1551 754 1588 Romanam
775 1549 980 1587 ecclesiam
1001 1550 1137 1598 provi-

179 1604 367 1651 dentiam,
390 1615 468 1652 qua
487 1604 671 1641 effectum
701 1607 772 1650 est,
794 1606 837 1641 ut
858 1604 968 1640 Petri
999 1603 1137 1640 cathe—

178 1658 262 1704 dra,
275 1657 457 1705 quamvis
474 1657 692 1695 factionum
709 1656 907 1694 violentiis
924 1658 1043 1704 atque
1059 1668 1139 1693 ma-

179 1710 468 1748 chinationibus
489 1711 658 1757 iactata,
679 1722 755 1748 non
777 1711 979 1748 submersa
1005 1712 1074 1746 aut
1094 1721 1138 1746 e-

178 1775 317 1811 versa,
337 1764 404 1802 sed
425 1763 538 1801 salva
558 1766 598 1802 et
626 1767 735 1802 sarta
763 1766 872 1801 tecta
901 1765 1138 1801 conservata

178 1816 313 1863 fuerit,
332 1820 373 1854 et
392 1817 572 1866 plerique
591 1817 804 1855 Pontifices
823 1818 863 1854 in
885 1828 973 1854 eam
995 1817 1139 1861 evecti,

180 1882 345 1908 munere
361 1883 432 1908 suo
448 1871 565 1919 digne
586 1871 711 1908 functi
727 1871 817 1908 sint.
836 1871 944 1907 Inter
958 1870 1138 1918 politicas

178 1923 370 1961 factiones
403 1924 481 1961 alia
511 1924 722 1970 Italorum,
743 1924 821 1962 alia
850 1924 1137 1961 Germanorum

179 1979 279 2023 erat,
291 1989 391 2026 quae
403 1978 541 2015 ambae
554 1978 603 2015 de
615 1977 779 2026 imperio
791 1977 1009 2014 certabant.
1021 1977 1141 2013 Prae-

174 2031 418 2075 terea0inter
447 2031 568 2068 Italos
597 2033 657 2068 tot
686 2031 768 2068 fere
799 2033 914 2068 erant
946 2030 1137 2067 factiones

179 2083 364 2130 minores,
380 2086 475 2133 quot
493 2086 622 2122 essent
641 2085 816 2131 comites,
833 2084 1078 2121 marchiones
1100 2087 1139 2121 et

177 2136 313 2183 duces,
333 2137 399 2185 qui
428 2137 492 2174 vel
521 2138 756 2185 capessendo
784 2137 946 2186 imperio
966 2137 1033 2174 vel
1062 2149 1138 2173 au—

185 2190 323 2237 gendis
342 2189 494 2228 iuribus
514 2191 596 2228 suis
616 2190 832 2228 inhiabant.
854 2191 982 2232 Quum
1003 2194 1138 2227 autem

183 2242 271 2281 RR.
288 2242 503 2281 Pontifices
522 2246 711 2292 tanquam
732 2244 902 2292 supremi
925 2243 1065 2281 arbitri
1086 2244 1140 2280 iu-

182 2296 237 2333 ris
258 2296 403 2345 publici
424 2297 679 2342 haberentur,
701 2308 917 2345 eorumque
937 2299 1041 2334 esset
1060 2297 1137 2333 im-

180 2352 382 2398 peratores
397 2361 598 2395 coronare,
614 2350 776 2398 quaevis
794 2349 912 2387 factio
929 2350 1138 2387 Pontifices

179 2402 342 2451 optabat
361 2403 436 2441 sibi
457 2403 654 2449 addictos,
676 2415 722 2440 ac
742 2403 903 2451 proinde
933 2403 971 2439 in
1002 2414 1136 2440 eorum

179 2456 391 2494 electiones
411 2456 638 2505 petulanter
658 2468 800 2493 manus
821 2456 1031 2494 iniieiebat.

229 2511 302 2547 An.
325 2509 403 2547 894
424 2509 587 2548 Widoni
616 2509 656 2546 in
686 2521 810 2557 regno
839 2509 1134 2557 Longobardico

180 2563 369 2600 successit
398 2563 653 2609 Lambertus,
673 2562 780 2599 filius
801 2561 904 2609 eius,
926 2567 1011 2610 post
1031 2563 1140 2599 cuius

179 2615 329 2653 obitum
361 2628 423 2654 an.
451 2615 528 2653 898
549 2615 835 2664 Bercngarius,
858 2616 924 2663 qui
951 2615 1028 2652 iam
1052 2628 1138 2664 par-

179 2673 257 2705 tem
279 2669 577 2717 Longobardiae
597 2670 778 2717 regebat,
800 2680 847 2705 ea
867 2668 972 2705 solus
992 2669 1138 2717 potitus

179 2724 249 2759 est.
268 2722 504 2769 Ludovicus,
519 2734 591 2760 rex
611 2714 853 2759 Arelatensis
874 2733 942 2758 scu
960 2721 1136 2769 Burgun-

181 2774 269 2811 diae
298 2775 546 2821 cisiuranae,
574 2776 622 2813 ab
644 2774 880 2812 adversariis
909 2775 1136 2823 Berengarii

181 2832 379 2874 evocatus,
401 2829 567 2877 primum
590 2829 769 2874 adversm
791 2828 930 2865 deinde
952 2840 1138 2876 prospero

180 2886 307 2917 marte
329 2894 415 2918 eum
438 2894 482 2918 eo
504 2882 695 2927 certavit,
717 2886 755 2918 ct
775 2893 836 2918 an.
859 2882 937 2917 900
967 2893 989 2918 a
1019 2881 1139 2917 licue-

181 2933 284 2970 dicto
316 2935 385 2983 Pp.
417 2934 471 2971 IV
502 2936 714 2983 imperator
744 2936 953 2971 coronatus
982 2936 1066 2980 cst3
1097 2938 1137 2971 at

179 2989 265 3034 post
286 2987 489 3024 biennium
519 2999 540 3024 a
571 2988 813 3037 Berengario
835 2988 1016 3025 Veronae
1048 2988 1134 3024 ino-

178 3038 312 3088 pinato
333 3041 614 3090 apprehensus,
636 3041 759 3079 oculis
779 3042 940 3079 orbatus
961 3043 1001 3078 et
1023 3040 1136 3078 Italia

223 3167 233 3189 ¹
251 3169 365 3206 Labbe,
385 3168 504 3201 Com-il.
523 3173 541 3201 1.
559 3170 610 3208 lx,
628 3180 657 3210 p.
673 3169 734 3202 40ss
750 3173 778 3201 cl
796 3170 864 3202 507,
883 3171 1019 3212 Utraque
1037 3178 1135 3211 syno-

180 3208 238 3241 dus
255 3219 273 3240 a
289 3211 392 3242 Labbe
408 3212 489 3242 male
507 3212 639 3243 refertur
656 3212 693 3243 ad
712 3220 758 3243 an.
777 3211 846 3243 902.

1181 283 1348 322 regnum
1368 273 1711 322 Longobardicum
1728 276 1992 324 recuperavit.

1233 326 1296 364 69.
1313 327 1565 364 Benedictus
1580 327 1652 364 IV
1665 328 1866 377 Pontifeoe
1885 328 1971 380 (an.
1993 327 2144 379 900)—

1182 378 1277 416 Post
1297 379 1483 417 Ioannem
1504 380 1561 417 IX
1579 391 1777 417 summum
1798 383 2061 419 sacerdotium
2083 382 2148 419 de-

1181 432 1409 470 mandatum
1430 433 1505 470 fuit
1524 433 1738 470 Benedicto
1758 434 1827 480 IV,
1847 435 2047 481 Romano,
2067 446 2144 482 quo

1179 484 1241 521 die
1261 497 1337 522 non
1359 488 1495 523 costat.
1517 486 1620 523 Illud
1641 485 1812 523 traditur
1831 490 1981 525 certum
1994 517 2004 534 ‚
2019 488 2145 536 pridie

1178 538 1361 576 calendas
1380 539 1612 588 septembris
1633 538 1848 576 Ecclesiam
1874 540 1952 576 iam
1972 541 2144 577 admini-

1178 592 1344 629 strasse:
1361 594 1500 629 extant
1519 592 1624 629 enim
1655 592 1841 640 epistolae
1861 593 1945 630 eius
1965 593 2080 631 datae
2099 605 2144 630 eo

1179 644 1251 681 die.
1273 644 1400 682 Huius
1418 645 1705 694 benignitatem
1724 648 1763 682 et
1783 657 1877 694 erga
1895 646 2037 683 viduas
2055 658 2146 695 pau-

1178 709 1367 746 peresque
1412 699 1695 736 liberalitatem
1743 699 1918 736 celebrat
1951 699 2144 736 Flodoar-

1178 751 1251 788 dus
1273 750 1298 788 ¹.
1319 751 1356 788 Is
1376 751 1620 789 Ludovieum
1641 752 1699 789 III
1719 752 1923 789 coronavit
1938 752 2146 800 imperato-

1179 815 1283 850 rem,
1313 806 1357 841 ut
1384 804 1579 850 diximus;
1608 804 1827 842 Ecclesiam
1856 805 2094 854 gubernavit
2119 805 2145 842 3

1179 857 1292 904 annis
1311 860 1350 894 et
1370 858 1396 894 2
1415 858 1624 904 mensibus,
1641 859 1920 896 benevolentia
1939 858 1979 895 in
2001 869 2144 907 egenos

1179 909 1351 947 maxime
1372 912 1679 949 commendatus.

1232 963 1294 1001 70.
1331 963 1504 1002 Saecula·
1530 965 1575 1002 X
1597 965 1948 1003 conditio—Cum
1973 963 2144 1002 Benedi-

1181 1015 1233 1053 cti
1263 1016 1319 1053 IV
1340 1017 1572 1065 pontificatu
1602 1019 1832 1056 inchoamus
1853 1019 1922 1056 Χιῃ
1946 1017 2144 1055 Ecclesiae

1180 1069 1396 1116 saeculum,
1418 1071 1526 1108 cuius
1554 1071 1815 1108 conditionem
1837 1071 1953 1108 multi
1972 1071 2029 1108 ita
2049 1071 2146 1108 deli-

1183 1126 1365 1169 nearunt,
1387 1135 1432 1161 ae
1453 1124 1485 1161 si
1502 1124 1602 1161 ‘illud
1626 1124 1720 1161 nihil
1741 1125 1845 1171 boni,
1862 1124 1930 1162 sed
1949 1135 2144 1162 summam

1180 1188 1315 1214 rerum
1336 1177 1597 1224 ignorantiam
1611 1189 1842 1226 morumque
1856 1177 2146 1226 corruptionem

1181 1230 1331 1268 tulerit.
1358 1230 1472 1267 Unde
1492 1230 1695 1270 Ecclesiae
1717 1230 2144 1268 Romano-catholicae

1181 1283 1397 1321 adversarii
1409 1283 1699 1330 concluserunt,
1711 1296 1799 1321 eam
1814 1284 1852 1320 in
1865 1286 1979 1322 tanta
1991 1294 2144 1320 morum

1182 1336 1465 1385 depravatione
1482 1340 1520 1374 et
1537 1349 1669 1374 rerum
1687 1337 1853 1383 inscitia,
1865 1338 1912 1375 de
1925 1336 2049 1374 veteri
2061 1347 2146 1374 san-

1182 1390 1319 1428 ctitate
1345 1392 1385 1427 et
1401 1389 1514 1427 Fidei
1535 1390 1706 1439 puritate
1727 1390 1940 1437 excidisse,
1961 1401 2143 1438 novaque

1181 1443 1368 1490 dogmata
1388 1444 1660 1492 assumpsisse.

1233 1497 1397 1543 Verum,
1414 1497 1596 1545 quamvis
1617 1496 1754 1534 infelix
1775 1497 1895 1535 fuerit
1914 1497 2031 1534 huius
2052 1507 2143 1533 sae-

1182 1549 1259 1586 culi
1279 1554 1319 1586 et
1334 1550 1603 1598 proximorum
1622 1552 1845 1598 temporum
1865 1550 2048 1596 conditio,
2066 1561 2143 1586 non

1182 1602 1258 1639 fuit
1274 1606 1405 1639 tamen
1422 1604 1513 1640 talis
1544 1604 1583 1640 in
1605 1615 1650 1640 co
1674 1615 1829 1641 morum
1851 1603 2050 1652 corruptio
2073 1605 2145 1640 aut

1183 1667 1317 1693 rerum
1330 1656 1657 1705 inscitia,qualem
1670 1660 1896 1706 protrusere
1909 1656 2143 1694 adversarii.

1184 1710 1242 1746 Ex
1255 1710 1314 1755 iis,
1330 1721 1430 1757 quae
1448 1710 1661 1747 doctissimi
1677 1710 1905 1760 viri,Pagi²,
1916 1707 2144 1756 Muratori3,

1183 1762 1452 1810 Tiraboschi4,
1465 1763 1610 1812 aliique
1633 1764 1678 1800 de
1705 1764 1778 1800 hoc
1798 1763 1952 1801 saeculo
1972 1774 2021 1800 ex
2042 1761 2144 1800 anti-

1182 1817 1269 1866 quis
1287 1817 1549 1854 monumentis
1565 1818 1816 1863 adnotarunt,
1833 1817 2006 1862 constat,
2027 1816 2068 1852 in
2098 1827 2145 1852 eo

1183 1883 1258 1907 non
1279 1882 1402 1919 parvo
1424 1882 1585 1907 numero
1606 1870 1830 1919 episcopos,
1850 1869 2037 1915 clericos,
2060 1880 2145 1906 mo-

1183 1925 1340 1970 nachos,
1359 1923 1551 1961 moniales
1565 1953 1574 1970 ,
1592 1923 1715 1961 laicos
1732 1924 1938 1971 utriusque
1959 1933 2077 1960 sexus
2106 1925 2144 1959 et

1183 1977 1308 2014 omnis
1342 1977 1598 2021 conditionis,
1627 1988 1773 2026 magna
1804 1976 1999 2014 virtutum
2027 1975 2144 2012 laude

1182 2043 1228 2068 ac
1249 2030 1355 2067 vitae
1375 2030 1635 2068 sanctimonia
1651 2030 1857 2076 claruisse3
1879 2029 2087 2077 scriptores
2107 2040 2147 2065 e-

1181 2084 1276 2121 tiam
1287 2084 1418 2133 plures
1426 2084 1802 2132 fioruisse,quamvis
1814 2083 2016 2132 pauciores
2025 2092 2142 2129 quam

1181 2138 1269 2174 aliis
1288 2137 1457 2174 saeculis
1472 2138 1523 2183 ;in
1544 2137 1626 2186 ipsa
1639 2136 1766 2183 Italia,
1784 2135 1966 2185 quamvis
1985 2145 2080 2184 prae
2096 2146 2143 2172 a-

1181 2191 1243 2228 liis
1264 2190 1487 2239 regionibus
1507 2190 1664 2227 illorum
1685 2193 1907 2238 temporum
1932 2188 2143 2237 perturba-

1182 2244 1286 2281 tione
1307 2247 1347 2281 et
1367 2243 1704 2281 vicissitudinibus
1732 2243 1901 2289 iactata,
1924 2241 2028 2278 viros
2058 2241 2142 2290 plu-

1181 2308 1244 2334 res
1274 2298 1394 2334 bonas
1424 2298 1531 2333 artes
1553 2299 1592 2333 et
1612 2296 1862 2333 humaniores
1883 2297 1923 2332 et
1945 2293 2143 2343 theologi-

1182 2362 1247 2388 cas
1268 2349 1492 2398 disciplinas
1512 2349 1678 2387 coluisse
1700 2351 1739 2385 et
1761 2350 1799 2385 in
1821 2348 1964 2386 scholis
1985 2347 2142 2385 docuis-

1182 2415 1242 2449 se;
1262 2403 1473 2440 monachos
1493 2402 1726 2451 praesertim
1743 2401 1932 2451 singulari
1948 2400 2143 2438 industria

1183 2468 1340 2494 curasse
1354 2486 1362 2502 ,
1384 2459 1428 2493 ut
1456 2456 1546 2493 libri
1569 2459 1609 2493 et
1629 2467 1748 2505 opera
1763 2485 1772 2501 ,
1793 2468 1817 2493 a
1836 2454 2049 2492 maioribus
2071 2465 2141 2491 ac-

1183 2513 1294 2559 cepta
1307 2540 1316 2556 ,
1335 2522 1408 2546 non
1427 2512 1583 2547 tantum
1604 2521 1728 2554 sacra,
1747 2509 1815 2546 sed
1836 2509 1875 2545 et
1894 2507 2058 2557 profana
2077 2507 2142 2544 hi-

1182 2564 1415 2600 storicorum
1430 2593 1438 2608 ,
1455 2565 1670 2609 oratorum,
1687 2564 1905 2611 poetarum,
1926 2571 2142 2598 conserva-

1184 2619 1333 2653 rentur.
1356 2617 1586 2665 Lugubrem
1609 2621 1713 2652 certe
1744 2615 1861 2652 huius
1892 2613 2041 2652 saeculi
2071 2613 2143 2650 de-

1182 2669 1431 2717 scriptionem
1472 2669 1564 2706 fecit
1589 2669 1784 2706 Baronius
1816 2668 1912 2705 illud
1942 2665 2144 2716 appellans

1182 2722 1238 2759 sui
1270 2723 1481 2771 asperitate
1501 2726 1541 2760 ct
1570 2722 1660 2759 boni
1699 2721 1910 2760 sterilitate
1943 2720 2140 2766 ferreum,

1182 2776 1274 2812 mali
1306 2776 1541 2813 exundantis
1591 2775 1843 2813 deformitate
1892 2773 2140 2822 plumbeum,

1187 2829 1419 2877 scriptorum
1444 2830 1573 2878 inopia
1594 2829 1803 2866 obscurum
1823 2826 1849 2864 ⁵.
1876 2825 2139 2864 Bellarminus

1182 2882 1297 2919 etiam
1329 2883 1447 2929 dixit,
1479 2882 1632 2919 nullum
1661 2881 1815 2919 saeculo
1836 2879 1873 2916 X
1894 2879 2087 2916 indoctius
2105 2876 2135 2916 ⁶.

1223 2999 1231 3020 ¹
1251 3000 1293 3030 lle
1311 3000 1441 3030 limmata.
1461 2998 1583 3038 Pontis.

1220 3041 1234 3061 ‘²-
1254 3040 1373 3071 (1'r111'r11
1394 3042 1424 3071 ιἰι
1441 3041 1583 3072 Anneius
1599 3039 1742 3071 [loronii.

1221 3083 1234 3103 :³
1252 3082 1562 3116 Annalt'd'llnlia,1.
1581 3082 1700 3118 vll-lx,
1719 3080 1819 3111 Milan.
1832 3077 1922 3109 1819.

1223 3125 1234 3146 ⁴
1253 3125 1334 3154 Χίων,
1352 3124 1436 3153 cistlla
1453 3124 1648 3153 [alteratum
1667 3122 1733 3153 ital.
1750 3125 1771 3153 t.
1791 3121 1839 3150 ΙΙΙ.

1219 3167 1232 3188 ⁵
1250 3166 1367 3196 ΛιιιιίιΙ.
1385 3166 1422 3195 :ul
1440 3175 1489 3195 au.
1506 3166 1576 3195 auu.

1220 3209 1234 3229 ἢ
1253 3208 1453 3239 (lonlrtwflrs.
1476 3206 1524 3235 De
1542 3205 1573 3237 11.
1593 3204 1717 3244 Pontis.
1736 3204 1754 3236 l.
1773 3204 1821 3240 lv,
1841 3212 1866 3235 c.
1887 3202 1932 3233 12.
