2241 3473
696 165 823 195 stVE
851 165 904 192 AD
933 163 1126 191 AETATEM
1155 164 1303 192 CAROLI
1330 164 1374 192 M.

56 227 197 278 synodi
209 228 331 281 *erant
349 226 473 264 veluti
497 228 606 276 regni
627 229 798 273 comitia,
813 229 852 265 in
868 228 1007 276 quibus

57 293 133 320 non
153 282 304 318 tantum
325 280 372 316 de
392 280 615 328 Religione,
635 281 702 318 sed
723 281 840 318 etiam
863 281 910 317 de
939 292 1005 317 re-

57 333 212 384 publica
231 332 400 369 omnium
423 334 617 370 communi
638 345 826 370 consensu
861 332 1006 370 delibe-

57 386 232 424 rabatur.
255 385 469 433 Postquam
489 398 560 422 rex
584 386 714 423 oblato
733 386 878 433 scripto
893 385 1007 422 tidem

56 440 160 477 esset
180 437 388 486 professus,
410 439 540 485 patres
560 438 677 475 etiam
701 438 790 475 fidei
808 437 1009 486 professio-

56 502 145 529 nem
166 490 385 527 ediderunt.
410 491 556 527 Deinde
571 490 709 527 sanciti
722 493 812 527 sunt
837 490 880 526 11
899 502 1009 526 cano-

56 555 138 589 nes,
157 543 196 580 iu
218 543 355 590 quibus
372 545 529 591 praeter
549 543 625 579 alia
646 544 854 587 statutum,
877 544 920 579 ut
939 554 1008 578 rex

57 607 133 634 non
167 595 451 643 conspiratione
486 607 696 643 paucorum
727 599 796 631 aut
829 594 1009 632 seditioso

56 649 179 697 plebis
200 648 388 691 tumultu,
409 648 476 684 sed
498 648 547 684 ab
568 647 756 696 episcopis
776 650 815 683 et
835 647 1008 695 proceri-

55 702 127 738 bus
147 701 364 749 eligeretur
384 700 421 736 in
445 701 538 736 urbe
559 700 669 747 regia
690 700 752 736 vel
781 700 844 736 ubi
874 700 1008 736 deces-

56 765 121 791 sor
140 754 259 798 obiit3
280 755 323 789 ut
342 752 490 789 clectus
512 752 683 797 iuraret,
705 764 746 788 se
776 751 1008 788 catholicam

55 806 171 844 fidem
193 817 216 843 a
236 805 470 842 Iudaeorum
491 807 530 841 et
550 804 833 842 haereticorum
866 803 1011 841 iniuria

57 870 140 896 esse
175 857 420 895 defensurum
437 885 447 901 ,
481 868 658 905 novaque
693 856 905 905 vectigalia
944 858 1012 893 aut

56 910 277 949 exactiones
297 909 461 946 subditis
484 921 557 946 non
578 909 869 958 impositurum3
891 912 934 946 ut
954 909 1009 946 si-

56 963 188 1001 monia
219 975 243 1000 a
277 962 396 999 sacris
432 962 753 999 Ordinationibus
787 964 990 999 arceretur
1003 991 1011 1007 ‚

57 1016 248 1064 huiusque
269 1015 443 1052 criminis
469 1015 527 1052 rei
547 1015 855 1063 deponerentur;
876 1017 920 1051 ut
948 1014 1010 1051 in-

58 1068 302 1106 continentes
322 1067 451 1105 clerici
468 1097 476 1113 ,
498 1079 520 1104 a
541 1067 787 1105 subdiaconis
807 1069 846 1105 et
874 1078 1011 1115 supra,

11 1159 14 1161 A
59 1121 191 1170 poenis
207 1121 402 1158 canonicis
418 1121 688 1166 subderentur3
708 1122 749 1157 ut
764 1120 886 1157 sacris
903 1119 1012 1157 Ordi-

58 1174 172 1211 nibus
183 1185 258 1211 non
271 1173 524 1210 initiarentur
540 1173 612 1210 nisi
631 1185 728 1221 quos
739 1184 890 1209 morum
906 1172 1011 1209 inno-

57 1226 186 1264 centia
205 1228 244 1263 et
272 1225 435 1264 scientia
451 1226 771 1263 commendabant
793 1225 817 1263 ¹.
840 1228 914 1263 An.
932 1225 1010 1263 655

57 1280 191 1317 habita
211 1281 272 1316 est
294 1279 465 1327 synodus
495 1278 686 1316 Toletana
712 1279 780 1316 IX.
815 1278 1011 1316 Interfue-

57 1336 151 1370 runt
173 1332 220 1369 16
241 1331 423 1380 episcopi,
445 1331 510 1379 qui
532 1332 740 1368 ediderunt
761 1332 809 1368 17
831 1342 1010 1368 canones.

58 1384 265 1422 Pertinent
286 1385 325 1421 hi
345 1384 587 1433 potissimum
609 1385 656 1421 ad
677 1384 866 1421 bonorum
889 1384 1012 1421 eccle-

57 1437 307 1475 siasticorum
329 1436 708 1474 administrationem
727 1439 765 1474 et
781 1437 1011 1474 clericorum

59 1489 337 1528 continentiam
357 1488 384 1527 ².
409 1490 606 1538 Sequente
628 1502 729 1526 anno
762 1490 814 1527 20
845 1489 1011 1538 episcopi

59 1545 329 1580 convenerunt
349 1542 531 1580 Toletum
551 1545 591 1580 et
608 1542 837 1580 sancierunt
852 1544 875 1579 7
892 1554 1012 1580 cano-

59 1607 138 1642 nes,
158 1606 324 1644 quorum
344 1595 387 1632 2⁰
408 1595 538 1632 clerici
559 1597 629 1632 aut
648 1596 841 1642 monachi,
861 1595 926 1643 qui
947 1607 1013 1632 sa-

59 1651 302 1686 cramentum
317 1659 386 1696 pro
403 1649 527 1686 salute
542 1649 642 1697 regis
660 1651 730 1685 aut
740 1648 892 1697 patriae
909 1659 1015 1697 prae-

58 1701 195 1738 stitum
217 1701 415 1746 violarint,
442 1701 589 1738 honore
609 1713 679 1738 suo
697 1703 907 1746 exuuntur,
923 1713 1013 1737 con-

58 1765 169 1791 cessa
179 1753 262 1803 regi
276 1757 471 1803 potestate
489 1754 716 1791 canonicam
733 1755 833 1790 hanc
851 1765 1010 1802 poenam

57 1807 306 1854 moderandi3
327 1807 369 1844 5⁰
392 1807 532 1844 viduae
553 1810 593 1844 et
616 1807 800 1855 virgines,
821 1818 919 1854 quae
941 1818 1012 1843 vo-

57 1861 144 1896 tum
171 1871 287 1897 suum
321 1859 581 1906 violaverint,
611 1859 1012 1896 excommunicatione

58 1914 98 1949 et
117 1913 242 1949 ardua
254 1913 491 1960 poenitentia
508 1912 743 1960 plectuntur;
759 1912 801 1949 6⁰
817 1914 1011 1949 statutum

59 1967 130 2009 est,
152 1968 194 2002 ut
214 1965 381 2002 infantes
400 1977 422 2002 a
439 1966 665 2014 parentibus
682 1965 890 2013 religiosae
907 1965 1013 2002 vitae

59 2029 127 2065 per
146 2021 348 2055 tonsuram
370 2021 437 2055 aut
454 2020 605 2055 vestem
621 2019 879 2055 monasticam
897 2018 1014 2054 devo-

58 2069 108 2115 ti,
128 2073 331 2108 manerent
353 2071 602 2108 obedientiae
632 2071 725 2119 iugo
755 2070 920 2116 addicti3
949 2070 1014 2107 sed

59 2127 242 2171 parentes
262 2126 414 2160 tantum
445 2124 636 2161 haberent
651 2125 885 2172 potestatem
901 2123 1018 2160 devo-

60 2175 173 2212 vendi
201 2176 303 2213 filios
333 2188 421 2213 suos
453 2176 660 2224 religiosae
683 2175 789 2213 vitae
820 2187 939 2224 usque
969 2175 1015 2212 ad

62 2228 256 2265 decimum
277 2229 418 2266 aetatis
439 2241 584 2266 annum
606 2227 631 2266 3.

112 2281 223 2318 Tunc
239 2281 425 2329 temporis
441 2282 479 2318 in
497 2281 687 2330 Hispania
702 2280 1021 2318 sanctitatislau-

61 2333 108 2370 de
127 2335 347 2372 floruerunt
362 2334 560 2383 Eugenius
577 2334 778 2382 episcopus
791 2334 1017 2378 Toletanus;

62 2387 245 2424 Braulius
274 2387 680 2436 Caesaraugustanus;
701 2387 940 2423 Fructuosus
969 2397 1017 2422 ex

62 2440 202 2477 abbate
237 2439 502 2488 Complutensi
542 2439 745 2487 episcopus
777 2438 1018 2484 Dumiensis,

61 2491 150 2528 dein
171 2492 444 2537 Bracarensis,
464 2492 530 2540 qui
560 2492 822 2528 monasticum
852 2492 1015 2528 institu-

62 2546 147 2581 tum
177 2544 385 2592 plurimum
415 2545 622 2592 promovit,
650 2544 926 2593 geminamque
949 2554 1015 2580 re-

61 2597 194 2646 gulam
216 2608 284 2644 pro
299 2597 499 2634 monachis
515 2598 744 2645 composuit3
761 2596 1015 2645 Ildephonsus

61 2661 90 2686 s.
119 2648 283 2697 Eugenii
309 2649 348 2685 in
376 2650 466 2686 sede
492 2649 683 2686 Toletana
711 2661 930 2694 successor,
951 2648 1015 2696 qui

63 2705 220 2750 praeter
239 2701 318 2738 alia
347 2701 503 2750 scripsit
529 2702 760 2739 Tractatum
789 2702 837 2739 de
866 2702 1017 2738 illibata

61 2765 92 2791 s.
108 2754 257 2791 Mariae
278 2753 506 2801 virginitate
521 2759 559 2791 et
575 2755 827 2803 appendicem
844 2766 911 2792 seu
933 2767 1021 2791 con-

63 2806 318 2844 tinuationem
352 2806 439 2843 libri
470 2818 500 2843 s.
531 2806 668 2843 Isidori
690 2807 944 2855 Hispalensis,
971 2807 1020 2845 (Ze

69 2859 349 2908 Scrz‘ptorz'bus
369 2860 652 2895 ecclesiasticis
667 2871 735 2896 seu
753 2859 848 2896 viris
864 2859 1019 2897 illustri-

63 2910 157 2958 bus3
176 2912 290 2949 Irene
310 2911 422 2958 virgo
443 2911 656 2957 Lusitana,
678 2923 777 2959 quae
807 2913 856 2949 ab
884 2912 1018 2949 insano

64 2966 239 3002 amatore
259 2963 450 3010 Britaldo,
473 2964 583 3000 cuius
605 2964 760 3012 nuptias
780 2967 1019 3014 contempse-

107 3135 116 3157 ¹
132 3135 242 3174 Labbe,
262 3134 378 3168 Concil.
396 3138 415 3166 t.
432 3135 480 3173 Vl,
497 3143 525 3173 p.
544 3132 612 3165 394.

105 3175 121 3196 2
137 3176 216 3208 Ibid.
234 3187 262 3216 p.
279 3176 349 3208 451.

106 3215 121 3238 ³
133 3217 212 3249 lbid.
230 3227 260 3258 p.
275 3217 347 3249 459.

274 3267 526 3316 WOUTERS‚
553 3266 581 3307 1.

1882 152 1954 190 177

1053 230 1128 274 rat,
1148 227 1369 273 interfecta,
1392 226 1638 276 virginitatis
1658 225 1822 276 gloriam
1849 229 2004 275 marty-

1053 281 1098 317 rii
1122 280 1251 329 palma
1271 281 1500 318 cumulavit.

1103 333 1165 370 20.
1188 334 1419 381 Relt'gje'onis
1444 343 1689 381 proqressus
1713 334 1757 369 in
1777 332 1939 379 Anyle'a
1954 354 2005 359 —-

1053 386 1094 421 In
1126 385 1269 434 Anglia
1299 386 1434 434 religio
1464 386 1700 430 christiana,
1729 395 1828 432 quae
1858 386 1934 421 iam
1965 384 2002 420 in

1052 438 1192 483 Uantii,
1214 438 1522 475 Northumbriae
1539 467 1548 483 ,
1571 437 1796 486 Estangliae
1817 439 1857 474 et
1876 437 2007 473 West-

1052 491 1187 527 saxiae
1208 490 1341 537 regnis
1362 491 1649 535 dominabatur,
1671 501 1775 527 nova
1796 490 2011 526 incremen-

1053 546 1091 579 ta
1113 542 1224 590 cepit.
1248 545 1322 579 An.
1343 542 1422 579 6523
1444 543 1577 579 Penda
1596 543 1739 587 iunior,
1760 553 1830 579 rex
1851 542 2008 579 Midde-

1054 595 1290 643 langlorum,
1302 595 1349 630 ad
1368 595 1652 642 suscipiendam
1671 594 1923 632 christianam
1936 595 2011 631 Re-

1054 647 1237 694 ligionem
1258 646 1450 683 excitatus
1470 647 1518 683 ab
1540 647 1670 683 Oswio
1692 658 1783 693 rege
1797 647 2010 684 Northum-

1054 700 1173 744 briae,
1183 711 1205 736 a
1220 699 1402 736 s.l⁴¹inano
1413 699 1590 747 episcopo
1601 699 1903 737 Limiisfarnensi
1919 700 2008 748 bap-

1055 752 1196 788 tizatus
1217 754 1288 797 est,
1308 753 1348 788 et
1367 763 1435 799 pro
1463 752 1703 788 subditorum
1732 764 1891 789 suorum
1912 764 2007 788 con-

1056 804 1231 841 versione
1260 806 1480 840 sacerdotes
1510 804 1723 841 arcessivit.
1746 805 1817 841 His
1847 805 2006 852 praedi-

1054 857 1231 894 cantibus
1252 856 1392 905 passim
1414 867 1592 904 proceres
1621 859 1661 893 et
1688 856 1828 904 plebeii
1849 858 2008 894 deorum

1053 910 1202 947 cultum
1223 909 1471 954 abiecerunt,
1490 909 1728 956 baptismum
1757 909 2009 957 postularunt

1053 964 1094 999 et
1112 962 1366 999 christianam
1382 961 1497 998 fidem
1515 960 1677 1009 professi
1694 965 1795 998 sunt.
1805 962 1918 998 Anno
1930 962 2009 999 655

1054 1015 1207 1051 Oswius
1228 1026 1298 1051 rex
1328 1013 1654 1059 Northumbriae,
1684 1013 1875 1050 debellato
1906 1014 2009 1051 Pen-

1055 1068 1104 1104 da
1123 1067 1278 1105 seniore
1294 1096 1303 1112 ,
1322 1066 1549 1104 saevissimo
1572 1066 1810 1103 Merciorum
1835 1077 1929 1114 rege
1942 1096 1950 1112 ‚
1971 1079 2008 1103 e-

1054 1120 1192 1168 iusque
1219 1132 1342 1168 regno
1369 1119 1535 1167 potitus,
1555 1118 1594 1154 in
1615 1118 1751 1166 primis
1771 1119 1947 1165 curavit,
1969 1120 2012 1156 ut

1054 1172 1191 1210 Mercii
1217 1174 1265 1210 ad
1286 1171 1534 1221 Religionem
1564 1170 1815 1208 christianam
1847 1182 2012 1208 conver-

1054 1228 1244 1263 terentur.
1266 1225 1420 1274 Optime
1442 1224 1487 1261 de
1507 1235 1642 1261 eorum
1664 1223 1916 1260 conversione
1937 1236 2014 1261 me-

1054 1279 1134 1316 ruit
1151 1279 1304 1323 Diuma,
1321 1277 1472 1326 primus
1493 1276 1650 1313 illorum
1673 1276 1886 1325 episcopus.
1904 1276 2014 1313 Eius-

1056 1332 1142 1368 dem
1160 1331 1278 1369 Oswii
1299 1331 1458 1368 hortatu
1474 1329 1512 1366 Si
1519 1330 1703 1378 gebertus
1723 1340 1794 1366 rex
1810 1329 2011 1365 Saxonum

1056 1384 1325 1429 orientalium,
1348 1394 1512 1431 quorum
1542 1382 1769 1430 metropolis
1799 1384 1885 1418 erat
1905 1382 2011 1418 Lon-

1056 1438 1210 1483 dinum,
1232 1437 1392 1473 deorum
1413 1436 1563 1473 cultum
1584 1434 1748 1480 abiecit,
1767 1433 1942 1471 subditos
1963 1435 2012 1471 ad

1056 1490 1311 1527 christianam
1331 1489 1445 1526 fidem
1466 1488 1668 1526 revocavit
1696 1498 1813 1536 opera
1842 1498 1871 1523 S.
1893 1487 2013 1524 Cead-

1056 1544 1140 1589 dae,
1153 1555 1270 1591 quem
1281 1542 1454 1579 Finanus
1470 1539 1798 1578 Lindisfarnensis
1818 1551 2016 1577 consecra-

1056 1596 1114 1633 vit
1133 1596 1354 1645 episcopum
1374 1595 1674 1631 Londinensem.
1696 1593 1778 1629 lam
1807 1593 1878 1629 sub
1898 1603 2014 1640 prae-

1057 1649 1231 1686 cedentis
1253 1647 1397 1685 saeculi
1423 1649 1572 1684 exitum
1601 1646 1773 1683 Saxones
1803 1645 2014 1682 orientales

1058 1703 1129 1740 sub
1150 1701 1366 1738 Saberetho
1392 1711 1485 1749 rege
1506 1699 1642 1736 Fidem
1671 1700 1949 1746 susceperant,
1971 1700 2016 1734 ut

1057 1755 1227 1792 vidimus
1242 1783 1251 1799 ,
1270 1754 1337 1791 sed
1366 1754 1436 1790 sub
1465 1752 1593 1801 impiis
1623 1751 1708 1788 eius
1736 1750 1827 1788 filiis
1848 1750 1896 1787 ad
1916 1749 2016 1787 vitia

1057 1810 1096 1844 et
1108 1806 1368 1844 idololatriam
1380 1805 1536 1853 relapsi,
1548 1803 1778 1842 s.Mellitum
1792 1802 2014 1850 episcopum

1060 1860 1343 1897 Londincnsem
1378 1859 1576 1895 eiecerant
1615 1854 1639 1894 ¹.
1678 1856 1742 1892 Sic
1783 1854 2016 1892 christianae

1059 1911 1275 1961 Religionis
1293 1910 1477 1959 professio
1500 1909 1641 1958 ubique
1661 1908 1700 1945 in
1721 1908 1832 1945 novis
1851 1907 2017 1955 Angliae

1060 1965 1190 2014 regnis
1210 1964 1391 2001 obtinuit.
1414 1963 1626 2011 Supererat
1654 1961 1780 1998 adhuc
1801 1960 2016 1997 Sudsaxiae

1047 2031 1127 2055 ‘seu
1156 2018 1356 2054 Saxonum
1387 2015 1620 2052 australium
1653 2012 1878 2058 conversio,
1899 2024 2016 2060 quam

1060 2083 1160 2108 anno
1183 2070 1258 2107 681
1281 2071 1466 2117 operatus
1486 2071 1546 2105 est
1565 2079 1595 2105 s.
1616 2065 1829 2103 Wilfridus
1846 2064 1872 2102 ².

1110 2124 1174 2161 21.
1196 2122 1567 2169 Lonyohardorum
1588 2118 1913 2157 conversio—In
1935 2118 2016 2154 Ita-

1060 2176 1113 2213 lia
1144 2179 1231 2224 post
1260 2175 1411 2212 obitum
1440 2172 1630 2210 Rotharis
1657 2169 1769 2222 (652)
1797 2170 2019 2218 Longobar-

1060 2230 1198 2266 dorum
1228 2239 1348 2276 regno
1378 2227 1525 2275 potitus
1551 2227 1609 2262 est
1638 2223 1864 2261 Rodoaldus
1893 2222 2016 2268 filius,

1060 2294 1135 2329 quo
1156 2283 1241 2330 post
1262 2280 1412 2328 aliquot
1434 2289 1586 2315 menses
1607 2276 1831 2321 interfecto,
1851 2286 2015 2323 regnum

1060 2335 1230 2372 delatum
1254 2332 1327 2369 fuit
1348 2332 1544 2376 Ariberto,
1566 2330 1630 2378 qui
1653 2341 1771 2378 usque
1794 2329 1841 2365 ad
1862 2339 1922 2364 an.
1940 2327 2018 2364 662

1062 2386 1254 2436 regnavit.
1268 2385 1532 2433 Hic·princeps
1549 2383 1623 2420 fuit
1634 2381 1849 2420 catholicus
1869 2382 1905 2417 et
1919 2380 2018 2428 pius,

1059 2451 1181 2487 eoque
1211 2440 1423 2487 regnante,
1443 2436 1787 2484 Longobardorum
1818 2433 1865 2470 ad
1901 2432 2015 2469 fidem

1059 2491 1292 2530 catholicam
1329 2490 1531 2527 conversio
1546 2518 1556 2534 ,
1594 2489 1641 2526 ad
1682 2487 1830 2524 exitum
1871 2484 2017 2522 saeculi

1062 2543 1330 2594 praecedentis
1364 2543 1435 2580 sub
1465 2541 1731 2578 Theodelinda
1758 2539 1915 2586 coepta,
1949 2538 2017 2574 sed

1061 2598 1131 2635 sub
1163 2595 1331 2633 Rothari
1362 2595 1497 2632 ariano
1528 2593 1716 2637 remissa,
1745 2591 1901 2639 rapidos
1934 2601 2018 2638 pro-

1061 2662 1220 2699 gressus
1249 2648 1352 2685 fecit.
1384 2647 1567 2684 Ariberto
1596 2647 1772 2689 mortuo,
1802 2643 2020 2691 regnarunt

1061 2703 1178 2740 simul
1208 2702 1282 2738 duo
1312 2700 1382 2737 filii
1403 2700 1507 2744 eius,
1535 2696 1777 2735 Bertharidis
1807 2694 2018 2732 Mediolani

1063 2758 1103 2793 et
1123 2755 1400 2791 Gundebertus
1421 2750 1558 2788 Ticini.
1580 2748 1698 2787 Brevi
1720 2750 1806 2796 post
1825 2747 2019 2784 Grimoal-

1062 2809 1134 2845 dus
1154 2808 1233 2844 dux
1256 2806 1572 2848 Beneventanus,
1597 2813 1685 2838 usus
1705 2800 1807 2837 bello
1828 2800 1933 2837 civili
1953 2800 2019 2836 in-

1062 2863 1124 2898 ter
1144 2871 1256 2908 reges
1278 2859 1423 2895 fratres
1442 2858 1599 2900 exorto,
1620 2853 1872 2891 Gundeberto
1893 2852 2018 2890 occiso

1063 2916 1102 2951 ct
1122 2910 1346 2950 Bertharidi
1368 2910 1404 2945 in
1427 2908 1588 2945 exilium
1609 2906 1720 2954 pulso
1733 2934 1743 2951 ,
1763 2917 1929 2953 regnum
1949 2917 2017 2941 oc-

1064 2965 1233 3014 cupavit,
1246 2962 1446 3009 tenuitque
1464 2972 1584 3007 usque
1601 2960 1648 2996 ad
1665 2971 1724 2996 an.
1736 2959 1826 2995 671.
1839 2958 1918 2995 Sub
1935 2956 2020 2994 Gri-

1065 3017 1234 3061 moaldo,
1267 3015 1435 3064 primum
1467 3012 1603 3051 ariano
1632 3011 1770 3049 deinde
1801 3009 2019 3055 catholico,

1107 3173 1116 3193 1
1137 3172 1201 3202 vid.
1219 3180 1246 3210 p.
1265 3168 1413 3200 icc-163.

1106 3213 1120 3234 ι’
1136 3212 1229 3251 Beda,
1246 3211 1322 3242 [nst.
1340 3210 1357 3240 1.
1376 3210 1424 3240 ιιι.

1762 3261 1811 3298 13
