2241 3473
718 135 845 166 stvss
872 135 926 163 AD
954 134 1121 162 SCmSMA
1149 134 1378 162 OCCIDENTIS

1915 122 1967 161 55

138 205 174 242 7.
185 203 349 242 Bellum
360 202 556 240 adversus
569 201 802 250 Albiyenses
813 200 1027 251 (αη.1209)
1075 200 1142 238 vit.
1165 200 1267 238 Deus
1287 199 1489 249 apostolici
1512 199 1585 237 viri
1606 210 1803 238 sermones
1822 200 1938 248 atque
1959 199 2014 237 la-

89 257 195 295 —In
214 255 415 293 occitania
434 267 501 292 seu
522 255 650 292 Gallia
671 255 910 292 meridionali
933 255 1028 292 hae-

90 309 193 348 retici
215 308 469 356 Albigenses‚
490 309 715 355 Raymundi
741 308 891 345 comitis
911 307 1032 344 Tolo—

86 362 170 401 sani
193 361 434 411 aliorumque
461 367 685 410 magnatum
707 361 918 410 patrocinio
947 360 1028 397 fre-

88 416 142 462 ti,
174 414 356 452 ecclesias
389 415 517 451 dirum
548 415 585 451 in
618 415 770 451 niodum
802 414 1029 458 vastabant,

87 471 127 505 et
145 467 352 505 Catholicis
373 468 457 505 sine
477 480 594 504 sexus
614 471 682 505 aut
701 466 932 504 conditionis
947 467 1028 503 dis-

87 517 259 558 crimine*
283 521 360 558 vim
388 521 617 558 inferebant.
639 522 881 569 Quapropter
910 519 1027 555 Inno-

88 574 237 611 centius
267 574 334 623 Pp.
369 574 421 612 Ill
452 586 581 623 regem
604 573 755 610 Galliae
777 583 1029 620 proceresque

88 627 277 664 excitavit
312 629 359 665 ad
396 627 609 664 cruciatam
650 631 786 663 contra
815 624 1030 673 perduelles

89 679 274 718 sectarios
301 681 597 730 expeditionem.
619 679 830 716 Confestim
852 678 1030 726 copiosus

89 733 381 782 crucigerorum
415 733 611 770 exercitus
647 732 800 769 coaluit.
840 732 911 768 His
945 742 1030 779 per-

90 786 250 823 territus
277 787 534 836 Raymundus
555 797 700 830 comcs,
721 796 851 822 coram
884 784 1029 821 Milone

91 838 294 876 Pontificis
325 839 453 888 legato
483 839 652 884 iuravit,
681 850 721 875 se
751 839 849 874 bona
878 837 1029 874 clericis

88 891 219 929 ablata
252 893 524 930 restituturum
560 897 599 929 et
630 891 844 939 crucigeris
881 890 1025 928 adver-

88 956 154 981 sus
188 945 404 982 haereticos
443 956 553 994 opem
597 945 779 982 laturum.
818 944 889 980 An.
931 943 1032 981 1209

89 998 276 1046 crucigeri
312 998 409 1036 duce
440 998 596 1035 Simone
629 998 769 1035 comite
804 995 1055 1034 Montfortio³

89 1050 230 1087 bellum
261 1056 397 1098 contra
427 1051 641 1100 perduelles
660 1051 846 1088 sectarios
867 1050 1026 1087 inchoa-

90 1106 208 1150 runt:
236 1104 419 1142 ditionem
450 1104 607 1152 Rogerii
638 1103 876 1141 vicecomitis
897 1103 1030 1140 Biter-

90 1156 223 1202 rensis,
242 1158 446 1195 haereseos
467 1156 647 1202 fautoris,
669 1157 856 1201 Biterras,
877 1157 1033 1194 Carcas-

90 1221 222 1254 sonem
240 1239 249 1255 ,
282 1211 456 1260 aliasque
490 1211 603 1248 urbes
631 1214 671 1253 et
699 1222 806 1247 arces
827 1221 1031 1259 expugna-

90 1267 344 1312 runt‚easque
361 1264 607 1301 tradiderunt
624 1263 771 1300 Simoni
789 1262 1031 1299 Montfortio.

91 1316 187 1353 Cum
218 1316 477 1366 Raymundus
496 1317 714 1354 Tolosanus
743 1322 878 1353 contra
904 1316 1034 1353 iurata

91 1369 278 1417 promissa
305 1370 482 1408 sectariis
503 1370 600 1407 clam
622 1369 775 1407 faveret
795 1374 833 1406 et
853 1369 1032 1418 crucige-

93 1422 145 1460 ris
172 1422 329 1460 insidias
354 1428 535 1469 strueret,
557 1435 692 1460 rursus
712 1424 1032 1461 excommunica-

90 1477 155 1513 tus
184 1480 256 1522 est,
284 1480 322 1513 et
342 1477 442 1514 bello
463 1477 662 1525 impetitus
682 1489 704 1513 a
724 1477 878 1514 Simone
900 1477 1035 1513 Mont-

92 1528 221 1573 fortio,
241 1532 327 1578 post
347 1530 458 1567 varia
480 1530 626 1578 praelia
641 1541 824 1578 magnam
840 1534 1036 1567 terrarum

92 1593 251 1619 suarum
285 1589 432 1631 partem
455 1588 494 1620 et
514 1595 614 1620 anno
636 1583 737 1620 1214
757 1583 880 1631 ipsam
900 1583 1036 1620 urbem

93 1634 274 1672 Tolosam
304 1636 445 1681 amisit,
470 1648 634 1684 quarum
656 1636 829 1672 omnium
852 1636 1035 1684 possessio

93 1688 238 1727 Simoni
252 1689 476 1726 Montfortio
493 1701 516 1726 a
527 1690 672 1738 synodo
687 1689 1037 1737 Montispessulana

94 1745 135 1777 et
153 1741 201 1778 ab
221 1741 447 1779 Innocentio
466 1742 533 1790 Pp.
552 1742 783 1779 confirmata
798 1741 886 1779 fuit.
901 1742 1033 1779 Simon

94 1793 349 1832 Montfortius
380 1795 526 1832 bellum
557 1807 642 1832 cum
666 1796 902 1844 Raymundo
928 1795 1038 1832 aliis-

96 1858 169 1894 que
197 1847 374 1896 dynastis
403 1849 511 1886 vario
542 1851 664 1886 marte
699 1848 943 1885 continuavit
972 1860 1038 1885 us-

95 1910 168 1946 que
188 1901 236 1937 ad
257 1913 399 1937 annum
424 1902 535 1946 1218,
555 1902 686 1950 quoin
703 1901 900 1938 obsidione
922 1900 1039 1938 Tolo-

95 1964 174 1998 sae,
189 1965 306 2002 qnam
330 1955 591 2003 Raymundus
613 1966 713 1991 anno
733 1955 962 2003 precedente
983 1967 1040 1992 re-

96 2009 375 2054 cuperaverat,
395 2019 443 2044 ex
466 2009 624 2044 vulnere
645 2008 741 2045 obiit
764 2007 787 2045 ¹.
810 2008 895 2050 Qua
914 2009 1038 2046 ratio-

98 2070 146 2096 ne
174 2059 316 2097 bellum
348 2065 484 2097 contra
513 2061 741 2110 Albigenses
770 2061 1039 2099 continuatum

96 2111 233 2157 fuerit,
252 2125 323 2150 suo
344 2113 426 2150 loco
449 2114 679 2152 videbimus.

149 2165 331 2215 Quisquis
358 2169 602 2216 conspexerit
621 2167 888 2216 praefatorum
912 2169 1041 2205 secta-

97 2219 244 2255 riorum
274 2219 312 2256 in
332 2219 550 2257 Catholicos
580 2221 804 2267 violentias,
825 2221 1041 2258 doctrinam

98 2282 301 2320 moresque
322 2273 503 2322 religioni
523 2278 562 2311 et
581 2275 757 2311 societati
780 2274 1016 2322 perniciosos
1031 2304 1040 2321 ,

100 2327 216 2372 atque
244 2328 461 2374 temporum
488 2327 672 2368 adiuncta
691 2357 699 2373 ,
720 2339 794 2364 non
815 2328 1041 2373 mirabitur,

100 2379 187 2425 post
201 2377 347 2416 frustra
362 2382 531 2417 tentatos
547 2380 762 2418 ordinarios
778 2381 1040 2418 conversionis

100 2429 259 2467 illorum
282 2432 424 2478 modos,
438 2432 655 2471 Catholicos
682 2445 791 2471 arma
819 2436 956 2472 contra
977 2446 1042 2472 eos

102 2483 323 2521 contulisse.

156 2535 192 2573 8.
214 2536 253 2574 S.
274 2537 739 2577 Dominicus—Interim
761 2551 790 2577 s.
808 2540 1044 2587 Dominicus,

103 2589 316 2638 apostolica
350 2590 526 2628 missione
565 2594 613 2629 ab
642 2593 865 2630 Innocentio
894 2594 965 2642 Pp.
996 2595 1042 2631 ad

102 2643 383 2680 convertendos
411 2643 635 2683 Occitaniae
656 2646 871 2684 haereticos
891 2647 1042 2684 instru-

103 2700 190 2733 ctus
207 2725 216 2741 ,
249 2697 388 2733 ardore
408 2697 574 2746 impigro
595 2701 634 2735 et
653 2699 800 2737 invicta
824 2701 1044 2738 constantia

103 2748 365 2787 confutandae
394 2750 546 2787 haeresi
573 2753 612 2788 et
632 2752 913 2800 praedicandae
934 2754 1043 2791 Fidei

103 2802 357 2840 adlaboravit.
388 2803 431 2840 In
452 2803 631 2840 eumdem
650 2804 766 2842 finem
786 2806 959 2843 instituit
979 2819 1043 2843 ce-

101 2855 351 2894 leberrimum
381 2856 564 2893 Ordinem
585 2856 769 2895 Fratrum
787 2858 1044 2897 Praedicato-

102 2919 210 2956 rum,
241 2909 288 2947 de
318 2921 391 2958 quo
420 2921 510 2947 mox
539 2909 722 2948 dicemus.
743 2910 907 2960 Magnas
926 2912 1042 2950 etiam

103 2961 288 3000 victorias
309 2963 354 3000 de
375 2962 524 3000 haeresi
545 2962 678 3000 retulit
697 2965 949 3002 sacratissimi
971 2966 1046 3003 Ro-

104 3014 198 3053 sarii
225 3023 354 3065 prece,
383 3027 498 3066 quam
527 3027 677 3054 summo
701 3017 828 3055 studio
849 3029 1044 3068 propaga-

148 3120 159 3142 ¹
176 3122 206 3153 P.
225 3122 262 3153 de
278 3122 362 3153 Valle
378 3122 496 3159 Cernat,
516 3120 594 3152 llist.
610 3119 778 3161 Albiyens.;
802 3122 822 3152 1.
843 3122 873 3152 Β.
891 3122 1045 3162 Langlois,

110 3161 339 3243 {Iffigo'iffi-iggs
367 3162 533 3195 Croisades
558 3164 670 3195 contre
696 3162 738 3194 les
766 3162 934 3203 Albiqeois,
961 3165 1046 3196 Paris

1073 254 1183 291 bores
1205 253 1403 291 miraculis
1421 252 1677 291 confirmavit.
1699 253 1763 290 Sic
1780 252 1927 291 factum
1944 255 2018 298 est,

1075 309 1116 344 ut
1144 318 1173 344 S.
1205 307 1428 344 Dominicus
1458 318 1549 355 prae
1570 306 1655 344 aliis
1676 306 1854 344 omnibus
1875 307 1921 343 de
1943 317 2019 343 ex·-

1075 359 1309 409 pugnatione
1325 360 1545 405 haereseos,
1562 361 1608 397 de
1624 359 1910 397 haereticorum
1928 371 2019 396 con-

1076 413 1264 456 versione,
1292 417 1330 449 et
1358 414 1404 449 dc
1426 413 1642 450 catholicae
1663 413 1751 450 fidei
1772 412 2020 450 restitutione

1076 467 1112 502 in
1134 465 1335 502 Occitania
1361 466 1550 502 meruerit
1572 465 1598 503 ¹.

1127 520 1161 555 δ.
1185 519 1266 554 FF.
1291 519 1506 555 dle'norum
1526 524 1565 556 et
1586 520 1866 556 Praedicator.
1896 518 2020 555 Ordi-

1077 583 1147 608 nes
1165 591 1212 598 —
1230 571 1323 608 Cum
1354 574 1485 608 autom
1516 572 1656 609 act-atis
1688 572 1803 609 huius
1831 571 2021 609 haeretici

1075 625 1144 661 suh
1175 623 1465 661 reformationis
1495 624 1624 672 specie
1653 625 1768 662 fidem
1789 625 2020 662 catholicam

1075 682 1384 725 corrumperent,
1414 677 1629 715 Ecclesiam
1659 679 1802 715 eteius
1824 678 2020 715 ministros

1076 730 1222 767 divitiis
1243 730 1425 777 vitiisque
1443 734 1642 779 corruptos
1659 731 1843 776 dicerent,
1862 742 2020 779 pauper-

1075 786 1195 819 tatem
1228 783 1477 831 apostolicam
1507 784 1765 834 venditarent,
1785 790 1825 820 ct
1846 784 1889 821 iis
1910 796 2022 833 prae-

1076 836 1248 873 textibus
1269 836 1429 884 populos
1451 848 1473 873 a
1495 848 1588 873 vera
1610 837 1754 874 Christi
1771 837 1943 874 Ecclesia
1961 837 2022 874 ab·

1075 889 1285 935 ducerent;
1305 901 1394 926 cum
1411 890 1530 926 etiam
1547 890 1585 926 in
1601 890 1702 927 clero
1715 890 1905 927 saeculari
1919 890 2023 927 haud

1077 942 1186 990 pauci
1209 945 1350 987 essent,
1372 943 1434 990 qui
1456 942 1545 979 sulci
1570 943 1909 991 praedicationem,
1934 944 2023 980 hac-

1077 1007 1203 1032 resum
1227 995 1568 1044 oppugnationem,
1590 996 1717 1044 populi
1740 996 1940 1033 christiani
1962 1008 2022 1033 sa-

1076 1049 1197 1085 lutem
1221 1049 1286 1085 vix
1309 1053 1506 1094 curarent,
1528 1049 1663 1086 divina
1684 1042 1939 1087 Providentia
1960 1049 2022 1086 ef-

1078 1101 1180 1146 fecit,
1202 1104 1244 1138 ut
1264 1101 1301 1138 in
1326 1099 1498 1139 Ecclesia
1517 1103 1790 1139 excitarentur
1810 1102 2023 1139 celeberri-

1077 1156 1126 1191 mi
1159 1154 1321 1192 Ordines
1352 1155 1533 1204 appellati
1565 1155 1843 1199 Mendicantes‚
1867 1156 2025 1204 quive-

1077 1219 1160 1244 ram
1194 1211 1487 1256 paupertatem,
1518 1209 1700 1257 vitaeque
1729 1208 2027 1246 sanctimoniam

1077 1273 1163 1297 cum
1203 1261 1379 1309 perfecta
1413 1273 1508 1310 erga
1543 1262 1754 1299 Ecclesiam
1788 1262 2027 1299 subiectione

1077 1315 1372 1363 cmiiungerent,
1403 1315 1692 1352 haereticorum
1713 1315 1865 1352 aculeos
1886 1318 2027 1352 retum-

1078 1367 1226 1412 derent,
1250 1368 1409 1416 populos
1429 1368 1464 1404 in
1488 1369 1616 1405 debito
1634 1368 1826 1405 Ecclesiae
1845 1368 2028 1416 obsequio

1079 1420 1334 1466 continerent,
1356 1422 1583 1458 aberrantes
1603 1422 1652 1458 ad
1672 1433 1756 1459 eam
1779 1422 2027 1466 reducerent,

1080 1476 1197 1521 atque
1228 1474 1418 1511 sinceram
1441 1475 1628 1522 pictatem
1659 1474 1936 1512 instaurarent.
1967 1475 2028 1512 Ad

1057 1527 1115 1565 ‚id
1147 1527 1186 1562 in
1208 1527 1341 1575 primis
1363 1528 1617 1564 contuleruut
1647 1528 1811 1565 Ordines
1841 1529 2028 1565 Fratrum

1080 1580 1277 1616 Miuorum
1307 1584 1347 1617 et
1377 1577 1695 1618 Praedicatorum
1711 1611 1720 1627 ,
1749 1581 1834 1618 illos
1854 1593 1884 1619 s.
1907 1581 2030 1618 Fran-

1081 1633 1219 1678 ciscus,
1250 1634 1318 1670 hos
1346 1646 1375 1671 s.
1399 1634 1620 1671 Dominicus
1658 1634 1842 1671 instituit.

1134 1686 1366 1724 Franciscus
1386 1699 1446 1724 an.
1464 1687 1563 1724 1182
1575 1687 1707 1725 Assisii
1726 1688 1764 1724 in
1778 1686 1942 1725 Umbria
1963 1699 2032 1725 na-

1079 1742 1156 1785 tus,
1176 1739 1300 1787 primo
1316 1742 1579 1777 mercaturam
1599 1740 1788 1787 exercuit,
1810 1741 1948 1778 deinde
1966 1753 2032 1782 an,-

1081 1805 1127 1829 no
1163 1792 1260 1829 1206
1290 1794 1460 1830 omnium
1491 1795 1737 1831 terrenarum
1768 1806 1896 1830 rerum
1928 1794 2030 1831 curis

1080 1846 1252 1890 abiectis,
1270 1858 1310 1883 se
1328 1850 1449 1883 totum
1469 1847 1666 1893 orationis,
1678 1847 1922 1893 humilitatis,
1934 1859 2031 1895 pau-

1080 1899 1241 1948 pertatis
1261 1902 1299 1936 et
1315 1899 1492 1936 caritatis
1509 1900 1706 1937 exercitiis
1728 1900 1846 1937 dedit.
1867 1900 2031 1937 Biennio

1081 1956 1176 2000 post,
1190 1963 1306 1999 quum
1323 1953 1359 1988 in
1376 1953 1492 1989 missa
1502 1964 1550 1989 ex
1569 1953 1782 2002 Evangelio
1799 1953 1894 1990 haec
1911 1954 2031 1990 verba

1081 2005 1223 2043 Christi
1238 2005 1401 2052 Domini,
1418 2006 1624 2055 discipulos
1640 2018 1729 2046 suos
1745 2008 1792 2044 ad
1810 2007 2031 2055 praedican-

1081 2059 1171 2096 dum
1202 2069 1367 2106 regnum
1393 2059 1589 2096 coelorum
1620 2059 1830 2105 mittentis,
1857 2059 2031 2096 audivis-

1082 2116 1161 2149 set:
1194 2111 1329 2149 Nolz'te
1350 2113 1559 2160 possidere
1588 2124 1743 2150 aarum
1760 2142 1769 2158 ,
1798 2123 1929 2161 neque
1967 2124 2032 2150 ar-

1079 2170 1250 2213 gentum
1263 2194 1272 2206 .
1310 2177 1440 2214 neque
1462 2167 1691 2214 pecuniam
1724 2167 1769 2203 2'22
1814 2167 1932 2202 zonis
1966 2177 2032 2203 ve-

1083 2220 1207 2255 stris:
1238 2229 1320 2255 non
1347 2231 1491 2267 peram
1513 2221 1558 2256 in
1579 2220 1661 2265 via,
1681 2230 1813 2267 neque
1834 2219 1939 2256 (luas
1963 2224 2030 2255 tu-

1083 2273 1211 2315 nicas,
1232 2282 1362 2321 neque
1377 2272 1667 2318 calceamenta,
1684 2284 1814 2321 neque
1829 2274 1990 2320 viryam
2005 2270 2034 2317 ²,

1083 2324 1242 2362 abiectis
1258 2324 1416 2372 reliquis
1435 2325 1686 2371 vestimentis,
1702 2325 1832 2362 tunica
1851 2325 1962 2361 unica
1983 2325 2031 2361 ci-

1083 2377 1236 2415 neracei
1266 2378 1415 2423 coloris,
1445 2390 1560 2427 quam
1589 2377 1680 2415 fune
1710 2378 2030 2426 constringebat,

1081 2431 1255 2475 indutus,
1284 2431 1423 2479 oppida
1443 2436 1482 2468 et
1502 2443 1621 2480 pagos
1641 2431 1889 2480 peragravit,
1909 2430 2033 2467 homi-

1084 2497 1149 2522 nes
1186 2485 1234 2521 atl
1264 2485 1541 2532 poenitentiam
1581 2485 1794 2522 exhortans
1815 2514 1824 2530 ,
1858 2483 2034 2520 infirmos

1083 2537 1313 2587 praesertim
1334 2538 1506 2586 leprosos
1527 2549 1669 2575 curans
1690 2540 1728 2574 et
1749 2548 1798 2574 ex
1815 2536 2033 2584 eleemosy-

1085 2591 1143 2628 nis
1165 2591 1313 2628 vivens.
1336 2593 1448 2628 Anno
1472 2591 1573 2628 1209
1594 2592 1669 2628 iam
1692 2590 1796 2627 vitae
1817 2601 1911 2626 suae
1932 2601 2039 2626 asce-

1084 2646 1185 2681 ticae
1210 2644 1439 2692 piorumque
1469 2656 1629 2692 operum
1658 2644 1790 2692 plures
1819 2644 2034 2680 sectatores

1086 2699 1240 2742 nactus,
1273 2708 1337 2734 eos
1357 2697 1503 2746 pariter
1523 2698 1569 2734 ad
1587 2695 1884 2745 praedicandam
1903 2696 2036 2744 poeni-

1084 2751 1248 2788 tentiam
1277 2750 1348 2787 sibi
1378 2750 1545 2787 adscivit
1574 2754 1613 2786 et
1642 2749 1688 2786 ad
1709 2748 1924 2796 perfectam
1946 2760 2036 2798 pau-

1085 2806 1278 2852 pertatem
1307 2803 1488 2840 instituit.
1521 2802 1571 2839 Iis
1601 2802 1728 2839 auctis
1765 2805 1827 2839 an.
1854 2801 1954 2839 1210
1982 2803 2036 2838 vi·

1088 2857 1202 2894 vendi
1237 2856 1413 2904 regulam
1444 2852 1714 2904 praescripsit,
1745 2855 1851 2892 cuius
1891 2853 2034 2892 funda-

1087 2912 1258 2947 mentum
1291 2913 1377 2946 erat
1404 2908 1647 2946 strictissima
1669 2910 1889 2956 paupertas,
1911 2907 2037 2945 omnis

1086 2962 1225 3012 peculii
1242 2973 1382 3009 expers
1402 2973 1478 2998 non
1506 2963 1658 2998 tantum
1689 2973 1756 3009 pro
1777 2960 1941 3009 singulis
1971 2960 2038 2998 sed

1084 3016 1202 3055 etiam
1223 3026 1290 3063 pro
1310 3014 1508 3060 societate,
1529 3013 1623 3051 adeo
1645 3017 1686 3052 ut
1705 3026 1754 3052 ex
1772 3025 1960 3052 manuum
1982 3013 2035 3051 la-

1090 3162 1106 3194 1
1127 3121 1138 3142 ¹
1154 3122 1285 3192 Touxion,
1307 3118 1359 3151 Vae
1386 3116 1424 3148 de
1450 3127 1472 3149 s.
1499 3119 1702 3160 Domim'que3
1720 3118 1859 3150 Bolland.
1877 3118 1955 3150 Acta
1976 3118 2036 3150 SS.

1086 3182 1094 3188 ι
1123 3171 1222 3200 augus
1243 3186 1248 3191 .

1128 3204 1140 3226 ‘2
1159 3204 1260 3234 nauh.
1280 3201 1316 3241 X,
1332 3203 1360 3239 9,
1386 3200 1429 3232 10.
