2241 3473
685 196 821 225 VSQVE
842 195 894 222 AD
915 192 1199 220 PRAESENTEM
1222 193 1427 221 AETATEM

92 272 252 314 pei-atus
266 268 305 301 et
320 265 522 302 Lusitania
536 266 685 303 eiectus
697 266 884 302 l'uit.Tum
894 264 1036 301 Petrus

90 329 241 355 summo
262 317 453 364 regimine
472 320 630 367 potitus,
652 320 765 367 plura
783 319 891 355 mala
908 316 1037 353 intulit

92 371 300 418 Religioni.
326 372 368 407 In
388 373 524 419 primis
543 374 791 420 Apostolicae
813 372 925 408 Sedis
943 382 1035 407 nun-

91 425 194 462 cium
223 436 344 472 regno
372 426 481 462 exire
511 426 648 469 iussit;
678 427 839 463 lesuitas
866 424 1035 471 expulit3

90 489 227 514 omnes
259 480 490 525 episcopos,
519 480 731 515 secundum
759 477 1036 514 denominatio-

91 542 180 568 nem
212 532 419 568 Michaelis
445 543 468 568 a
488 533 662 568 Romano
682 532 871 568 Pontilice
888 531 1035 566 institu-

91 589 151 621 tos
177 585 333 625 deiecit,
358 596 571 633 eorumque
590 586 703 622 sedes
728 584 945 621 declaravit
973 594 1037 619 va-

91 644 225 676 cantes
247 651 256 682 ;
284 639 330 674 ad
357 639 428 675 has
460 639 632 687 aliasque
667 639 874 674 nonnullas
899 637 1034 679 sedes,

91 702 253 739 quarum
282 692 461 728 titulares
479 704 500 728 e
521 704 641 740 regno
661 693 915 737 aufugerant,
929 691 1036 725 viros

90 745 357 781 denominavit
383 746 556 793 partibus
582 746 660 782 suis
685 745 849 785 dedit0s;
875 744 922 780 28
944 743 1035 778 maii

93 798 181 835 1834
195 799 326 834 omnia
344 800 598 841 monasteria,
611 799 772 844 collegia
783 797 1037 841 ,xenodochia

91 851 244 898 aliaque
278 852 444 888 cuiusvis
472 852 629 888 Ordinis
656 852 831 898 religiosi
859 850 1035 886 instituta

92 905 128 940 in
143 905 345 941 Lusitania
360 911 399 942 et
413 907 449 941 in
468 907 617 942 cunctis
632 906 907 942 Lusitanorum
921 899 1047 939 terris'

90 959 490 1007 abolevit,eorumque
507 960 608 995 bona
622 959 770 995 nationi
787 958 948 1000 addixit;
960 957 1035 992 alia

91 1014 218 1059 plura,
245 1013 449 1049 Ecclesiae
477 1018 517 1049 et
538 1013 791 1060 Apostolicae
810 1011 921 1048 Sedis
948 1010 1035 1045 iuri-

90 1066 422 1109 bus‚libertatibus
437 1071 476 1103 et
493 1066 805 1102 immunitatibus
823 1064 1037 1107 contraria,

89 1119 278 1156 decrevit.
295 1120 442 1157 Contra
460 1131 557 1167 quae
577 1120 710 1155 omnia
728 1119 945 1166 Gregorius
964 1117 1032 1163 Pp.

90 1174 182 1210 XVI
211 1174 249 1209 in
268 1174 577 1217 allocutionibus,
594 1173 716 1221 pridie
733 1171 915 1208 calendas
933 1175 1036 1206 octo-

91 1229 170 1263 bris
202 1239 266 1263 an.
298 1227 387 1264 1833
414 1234 454 1264 et
480 1226 653 1262 calendis
688 1226 844 1272 augusti
873 1224 962 1261 1834
988 1224 1035 1259 ad

90 1282 320 1318 Cardinales
353 1281 493 1316 habitis
516 1309 524 1323 ,
550 1279 767 1326 apostolica
792 1278 912 1315 animi
948 1289 1034 1313 con-

89 1336 235 1372 stantia
260 1335 501 1371 reclamavit.

137 1388 266 1430 Quum
286 1388 429 1424 Petrus
447 1389 503 1424 sic
525 1387 744 1423 Ecclesiam
771 1387 808 1422 in
837 1387 1036 1422 Lusitania

89 1447 266 1486 vexaret,
286 1442 331 1478 24
348 1441 584 1489 septembris
604 1441 696 1478 1834
715 1452 762 1477 ex
785 1440 858 1476 hac
877 1440 958 1476 vita
978 1451 1037 1475 ra-

92 1502 178 1544 ptus
188 1495 362 1532 est-Post
373 1496 629 1532 eiusmortem
641 1499 766 1531 status
778 1494 1034 1530 ecclesiarum

91 1550 192 1586 haud
220 1550 389 1597 quietior
415 1550 499 1592 fuit,
526 1549 593 1585 sed
620 1559 716 1596 quas
734 1549 817 1595 ipse
835 1548 1037 1595 inceperat

90 1604 334 1647 vexationes,
361 1603 641 1639 continuarunt
668 1603 781 1649 regni
816 1602 1034 1637 administri

90 1658 160 1693 sub
178 1657 312 1694 Maria
339 1658 489 1704 regina.
519 1656 736 1703 Gregorius
763 1655 833 1703 Pp.
854 1655 946 1690 XVI
975 1666 1036 1691 ca-

92 1710 191 1746 lend.
210 1711 399 1748 februarii
416 1710 506 1746 1836
522 1710 560 1744 in
576 1709 806 1745 consistorio
822 1719 958 1744 rursus
972 1708 1035 1743 do-

94 1763 219 1800 lorem
238 1775 350 1800 suum
371 1775 391 1800 e
414 1763 525 1799 malis
544 1763 749 1798 Ecclesiae
778 1762 815 1797 in
834 1762 1035 1798 Lusitania

94 1817 212 1853 illatis
245 1822 477 1864 conceptum
514 1828 601 1852 cum
628 1815 898 1854 Cardinalibus
934 1826 1034 1851 com-

90 1871 316 1915 municavit,
336 1871 506 1906 maxime
523 1870 623 1917 quod
634 1869 1034 1916 nonnullipraesules,

89 1935 113 1959 a
131 1925 320 1971 gubernio
349 1925 551 1966 nominati,
579 1928 718 1959 contra
744 1934 859 1958 omne
887 1923 945 1958 ius
963 1922 1033 1958 sibi

90 1980 351 2015 ecclesiarum
377 1978 763 2014 administrationem
782 1981 1032 2024 usurparent.

90 2033 202 2067 Anno
238 2032 392 2068 demum
422 2032 509 2068 1841
538 2031 732 2067 relatione
760 2031 864 2066 inter
898 2030 1036 2077 guber-

90 2086 194 2122 nium
230 2086 497 2122 Lusitanicum
534 2091 573 2121 et
599 2084 865 2130 Apostolicam
895 2083 1036 2120 Sedem

92 2140 325 2184 instaurata,
352 2139 568 2186 Gregorius
596 2138 687 2173 XVI
719 2149 822 2174 anno
849 2141 1036 2184 sequente

89 2193 364 2241 Ulyssiponem
384 2193 583 2239 delegavit
609 2191 895 2227 internuntium
916 2191 1036 2226 Fran-

91 2247 240 2283 ciscum
266 2247 492 2294 Capaccini‚
524 2246 632 2282 cuius
663 2256 786 2293 opera
817 2256 881 2281 res
916 2244 1039 2281 eccle-

92 2300 274 2337 siasticae
294 2301 330 2336 in
351 2300 553 2336 Lusitania
567 2304 776 2347 utcumque
793 2299 1035 2346 compositae

92 2358 196 2390 sunt.

138 2408 198 2444 51.
212 2407 260 2442 In
274 2406 397 2442 India
414 2406 798 2443 optent-Schisma
815 2406 1040 2442 Gonnum—

96 2461 315 2498 Occasione
342 2460 461 2496 etiam
489 2461 721 2496 Missionum
741 2489 749 2504 ‚
776 2471 873 2507 quae
900 2460 1042 2496 existe-

96 2516 188 2551 bant
222 2515 260 2550 in
297 2513 521 2560 regionibus
552 2514 747 2550 Indiarum
779 2513 1037 2549 Orientalium

97 2570 187 2604 olim
220 2568 446 2604 Lusitaniae
474 2568 630 2614 regibus
657 2567 868 2609 subiectis,
896 2577 1040 2613 graves

95 2627 207 2659 ortae
241 2627 332 2658 sunt
363 2621 626 2656 difficultates.
663 2620 786 2656 Sedes
811 2621 1039 2667 Apostolica

95 2677 187 2712 olim
206 2678 459 2712 concesserat
480 2675 637 2721 regibus
653 2674 881 2710 Lusitaniae
908 2679 1037 2720 patro-

98 2735 231 2766 natum
260 2731 296 2765 in
322 2730 475 2764 illarum
494 2729 696 2775 regionum
718 2728 984 2775 episcopatus,
1001 2732 1039 2764 et

97 2783 344 2830 privilegium
382 2793 516 2818 eorum
553 2782 759 2828 episcopos
798 2781 1037 2816 nominandi.

98 2838 181 2873 Hoc
204 2838 485 2884 praestiterant
502 2835 644 2870 Paulus
659 2835 731 2882 Pp.
747 2834 798 2870 IV
819 2834 856 2869 in
876 2836 1038 2871 erectio-

99 2904 145 2928 ne
164 2892 459 2938 episcopatuum
476 2889 726 2926 Coccinensis
743 2893 783 2924 et
802 2889 1040 2926 Malacensis

96 2952 210 2992 atque
231 2945 590 2991 archiepiscopatus
608 2943 934 2984 Goani‚Clemens
954 2944 1037 2979 VllI

97 3003 138 3034 et
166 2998 310 3033 Paulus
335 2999 368 3031 V
398 3000 437 3033 in
464 2996 661 3033 erectione
680 2995 1040 3042 archiepiscopatus

98 3052 453 3098 Crangaronensis‚
480 3055 520 3086 et
545 3049 690 3085 Paulus
716 3049 750 3081 V
779 3049 816 3083 in
839 3050 1039 3087 erectione

98 3105 349 3152 episcopatus
375 3102 679 3150 Meliaporensis
706 3113 775 3138 seu
796 3102 834 3137 S.
852 3102 1037 3141 Thomae.

98 3158 398 3194 Concessionem
418 3157 519 3192 hanc
538 3154 750 3190 Pontifices
768 3154 946 3191 fecerant
959 3161 1039 3193 ium

98 3211 251 3257 quidem
271 3211 305 3246 in
322 3209 683 3246 remunerationem
700 3207 868 3253 pietatis,
880 3219 955 3255 qua
970 3211 1040 3246 Lu-

98 3263 262 3300 sitaniae
279 3275 394 3310 reges
406 3263 651 3308 Religionem
664 3261 940 3307 protegebant,
961 3268 1038 3300 tum

1897 177 1974 216 355

1087 274 1182 300 vero
1213 264 1333 300 etiam
1360 267 1403 300 ut
1427 262 1540 300 sedes
1568 262 1659 298 illae
1686 258 1933 306 episcopales
1951 270 2030 294 non

1087 316 1150 352 diu
1177 322 1378 361 vacarent,
1407 319 1474 354 sed
1500 316 1651 353 facilius
1678 313 1735 350 eis
1760 312 1807 349 de
1837 312 2032 359 episcopis

1088 371 1378 417 provideretur,
1405 375 1444 407 et
1470 375 1512 406 ut
1538 370 1596 406 his
1614 368 1706 416 ipsis
1726 369 1883 414 praesto
1901 371 2034 402 essent

1086 419 2032 470 subsidiaeorumdignitaticongrua.Temporum

1090 482 1219 514 tamen
1246 477 1511 513 vicissitudine
1541 479 1684 512 factum
1703 478 1777 516 est,
1792 478 1834 509 ut
1852 471 1950 520 quod
1969 472 2032 507 diu

1088 530 1281 577 Religioni
1314 531 1350 565 in
1378 530 1491 566 dictis
1518 529 1744 576 regionibus
1766 526 1859 562 utile
1887 525 2031 569 fuerat,

1088 584 1124 619 in
1143 584 1280 621 eodem
1309 588 1411 620 statu
1432 594 1667 630 permanere
1696 591 1854 628 prorsus
1872 590 1948 614 non
1967 589 2031 626 po-

1087 638 1275 676 tuerit.e0
1295 638 1354 673 vel
1375 637 1514 682 magis,
1534 636 1633 684 quod
1653 633 1902 682 privilegium
1922 633 2031 668 Lusi-

1087 692 1215 727 taniae
1234 691 1393 738 regibus
1411 700 1639 727 concessum
1668 687 1863 736 pendebat
1881 686 1929 722 ab
1949 686 2029 722 illa-

1086 756 1171 780 rum
1199 746 1405 790 regionum
1433 743 1692 791 possessione-

1133 797 1279 834 Postea
1293 797 1398 834 enim
1417 797 1555 833 harum
1579 796 1787 843 pleraeque
1805 793 1844 828 in
1863 792 2030 828 aliorum

1088 851 1322 898 principum,
1350 855 1390 887 et
1416 850 1708 887 haereticorum
1729 846 1899 894 quidem,
1919 857 2031 893 prae-

1085 905 1221 939 sertim
1249 904 1484 951 Anglorum,
1507 906 1744 950 potestatem
1769 900 2028 936 devenerunt.

1088 959 1137 993 Hi
1166 962 1298 995 autem
1326 957 1522 994 interdum
1549 967 1687 992 omnes
1706 954 1934 991 sacerdotes
1959 954 2032 989 Lu-

1089 1012 1238 1048 sitanos
1267 1023 1287 1048 e
1314 1011 1541 1058 regionibus
1567 1010 1637 1046 sibi
1665 1009 1743 1045 iarn
1770 1007 1930 1044 subditis
1957 1007 2032 1043 eie-

1086 1069 1240 1107 cerunt,
1259 1069 1299 1101 et
1315 1075 1510 1112 nunquam
1532 1064 1672 1100 saltem
1691 1061 1793 1109 passi
1807 1065 1900 1097 sunt
1911 1061 2031 1096 ullam

1090 1119 1127 1153 in
1155 1130 1224 1155 eas
1251 1119 1558 1155 iurisdictionem
1579 1115 1758 1153 exerceri
1777 1115 1824 1150 ab
1844 1114 2030 1161 archiepi-

1085 1183 1202 1219 scopo
1222 1173 1358 1209 Goano
1374 1172 1501 1208 aliove
1522 1170 1703 1218 praesule
1720 1168 1892 1216 regionis
1906 1167 2032 1204 adhuc

1087 1226 1282 1262 Lusitanis
1309 1226 1500 1262 subditae.
1529 1224 1663 1265 Quare
1682 1223 1777 1270 ipsis
1796 1222 1935 1268 Anglis
1955 1232 2031 1256 non

1088 1279 1359 1322 abnuentibus,
1387 1279 1464 1314 iam
1492 1278 1579 1314 inde
1605 1288 1629 1313 a
1654 1276 1812 1312 saeculo
1829 1275 1939 1310 XVII
1967 1274 2032 1311 de-

1088 1333 1257 1369 buerunt
1275 1333 1443 1368 Romani
1462 1332 1676 1367 Pontifices
1694 1330 1769 1366 alio
1788 1328 1903 1364 modo
1917 1339 2030 1374 opem

1087 1387 1191 1423 ferre
1217 1386 1428 1423 Catholicis
1454 1396 1591 1421 earum
1612 1384 1819 1430 regionum
1846 1381 2032 1418 Orienta-

1087 1439 1194 1483 lium,
1221 1451 1317 1487 quas
1343 1439 1518 1475 Lusitani
1545 1438 1776 1474 amiserant.
1808 1436 1931 1482 AEgre
1956 1435 2030 1471 hoc

1088 1493 1260 1529 tulerunt
1286 1493 1465 1528 Lusitani
1484 1496 1525 1528 et
1543 1491 1643 1539 apud
1665 1489 1877 1526 Pontifices
1895 1500 2032 1536 quere-

1087 1547 1143 1581 las
1152 1545 1595 1582 moverunt.Recentius
1606 1541 1927 1591 quoque,quando
1939 1541 2031 1578 Pius

1086 1600 1138 1635 VI
1165 1599 1384 1646 provisoria
1409 1599 1562 1635 ratione
1582 1598 1767 1633 ditionem
1788 1596 2031 1644 Bombayen.

1088 1653 1246 1689 Vicario
1264 1653 1479 1700 apostolico
1499 1651 1766 1695 commiserat,
1781 1651 1864 1697 ipse
1882 1650 2033 1686 archie-

1088 1707 1266 1754 piscopus
1293 1707 1451 1742 Goanus
1478 1717 1525 1742 ea
1551 1705 1598 1741 de
1625 1716 1667 1741 re
1695 1707 1930 1751 conquestus
1958 1708 2032 1746 est,

1086 1764 1125 1796 et
1144 1771 1167 1796 a
1187 1759 1377 1796 Pontifice
1398 1759 1623 1807 postulavit,
1641 1762 1685 1794 ut
1702 1758 1735 1794 is
1753 1756 1898 1794 nemini
1917 1757 2033 1792 alteri

1088 1813 1393 1849 iurisdictionem
1432 1813 1546 1849 daret
1588 1812 1624 1847 in
1661 1815 1793 1859 partes
1828 1810 1912 1846 illas
1938 1810 2030 1847 olim

1088 1867 1286 1903 Lusitanis
1312 1867 1523 1909 subiectas,
1553 1875 1782 1901 concessam
1800 1874 1895 1899 vero
1922 1874 2034 1899 revo-

1089 1926 1212 1956 caret.
1242 1922 1295 1955 At
1321 1920 1381 1956 his
1407 1919 1670 1966 similibusque
1698 1917 1868 1965 querelis
1887 1916 2034 1964 pluries

1089 1974 1290 2021 respondit
1308 1973 1506 2016 Pontifex,
1527 1984 1568 2008 se
1588 1972 1715 2008 officio
1730 1982 1799 2007 suo
1818 1970 2032 2018 apostolico

1088 2027 1192 2074 cogi,
1218 2032 1261 2063 ut
1286 2027 1518 2062 durantibus
1544 2024 1732 2062 eiusmodi
1749 2023 1945 2060 adiunctis
1963 2024 2032 2060 tali

1088 2080 1263 2117 remedio
1302 2084 1555 2116 succurreret
1591 2077 1804 2116 Catholicis
1836 2076 2030 2113 dictarum

1089 2135 1310 2181 regionum.
1334 2133 1438 2169 Idem
1459 2144 1689 2180 responsum
1710 2130 1759 2167 ad
1777 2129 1926 2166 similes
1943 2141 2031 2177 que—

1089 2188 1193 2224 relas
1226 2187 1382 2235 saepius
1413 2186 1606 2223 dederant
1636 2185 1694 2220 Pii
1723 2185 1773 2220 Vl
1800 2183 2031 2231 praedeces-

1078 2252 1207 2277 ‚SOI‘GS.

1136 2296 1311 2331 Maxime
1346 2295 1434 2331 lites
1467 2293 1754 2330 recruduerunt
1785 2291 1854 2327 sub
1881 2291 2032 2337 Grego-

1091 2350 1148 2385 rio
1180 2349 1284 2385 XVI.
1315 2350 1350 2385 Is
1376 2348 1496 2391 enim,
1523 2347 1586 2394 qui
1612 2347 1690 2382 iam
1718 2350 1806 2381 ante
1833 2343 2032 2390 pontifica-

1091 2407 1169 2439 tum
1189 2432 1197 2446 ,
1232 2403 1525 2450 praefecturam
1553 2411 1696 2447 gerens
1729 2399 1769 2434 S.
1804 2398 1950 2444 Congr.
1985 2397 2032 2433 de

1092 2456 1354 2504 Propaganda
1381 2456 1491 2498 Fide,
1519 2453 1650 2489 omnia
1672 2451 1807 2488 conari
1826 2450 2033 2493 debuerat,

1089 2514 1131 2546 ut
1155 2521 1268 2557 opem
1296 2510 1420 2546 ferret
1450 2506 1667 2554 Religionis
1684 2504 1898 2541 discrimini
1917 2504 1955 2539 in
1975 2515 2034 2540 re-

1090 2563 1270 2611 gionibus
1287 2563 1342 2599 cis
1361 2563 1537 2608 Gangem
1555 2558 1797 2607 peninsulae,
1815 2568 1912 2604 quae
1928 2569 2032 2592 com-

1092 2617 1435 2665 prehendebantur
1462 2614 1646 2650 limitibus
1673 2612 1894 2647 dioecesum
1913 2621 2032 2658 supra

1090 2675 1427 2713 memoratarum;
1459 2667 1634 2716 pontifex
1659 2666 1787 2701 factus
1813 2670 1916 2700 totus
1943 2664 2031 2700 huic

1090 2724 1245 2772 negotio
1265 2723 1450 2764 incubuit,
1469 2725 1628 2769 propter
1646 2719 1831 2755 adiuncta
1849 2718 2031 2754 continuo

1090 2778 1215 2826 magis
1235 2776 1431 2825 urgentia.
1453 2775 1566 2809 Anno
1586 2773 1705 2819 igitur
1721 2771 1811 2808 1832
1825 2771 1953 2807 erexit
1965 2771 2031 2806 Vi-

1090 2835 1282 2871 cariatum
1293 2829 1440 2876 apostol
1448 2828 1548 2863 icum
1558 2827 1595 2862 M
1603 2826 1909 2872 adraspatanum
1918 2835 2032 2868 ,anno

1092 2889 1181 2926 1834
1212 2884 1427 2922 vicariatus
1460 2880 1692 2928 apostolicos
1725 2878 1929 2916 Calcuttae
1962 2889 2030 2913 seu

1091 2942 1379 2989 Bengalensem
1410 2939 1450 2972 et
1469 2934 1618 2970 insulae
1636 2933 1799 2980 Ceylan;
1819 2943 1922 2967 anno
1942 2931 2033 2967 1837

1091 3008 1178 3033 eam
1206 2995 1261 3029 cis
1287 2993 1467 3036 Gangem
1499 2987 1729 3034 peninsulae
1748 2991 1916 3033 partem,
1935 2996 2032 3031 quae

1091 3051 1137 3086 ad
1174 3048 1376 3084 Orientem
1411 3041 1598 3077 montium
1634 3041 1757 3076 Gates
1786 3039 1919 3085 vergit
1947 3043 1986 3073 et
2012 3048 2035 3073 a

1091 3103 1249 3140 flumine
1282 3098 1464 3143 Chovery
1497 3095 1544 3130 ad
1579 3093 1887 3141 promontorium
1913 3102 2034 3138 usque

1092 3154 1346 3195 Comorinum
1374 3148 1637 3196 protenditur,
1662 3158 1732 3182 seu
1749 3145 1974 3182 universum
1994 3144 2037 3179 il-

1094 3213 1171 3247 lum
1198 3210 1367 3244 tractum
1391 3202 1455 3249 qui
1474 3211 1598 3247 regna
1617 3200 1823 3242 Madurae,
1843 3197 2034 3244 Tanjorii,

1095 3265 1283 3301 Moravae
1294 3265 1333 3296 et
1343 3255 1514 3295 Missorii
1527 3251 2035 3302 comprehendit‚commisit
