2241 3473
711 162 838 193 stVE
865 162 918 190 AD
946 159 1271 190 IANSENISTARVM
1300 163 1479 191 EXORDIA

124 239 233 278 laicis
262 242 301 277 et
326 238 613 284 sacerdotibus,
634 237 869 276 Societatem
899 237 1067 275 instituit

124 292 361 331 Somaschae
389 291 426 328 in
449 303 544 341 agro
563 291 829 340 Bergomensi,
850 291 948 328 unde
975 290 1065 328 socii

125 344 465 384 Somaschensium
507 357 644 382 nomen
680 347 925 393 acceperunt.
957 344 1065 381 Hanc

113 398 360 436 'Societatem
377 409 438 435 an.
462 397 562 435 1540
578 398 807 446 approbavit
826 396 973 434 Paulus
993 396 1064 441 1113

124 455 163 489 et
183 462 213 488 s.
234 450 330 488 Pius
344 451 395 494 V,
417 451 656 499 praescripta
672 451 705 487 ei
727 449 862 498 regula
881 460 909 487 s.
927 451 1066 498 Augu-

123 503 216 542 stini
230 533 240 548 ,
259 504 330 541 sub
351 504 502 540 nominc
514 503 747 541 Clericoruni
770 502 1007 551 regularium
1025 502 1062 539 S.

125 556 273 602 Maioli,
289 556 349 593 cui
366 568 497 593 eorum
514 555 677 594 ecclesia
693 555 815 592 Ticini
834 557 919 592 erat
938 566 1065 592 conse-

123 613 248 654 crata,
270 622 332 647 an.
348 609 446 647 1568
476 609 578 646 inter
597 608 759 647 Ordines
780 607 977 656 religiosos
996 619 1062 644 re—

126 662 220 701 tulit
239 660 262 701 ¹.

176 716 240 754 22.
276 715 454 753 Societas
481 712 872 752 Iesu—praedictas
901 711 1061 749 clerico-

124 781 210 807 rum
236 768 450 806 Soeietates
478 770 562 806 tum
590 766 866 816 propagatione
891 768 976 802 tum
995 776 1061 803 re-

124 833 210 859 rum
234 821 460 859 effectarum
481 820 749 868 magnitudine
767 819 880 868 longe
895 830 1062 867 supera-

124 875 183 913 vit
202 874 375 912 Societas
394 873 476 918 illa,
491 884 591 921 quae
611 885 634 909 a
654 871 807 909 nomine
821 872 906 909 Iesu
924 871 1062 921 appel—

123 927 206 964 lata
226 930 295 964 est.
316 926 408 964 Eius
428 930 563 963 auctor
584 924 660 962 fuit
678 936 707 963 s.
724 925 898 973 Ignatius
919 924 964 961 de
983 925 1060 961 Lo-

121 980 235 1029 yola,
252 979 392 1016 nobilis
413 978 617 1027 Hispanus.
639 978 676 1015 Is
696 978 862 1026 primum
883 977 1060 1015 militiam

123 1036 292 1077 secutus,
308 1043 426 1080 quum
443 1044 464 1069 e
482 1031 657 1076 vulnere,
673 1043 733 1068 an.
755 1031 851 1068 1521
869 1031 905 1067 in
925 1030 1061 1067 defen-

123 1086 248 1124 denda
264 1090 399 1123 contra
414 1084 545 1122 Gallos
561 1084 799 1132 Pampelona
814 1086 986 1133 accepto,
1002 1084 1060 1120 de-

123 1139 335 1184 cumberet,
350 1139 503 1188 piorum
519 1138 707 1175 librorum
722 1137 888 1174 lectione
905 1137 951 1174 ad
973 1137 1058 1174 Iesu

123 1192 268 1230 Christi
298 1191 512 1240 Ssrumque
542 1190 709 1239 vestigia
738 1190 924 1227 sectanda
952 1190 1062 1226 exci-

122 1247 230 1283 tatus
249 1243 335 1282 fuit.
358 1243 450 1281 Mox
470 1256 594 1281 novae
615 1244 719 1280 vitae
739 1242 929 1280 rationem
949 1243 1060 1288 iniit,

121 1299 246 1348 primo
265 1297 304 1334 in
325 1297 456 1335 Monte
473 1297 647 1343 Serrato,
664 1296 799 1334 deinde
818 1296 857 1332 in
877 1293 1061 1334 Manresa

123 1363 164 1388 se
184 1350 456 1400 poenitentiae,
476 1350 632 1398 pietatis
651 1353 690 1387 et
710 1349 885 1387 caritatis
906 1349 1059 1386 exerci-

122 1404 188 1442 tiis
202 1403 373 1442 devovit.
386 1404 576 1441 Posthaec
591 1403 694 1452 piam
710 1402 1060 1452 peregrinationem

122 1457 294 1495 instituit
319 1457 360 1494 in
388 1457 551 1494 Terram
581 1459 769 1494 sanctam.
797 1459 868 1493 An.
894 1456 993 1493 1524
1022 1456 1059 1492 in

123 1510 352 1560 Hispaniam
371 1510 509 1556 redux,
529 1509 659 1547 studia
679 1521 701 1546 a
721 1508 979 1557 grammatica
998 1508 1060 1545 la-

122 1564 207 1601 tina
226 1563 442 1601 Barcinone
463 1575 642 1605 exorsus,
662 1562 796 1600 eadem
818 1562 855 1598 in
876 1561 1061 1611 Complu-

122 1616 224 1654 tensi
241 1619 282 1654 et
298 1616 601 1654 Salmanticensi
617 1615 948 1652 Universitatibus
968 1626 1060 1663 pro-

124 1671 280 1708 secutus
309 1672 379 1706 est.
400 1669 496 1707 Cum
524 1669 747 1706 litterarum
777 1668 916 1705 studiis
945 1679 1062 1717 opera

126 1723 282 1772 pietatis
307 1725 347 1759 et
367 1722 566 1766 caritatis,
587 1721 816 1770 praesertim
838 1721 1062 1758 instruendo

126 1776 295 1825 plebeios
309 1776 348 1812 et
362 1775 565 1813 serviendo
579 1774 741 1812 infirmis
752 1774 790 1811 in
802 1774 1064 1820 xenodochiis,

124 1829 324 1878 iungebat,
339 1829 425 1866 ideo
445 1840 518 1866 non
535 1828 655 1866 semel
673 1828 903 1864 vexationes
919 1839 1060 1876 exper-

124 1885 200 1920 tus.
221 1884 295 1920 An.
319 1881 420 1920 1528
439 1881 638 1930 profectus
657 1883 715 1918 est
735 1880 916 1926 Parisios,
936 1880 1063 1929 philo-

124 1935 282 1984 sophiae
320 1938 358 1972 et
385 1934 604 1983 theologiae
638 1933 768 1971 studia
805 1932 1061 1972 confecturus.

125 1990 201 2026 An.
222 1988 321 2026 1534
341 2000 429 2025 cum
448 1988 473 2025 6
493 1987 578 2025 aliis
599 1988 814 2024 studiorum
835 1987 948 2024 sociis
969 1999 1062 2036 quos

125 2041 174 2079 ad
194 2041 327 2078 eadem
348 2052 479 2079 secum
506 2041 667 2078 consilia
692 2039 918 2086 adlexerat,
939 2041 1063 2088 prima

126 2094 335 2132 Societatis
361 2094 615 2132 fundamenta
634 2093 765 2142 posuit
784 2095 824 2130 et
843 2093 881 2129 in
901 2093 1065 2131 ecclesia

125 2147 271 2186 Montis
298 2148 524 2196 Martyrum
554 2158 670 2195 prope
692 2145 864 2183 Parisios
895 2149 985 2183 vota
1017 2148 1063 2184 de

125 2200 289 2238 colenda
309 2202 539 2249 paupertate
561 2206 600 2237 et
624 2199 867 2248 procuranda
893 2199 1062 2247 proximi

125 2254 252 2292 salute
281 2254 422 2291 emisit.
453 2253 557 2291 Socii
586 2253 668 2290 eius
697 2253 810 2289 erant
837 2252 980 2290 Petrus
1008 2253 1062 2290 Le

125 2305 266 2351 Fevre,
283 2306 503 2353 Sabaudus,
517 2306 749 2344 Franciscus
766 2305 976 2351 Xaverius,
991 2318 1063 2343 no—

124 2358 213 2396 bilis
230 2359 503 2405 Navarrensis,
527 2360 689 2397 Iacobus
705 2359 874 2407 Laynez,
889 2358 1062 2407 Alphen-

127 2423 192 2449 sus
210 2410 426 2458 Salmeron,
446 2412 629 2450 Nicolaus
648 2411 864 2455 Bobadilla,
884 2413 966 2449 tres
987 2413 1063 2450 Hi-

127 2463 250 2513 spani,
269 2467 310 2501 et
330 2465 464 2502 Simon
485 2465 704 2514 Rodriguez
717 2495 726 2510 ,
746 2464 882 2502 nobilis
902 2465 1062 2503 Lusita-

127 2529 210 2555 nus.
228 2517 320 2554 Post
335 2517 360 2555 3
375 2529 506 2564 annos,
521 2530 610 2556 cum
627 2529 810 2555 numerus
824 2529 959 2555 eorum
974 2531 1059 2556 auc-

125 2574 189 2608 tus
217 2573 332 2615 esset,
360 2570 532 2619 Ignatius
560 2582 647 2608 cum
669 2571 713 2608 P.
734 2571 788 2608 Le
817 2571 944 2608 Fevre
973 2578 1011 2609 et
1032 2573 1059 2610 I.

125 2624 279 2672 Laynez
300 2624 465 2660 Romam
494 2624 708 2673 profectus,
728 2635 799 2660 sua
827 2635 1060 2673 suorumque

126 2688 245 2725 opera
265 2676 466 2714 Pontificis
483 2677 642 2714 arbitrio
659 2673 896 2714 obtulerunt.
914 2677 1062 2716 Paulus

125 2730 195 2779 Pp.
211 2729 268 2767 III
285 2730 433 2766 duobus
450 2730 724 2778 posterioribus
742 2740 880 2766 munus
899 2730 1059 2768 docendi

125 2783 165 2819 in
186 2782 450 2820 Universitate
472 2783 650 2820 Romana
671 2782 933 2829 demandavit3
954 2784 1061 2833 Igna-

123 2835 224 2872 tium
244 2847 339 2872 vero
360 2839 610 2884 caeterosque
630 2836 764 2879 socios,
781 2835 846 2882 qui
869 2840 953 2883 post
972 2849 1058 2874 eum

122 2889 286 2926 Romam
308 2890 509 2935 venerunt,
524 2888 645 2925 divini
661 2888 767 2925 verbi
785 2888 1059 2936 praedicationi

122 2944 162 2978 et
180 2941 399 2979 animarum
420 2953 535 2978 curae
555 2941 747 2989 gerendae
767 2941 988 2980 destinavit.
1006 2943 1060 2980 Ut

123 3005 215 3031 vero
235 2994 407 3032 Societas
427 2994 528 3031 inter
548 2994 728 3042 probatos
749 2993 796 3029 ab
813 2993 984 3032 Ecclesia
993 2995 1059 3033 Or-

121 3047 231 3085 dines
251 3047 510 3096 reciperetur,
531 3047 613 3084 eius
643 3046 937 3084 constitutiones
958 3049 1055 3085 Pon-

120 3099 237 3137 tificis
255 3100 394 3138 iudicio
411 3101 675 3138 subiecerant:
693 3110 788 3147 quas
806 3111 892 3135 cum
908 3100 1056 3140 Paulus

122 3152 177 3190 III
198 3154 244 3190 ad
266 3154 452 3190 maiorem
473 3153 543 3191 Dei
564 3152 739 3202 gloriam,
757 3151 954 3191 Ecclesiae
975 3155 1054 3192 uti-

168 3223 174 3239 ¹
191 3223 307 3263 Helyot,
324 3222 396 3254 ibid.
412 3232 440 3263 p.
456 3222 525 3255 233.

1911 153 1986 193 157

1108 237 1257 276 litatem
1275 269 1284 285 ‚
1317 239 1428 277 Fidei
1460 239 1775 290 propagationem
1793 269 1803 286 ,
1834 240 2037 279 haeresum

1109 292 1437 341 expugnationem
1451 323 1460 340 ,
1480 293 1636 342 pietatis
1657 294 1980 332 instaurationem
1999 297 2040 332 et

1108 344 1343 383 christianae
1364 347 1578 384 iuventutis
1597 346 1874 385 institutionem
1897 359 2038 397 procu-

1110 399 1267 435 randam
1290 399 1446 437 idoneas
1469 400 1681 448 reperisset,
1701 411 1762 437 an.
1788 400 1886 438 1540
1905 412 2037 438 eorum

1108 450 1456 500 Congregationcm
1475 453 1544 489 sub
1564 452 1715 490 nomine
1732 452 1936 492 Societatis
1953 454 2039 492 Iesu

1108 503 1295 552 singulari
1321 504 1436 542 Bulla
1463 506 1692 553 approbavit
1715 505 1745 552 ¹,
1774 509 1814 544 et
1841 507 1912 544 sub
1935 509 2039 555 Apo-

1108 556 1268 593 stolicae
1297 556 1406 594 Sedis
1436 558 1669 606 praesidium
1698 559 1909 597 constituit.
1929 560 2041 606 Item,

1109 608 1289 646 Pontifex
1307 609 1449 646 librum
1470 611 1753 648 Exercitiorum
1780 613 2039 661 spiritualium

1106 673 1128 698 a
1147 673 1175 698 s.
1192 662 1342 710 Ignatio
1363 664 1616 711 compositum
1633 665 1864 702 auctoritate
1881 668 2042 714 Aposto-

1105 714 1180 751 lica
1209 715 1474 753 communivit.
1497 716 1652 754 Primus
1680 718 1873 766 generalis
1906 719 2040 757 Socie-

1104 767 1197 804 tatis
1225 768 1464 816 praepositus
1494 768 1566 806 fuit
1595 781 1624 806 s.
1645 769 1838 818 Ignatius,
1860 771 1924 820 qui
1954 784 2037 809 eam

1105 823 1194 856 ante
1214 821 1362 858 obitum
1383 833 1495 858 suum
1516 820 1654 872 (1556)
1679 834 1747 870 per
1766 823 1937 870 Italiam,
1957 826 2040 862 Lu-

1105 873 1300 918 sitaniam,
1312 874 1553 922 Hispaniam,
1569 874 1762 924 Belgium,
1778 877 2042 924 Germaniam,

1104 926 1324 973 Brasffiam,
1340 927 1487 964 Indiam
1509 931 1548 964 et
1566 928 1830 977 Abyssiniam,
1845 930 1944 968 vidit
1963 930 2040 968 dif-

1105 979 1245 1017 fusam.
1262 980 1356 1017 Post
1375 992 1404 1017 s.
1425 981 1618 1029 Ignatium
1634 981 1807 1019 Societas
1835 994 1909 1019 non
1929 984 2041 1021 modo

1104 1035 1141 1069 in
1161 1032 1298 1070 iisdem
1317 1033 1431 1070 terris
1451 1033 1637 1071 continua
1664 1034 1901 1072 incrementa
1921 1037 2041 1085 cepit,

1103 1085 1169 1123 sed
1207 1086 1324 1124 etiam
1359 1086 1398 1123 in
1434 1087 1605 1124 Galliam
1639 1087 1813 1136 aliasque
1842 1089 2040 1139 Europae,

1103 1139 1219 1176 Asiae
1238 1142 1278 1176 et
1292 1139 1496 1177 Americae
1512 1140 1690 1189 regiones
1706 1141 1815 1178 illata
1832 1144 1901 1179 est.
1917 1143 2043 1180 Socie-

1103 1195 1163 1230 tas
1182 1193 1230 1229 ab
1250 1192 1360 1229 initio
1377 1196 1416 1229 et
1432 1192 1612 1241 deinceps
1627 1193 1768 1231 claruit
1785 1194 1877 1232 viris
1897 1195 2041 1244 pietate

1104 1250 1143 1282 et
1158 1246 1374 1283 eruditione
1388 1246 1787 1295 conspicuis,quorum
1800 1248 1866 1284 alii
1880 1249 1925 1285 de
1934 1248 2042 1285 Fidei

1105 1298 1325 1336 defensione
1347 1306 1385 1336 et
1403 1299 1697 1348 propagatione,
1716 1300 1781 1338 alii
1802 1301 1849 1338 de
1868 1312 2043 1339 errorum

1104 1355 1143 1390 et
1162 1352 1371 1389 haeresum
1391 1352 1694 1401 expugnatione,
1717 1353 1784 1391 alii
1804 1355 1850 1391 de
1872 1354 2045 1392 christia-

1105 1417 1177 1442 nae
1188 1405 1408 1443 iuventntis
1422 1406 1679 1452 institutione,
1688 1407 1755 1444 alii
1767 1407 1813 1444 de
1825 1407 2043 1445 litterarum

1107 1462 1146 1496 et
1165 1458 1416 1496 scientiarum
1449 1459 1624 1506 cultura,
1651 1459 1718 1496 alii
1748 1461 1794 1498 de
1822 1460 1978 1508 pietatis
2005 1464 2044 1498 et

1105 1523 1256 1549 morum
1296 1511 1577 1549 instauratione
1620 1513 1763 1560 optime
1805 1516 2043 1552 meruerunt.

1106 1565 1349 1614 Quapropter
1370 1565 1517 1602 Paulus
1530 1565 1587 1603 ΙΠ
1603 1566 1746 1615 aliique
1770 1567 1977 1605 Pontifices
1995 1568 2044 1605 ad

1105 1620 1218 1656 tanta
1233 1618 1372 1655 merita
1388 1619 1674 1656 remuneranda
1689 1620 1791 1657 etad
1808 1620 2043 1658 Iesuitarum

1105 1671 1257 1709 labores
1277 1674 1515 1720 conatusque
1540 1673 1834 1720 promovendos,
1856 1673 2043 1711 Societati

1106 1725 1193 1762 Iesu
1213 1724 1419 1773 privilegia
1434 1724 1671 1774 amplissima
1685 1728 1725 1763 et
1740 1725 1837 1764 nulli
1852 1727 2040 1765 hactenus

1106 1778 1242 1815 Ordini
1262 1790 1455 1824 concessa,
1476 1778 1609 1826 largiti
1629 1777 1762 1820 sunt&

1157 1831 1220 1868 23.
1247 1831 1796 1880 Capucz‘nz'——Monachorum
1827 1832 1947 1869 etiam
1976 1844 2042 1870 re-

1106 1884 1357 1922 formationes
1378 1896 1401 1922 a
1428 1883 1522 1922 viris
1550 1885 1743 1934 regularis
1771 1885 2041 1928 observantiae

1107 1937 1310 1983 studiosis,
1330 1950 1351 1974 e
1380 1938 1526 1985 gremio
1554 1937 1725 1986 ipsorum
1745 1939 2043 1985 monachorum,

1107 1990 1267 2028 effectae
1282 1991 1447 2029 sunt.Ita
1461 1992 1686 2028 Matthaeus
1703 1991 1828 2029 dictus
1845 1992 1890 2028 de
1898 1992 2008 2029 Bassi
2023 2004 2046 2029 a

1105 2044 1188 2081 1000
1210 2044 1330 2081 natali
1346 2045 1384 2080 in
1401 2045 1543 2082 ducatu
1554 2044 1816 2090 Urbinatensi,
1833 2044 1957 2082 frater
1971 2045 2043 2082 lai-

1107 2109 1174 2134 cus
1189 2096 1293 2134 inter
1301 2097 1581 2135 Franciscanos
1590 2097 1862 2143 Observantes,
1873 2098 2043 2136 an.1525

1106 2150 1335 2187 aClemente
1352 2151 1499 2199 Pp.VII
1515 2150 1741 2188 facultatem
1759 2151 1908 2200 accepit
1923 2151 2040 2188 insti-

1107 2204 1241 2240 tuendi
1262 2215 1404 2240 novam
1424 2204 1493 2241 sub
1513 2216 1542 2241 s.
1563 2203 1762 2241 Francisci
1783 2205 1920 2253 regula
1941 2205 2043 2242 Con-

1107 2257 1393 2305 gregationcm,
1412 2257 1521 2294 cuius
1541 2257 1635 2294 socii
1663 2257 1861 2306 caputium
1891 2258 2041 2294 acumi-

1107 2313 1242 2346 natum
1262 2310 1376 2358 quale
1397 2322 1426 2347 s.
1447 2310 1675 2348 Franciscus
1695 2313 1864 2359 gestasse
1884 2311 2042 2347 diceba-

1107 2367 1189 2408 tur,
1209 2366 1249 2400 et
1268 2375 1290 2399 a
1311 2375 1384 2412 quo
1412 2363 1483 2412 ipsi
1511 2364 1713 2412 Capucz'm'
1730 2363 1911 2412 appellati
1930 2366 2042 2408 sunt,

1105 2419 1306 2464 gererent,
1322 2417 1443 2454 vitam
1465 2416 1701 2454 eremiticam
1720 2421 1760 2454 et
1779 2416 1913 2465 priscis
1933 2428 2043 2464 regu-

1104 2469 1165 2506 lae
1177 2481 1206 2507 s.
1216 2469 1411 2507 Francisci
1425 2469 1720 2507 austeritatibus
1733 2472 2041 2515 consentaneam,

1106 2523 1303 2560 ducerent.
1323 2522 1550 2560 Matthaeus
1569 2523 1641 2560 hoc
1668 2523 1772 2559 vitae
1801 2534 1924 2570 genus
1953 2534 2040 2558 ain-

1107 2575 1243 2624 plexus
1257 2579 1315 2613 est
1331 2576 1369 2612 in
1391 2576 1569 2613 Marchia
1589 2576 1850 2621 Anconitana‚
1870 2576 1980 2623 eique
2001 2587 2041 2612 se

1105 2629 1217 2666 multi
1237 2628 1302 2665 alii
1322 2629 1533 2666 sociarunt.
1554 2630 1626 2665 An.
1650 2629 1749 2665 1528
1776 2628 1877 2664 idern
1900 2628 2040 2665 Ponti-

1107 2682 1171 2719 fex
1191 2694 1255 2719 eos
1274 2683 1346 2719 sub
1368 2682 1520 2719 nomine
1542 2682 1726 2719 Fratrum
1748 2681 1937 2718 minorum
1958 2693 2040 2717 con-

1105 2735 1347 2772 ventualium
1374 2736 1420 2772 de
1442 2736 1523 2772 vita
1544 2733 1745 2771 eremitica
1760 2733 2038 2782 Capucinorum

1103 2786 1358 2837 approbavit,
1395 2788 1609 2835 iisdemque
1647 2786 1878 2823 facultatem
1916 2787 2040 2824 susci-

1103 2841 1232 2890 piendi
1251 2841 1290 2877 in
1308 2840 1656 2889 Congregationcm
1674 2839 1834 2877 elericos
1853 2842 1891 2877 et
1910 2839 2041 2885 laicos,

1102 2897 1142 2931 et
1161 2894 1289 2931 omnia
1309 2894 1512 2943 privilegia
1526 2893 1602 2930 FF.
1620 2892 1815 2929 Minorum
1833 2893 2039 2930 concessit.

1142 3021 1152 3042 ¹
1170 3022 1270 3052 Const.
1287 3019 1336 3054 25
1355 3023 1371 3048 ι.
1387 3019 1396 3048 l
1411 3017 1612 3056 Rull.p.738,
1627 3018 1772 3049 Eamdem
1789 3020 1971 3050 Societatem
1986 3029 2040 3050 no-

1101 3063 1146 3093 vis
1176 3058 1430 3092 luculentissimis
1456 3058 1587 3089 decretis
1619 3059 1840 3091 confirmarunt
1866 3061 1958 3091 lulius
1983 3062 2039 3099 lll,

1104 3103 1208 3135 Conse.
1226 3103 1254 3138 0,
1268 3106 1287 3132 t.
1299 3103 1324 3137 1;
1343 3101 1511 3141 Gregorius
1525 3100 1603 3137 xm,
1616 3099 1719 3132 Conse.
1736 3102 1785 3139 89,
1799 3106 1819 3133 t.
1832 3102 1850 3131 ⁹2
1864 3101 1948 3133 Ball.
1963 3103 2039 3133 Gre-

1101 3145 1206 3185 gorius
1224 3144 1295 3180 xlv,
1317 3141 1422 3173 Cous-t.
1440 3141 1487 3171 10.

1140 3186 1153 3206 ·-'
1177 3185 1301 3221 Bartoli,
1325 3182 1467 3213 Historia
1493 3180 1659 3214 Societatis
1676 3182 1768 3222 lesu3
1786 3184 1884 3215 Maffei
1905 3188 1938 3215 et
1960 3185 2039 3217 Bou-

1067 3238 1069 3242 ’
1099 3229 1203 3264 bours,
1227 3224 1296 3257 Vita
1310 3233 1333 3262 s.
1352 3223 1480 3263 Ifflcalic'.
