2241 3473
264 131 343 171 254

210 219 305 257 rege
325 207 374 245 ad
395 207 739 245 Scireburnensem
760 206 801 242 et
820 206 868 242 ab
889 202 1095 241 Edmundo
1116 204 1166 241 ad

211 260 535 299 Cantuariensem
555 257 684 295 sedem
707 259 884 303 evectus,
900 257 1007 295 vitae
1027 258 1167 295 sancti-

210 315 308 359 tate,
329 312 549 349 eruditione
565 313 603 347 et
617 310 698 346 zelo
714 311 904 359 pastorali
919 311 1073 348 claruit.
1090 312 1165 348 Ex-

209 368 297 403 tant
317 365 442 402 adhuc
453 363 630 411 Epistola
649 363 734 401 eius
753 363 945 412 synodica
965 365 1012 400 ad
1033 376 1166 401 omnes

208 418 479 465 suffraganeos
495 417 542 453 de
559 427 720 452 munere
735 417 942 464 pastorali,
959 419 998 454 et
1013 417 1167 454 Consti-

208 471 382 508 tutiones
406 469 465 514 10,
485 469 525 505 in
547 468 639 516 quib
647 481 689 506 us
705 469 789 518 agit
805 470 851 506 de
867 469 1000 507 officiis
1016 482 1166 519 regum,

208 523 521 571 magistratuum
544 523 584 559 et
603 521 850 569 clericorum,
870 523 917 559 de
932 523 1100 570 ieiuniis,
1111 524 1166 560 in-

209 576 324 614 cestis
345 574 564 619 connubiis,
585 574 750 623 aliisque
767 573 791 613 ¹.

260 628 425 677 Legitur
452 627 492 664 in
521 628 606 665 vita
633 628 752 666 huius
780 628 915 666 Sancti
945 629 1139 678 praesulis
1156 659 1166 676 ,

208 682 323 732 quod,
343 680 470 718 sciens
490 680 640 729 aliquos
660 693 681 718 e
702 681 806 719 clero
826 694 896 720 suo
914 682 1111 720 haesitare
1126 683 1164 719 in

207 736 285 773 fide
316 734 364 772 de
391 733 492 771 reali
521 734 695 782 corporis
722 737 762 772 et
790 735 994 784 sanguinis
1021 735 1165 773 Christi

206 787 432 838 praesentia
450 786 492 824 in
512 799 562 824 ss.
584 788 848 835 Eucharistia,
869 800 988 836 quum
1009 789 1048 825 in
1075 800 1164 825 con-

205 843 342 891 spectu
378 839 509 889 populi
530 840 741 878 missarum
761 841 968 879 sollemnia
987 842 1164 879 celebra-

205 897 280 941 ret,
301 893 476 931 divinam
496 894 823 942 omnipotentiam
844 896 1074 942 deprecatus
1095 895 1165 940 sit,

205 950 249 986 ut
263 947 502 985 haesitantes
517 947 556 982 in
572 947 648 984 fide
665 947 897 984 confirmare
909 948 1164 996 dignaretur,

206 1012 376 1048 cumque
410 1000 458 1037 ad
492 999 729 1037 fractionem
763 1000 873 1049 panis
911 1001 1165 1038 eucharistici

205 1054 477 1103 pervenisset,
498 1053 668 1102 Sanguis
688 1053 834 1091 Christi
863 1065 883 1090 e
912 1055 1034 1092 sacris
1063 1054 1164 1102 frag-

207 1107 352 1145 mentis
369 1107 555 1156 guttatim
577 1107 749 1144 defluere
772 1108 879 1144 visus
896 1110 967 1145 est.
990 1108 1074 1149 Quo
1102 1108 1168 1145 mi-

210 1159 348 1198 raculo
378 1159 577 1209 perterriti
608 1160 676 1208 qui
705 1161 823 1198 antea
850 1160 890 1196 in
911 1160 986 1197 fide
1007 1160 1166 1199 fuerant

208 1212 369 1259 infirmi,
390 1212 505 1250 simul
527 1224 614 1250 cum
637 1213 816 1250 omnibus
831 1213 1080 1252 adstantibus
1095 1215 1166 1252 sol-

207 1266 357 1304 lemnes
378 1265 512 1303 laudes
532 1266 614 1304 Deo
634 1266 892 1304 reddiderunt
906 1264 932 1304 ².

261 1319 571 1366 87.Steph.cmus
594 1319 698 1356 VIII
711 1321 911 1367 Pontifex
921 1318 1163 1371 (an.939)—-

207 1372 305 1410 Post
325 1372 476 1413 obitum
497 1372 637 1410 Leonis
658 1372 736 1410 VII
757 1385 954 1410 summum
977 1375 1163 1411 sacerdo-

206 1426 306 1462 tium
336 1425 617 1462 demandatum
646 1425 722 1463 fuit
749 1426 946 1474 Stephano
967 1427 1077 1473 VIII,
1098 1428 1163 1476 qui

207 1490 253 1515 eo
270 1477 430 1516 functus
446 1482 507 1515 est
522 1478 546 1515 3
564 1478 689 1524 annis,
710 1480 734 1516 4
757 1491 879 1517 mens.
900 1482 941 1517 et
961 1480 1097 1517 diebus
1126 1480 1164 1519 5.

205 1532 322 1568 Hunc
344 1531 577 1568 Pontificem
602 1531 722 1569 fuisse
753 1532 1016 1578 Germanum,
1046 1545 1164 1583 opera

207 1583 362 1622 Ottouis
383 1584 436 1622 M.
459 1596 528 1632 per
546 1584 779 1634 suffragium
806 1586 962 1635 populi,
986 1598 1061 1623 non
1089 1587 1163 1623 ad-

205 1637 335 1674 missis
355 1637 632 1683 cardinalibus,
653 1638 838 1684 electum,
859 1643 899 1677 et
918 1639 1005 1676 ideo
1026 1651 1050 1676 a
1069 1639 1162 1677 fau-

205 1690 354 1728 toribus
375 1690 548 1728 Alberici
569 1691 728 1730 inflictis
758 1693 799 1729 in
828 1691 971 1730 faciem
993 1693 1163 1730 vulneri-

204 1744 277 1781 bus
297 1743 354 1781 ita
374 1744 704 1791 deformatum,ut
723 1746 762 1782 in
784 1746 987 1794 publicum
1005 1746 1160 1794 prodire

206 1798 472 1844 erubesceret,
501 1798 698 1837 Baronius
728 1799 855 1836 etalii
875 1799 1048 1836 nonnulli
1066 1811 1160 1837 nar-

205 1852 307 1888 rant.
320 1851 375 1888 At
391 1851 637 1900 Stephanum
661 1852 757 1889 VIII
780 1852 899 1890 fuisse
917 1853 1138 1890 Romanum
1154 1883 1163 1899 ,

206 1915 340 1941 omnes
375 1916 473 1953 pene
510 1905 597 1942 RR.
632 1905 870 1943 Pontificum
906 1904 1076 1955 catalogi
1104 1908 1164 1943 te-

204 1959 378 2003 stantur3
396 1969 486 1994 eum
509 1970 628 2007 opera
648 1958 802 1996 Ottouis
820 1959 992 1997 ,electum
1015 1963 1054 1997 et
1074 1960 1161 1997 ideo

201 2012 283 2046 tam
305 2009 417 2047 foede
437 2011 704 2058 vulneratum,
720 2024 743 2049 a
764 2012 872 2050 nullo
893 2013 1081 2061 scriptore
1097 2025 1162 2050 an-

205 2062 469 2101 thartinum
482 2064 689 2111 Polonum,
720 2066 788 2114 qui
812 2077 912 2103 saec.
929 2066 1028 2103 XIII
1049 2066 1162 2114 vixit,

205 2120 556 2165 commemoratum
579 2123 784 2167 praetcrea
800 2119 891 2156 Otto
908 2120 961 2157 M.
978 2131 1049 2157 rex
1070 2120 1162 2156 Ger-

205 2170 381 2216 maniae,
406 2170 460 2207 nil
486 2171 558 2208 hac
578 2172 617 2208 in
638 2184 680 2209 re
701 2171 799 2209 iuris
820 2172 859 2208 in
890 2173 1007 2210 Italia
1037 2173 1161 2210 habe-

205 2223 286 2270 bat,
308 2235 430 2272 neque
459 2235 499 2260 sc
525 2225 615 2261 huic
641 2225 823 2262 electioni
849 2226 1069 2263 immiscere
1095 2239 1161 2275 po-

204 2276 296 2323 tuit,
315 2276 407 2324 quia
424 2279 517 2314 tunc
532 2278 642 2315 bellis
661 2278 883 2316 domesticis
899 2280 1110 2317 distractus
1126 2281 1164 2317 et

206 2329 365 2378 longius
385 2330 525 2367 absens
546 2336 632 2368 erat
649 2330 675 2369 ³.

258 2383 479 2432 Stephanus
498 2383 593 2421 VIII
614 2384 831 2421 tractandis
851 2385 1019 2433 negotiis
1035 2386 1163 2423 eccle-

205 2436 386 2482 siasticiS‚
401 2440 594 2485 quantum
610 2437 781 2474 infelicia
797 2441 1016 2485 temporum
1030 2439 1166 2476 adiun-

205 2493 270 2527 cta
298 2490 599 2539 permittebant,
633 2490 806 2527 animum
841 2491 1005 2539 adiecit3
1034 2504 1167 2530 secun—

205 2544 298 2580 dum
321 2543 533 2582 decessoris
554 2544 613 2582 sui
630 2544 867 2592 exemplum,
884 2545 932 2582 ad
954 2546 1166 2583 concilian-

206 2597 295 2633 dam
325 2598 574 2635 concordiam
592 2598 694 2635 inter
702 2595 911 2646 Hugoncm
924 2610 1056 2647 regem
1069 2600 1166 2637 Lon-

204 2650 415 2698 gobardiae
437 2652 476 2688 et
496 2651 720 2688 Albericum
744 2651 955 2700 principem
986 2653 1138 2690 Romae
1157 2683 1166 2699 ,

205 2704 308 2741 inter
333 2715 429 2751 quos
450 2715 586 2742 rursus
605 2704 752 2741 bellum
774 2708 956 2741 exortum
979 2708 1077 2751 erat,
1095 2707 1167 2743 ad-

205 2757 364 2794 vocavit
383 2769 411 2794 s.
430 2757 602 2795 Odonem
617 2788 626 2805 ,
643 2758 826 2795 abbatem
855 2758 1167 2805 Cluniacenscm,

206 2810 270 2859 qui
295 2811 438 2847 iterum
466 2811 629 2849 dissidia
650 2811 753 2848 inter
779 2815 988 2859 utrumque
1018 2813 1166 2861 princi-

205 2875 291 2912 pem
332 2867 559 2911 composuit.
598 2865 658 2902 Ad
702 2865 988 2913 componendas
1027 2866 1168 2903 discor-

249 2945 427 3004 ¹,¹³0¹¹³J³“¹·v
453 2946 534 2978 Actu
551 2946 606 2977 58.
623 2949 642 2978 t.
667 2947 689 2977 ΙΙ
714 2946 764 2977 iul.
783 2956 811 2986 p.
829 2945 886 2984 63;
905 2947 1019 2985 Labbc,
1039 2947 1165 2981 Concil.

204 2990 223 3017 t.
241 2987 421 3066 I2R¹,;;{)‘.lg⁴g;l,.
443 3028 511 3060 l'z'la
527 3039 541 3058 s
569 3028 706 3065 Odeum
726 3030 802 3060 Guil.
821 3029 1021 3062 Malmeshnr.
1047 3030 1166 3062 Chron.

209 3071 284 3101 eccl.
305 3070 478 3108 (,'‹1ti!nar.;
498 3072 621 3108 vai-ker,
638 3071 795 3111 Antiqnil.
811 3071 935 3103 Britan.

255 3112 268 3131 ³
284 3113 441 3149 Muralori,
465 3113 583 3143 Annal.
606 3112 635 3142 al·
650 3112 718 3142 Ital.
744 3114 784 3144 ad
809 3122 857 3143 an.
875 3114 951 3146 9:29:
971 3115 1164 3153 l'apehroch.

205 3152 366 3232 ptlpgglus
382 3154 528 3186 cleronel.
547 3155 628 3194 apud
648 3154 786 3185 Bolland.
804 3154 884 3186 Acta
899 3154 955 3187 SS.
973 3158 992 3188 t.
1006 3156 1071 3188 Vlll
1085 3156 1167 3195 maii,

916 137 1075 166 EPOCHA
1102 136 1160 163 vl.
1187 136 1216 163 A
1245 135 1403 162 CAROLO
1430 135 1474 162 M.

1211 198 1295 236 dias
1313 200 1353 235 et
1370 198 1519 235 bellum
1539 198 1652 240 civile
1677 199 1717 237 in
1745 200 1876 239 Gallia
1905 201 2009 239 inter
2037 212 2170 249 proce-

1212 263 1273 288 res
1303 253 1344 288 et
1375 262 1511 300 regem
1543 252 1788 290 Ludovicum
1821 254 1878 292 IV
1895 283 1904 300 ,
1939 254 2171 303 cognomine

1217 304 1593 350 Transmarinum,
1612 304 1762 353 legavit
1779 307 1993 344 Damasum
2013 306 2172 356 episco-

1212 368 1316 404 pum,
1337 356 1451 405 eique
1472 356 1626 394 litteras
1647 358 1754 395 dedit
1773 359 1822 395 ad
1841 371 2024 407 proceres
2039 360 2171 397 rebel-

1211 409 1280 454 les,
1293 411 1337 446 ut
1353 413 1443 447 ante
1458 409 1495 447 N
1500 410 1603 447 atale
1620 410 1773 448 Domini
1789 423 1829 448 se
1845 413 1893 448 ad
1909 412 2172 453 obedientiam

1212 462 1316 511 regis
1336 464 1634 509 converterent,
1655 475 1768 501 secus
1787 475 1828 501 se
1849 465 2172 503 excommunica-

1211 515 1319 552 tione
1347 516 1574 564 pleetendos
1600 516 1757 554 scirent.
1779 516 1994 554 Concordia
2012 518 2174 567 quidem

1212 568 1399 605 restituta
1418 568 1515 613 fuit,
1534 569 1601 606 sed
1622 580 1762 617 parum
1783 570 2028 617 perduravit.
2050 571 2172 608 Veri-

1211 621 1391 658 similiter
1420 621 1594 659 eiusdem
1624 623 1857 659 concordiae
1878 622 2174 661 constituendae

1211 673 1358 711 intuitu
1375 674 1602 723 Stephanus
1612 675 1709 712 VIII
1725 675 1888 723 pallium
1904 675 2012 713 misit
2027 676 2076 713 ad
2087 677 2172 713 Hu-

1211 738 1365 775 gonem,
1385 727 1728 777 archiepiscopum
1747 728 2024 774 Rhemensem,
2045 728 2173 766 filium

1211 780 1472 827 potentissimi
1507 780 1662 818 comitis
1700 781 1917 818 Heriberti.
1948 781 2068 830 Hugo
2099 781 2174 820 iste

1210 833 1653 883 tantum‘quinquennis
1669 863 1679 879 ,
1699 837 1743 871 ut
1763 845 1881 883 supra
1900 833 2079 872 diximus
2093 863 2104 881 ,
2124 836 2174 873 ad

1212 885 1312 922 hanc
1327 886 1565 935 dignitatem
1581 887 1728 924 electus
1743 886 1874 924 fuerat
1886 885 1897 907 ¹
1912 901 1921 934 ;
1937 887 2008 924 sed
2024 888 2170 926 Rodul·

1213 938 1312 986 plius
1332 951 1405 977 rex
1418 969 1428 985 ,
1458 941 1506 977 ab
1527 939 1719 988 episcopis
1740 940 1965 988 provinciae
1986 940 2169 989 interpel-

1210 991 1327 1037 latus,
1348 993 1450 1041 quod
1465 994 1536 1030 sub
1553 1005 1674 1042 puero
1691 993 1860 1042 Hugone
1876 992 2055 1030 Ecclesia
2071 994 2172 1031 Rhe-

1211 1045 1356 1082 mensis
1383 1048 1539 1093 pastore
1561 1048 1717 1083 careret
1730 1075 1739 1091 ,
1759 1048 1800 1082 et
1818 1045 1970 1083 interea
1988 1045 2172 1084 Heriber-

1211 1100 1274 1135 tus
1304 1100 1418 1146 pater
1446 1100 1549 1136 bona
1577 1099 1664 1136 eius
1694 1098 1918 1147 dissiparet,
1940 1110 2001 1137 an.
2023 1099 2101 1137 931
2124 1100 2175 1137 ad

1210 1151 1342 1188 sedem
1370 1152 1639 1189 Rhemensem
1668 1151 1893 1199 eligendum
1925 1154 1966 1189 et
1982 1151 2176 1198 ,ordinan-

1211 1205 1304 1241 dum
1317 1206 1721 1242 curavitArthaldum
1738 1204 2051 1250 monachum,cui
2064 1205 2176 1242 Ioan-

1212 1269 1279 1294 nes
1295 1257 1366 1306 Pp.
1380 1258 1439 1295 XI
1456 1258 1616 1306 pallium
1634 1257 1970 1305 concessit2Anno
1987 1269 2082 1295 vero
2097 1258 2177 1296 940

1211 1310 1444 1348 Heribertus
1466 1323 1596 1348 comes
1609 1341 1618 1357 ,
1638 1311 1678 1347 in
1701 1310 1946 1348 Ludovicum
1965 1310 2023 1348 IV
2043 1311 2175 1348 rebel-

1209 1363 1270 1410 lis,
1291 1364 1466 1402 Rhemos
1487 1364 1716 1413 occupavit,
1737 1363 1979 1401 Arthaldum
1998 1364 2047 1401 ad
2068 1364 2176 1402 abdi-

1210 1417 1377 1454 candum
1406 1418 1556 1466 coegit,
1586 1417 1789 1465 filiumque
1818 1428 1933 1454 suum
1963 1417 2173 1466 Hugonem

1209 1471 1367 1507 decreto
1388 1471 1526 1519 synodi
1543 1470 1835 1508 Suessionensis
1851 1471 1898 1506 ad
1916 1470 2050 1507 sedem
2067 1471 2170 1508 Rhe-

1212 1535 1384 1561 mensem
1402 1524 1665 1561 ordinandum
1683 1523 1854 1560 curavit.
1871 1524 1988 1572 Hugo
2005 1525 2093 1572 post
2108 1535 2174 1561 or-

1210 1577 1450 1614 dinationem
1471 1589 1584 1615 suam
1605 1579 1781 1614 oratores
1802 1577 1971 1614 Romam
1991 1576 2114 1625 misit,
2133 1578 2175 1615 et

1208 1642 1231 1667 a
1250 1630 1452 1678 Stephano
1473 1632 1542 1679 Pp.
1565 1629 1733 1679 pallium
1754 1630 1987 1678 impetravit
2001 1628 2031 1667 ².

1261 1683 1324 1720 88.
1350 1684 1554 1721 asarinus
1584 1683 1636 1720 II
1662 1684 1866 1731 Pontifex
1896 1682 1987 1732 (an.
2008 1681 2105 1733 943)
2125 1704 2177 1710 —

1209 1736 1375 1774 Ineunte
1405 1748 1541 1774 mense
1572 1736 1769 1773 decembri
1799 1747 1861 1773 an.
1891 1736 1970 1773 942
1989 1735 2175 1774 defuncto

1208 1789 1407 1837 Stephano
1429 1790 1546 1835 VIII,
1567 1793 1659 1826 ante
1679 1789 1782 1826 diem
1797 1792 1985 1836 quartum
2009 1788 2172 1827 februa-

1209 1843 1254 1879 rii
1276 1855 1337 1880 an.
1359 1844 1438 1880 943
1466 1843 1506 1880 in
1532 1854 1731 1880 summum
1764 1841 1991 1891 pontificem
2023 1841 2174 1880 electus

1208 1895 1283 1932 fuit
1304 1896 1481 1934 Marinus
1499 1897 1548 1941 II,
1570 1897 1788 1941 Romanus,
1811 1907 1929 1943 quem
1958 1895 2080 1944 aliqui
2100 1907 2174 1944 ap-

1211 1949 1357 1997 pellant
1372 1949 1588 1987 Martinum
1610 1949 1678 1985 III.
1700 1948 1907 1986 Laudatur
1935 1948 1998 1985 hic
2031 1948 2173 1986 Ponti-

1208 2002 1272 2039 fex
1299 2004 1386 2039 tum
1417 2004 1577 2052 propter
1613 2013 1820 2039 sacrarum
1856 2001 2100 2039 Litterarum
2133 2003 2174 2039 et

1209 2067 1402 2093 canonum
1437 2056 1634 2106 peritiam,
1661 2058 1747 2092 tum
1786 2057 1944 2103 propter
1970 2054 2172 2103 egregiam

1209 2120 1367 2157 operam
1387 2110 1425 2146 in
1448 2108 1694 2146 restituenda
1715 2108 1914 2146 Ecclesiae
1941 2107 2147 2156 disciplina
2163 2136 2173 2155 ,

1209 2162 1474 2200 instaurandis
1495 2161 1664 2210 templis,
1680 2161 1932 2199 sublevandis
1948 2172 2168 2209 pauperum

1210 2215 1377 2253 miseriis
1416 2218 1455 2252 et
1489 2214 1766 2263 componendis
1799 2214 1903 2251 inter
1935 2213 2170 2251 christianos

1208 2268 1404 2317 principes
1434 2268 1606 2305 dissidiis
1635 2270 1822 2304 navatam
1839 2265 1866 2305 ³.
1895 2266 2082 2304 Pracfuit
2102 2266 2172 2304 Ec-

1210 2322 1351 2359 clesiae
1381 2323 1406 2359 3
1437 2321 1550 2358 annis
1576 2323 1616 2357 et
1636 2321 1660 2357 6
1680 2320 1890 2358 mensibus.
1912 2319 2019 2357 Obiit
2038 2331 2171 2357 mense

1210 2375 1317 2412 iunio
1338 2386 1401 2411 an.
1423 2376 1502 2411 9116
1518 2373 1545 2411 ⁴.

1263 2428 1325 2464 89.
1347 2429 1564 2475 Assapetus
1595 2427 1645 2464 II
1669 2427 1866 2475 Pontifex
1895 2425 1983 2475 (cm.
2004 2423 2101 2475 9116)
2121 2446 2170 2453 —

1213 2482 1307 2518 Post
1335 2480 1533 2517 Marinum
1565 2481 1615 2525 II,
1644 2480 1782 2518 eodem
1812 2492 1946 2517 meuse
1978 2478 2086 2516 iunio
2107 2490 2169 2517 an.

1210 2534 1288 2571 946
1308 2534 1354 2570 ad
1379 2534 1486 2570 Petri
1509 2534 1737 2571 cathedram
1758 2533 1957 2570 exaltatus
1977 2531 2052 2569 fuit
2070 2532 2171 2580 Aga-

1212 2590 1322 2636 petus
1335 2587 1384 2632 II,
1398 2587 1612 2632 Romanus,
1624 2586 1733 2624 cuius
1749 2587 1874 2635 pictas
1889 2589 1929 2624 et
1943 2585 2119 2624 studium
2131 2584 2170 2621 in

1211 2639 1461 2677 conciliandis
1486 2640 1723 2688 principibus
1741 2643 1781 2677 ct
1799 2639 2048 2688 protegendis
2073 2649 2171 2674 con-

1212 2696 1274 2731 tra
1302 2692 1454 2740 iniquos
1485 2705 1714 2741 pervasores
1743 2692 1936 2730 coenobiis
1965 2702 2171 2729 commen-

1214 2747 1410 2784 dantur.ls
1423 2747 1549 2783 denuo
1560 2759 1695 2796 pacem
1711 2746 1914 2784 constituit
1927 2745 2028 2782 inter
2039 2743 2170 2792 Hugo-

1254 2864 1262 2885 ¹
1283 2864 1346 2893 vid.
1379 2877 1393 2892 i,
1411 2862 1481 2894 250,

1252 2873 1464 2942 91³l‹=‹l‹im·d.,
1492 2904 1610 2935 Chron.
1635 2904 1673 2935 ad
1701 2913 1749 2934 an.
1776 2902 1831 2934 au
1850 2927 1857 2941 ‚
1886 2906 1915 2933 et
1932 2901 2014 2932 llist.
2030 2901 2049 2932 Ι.
2064 2901 2122 2940 lv,
2145 2910 2172 2932 c.

1212 2948 1318 2978 *28-32).

1254 2991 1267 3011 ³
1286 2989 1434 3018 baronius
1452 2991 1479 3017 rt
1497 2989 1580 3027 Pagi,
1598 2988 1635 3017 ad
1654 2996 1702 3017 an.
1720 2984 1849 3016 913-40.

1254 3031 1265 3051 ⁴
1285 3031 1446 3060 livii—rente
1467 3031 1564 3059 Leone
1581 3029 1717 3059 Ostiensi
1748 3028 1778 3063 (Ι.
1796 3028 1807 3057 Ι
1829 3025 1949 3057 Chron.
1971 3024 2118 3056 Casinati.
2145 3033 2170 3055 c.

1213 3072 1262 3110 57)
1281 3072 1328 3101 ime
1347 3072 1480 3101 Pontifex
1507 3071 1626 3101 liner-'is
1649 3069 1733 3099 dedit
1756 3069 1857 3098 siconi
1878 3068 2029 3106 Episcopo
2047 3067 2170 3104 Capua-

1213 3124 1261 3147 no,
1277 3112 1392 3151 quihus
1410 3112 1501 3142 illurn
1518 3115 1548 3142 e!
1560 3111 1598 3142 de
1614 3111 1786 3142 (lunanum.
1804 3108 1997 3148 iqimranlt‘a,
2013 3116 2054 3137 cx
2066 3106 2108 3152 (le
2118 3107 2168 3137 in-

1211 3154 1345 3183 xcienem
1369 3153 1556 3184 litterarum
1578 3152 1662 3185 etde
1687 3150 1917 3192 [αηιὶίὶανίιαίε
1945 3148 2166 3181 saecularium

1209 3196 1319 3227 stricte
1335 3194 1511 3235 redarguit.

2230 3145 2241 3193 ⁴.
