2241 3473
23 2098 26 2099 ν
83 2068 254 2105 ctoribus
288 2069 398 2106 laicis
431 2071 693 2106 nominandos
723 2073 751 2103 ‘2.

703 176 841 206 VSQVE
864 177 919 204 AD
942 177 1227 205 PRAESENTEM
1252 177 1456 206 AETATEM

91 244 220 281 extitit
238 243 274 279 in
294 243 423 280 Gallia
450 245 704 292 conspiratiO,
724 246 772 282 ob
791 256 907 293 quam
934 245 1043 280 innu-

92 308 225 335 meras
250 297 484 334 vexationes
511 299 615 345 passi
635 304 725 335 sunt
743 310 946 335 sacrorum
967 299 1044 333 An-

93 351 234 387 tistites
262 353 487 398 caeterique
514 352 772 388 ecclesiastici
793 352 880 395 viri,
900 352 1038 388 eiecto-

90 415 163 451 que
197 415 217 440 e
255 404 396 440 throno
424 406 564 452 gallico
600 407 742 443 Carolo
777 407 827 449 X,
862 405 1042 453 Aloysius

93 457 308 505 Philippus,
328 458 403 495 dux
423 460 735 501 Aurelianensis,
758 460 843 495 Rex
870 459 1043 494 Franco-

90 521 175 546 rum
203 516 362 547 creatus
397 516 470 548 est.
499 513 554 548 Eo
590 518 808 559 regnante,
845 512 881 547 in
916 513 1042 547 Gallia

89 563 284 600 catholica
300 565 438 612 religio
454 577 529 601 non
547 566 712 613 amplius
728 570 908 612 tanquam
925 566 1039 601 unica

90 617 208 653 totius
234 619 361 665 regni,
389 619 490 655 sicut
516 623 634 655 antea
660 621 804 662 fuerat,
824 619 892 655 sed
920 619 1038 655 veluti

87 671 249 706 maioris
275 672 478 708 Gallorum
507 673 630 720 partis
649 672 788 719 religio
808 673 939 708 habita
957 677 1038 716 est;

87 722 253 771 dumque
269 725 378 761 iuxta
396 725 515 773 impia
532 726 707 773 religiosi
723 725 1037 762 inditi'erentismi

87 777 232 824 placita
251 806 259 821 ‚
287 779 493 815 dictitabat
526 780 765 816 Gubernium
785 808 793 823 ‚
827 791 868 816 sc
903 779 1037 826 cuique

88 830 271 878 religioni
298 832 432 869 favere
461 844 508 869 ac
527 833 783 881 patrocinari,
803 834 885 869 sola
909 834 1037 870 catho-

88 884 166 920 lica
194 886 332 932 religio
352 887 459 922 omni
477 887 665 924 destituta
687 888 905 935 patrocinio
924 899 1038 924 vexa-

93 938 219 975 tiones
247 939 476 976 innumeras
502 940 724 988 patiebatur
741 969 749 984 ,
782 943 941 989 eiusque
969 942 1038 976 mi-

87 991 212 1037 nistri,
232 1003 371 1029 sacrae
398 995 686 1038 caeremoniae,
707 1006 852 1042 preces·
873 995 1037 1031 ludibrio

85 1047 399 1093 exponebantur,
421 1052 500 1083 tum
528 1049 567 1083 in
592 1049 760 1085 scenicis
786 1050 1035 1096 spectaculis,

86 1103 168 1135 tum
197 1100 442 1148 pervulgatis
469 1101 598 1149 impiis
615 1103 774 1149 scriptis
792 1113 837 1138 ac
857 1103 1037 1150 epheme—

85 1152 247 1197 ridibus,
274 1154 378 1191 inter
404 1166 501 1202 quas
528 1155 657 1192 extitit
683 1156 888 1195 c·A00nir-‚
920 1168 1035 1204 quam

85 1205 223 1243 eodem
251 1218 354 1243 anno
382 1209 488 1251 1830,
508 1220 643 1245 mense
663 1210 829 1253 octobri,
848 1211 1036 1256 evulgare

86 1264 275 1308 coeperat
302 1262 359 1298 De
385 1262 423 1298 la
450 1263 653 1306 Mennais‚
673 1273 696 1298 a
723 1263 916 1310 Gregorio
945 1265 1036 1300 XVI

86 1315 227 1350 merito
254 1316 506 1363 reprobatam
534 1319 560 1348 1.
590 1316 809 1353 Praeterea
835 1318 1037 1354 Ecclesiae

88 1367 236 1404 reditus
263 1369 424 1406 fuerunt
449 1370 656 1413 imminuti,
681 1371 900 1407 seminaria
922 1371 961 1406 in
984 1372 1037 1407 di-

85 1422 216 1458 versis
241 1422 487 1460 dioecesibus
514 1425 662 1469 clausa,
693 1425 868 1473 episcopi
894 1429 934 1462 et
959 1427 1037 1461 ani-

87 1486 245 1512 marum
278 1481 485 1514 curatores
520 1489 543 1514 a
575 1479 655 1514 suis
693 1479 874 1515 ecclesiis
906 1480 1033 1516 eiecti.

83 1527 169 1565 Nec
195 1529 319 1567 defuit
344 1532 687 1568 schismaticorum
714 1532 848 1576 factio,
869 1534 931 1581 qui
960 1534 1037 1580 epi-

82 1593 290 1630 scoporum
319 1586 557 1622 auctoritate
584 1590 744 1631 spreta,
775 1587 1036 1634 legitimisque

83 1638 304 1683 pastoribus
343 1640 465 1687 pulsis
485 1669 493 1684 ,
531 1640 750 1676 animarum
790 1652 926 1677 curam
966 1642 1037 1677 sibi

83 1696 334 1738 arrogarent.
361 1694 482 1729 Immo
509 1698 549 1730 et
574 1706 646 1741 per
672 1694 708 1729 id
735 1699 888 1741 tempus
922 1700 1039 1743 caput

79 1744 222 1780 iterum
248 1747 392 1784 efferre
425 1748 555 1796 coepit
586 1751 700 1784 vetus
727 1748 1038 1786 Constitutiona-

82 1797 174 1834 lium
200 1800 371 1837 schisma
389 1830 397 1845 ‚
424 1812 471 1837 ac
502 1802 675 1838 Thomas
707 1802 835 1838 Iustus
867 1802 1036 1839 Poulard

81 1853 288 1902 episcopus
306 1855 394 1892 huic
411 1856 611 1892 schismati
632 1855 821 1898 addictus,
842 1856 1035 1893 edendum

82 1907 237 1944 curavit
263 1909 456 1956 quoddam
482 1910 693 1957 scriptum,
714 1911 775 1946 cui
803 1911 935 1947 titulus
952 1910 1037 1948 Mo-

80 1970 154 2005 yen
179 1960 227 1997 cle
253 1962 518 1999 nationaliser
544 1963 578 1999 le
606 1963 745 2010 Clergse
779 1963 826 1998 dc
852 1963 1035 2011 Franco,

82 2025 155 2062 quo
174 2016 438 2053 contendebat
455 2017 680 2053 animarum
696 2022 877 2064 pastores
896 2019 943 2054 ab
962 2019 1036 2055 ele-

794 2071 943 2107 Verum
979 2072 1037 2109 his

83 2122 296 2169 impietatis
323 2125 525 2160 conatibus
545 2125 692 2161 restitit
709 2125 849 2162 Clerus
867 2126 1035 2170 Galliae,

83 2174 288 2214 doctrinae
315 2188 361 2214 ac
387 2178 548 2214 virtutis
578 2178 693 2214 laude
720 2179 942 2221 excellens,
973 2181 1036 2227 qui

82 2233 122 2265 et
147 2229 263 2267 editis
289 2231 446 2279 scriptis
473 2236 513 2268 et
541 2233 654 2269 verbi
685 2232 805 2267 divini
835 2233 1036 2280 praedica-

83 2283 188 2320 tione
215 2296 286 2332 pro
314 2286 470 2322 tuendis
488 2286 691 2322 Ecclesiae
712 2287 859 2322 iuribus
877 2297 1038 2334 magno-

84 2348 178 2384 pere
205 2338 466 2376 adlaboravit.
494 2340 580 2376 Nec
606 2340 703 2376 levis
731 2341 814 2376 eius
841 2341 924 2377 laus
951 2342 1036 2384 fuit,

84 2391 184 2439 quod
205 2395 311 2428 omni
330 2394 563 2430 lansenismi
582 2398 622 2431 et
640 2394 1036 2431 Gallicanismisensu

85 2445 278 2493 deposito,
299 2447 410 2484 unice
431 2447 478 2483 ad
498 2447 782 2484 exhortandum
804 2448 840 2483 in
859 2447 1038 2484 doctrina

91 2510 188 2536 sana
214 2500 321 2537 vires
347 2512 439 2537 suas
472 2501 698 2538 intenderit.
726 2503 831 2538 Inter
859 2506 1041 2538 caeteras

89 2553 199 2600 leges
225 2555 430 2591 Ecclesiae
451 2555 598 2591 iuribus
616 2555 851 2593 contrarias.
874 2566 943 2602 pro
962 2555 1042 2602 qui-

89 2607 160 2643 bus
187 2608 390 2644 abolendis
415 2609 556 2646 Clerus
582 2610 730 2644 acriter
761 2609 965 2655 pugnavit,
993 2620 1040 2644 ea

85 2661 230 2703 extitit,
252 2672 351 2708 quae
379 2673 455 2697 non
476 2661 589 2697 modo
610 2661 806 2697 studiosae
830 2662 1041 2698 iuventutis

87 2714 373 2752 institutionem
401 2716 603 2752 Ecclesiae
631 2717 864 2762 magisterio
891 2716 1041 2752 subtra<

88 2773 229 2813 xerat,
256 2781 395 2805 verum
431 2769 552 2805 etiam
584 2768 786 2804 catholicis
816 2769 1040 2805 libertatem

92 2821 301 2859 ademerat
329 2822 509 2858 docendi.
529 2823 630 2858 Dum
649 2833 745 2858 vero
763 2822 981 2858 huiusmodi
1001 2823 1043 2858 li-

88 2880 146 2911 tes
180 2877 283 2912 inter
309 2876 512 2912 Ecclesiae
551 2881 732 2923 pastores
757 2880 796 2912 et
827 2876 941 2912 civile
975 2888 1042 2923 gu-

136 2978 142 2999 ¹
164 2978 223 3010 Per
250 2977 451 3018 Encyclicam
472 2975 575 3007 datam
595 2972 683 3006 xvii⁰
703 2974 831 3006 calend.
854 2975 1042 3016 septembris

131 3068 145 3090 ‘2
163 3068 242 3100 Ami
267 3068 356 3100 dela
383 3067 525 3108 reliyion
540 3091 547 3102 ,
567 3070 594 3097 t.
613 3064 721 3096 LXVI.
748 3063 954 3107 Templorum
982 3075 1045 3098 na-

86 3115 276 3148 tionalium
299 3113 482 3145 erectiones
500 3120 694 3152 magnopere
713 3116 822 3152 postea
844 3111 992 3143 foverunt
1011 3117 1041 3143 et

90 3165 165 3193 exto
180 3161 303 3192 llerunt
321 3167 449 3200 quoque
468 3166 574 3190 reruni
594 3157 794 3198 publicarum
822 3157 1044 3189 emendatores

91 3207 122 3239 in
144 3207 252 3239 Italia.
274 3206 329 3237 Ast
348 3213 386 3236 ex
414 3205 462 3235 liis
483 3203 612 3244 templis
640 3203 704 3234 alia
728 3203 1017 3235 schismasticorum
1039 3227 1046 3241 ,

92 3252 158 3285 alia
177 3251 410 3284 haereticorum
431 3250 503 3282 usui
521 3248 703 3291 mancipata
722 3252 819 3280 sunt.

207 3309 475 3357 WOV'I'ERS,
507 3309 560 3348 11.

1914 166 1994 206 369

1096 244 1273 280 bernium
1306 244 1538 288 fervebant,
1566 254 1668 280 nova
1696 242 1835 279 seditio
1866 253 1930 279 an.
1960 244 2050 281 1848

1095 298 1246 341 oborta,
1264 298 1466 346 Aloysium
1477 297 1702 345 Philippum
1719 309 1740 333 e
1758 297 1897 333 throno
1917 301 2049 333 extur-

1096 351 1214 387 bavit.
1235 352 1337 387 Hinc:
1365 352 1586 399 respublica
1613 356 1731 387 enata
1756 355 1829 394 est,
1849 362 1870 388 e
1890 362 1965 399 qua
1985 362 2049 398 po-

1093 410 1177 441 stea
1197 405 1403 453 imperium
1425 405 1609 452 prodivit,
1631 409 1774 452 agente
1794 405 1954 453 Aloysio
1972 404 2051 440 Na-

1093 459 1256 504 poleone
1303 458 1528 504 Bonaparte
1580 458 1751 495 eiusdem
1804 458 2045 505 reipublicae

1097 511 1288 559 praeside,
1309 512 1370 558 qui
1399 511 1460 547 die
1479 511 1501 547 2
1519 511 1740 547 decembris
1766 512 1854 548 1851
1876 512 2047 559 Impera-

1093 565 1187 601 toris
1219 565 1289 601 sibi
1324 575 1465 600 nomen
1495 565 1675 601 adscivit.
1712 565 1856 600 Primis
1890 565 2046 613 imperii

1091 619 1147 654 sui
1174 618 1286 654 annis
1314 618 1548 654 catholicam
1577 619 1808 665 religionem
1836 620 1972 655 fovere
1991 619 2046 654 vi-

1090 683 1155 707 sus
1183 676 1267 715 est,
1301 672 1391 719 quia
1417 672 1561 719 aliquot
1596 672 1633 707 in
1663 671 1791 707 Gallia
1822 672 2043 719 Religiosos

1092 725 1263 762 Ordines
1290 725 1482 769 restituit,
1509 729 1548 761 et
1575 725 1694 769 bello,
1722 725 1820 773 quod
1849 736 1930 762 una
1955 737 2043 761 cum

1091 779 1231 825 Anglis
1270 779 1310 814 in
1349 779 1597 816 Chersoneso
1635 779 1806 815 Taurico
1843 779 2044 824 confecit,

1090 832 1402 869 Christianorum
1431 832 1469 866 in
1497 836 1606 868 terra
1631 836 1769 868 sancta
1804 832 1891 868 iura
1926 833 2044 869 tuitus

1090 889 1172 922 est:
1206 885 1329 922 adhuc
1363 886 1483 921 etiam
1517 885 1644 921 altero
1680 886 1779 921 bello
1815 885 1915 933 quod
1955 897 2042 922 eum

1091 939 1227 976 iisdem
1255 939 1394 986 Anglis
1421 939 1611 975 adversus
1629 940 1812 976 Sinarum
1834 940 2045 987 imperato-

1092 1005 1174 1030 rem
1201 993 1388 1041 suscepit,
1410 993 1561 1028 factum
1588 997 1663 1035 est,
1682 997 1725 1029 ut
1751 993 1916 1029 liberum
1936 997 2045 1041 pate-

1092 1050 1151 1083 ret
1178 1047 1253 1083 iter
1279 1046 1539 1082 missionariis
1567 1058 1615 1082 ex
1646 1047 1806 1093 Europa
1832 1046 1880 1082 ad
1906 1048 2044 1083 vastis-

1090 1100 1228 1135 simum
1257 1100 1349 1135 illud
1376 1100 1587 1147 imperium
1615 1099 1924 1143 confluentibus,
1944 1101 2044 1147 quod

1090 1158 1129 1189 et
1156 1154 1192 1189 in
1221 1153 1517 1191 Conchinchina
1548 1154 1700 1200 pariter
1730 1153 1932 1189 obtentum
1968 1157 2043 1190 est.

1090 1208 1312 1244 Novissime
1324 1213 1455 1244 autem
1475 1207 1928 1244 adversusMexicanam
1943 1220 2043 1244 rem-

1091 1262 1286 1308 publicam
1321 1261 1472 1308 praelio
1508 1261 1713 1304 absoluto,
1747 1260 1952 1308 Episcopis
1979 1263 2042 1309 qui

1091 1326 1210 1351 causa
1243 1315 1448 1351 turbarum
1476 1314 1555 1350 illic
1584 1314 1797 1350 furentium
1825 1325 1849 1350 a
1878 1314 1959 1350 suis
1984 1326 2043 1351 se-

1089 1368 1199 1404 dibus
1227 1369 1363 1416 procul
1382 1368 1672 1411 detinebantur,
1692 1368 1808 1404 facile
1825 1371 1868 1403 ut
1886 1367 1931 1403 ad
1951 1379 2042 1404 suas

1089 1434 1182 1459 oves
1210 1423 1413 1466 redirent,
1443 1423 1518 1458 iter
1545 1421 1715 1469 aperuit.
1744 1421 1912 1457 Proinde
1939 1421 2040 1457 haud

1091 1477 1232 1511 mirum
1252 1476 1336 1520 fuit,
1350 1475 1450 1523 quod
1469 1475 1561 1511 Pius
1588 1475 1658 1522 Pp.
1680 1475 1734 1510 IX
1754 1475 1952 1510 Lutetiam
1970 1475 2042 1511 Pa-

1089 1529 1270 1565 risiorum
1294 1529 1446 1565 miserit
1467 1528 1770 1566 Constantinum
1788 1528 2039 1566 Cardinalem

1091 1582 1250 1627 Patrizi,
1277 1594 1390 1619 suum
1417 1594 1443 1617 α
1470 1582 1596 1618 latere
1624 1583 1835 1628 Legatum,
1864 1582 1927 1629 qui
1955 1594 2039 1629 per-

1089 1647 1227 1671 sonam
1265 1637 1360 1671 Eius
1388 1647 1534 1682 gerens
1569 1635 1760 1670 infantem
1779 1664 1787 1679 ,
1816 1635 2041 1683 Principem

1088 1691 1301 1727 iuventutis
1320 1719 1328 1734 ,
1355 1690 1401 1725 de
1428 1701 1543 1725 sacro
1570 1689 1680 1725 fonte
1708 1690 1955 1736 baptismatis
1981 1702 2042 1726 su-

1088 1744 1226 1790 scepit.
1249 1744 1334 1779 Hoc
1362 1754 1458 1779 sane
1485 1747 1602 1790 pacto
1622 1743 1927 1789 benignissimus
1944 1742 2045 1778 Pon-

1091 1798 1184 1833 tifex
1212 1797 1398 1833 nonnulla
1424 1797 1461 1832 in
1489 1796 1633 1834 Christi
1654 1795 1904 1843 Religionem
1931 1807 2065 1843 prae-¹

1088 1852 1196 1887 clara
1215 1851 1325 1887 Gallo
1335 1862 1418 1886 rum
1435 1849 1690 1897 Imperatoris
1705 1850 1885 1885 facinora
1898 1849 2041 1886 eximio

1091 1904 1280 1941 beneficio
1314 1903 1541 1940 cumulavit.
1574 1903 1721 1939 Verum
1754 1902 2042 1949 ingratissimus

1088 1958 1148 1993 hic
1175 1958 1261 2001 Vir,
1280 1958 1342 2005 qui
1373 1957 1618 1992 massonicae
1638 1960 1771 1992 sectae
1791 1967 1954 2003 operam
1974 1956 2040 1992 da-

1090 2011 1167 2055 bat,
1193 2022 1254 2046 an.
1288 2011 1377 2048 1859
1403 2010 1451 2046 ad
1479 2021 1572 2046 oras
1600 2011 1734 2045 Italiae
1763 2009 1914 2056 ingenti
1941 2010 2040 2045 mili-

1088 2068 1169 2100 tum
1197 2065 1310 2111 copia
1336 2064 1511 2111 appulit,
1547 2064 1678 2111 specie
1717 2062 1868 2110 quidem
1909 2063 2041 2104 tuendi

1088 2118 1254 2153 Romani
1283 2118 1485 2153 Pontificis
1512 2117 1601 2153 iura
1626 2121 1665 2154 et
1692 2128 1875 2163 regnum,
1904 2128 1946 2153 re
1974 2128 2041 2153 au-

1090 2177 1181 2214 tem,
1200 2180 1243 2207 ut
1269 2171 1528 2219 perduellium
1556 2170 1755 2206 hominum
1783 2169 1910 2205 studia
1936 2169 2039 2206 adiu-

1089 2229 1216 2261 varet.

1136 2279 1192 2315 66.
1219 2279 1365 2315 Rerum
1387 2278 1640 2326 publicarum
1666 2278 1862 2315 subversio
1890 2278 1930 2313 in
1956 2278 2042 2314 Ica-

1090 2332 1147 2367 lt'a
1163 2337 1247 2376 (an.
1271 2332 1511 2376 1859)—Una
1527 2335 1591 2368 est
1608 2343 1765 2380 semper
1784 2332 2042 2379 perduellium

1091 2386 1290 2422 hominum
1323 2398 1461 2430 mens,
1493 2397 1616 2421 novas
1649 2386 1800 2422 scilicet
1832 2385 2043 2422 seditiones

1091 2441 1231 2476 moliri.
1261 2441 1394 2481 Quare
1424 2440 1724 2486 flagitiosissimi
1752 2439 1807 2475 illi
1835 2440 2014 2477 homines
2032 2468 2040 2483 ,

1090 2498 1223 2530 sectae
1250 2493 1409 2530 Incertis
1428 2493 1580 2529 Italiac
1600 2492 1764 2536 addicti,
1784 2493 1848 2540 qui
1866 2504 1930 2529 an.
1952 2493 2042 2530 1848

1092 2548 1260 2583 Romam
1280 2552 1478 2594 totamque
1498 2546 1650 2582 Italiam
1671 2546 1792 2582 turbis
1810 2547 2039 2594 exagitave-

1095 2605 1195 2645 rant,
1215 2601 1353 2637 deinde
1374 2601 1520 2636 nullum
1541 2611 1615 2635 non
1639 2604 1848 2635 moverunt
1873 2599 2040 2647 lapidem

1092 2658 1135 2690 ut
1147 2655 1367 2691 restitutum
1382 2654 1559 2689 ordinem
1574 2652 1838 2697 destruerent,
1855 2654 2041 2689 Romani-

1092 2720 1164 2756 que
1182 2708 1384 2744 Pontificis
1402 2718 1526 2753 regno
1545 2717 1701 2750 everso,
1720 2718 1741 2743 e
1768 2707 1895 2743 medio
1921 2707 2041 2754 ipsius

1092 2764 1233 2798 summi
1266 2761 1522 2797 pontificatus
1553 2760 1765 2807 primatum
1795 2764 2040 2797 everterent·

1094 2817 1178 2851 Hoc
1192 2816 1296 2852 enim
1313 2819 1400 2851 erat
1420 2815 1457 2849 in
1474 2814 1589 2857 votis,
1604 2814 1704 2860 quod
1720 2814 1827 2850 Petri
1841 2813 2041 2851 Cathedra

1094 2870 1238 2905 abolita
1259 2897 1268 2913 ,
1294 2878 1497 2904 sacrorum
1525 2866 1801 2903 emendatores
1841 2867 2040 2903 liberrime

1096 2926 1253 2970 possent
1267 2926 1390 2957 totam
1405 2921 1637 2956 subvertere
1655 2921 1821 2956 ltaliam.
1838 2921 1941 2957 Hinc
1958 2923 2043 2967 post

1095 2977 1291 3024 expletum
1331 2973 1566 3012 Chersonesi
1599 2974 1759 3010 Taurici
1798 2974 1941 3010 bellum
1964 3002 1972 3018 ‚
2002 2974 2041 3009 in

1096 3034 1288 3065 conventu
1315 3027 1531 3063 Parisiensi
1558 3038 1622 3063 an.
1643 3028 1734 3065 1856
1760 3029 1871 3064 falsis
1898 3027 2045 3063 calum-

1096 3084 1168 3119 niis
1194 3083 1415 3118 Romanum
1443 3081 1675 3118 Pontificem
1700 3082 1877 3129 aliosque
1904 3081 2043 3117 Italiae

1099 3136 1293 3185 principes
1320 3135 1512 3185 impetere
1538 3140 1769 3183 coeperunt.
1789 3136 2044 3172 Occultarum

1096 3190 1327 3227 societatum
1358 3200 1482 3236 prava
1512 3190 1674 3225 consilia
1705 3193 1822 3237 atque
1855 3198 2045 3238 perversa

1097 3245 1409 3290 demagogorum
1443 3244 1650 3280 conamina
1684 3243 1875 3291 grandem
1909 3253 2045 3279 rerum

1779 3308 1829 3347 32
