2241 3473
190 137 242 176 76

137 213 188 251 bo
208 223 414 262 percussus
433 213 505 256 est,
521 211 576 248 ita
605 213 651 247 ut
676 212 802 247 totum
831 208 914 245 eius
941 217 1082 255 corpus

136 267 176 304 in
213 265 457 315 putredinem
490 263 765 301 dissolveretur
793 263 832 298 et
860 272 991 298 omnes
1018 260 1083 297 in-

137 318 328 356 tolerabili
362 317 506 354 foetore
545 328 569 353 a
598 328 638 353 se
674 314 931 364 propulsaret.
971 313 1082 350 Tunc

136 372 363 409 recordatus
382 370 586 414 malorum,
607 380 707 417 quae
727 367 956 405 Christianis
982 366 1084 403 intu-

136 426 249 470 lerat,
269 424 435 461 edictum
455 423 495 459 in
516 433 651 458 eorum
671 421 847 458 favorem
865 420 1085 470 promulga-

135 478 205 523 vit,
225 479 264 514 et
283 477 392 513 brevi
413 478 497 524 post
513 474 591 525 (an.
609 474 704 525 311)
725 477 892 512 mortem
912 474 983 512 sibi
1000 485 1085 510 con-

135 530 261 568 seivit.
277 530 548 566 successorem
564 540 679 565 suum
700 528 970 566 nominaverat
985 527 1084 565 Lici-

137 583 242 620 nium
269 582 466 619 exercitus
486 581 641 628 ducem,
663 581 727 630 qui
748 584 834 630 post
859 593 948 619 eum
968 581 1007 618 in
1028 580 1083 617 Il-

137 636 261 684 lyrico
282 636 321 671 et
340 634 508 671 Thracia
527 634 748 684 imperavit;
765 635 901 672 Asiam
916 646 1011 672 vero
1027 645 1084 671 ce·

137 689 228 725 dere
248 690 401 724 coactus
421 689 481 724 est
497 688 725 734 Maximino,
738 688 803 737 qui
819 700 858 726 se
873 688 911 725 in
928 688 1083 725 Oriente

137 743 346 790 augustum
386 740 497 778 dixit.
538 741 736 779 Posterior
773 741 1085 791 persecutionem

139 796 273 832 contra
293 793 532 831 Christianos
551 795 799 833 continuavit
820 807 943 845 usque
959 795 1007 833 ad
1024 806 1087 831 an-

137 859 228 885 num
249 847 337 885 313.

187 901 249 939 94.
272 900 468 948 Synoclus
493 901 689 939 Cirtensis
715 908 755 940 et
773 903 1086 940 Elz'berz'tana—

136 954 292 992 Interea
318 966 418 991 anno
437 954 516 992 305
532 985 541 1001 ,
567 956 731 993 remissa
751 957 828 993 iam
850 957 920 993 sub
940 957 1086 993 Severo

135 1018 291 1045 caesare
311 1005 513 1045 inAfrica‘
534 1009 827 1057 persecutione,
852 1010 900 1047 12
919 1009 1087 1058 episcopi

134 1060 328 1109 synodum
344 1061 595 1100 celebrarunt
605 1075 652 1112 ap
660 1064 707 1100 ud
717 1062 1086 1109 Cirtam,Numidiae

135 1114 350 1159 civitatem,
363 1116 407 1151 ut
425 1114 463 1151 in
480 1115 607 1153 locum
624 1116 797 1154 defuncti
817 1116 933 1154 huius
953 1115 1090 1153 civita-

133 1167 182 1205 tis
203 1167 369 1216 episcopi
390 1167 509 1205 alium
530 1170 767 1208 ordinarent.
790 1170 832 1207 In
849 1170 922 1207 hac
938 1170 1086 1218 synodo

136 1221 256 1258 etiam
277 1223 409 1258 actum
431 1225 490 1259 est
510 1223 556 1260 de
576 1224 845 1269 traditoribus,
862 1223 929 1272 qui
949 1223 1087 1272 suppli-

135 1274 283 1312 ciorum
303 1277 409 1312 metu
429 1287 558 1313 sacros
588 1276 706 1314 libros
733 1277 880 1314 aliasve
900 1277 1086 1314 ecclesia-

134 1339 219 1365 rum
232 1339 292 1365 res
304 1328 600 1377 magistratibus
613 1330 1086 1379 tradiderant.Postquam

123 1381 347 1434 Secundus,
367 1383 569 1431 episcopus
585 1383 837 1433 Tigisitanus,
853 1396 986 1421 omnes
1006 1383 1087 1421 fere

135 1435 202 1484 qui
222 1436 387 1473 aderant
407 1436 605 1486 episcopos
633 1437 744 1475 istius
773 1437 944 1475 criminis
960 1438 1088 1474 convi-

136 1489 265 1535 cisset,
286 1491 365 1538 ipse
395 1490 513 1527 etiam
544 1491 718 1528 eiusdem
747 1494 955 1528 accusatus
984 1494 1044 1528 est
1064 1502 1087 1527 a

136 1542 342 1591 Purpurio,
364 1543 539 1593 episcopo
568 1544 799 1582 Lametensi.
821 1545 931 1582 Unde
957 1544 1085 1581 omni-

137 1596 208 1633 bus
227 1596 350 1634 satius
371 1597 499 1634 visum
518 1600 588 1645 est,
605 1610 746 1636 causae
765 1598 952 1635 iudicium
973 1597 1086 1635 relin-

137 1661 254 1698 quere
274 1650 344 1687 soli
364 1651 445 1688 Deo
464 1650 486 1688 ¹.

191 1703 304 1741 Circa
319 1705 420 1742 idem
437 1707 593 1753 tempus
611 1705 660 1742 19
676 1704 855 1754 episcopi,
871 1704 975 1742 inter
990 1716 1083 1753 quos

135 1757 333 1794 eminebat
366 1757 480 1796 Osius
513 1759 787 1804 Cordubensis,
818 1760 1085 1796 convenerunt

76 1827 82 1835 ·
138 1809 324 1847 Eliberim
357 1823 426 1848 seu
461 1811 649 1850 Illiberim
680 1812 719 1849 in
749 1813 909 1849 Boetica
939 1812 1083 1862 Hispa-

137 1863 224 1900 niae
246 1864 457 1912 provincia.
481 1865 749 1903 Condiderunt
773 1865 820 1902 81
843 1877 1022 1912 canones,
1044 1865 1084 1902 in

139 1917 279 1965 quibus
299 1917 423 1954 multa
443 1918 673 1956 sanciuntur
692 1919 738 1956 de
760 1919 999 1967 poenitentia
1019 1930 1085 1955 eo-

139 1981 241 2015 rum,
261 1971 326 2019 qui
345 1971 382 2007 in
403 1972 541 2019 gravia
560 1971 725 2008 crimina
744 1971 843 2021 lapsi
862 1974 1007 2017 essent3
1038 1972 1084 2009 de

116 2033 120 2037 ·
144 2023 384 2062 continentia
396 2025 847 2074 clericorum,aquorum
863 2025 982 2062 etiam
994 2037 1084 2062 con-

141 2077 323 2115 tubernio
345 2078 528 2116 mulieres
549 2081 761 2116 extraneae
792 2081 949 2128 praeter
977 2090 1085 2116 soro-

140 2141 224 2167 rem
254 2134 324 2168 aut
349 2131 542 2181 virginem
570 2133 648 2169 Deo
688 2132 858 2170 dicatam
885 2135 1083 2179 arcentur;

140 2184 187 2221 de
208 2195 278 2221 usu
299 2184 530 2223 Sanctorum
559 2185 777 2234 imaginum
802 2198 872 2230 seu
904 2186 1084 2234 pictura-

141 2249 226 2275 rum
247 2238 286 2274 in
308 2238 499 2286 ecclesiis;
521 2239 566 2276 de
596 2239 683 2276 aliis
703 2240 751 2276 ad
774 2239 1017 2288 disciplinam
1047 2242 1086 2276 ct

141 2290 288 2328 cultum
305 2292 481 2329 divinum
494 2291 790 2342 spectantibus2.
804 2293 935 2334 Quum
953 2296 1084 2330 autem

140 2344 276 2382 horum
297 2356 487 2383 canonum
507 2346 679 2384 nonnulli
702 2347 928 2395 graviorum
950 2346 1084 2383 crimi-

141 2410 232 2435 num
253 2398 329 2436 reis
350 2401 660 2437 communionem
683 2400 800 2437 etiam
827 2400 865 2437 in
886 2399 995 2437 exitu
1026 2400 1083 2436 vi-

142 2455 206 2489 tae
236 2452 503 2501 denegandam
524 2454 679 2499 dicant,
699 2453 831 2502 sicque
853 2453 1086 2491 Novatianis

145 2505 280 2543 favere
302 2506 536 2554 videantur,
556 2509 595 2544 et
616 2519 736 2544 canon
761 2507 810 2544 36
846 2507 1020 2556 picturas
1047 2507 1085 2543 in

143 2559 316 2597 ecclesiis
346 2561 564 2608 prohibeat3
592 2560 786 2597 nonnullis
819 2563 1000 2609 suspecta
1029 2564 1088 2597 est

144 2613 279 2661 synodi
302 2614 418 2652 huius
439 2615 664 2652 auctoritas.
687 2614 835 2651 Verum
855 2614 920 2651 alii
951 2615 1085 2651 obser-

148 2669 256 2712 vant,
277 2679 346 2716 per
365 2668 687 2714 communionem,
707 2679 805 2717 quae
822 2668 860 2704 in
877 2667 961 2705 istis
979 2680 1089 2705 cano-

147 2720 258 2757 nibus
276 2721 392 2758 ctiam
412 2722 449 2758 in
468 2722 576 2759 exitu
599 2722 702 2759 vitae
723 2721 952 2769 quibusdam
971 2733 1085 2769 nega-

146 2775 210 2810 tur
228 2802 236 2818 ,
265 2785 339 2810 non
361 2774 685 2813 sacramentalem
705 2775 987 2812 absolutionem
1020 2776 1088 2811 aut

145 2827 498 2866 reconciliationem
521 2841 609 2866 cum
630 2828 824 2875 Ecclesia,
845 2829 910 2866 sed
933 2840 981 2865 ss.
1006 2829 1087 2865 Eu-

146 2879 354 2917 charistiae
375 2882 561 2920 viaticum
584 2894 665 2921 esse
685 2882 997 2932 intelligendum
1015 2881 1088 2918 sal-

146 2936 224 2970 tem
246 2933 351 2971 illam
375 2946 447 2971 non
470 2936 602 2985 negari
629 2937 666 2973 in
695 2947 810 2974 sensu
839 2935 1087 2974 Novatiano-

147 2997 248 3031 rum,
277 2988 343 3025 scd
373 2991 416 3025 ut
434 2989 566 3027 fideles
586 2989 751 3028 durioris
771 2989 992 3039 disciplinae
1012 2988 1090 3026 fre-

147 3052 195 3077 no
211 3041 258 3077 ab
275 3040 358 3079 istis
374 3041 599 3081 criminibus
615 3046 856 3092 arcerentur,
873 3054 1018 3082 canone
1029 3055 1092 3081 au-

189 3183 197 3204 ¹
219 3184 329 3214 Lahlnc.
350 3182 472 3214 (lancil.
490 3186 508 3214 ί.
526 3182 548 3221 I,
565 3193 591 3223 p.
609 3183 678 3216 036.

189 3224 202 3246 2
217 3225 290 3256 ibid.
306 3234 336 3265 p.
351 3223 419 3256 9137.

623 146 780 174 EPOCHA
808 144 849 171 11.
879 144 905 169 A
933 142 1072 170 MORTE
1100 142 1132 169 S.
1161 140 1323 168 IOANNIS
1352 141 1546 169 APOS'POLI

1124 206 1206 242 tem
1225 206 1276 244 36
1293 206 1356 243 vel
1376 206 1476 243 solas
1496 203 1692 255 prohiberi
1711 207 1884 257 picturas
1904 207 1998 254 Dei,
2025 217 2073 245 ne

1125 259 1212 307 quis
1233 260 1359 297 Deum
1379 260 1622 309 corporalem
1637 261 1903 310 suspicaretur
1919 263 1990 299 aut
2005 271 2074 298 eas

1125 313 1326 359 adoraret,
1347 314 1411 351 vel
1432 313 1629 361 prohiberi
1649 313 1825 362 picturas
1844 315 1885 352 in
1901 313 2069 364 parieti-

1125 366 1196 403 bus
1212 366 1480 413 ecclesiarum,
1496 378 1543 403 ne
1561 365 1800 415 fugientibus
1817 372 1973 417 propter
1989 379 2075 417 per-

1127 420 1343 458 secutiones
1364 420 1614 466 Christianis,
1637 432 1706 457 eae
1735 421 1980 459 ethnicorum
2007 421 2074 458 lu-

1127 472 1249 510 dibrio
1270 474 1466 522 expositae
1486 473 1800 522 relinquerentur
1823 471 1846 513 ¹.

1180 526 1242 564 95.
1266 526 1410 564 Cultus
1439 539 1489 564 ss,
1519 527 1759 575 Imayz'num
1789 532 1827 564 et
1853 528 2074 577 Reliquia-

1128 580 1483 622 rum—Quamvis
1512 580 1638 618 tribus
1663 580 1859 629 prioribus
1880 581 2076 619 Ecclesiae

1127 633 1291 670 saeculis
1312 633 1436 670 rarior
1456 633 1837 683 fuerit—Sanctorum
1861 633 2076 683 imaginum

1128 690 1327 732 usus,tum
1346 688 1505 736 propter
1534 687 1740 724 continuas
1767 687 2076 736 persecutiones,

1126 741 1209 776 tum
1221 740 1340 777 etiam
1353 752 1400 777 ne
1409 740 1617 778 Christiani
1626 752 1690 778 eas
1701 740 1825 778 instar
1834 739 2077 778 ethnicorum

1127 795 1169 830 ut
1184 793 1287 830 idola
1302 794 1428 830 colere
1444 794 1683 840 viderentur,
1703 797 1742 831 et
1762 805 1810 831 ne
1826 793 1972 840 Iudaei,
1989 805 2012 831 a
2027 792 2078 830 si-

1127 846 1311 884 mulacris
1339 849 1378 884 et
1404 847 1638 896 imaginibus
1659 848 1935 893 abhorrentes,
1956 858 1980 884 a
2008 858 2075 884 su-

1128 900 1324 949 scipienda
1344 900 1555 938 christiana
1574 901 1669 938 Fide
1687 903 1995 946 removerentur3
2012 901 2076 937 ta-

1128 965 1215 990 men
1235 956 1274 991 et
1293 957 1386 991 tunc
1405 953 1590 1002 temporis
1611 955 1711 1003 apud
1733 953 1973 992 Christianos
1983 952 2074 991 fuis-

1128 1019 1168 1044 se
1189 1009 1341 1044 certum
1364 1007 1597 1044 Sanctorum
1617 1008 1832 1056 imaginum
1847 1016 1978 1052 usum,
1997 1018 2081 1044 eon-

1129 1063 1206 1098 stat
1235 1073 1255 1098 e
1285 1060 1549 1106 TertullianO,
1578 1061 1644 1109 qui
1682 1060 1858 1098 meminit
1899 1059 2080 1108 imaginis

1129 1113 1274 1151 Christi
1293 1114 1364 1150 sub
1386 1114 1521 1152 habitu
1538 1114 1705 1162 pastoris
1723 1113 1879 1163 depingi
1895 1113 2034 1151 solitae
2049 1109 2077 1159 ²,

1129 1179 1177 1204 ex
1197 1167 1375 1212 Eusebio,
1396 1167 1462 1215 qui
1482 1170 1667 1214 testatur,
1687 1180 1728 1205 se
1744 1167 1958 1205 Caesareae
1983 1165 2081 1203 Phi-

1130 1221 1222 1269 lippi
1251 1233 1317 1258 seu
1348 1220 1528 1258 Peneade
1549 1221 1693 1258 vidisse
1714 1223 1888 1258 statuam
1910 1231 2094 1257 aeneam-

1129 1274 1282 1312 Christo
1304 1276 1475 1311 erectam
1497 1273 1523 1320 ³,
1545 1287 1564 1312 e
1585 1275 1755 1312 vasculis
1773 1274 1954 1315 testaceis
1969 1276 2008 1311 et
2025 1273 2079 1310 vi-

1128 1329 1234 1373 treis,
1252 1327 1357 1365 saxis
1377 1328 1659 1376 sepulcralibus
1677 1331 1715 1365 et
1729 1327 1882 1365 tabellis
1897 1326 2077 1375 lapideis,

1128 1381 1285 1427 Christi,
1297 1380 1392 1418 RV.
1402 1381 1552 1419 Mariae
1565 1384 1603 1418 et
1616 1382 1891 1430 Apostolorum
1901 1380 2076 1430 effigiem
2091 1382 2096 1387 '

1129 1435 1416 1481 exhibentibus,
1437 1446 1537 1484 quae
1556 1435 1706 1472 Romae
1722 1436 1759 1472 in
1777 1435 2018 1472 catacumbis
2035 1435 2076 1471 et

1129 1488 1277 1538 cryptis
1303 1490 1342 1525 et
1361 1488 1452 1526 alibi
1473 1489 1634 1526 inventa
1653 1491 1744 1526 sunt
1763 1487 1790 1526 ⁴.
1815 1488 1899 1530 Quo
1919 1487 2079 1537 propius

1129 1543 1177 1580 ad
1196 1545 1375 1591 tempora
1395 1542 1680 1580 ecclesiasticae
1709 1542 1813 1591 pacis
1845 1541 2085 1587 accedimus,

1129 1607 1174 1632 eo
1189 1594 1494 1644 frequentiorem
1508 1596 1723 1645 reperimus
1740 1595 1974 1634 Sanctorum
1987 1595 2086 1632 ima-

1127 1649 1260 1698 ginum
1281 1660 1406 1695 usum,
1426 1649 1607 1698 huncque
1627 1660 1726 1686 saec.
1748 1648 1804 1686 IV
1824 1651 1864 1686 et
1883 1649 2083 1697 deinceps,

1128 1702 1247 1740 fuisse
1269 1702 1649 1751 frequentissimum,
1682 1714 1703 1740 e
1733 1702 1899 1740 Patrum
1933 1713 2083 1750 aequa-

1128 1756 1222 1793 lium
1259 1756 1495 1794 testimoniis
1528 1756 1719 1794 novimus.
1755 1755 1816 1793 Ex
1851 1755 2080 1793 eorumdem

1128 1810 1296 1846 Patrum
1325 1810 1548 1848 testimonio
1581 1810 1788 1856 docemur,
1814 1809 2080 1855 Christianos,

1128 1864 1300 1901 maxime
1330 1866 1415 1912 post
1445 1863 1757 1913 persecutionum
1778 1865 1966 1912 tempora,
1991 1862 2088 1900 San-

1129 1919 1280 1953 ctorum
1299 1917 1489 1966 imagines
1524 1916 1631 1954 cultu
1653 1917 1781 1954 debito
1810 1928 1878 1954 seu
1907 1916 2082 1954 relativo

1128 1969 1245 2007 fuisse
1275 1973 1481 2008 veneratos
1499 2000 1507 2016 ,
1529 1982 1604 2008 non
1635 1970 1734 2018 quod
1756 1970 1804 2008 iis
1824 1969 2000 2019 aliquam
2021 1968 2082 2006 di-

1131 2023 1336 2060 vinitatem
1357 2027 1427 2061 aut
1438 2024 1627 2062 virtutem
1642 2024 1766 2061 inesse
1779 2023 1996 2070 crederent,
2016 2022 2084 2060 sed

1129 2076 1312 2125 quoniam
1333 2078 1466 2124 honos,
1487 2077 1722 2126 imaginibus
1743 2076 1952 2123 exhibitus,
1965 2075 2084 2114 refer-

1129 2134 1196 2168 tur
1215 2131 1262 2167 ad
1280 2133 1508 2180 prototypa,
1529 2142 1629 2179 quae
1652 2130 1742 2167 illae
1765 2132 2086 2179 repraesentant3

1132 2196 1154 2221 «
1173 2183 1228 2220 ita
1250 2187 1292 2221 ut
1311 2196 1380 2233 per
1394 2185 1597 2234 imagines,
1615 2184 1740 2232 inquit
1758 2183 1977 2233 Concilium
1997 2182 2083 2220 Tri-

1129 2236 1344 2284 dentinum,
1365 2250 1462 2286 quas
1482 2238 1714 2283 osculamur,
1734 2239 1774 2275 et
1793 2248 1923 2275 coram
1941 2237 2078 2286 quibus

1127 2293 1243 2339 caput
1258 2286 1455 2340 aperimus
1476 2294 1514 2329 et
1535 2291 1850 2340 procumbimus,
1877 2290 2077 2328 Christum

1130 2344 1346 2391 adoremus,
1367 2348 1406 2382 et
1427 2346 1604 2390 Sanctos,
1625 2356 1790 2393 quorum
1812 2344 1902 2382 illae
1936 2343 2076 2382 simili-

1130 2397 1306 2436 tudinem
1328 2402 1483 2447 gerunt,
1505 2409 1739 2436 veneremur
1758 2397 1772 2419 ⁵
1792 2409 1828 2435 ».

1183 2451 1331 2489 Potiori
1358 2453 1510 2490 ratione
1532 2451 1741 2489 Christiani
1774 2451 1877 2489 omni
1906 2453 2082 2501 tempore

1130 2505 1361 2543 Sanctorum
1381 2506 1562 2555 reliquias
1576 2506 1753 2542 venerati
1773 2506 1875 2542 sunt.
1898 2505 2083 2555 Legimus

1131 2560 1168 2596 in
1188 2559 1350 2597 Actibus
1359 2560 1648 2608 Apostolorum,
1665 2558 1800 2596 fideles
1822 2558 2007 2607 Ephesios
2022 2570 2084 2596 su-

1132 2613 1242 2653 daria
1262 2616 1376 2661 atque
1410 2612 1650 2650 semicinctia
1684 2624 1712 2649 s.
1751 2613 1864 2649 Pauli
1900 2612 2080 2662 religiose

1132 2667 1352 2706 adhibuisse
1366 2667 1411 2704 ad
1428 2667 1619 2703 sanandos
1637 2668 1816 2715 aegrotos
1832 2668 1872 2703 et
1882 2665 2080 2715 pellendos

1133 2724 1340 2761 daemones
1358 2718 1384 2757 ⁶.
1406 2720 1590 2757 Testatur
1611 2719 1816 2767 Eusebius,
1836 2719 1968 2758 fideles
1984 2717 2076 2756 Hie-

1175 2850 1185 2871 ¹
1204 2851 1300 2881 Numi.
1319 2849 1474 2888 Alexand,
1495 2849 1584 2881 Hist.
1599 2849 1671 2881 eccl.
1686 2859 1767 2881 saec.
1783 2849 1837 2887 111,
1853 2848 1927 2880 diss.
1939 2847 1988 2887 ⁶21;
2000 2849 2087 2881 Ferd.

1135 2894 1171 2923 ‹le
1195 2893 1350 2927 Mentlozsi,
1378 2892 1418 2923 [ie
1437 2893 1680 2933 confirmando
1696 2891 1841 2924 concilio
1857 2890 2088 2932 Illiber-exano,

1134 2935 1266 2972 Mamili,
1288 2933 1370 2964 lsstli.

1175 2977 1188 2998 2
1207 2976 1250 3007 De
1265 2975 1397 3016 pudicit.
1413 2986 1437 3006 c.
1456 2975 1471 3005 7
1489 2978 1517 3005 ct
1538 2975 1583 3008 li),

1177 3019 1190 3037 ἶ*
1208 3017 1283 3049 uest.
1301 3017 1374 3047 eccl.
1393 3018 1409 3047 l.
1429 3017 1492 3054 Vll,
1510 3028 1534 3047 c.
1558 3017 1601 3049 18.

1177 3059 1189 3081 ⁴
1208 3059 1352 3099 Aringlii,
1378 3058 1477 3089 Imma
1500 3058 1722 3099 subterranea,
1744 3060 1762 3091 1.
1780 3057 1835 3093 lv,
1858 3067 1883 3089 c.
1902 3057 1950 3096 37,
1966 3057 2016 3098 43,
2032 3057 2088 3100 47ς

1139 3102 1299 3138 minaciis,
1319 3100 1436 3140 (lriqin.
1453 3104 1483 3131 el
1500 3101 1647 3142 antiquit.
1664 3101 1771 3133 christ.
1790 3103 1808 3130 t.
1826 3099 1851 3138 1,
1869 3109 1897 3139 p.
1914 3098 1983 3131 322.

1178 3142 1192 3165 5
1208 3141 1287 3174 Sess.
1312 3142 1397 3173 XXV.
1422 3142 1458 3172 Cf
1479 3142 1667 3181 Benarmin„
1696 3142 1897 3175 Controvers.
1921 3144 1941 3172 t.
1964 3142 1987 3181 1,
2004 3150 2032 3182 p.
2049 3139 2090 3183 11,

1139 3195 1164 3216 e.
1182 3184 1293 3257 820115
1311 3184 1406 3215 Natal.
1425 3184 1519 3223 Alex„
1537 3183 1614 3216 mse.
1629 3184 1702 3217 eccl.
1720 3193 1803 3216 sace.
1821 3183 1897 3222 VIII,
1914 3181 1989 3214 diss.
2007 3184 2034 3215 ὓ.

1180 3227 1193 3246 ¹²
1239 3228 1277 3257 ci.
1299 3226 1370 3256 xlx.
