2241 3473
612 151 736 180 VSQVE
765 151 818 177 AD
845 149 1140 179 PONTIFICATVM
1169 152 1199 179 S.
1221 153 1416 181 GREGORII
1444 156 1513 182 vn.

90 219 157 258 siis
182 215 482 265 susciperentur.
511 214 671 252 Concilii
701 215 860 253 decreta
887 214 1033 252 confir-

93 270 217 309 mavit
237 268 459 306 Hadrianus
479 268 562 316 Pp.‚
585 270 625 304 ut
645 270 798 305 constat
816 279 865 305 ex
885 268 967 305 eius
987 268 1034 305 ad

92 321 281 361 Basiliam
310 321 585 369 imperatorem
615 320 791 368 epistola.
822 319 936 357 Unde
965 320 1035 357 hoc

91 373 296 412 concilium
318 374 421 410 inter
442 373 692 426 oe‘cumenica
708 374 889 409 octavum
906 373 1034 410 locum
1054 378 1057 418 l

91 426 240 474 accepit
260 435 284 462 ι.
1054 419 1057 456 Ι

143 478 398 526 53.Bulyare'
405 479 536 514 ritum
544 487 740 525 yraecum
751 477 1035 523 suscipiemt—
1054 469 1057 559 ἱ

91 530 264 569 Concilio
284 529 474 573 absoluto,
495 529 572 566 alia
591 529 750 565 suborta
770 531 829 564 est
848 528 1034 575 quaestio,

90 595 226 632 nempe
255 583 301 619 de
321 582 470 619 iuribus
500 580 767 629 patriarchicis
794 580 833 616 in
853 580 1034 617 ecclesias
1054 620 1056 636 Ι

91 635 313 684 Bulgariae.
343 635 501 672 Certum
529 636 608 676 est,
640 631 868 668 universum
899 632 1056 679 Illyri-¹

92 699 182 725 cum
204 699 228 724 a
248 687 381 735 priscis
400 684 637 734 temporibus
652 684 887 732 pertinuisse
906 685 953 720 ad
972 695 1034 732 pa-

90 739 347 777 triarchatum
386 739 603 775 Romanum
634 748 700 773 seu
730 736 1032 773 Occidentalem.

90 793 201 829 Anno
231 803 322 828 vero
342 790 418 827 730
446 789 656 837 imperator
675 789 753 825 Leo
783 788 940 825 Isaurus
967 799 1035 835 per

95 844 175 881 vim
197 846 237 881 et
264 842 446 880 iniuriam
468 841 660 878 dioeceses
681 840 831 888 Illyrici
853 842 1033 877 transtu-

91 896 194 934 lerat
214 896 263 933 ad
291 894 596 943 patriarchatum
617 894 683 941 Cp.
706 891 732 929 ².
754 893 881 944 Quum
903 894 1035 940 postea

89 949 276 996 Bulgari,
302 947 365 995 qui
394 957 574 993 magnam
603 947 756 993 partem
785 945 934 992 Illyrici
963 956 1031 981 oc-

89 1003 303 1049 cuparunt,
329 999 442 1046 eique
473 1009 611 1034 nomen
640 997 852 1045 Bulgariae
882 996 1032 1034 indide-

89 1055 193 1096 runt,
206 1052 340 1089 Fidem
360 1050 619 1098 suscepissent
641 1053 679 1085 et
699 1062 723 1086 a
741 1049 904 1087 Nicolao
925 1049 940 1086 I
958 1049 1034 1097 epi-

88 1116 224 1153 scopos
238 1106 352 1151 atque
368 1102 590 1140 sacerdotes
606 1102 844 1148 accepissent
863 1100 890 1148 ³,
909 1103 1031 1139 ritum

90 1157 256 1195 latinum
285 1155 537 1193 sectabantur
565 1157 605 1190 et
624 1155 672 1191 R.
695 1154 876 1191 Pontifici
908 1155 1033 1192 veluti

88 1221 159 1247 suo
174 1208 418 1258 patriarchae
434 1206 675 1244 obediebant.
688 1207 839 1244 Verum
855 1207 1032 1254 Photius,

90 1262 130 1299 in
152 1262 280 1299 sedem
309 1260 373 1308 Cp.
395 1260 570 1296 intrusus
584 1287 593 1304 ,
615 1271 681 1296 eos
709 1259 852 1296 litteris
874 1261 1034 1297 menda-

90 1314 200 1351 cibus
220 1314 267 1350 ad
288 1311 548 1349 obedientiam
569 1323 680 1348 suam
701 1313 932 1359 pertrahere
951 1315 1034 1349 ten-

88 1364 470 1413 tavit.Bulgarorum
492 1361 561 1401 re'x
584 1364 714 1411 pravis
734 1364 864 1401 Photii
881 1365 1033 1401 artibus

89 1418 293 1465 deceptus,
324 1417 371 1453 ad
401 1416 467 1464 Cp.
498 1416 706 1453 concilium
743 1416 894 1464 legatos
928 1417 1035 1454 misit

86 1470 322 1519 postulatum
339 1497 348 1514 ,
366 1470 415 1506 ad
445 1480 562 1516 quem
591 1469 902 1517 patriarchatum
922 1469 1032 1506 dioe-

88 1534 195 1560 ceses
214 1521 426 1569 Bulgariae
446 1521 698 1568 pertinerent.

137 1575 238 1612 Dum
266 1574 330 1611 isti
350 1573 472 1622 legati
503 1573 877 1622 Constantinopolim
911 1575 1034 1611 adve-

74 1629 251 1670 nerunt,
274 1627 351 1663 iam
373 1625 597 1663 absolutum
618 1628 705 1663 erat
724 1625 943 1672 concilium;
964 1628 1030 1663 sed

87 1680 215 1718 adhuc
234 1679 287 1716 ibi
303 1679 494 1726 degebant
515 1678 635 1726 legati
651 1678 851 1715 Pontificis
871 1682 910 1719 et
929 1679 1034 1716 vica-

88 1733 136 1770 rii
155 1732 466 1780 patriarcharum
488 1731 759 1768 Orientalium.
781 1731 950 1768 Basilius
968 1731 1035 1767 im-

87 1786 244 1835 perator
257 1784 408 1833 legatos
425 1784 526 1820 sedis
543 1783 790 1831 Apostolicae
810 1785 850 1820 et
871 1783 1036 1821 vicarios

87 1837 400 1887 patriarcharum
419 1835 676 1873 Orientalium
692 1847 779 1872 cum
795 1836 947 1883 Ignatio
963 1848 1034 1884 pa-

86 1889 260 1927 triarcha
279 1889 383 1937 Cpno
399 1888 718 1936 congregavit‚ut
738 1888 921 1925 audirent
936 1888 1036 1936 lega-

86 1945 147 1979 tos
161 1942 264 1990 regis
273 1940 777 1989 Bulgarorum.Querebant
789 1941 909 1985 hi,cui
920 1941 1037 1977 eccle·

86 1995 166 2032 siae
176 1994 472 2043 patriarchicae,
483 1994 685 2030 Romanae
694 2005 742 2029 an
756 1993 898 2040 Cpnae,
908 1996 1036 2030 essent

86 2046 262 2085 subiecti.
275 2046 575 2094 Responderunt
590 2044 711 2093 legati
724 2044 935 2091 Pontificis,
947 2045 1035 2082 Bul-

86 2110 201 2148 garos
214 2098 389 2136 subditos
406 2109 489 2135 esse
505 2097 689 2134 ecclesiae
705 2098 920 2143 Romanae,
931 2098 1032 2146 quod

86 2151 323 2200 provinciae,
335 2151 383 2187 ab
398 2150 446 2187 iis
463 2153 677 2198 occupatae
693 2151 741 2186 ab
757 2150 1034 2198 antiquissimis

85 2203 324 2252 temporibus
344 2231 354 2245 ,
385 2203 434 2240 ad
469 2202 781 2250 patriarchatum
808 2203 1033 2240 Romanum

86 2256 372 2304 pertinuissent,
382 2256 558 2303 quodque
573 2254 645 2303 ipsi
660 2255 823 2303 Bulgari
841 2267 880 2292 se
892 2256 1034 2293 Roma-

86 2319 160 2345 nae
179 2307 377 2345 Ecclesiae
395 2307 671 2353 subdidissent,
692 2308 888 2355 episcopos
910 2309 950 2344 et
969 2319 1031 2345 sa-

87 2360 263 2397 cerdotes
291 2360 338 2396 ab
367 2371 412 2396 ea
441 2359 702 2408 postulassent
721 2362 760 2396 et
779 2359 1030 2408 accepissent.

86 2411 231 2449 Vdcarii
253 2423 344 2449 vero
360 2411 619 2449 Orientalium
639 2412 955 2459 patriarcharum
975 2425 1032 2449 re-

85 2464 341 2512 sponderunt,
361 2463 554 2512 Bulgaros
577 2464 769 2512 pertinere
789 2466 838 2502 ad
858 2465 1030 2513 patriar-

86 2516 243 2553 chatum
264 2516 426 2563 Cpnum,
443 2517 544 2564 quod
558 2528 691 2554 eorum
712 2517 937 2565 provinciae
958 2530 1031 2555 an-

84 2570 150 2605 tea
169 2567 442 2616 pertinuissent
462 2569 510 2605 ad
531 2569 739 2617 imperium
759 2570 972 2615 Orientale,
993 2573 1032 2607 et

85 2620 125 2657 in
144 2620 293 2666 iisdem,
307 2631 394 2656 cum
415 2624 703 2668 occuparentur
721 2634 744 2659 a
760 2622 955 2670 Bulgaris,
971 2635 1031 2659 ec·
1052 2607 1055 2644 l

86 2671 302 2710 clesiastico
328 2671 545 2709 ministerio
567 2673 826 2722 fungerentur
846 2676 1029 2712 sacerdo-

85 2726 144 2762 tes
173 2723 325 2761 Graeci.
347 2723 490 2761 Contra
518 2725 619 2762 hanc
636 2727 872 2765 sententiam
901 2728 1031 2765 recla-

86 2780 260 2823 marunt,
281 2776 443 2824 eiusque
465 2776 633 2815 rationes
663 2790 752 2815 mox
781 2780 1032 2818 confutarunt

86 2828 205 2878 legati
227 2829 453 2877 apostolici,
473 2830 511 2865 et
539 2829 736 2877 Ignatium
765 2832 1030 2878 patriarcham

86 2881 268 2919 obtestati
291 2884 396 2926 sunt,
414 2892 460 2918 ne
475 2892 574 2928 quae
594 2881 682 2920 iura
700 2883 738 2919 in
754 2883 940 2932 Bulgaria
958 2885 1031 2922 sibi

125 2968 137 2991 ¹
153 2970 272 3005 Lakine,
291 2971 410 3004 Concil.
428 2975 446 3002 t.
463 2972 544 3002 Vlll.
558 2989 595 2994 —
609 2973 651 3003 De
667 2975 848 3006 auctoritate
863 2979 1034 3008 oecumeni-

86 3018 123 3040 ca
138 3010 229 3041 huius
245 3012 371 3044 Concilii
389 3013 501 3043 videsis
517 3013 616 3044 Natat.
631 3013 720 3044 Alex.
738 3014 815 3046 msc.
833 3017 907 3047 eccl.
925 3018 1001 3050 diss.
1013 3019 1033 3049 4

85 3050 116 3081 in
139 3059 220 3082 saec.
245 3053 337 3090 lX·X;
362 3053 551 3090 Muzzarelli,
575 3053 619 3084 De
641 3056 834 3087 auctoritate
856 3058 896 3088 R.
915 3058 1031 3097 Pontis.

86 3094 107 3121 t.
121 3091 156 3128 ΙΙ,
167 3101 193 3122 c.
209 3091 258 3130 12;
270 3094 290 3124 1.
303 3094 334 3125 B.
351 3095 464 3132 Palma,
481 3094 633 3126 Praelect.
648 3095 726 3126 Hist.
744 3097 817 3127 eccl.
829 3101 847 3128 t.
860 3099 880 3135 1,
893 3108 920 3137 p.
933 3098 990 3137 2,c.
1003 3100 1029 3131 9.

126 3130 142 3152 '²
157 3132 284 3164 carolus
301 3143 318 3164 a
335 3144 360 3164 s.
378 3136 482 3171 Paulo,
502 3134 705 3174 Geoyraphia
721 3145 821 3175 sacra;
837 3139 988 3172 Baronius
1004 3145 1033 3172 et

87 3171 173 3212 Pagi,
189 3173 227 3203 ad
244 3184 291 3205 an.
308 3174 377 3206 730.
392 3194 430 3198 —
443 3176 457 3196 3
473 3175 536 3206 vid,
554 3186 582 3215 p.
600 3175 668 3207 233.

1899 147 1978 186 ‘237

1077 221 1295 268 usurparet.
1305 219 1519 268 Respondit
1535 220 1725 270 Ignatius,
1734 232 1774 259 se
1788 221 1883 258 nihil
1894 224 2030 260 contra

1077 272 1324 320 Apostolicac
1362 273 1471 310 Sedis
1515 273 1692 310 decorem
1745 276 2028 322 suscepturum.

1054 321 1057 376 Ι
1080 324 1270 362 Posthaec
1290 324 1526 373 colloquium
1549 326 1770 363 absolutum
1789 329 1858 364 est.

1129 377 1278 413 Verum
1291 377 1676 425 Graeci,praesertim
1692 378 2032 428 Basiliusimpera-

1076 431 1156 474 tor,
1177 429 1239 476 qui
1263 440 1309 466 ex
1333 429 1479 466 invidia
1508 431 1546 466 in
1566 431 1768 469 ecclesiam
1798 432 2031 478 Romanam,

1078 481 1137 517 his
1157 480 1318 529 aliisque
1340 482 1489 518 artibus
1511 483 1701 530 Bulgaros
1722 484 1769 520 ab
1803 483 1908 520 illius
1937 484 2032 520 obe-

1077 532 1225 569 dientia
1244 533 1413 570 avellere
1430 536 1557 572 conati
1573 538 1675 581 sunt,
1699 536 1960 584 Bulgarorum
1981 535 2033 572 le-

1076 585 1179 631 gatis
1195 585 1385 632 scriptum
1402 586 1519 632 dedit,
1536 587 1574 623 in
1591 599 1667 635 quo
1686 588 1904 636 legebatur,
1918 599 2032 637 quae-

1075 637 1240 673 stionem
1269 637 1384 673 istam
1413 639 1599 675 canonice
1632 640 1822 688 agitatam
1850 640 1969 678 fuisse
1992 643 2032 678 et

1074 688 1128 725 sic
1144 688 1356 733 definitam,
1378 694 1419 726 ut
1435 691 1622 728 ecclesiae
1640 692 1679 728 in
1696 693 1885 741 Bulgaria
1900 693 2031 730 subes-

1074 743 1162 777 sent
1179 741 1426 788 patriarchae
1446 742 1526 790 Cp.,
1542 746 1583 779 et
1609 744 1799 792 Ignatius,
1815 746 2031 783 secundum

1074 792 1331 829 Orientalium
1354 795 1601 840 sententiam,
1627 797 1850 834 sacerdotes
1868 809 2030 846 graecos

1074 847 1193 891 atque
1206 844 1519 893 Teophylactum
1534 849 1867 898 archiepiscopum
1886 850 1925 886 in
1941 850 2032 887 Bul·

1074 896 1224 945 gariam
1245 897 1363 942 misit,
1384 910 1479 950 quos
1499 899 1674 948 Bulgari,
1696 901 1861 939 dimissis
1883 902 2030 947 latinis,

1071 953 1334 997 susceperunt.
1358 951 1582 988 Hadrianus
1603 953 1638 988 II
1660 957 1795 990 contra
1824 965 1870 991 ea
1902 955 2032 991 omnia

1072 1001 1315 1047 reclamavit,
1332 1002 1559 1052 litterasque
1576 1006 1892 1043 comminatorias
1914 1007 2030 1054 scrip-

1072 1055 1122 1092 sit
1137 1055 1183 1091 ad
1201 1055 1390 1093 Basilium
1407 1056 1680 1104 imperatorem
1695 1055 1718 1094 ¹.
1739 1058 1831 1094 Eius
1852 1059 2031 1107 vestigiis

1071 1107 1250 1144 insistens
1259 1108 1422 1146 Ioannes
1430 1109 1537 1155 VIII,
1550 1110 1615 1158 qui
1628 1109 1827 1147 Hadriano
1835 1111 2032 1157 successit,

1072 1161 1221 1208 legatos
1247 1160 1619 1209 Constantinopolim
1645 1162 1751 1199 misit
1775 1174 1864 1199 cum
1886 1163 2027 1200 litteris

1073 1213 1314 1261 gravissimis
1326 1214 1374 1250 ad
1387 1224 1521 1261 regem
1534 1215 1758 1263 Bulgariae,
1776 1227 1940 1262 eumque
1957 1227 2031 1252 mo-

1073 1265 1176 1310 nuit,
1198 1268 1241 1301 ut
1270 1266 1318 1301 ad
1348 1266 1609 1304 obedientiam
1640 1267 1888 1315 Apostolicae
1917 1267 2028 1304 Sedis

1076 1317 1243 1363 rediret3
1270 1319 1537 1356 sacerdotibus
1566 1320 1717 1368 graecis
1742 1320 1963 1369 praecepit,
1990 1322 2033 1357 ut

1076 1382 1096 1406 e
1127 1370 1316 1418 BulgarIa
1346 1371 1608 1418 discederent,
1639 1375 1678 1409 et
1708 1372 1860 1420 Ignatio
1890 1384 2031 1420 graves

1076 1422 1202 1459 minas
1227 1423 1461 1469 intentavit,
1486 1424 1558 1462 nisi
1579 1437 1647 1470 ea,
1670 1437 1766 1473 quae
1796 1425 1835 1461 in
1857 1422 2031 1462 ecclesiis

1077 1474 1288 1523 Bulgariae
1304 1478 1453 1524 egerat,
1465 1478 1694 1525 corrigeret.
1714 1477 1788 1514 Sed
1805 1477 2032 1526 priusquam

1076 1528 1150 1564 hae
1165 1527 1322 1564 litterae
1338 1528 1711 1578 Constantinopolim
1723 1529 1879 1567 adlatae
1889 1534 2030 1575 essent,

1076 1580 1227 1617 obierat
1248 1592 1276 1617 s.
1300 1581 1486 1628 Ignatius.
1509 1582 1604 1618 Post
1632 1582 1717 1618 eius
1739 1585 1903 1619 mortem
1924 1583 2033 1619 Ioan-

1077 1645 1145 1669 nes
1165 1632 1259 1670 VIII
1286 1633 1389 1670 inter
1418 1633 1514 1670 alias
1536 1635 1796 1680 conditiones,
1815 1635 1947 1671 Photii
1968 1645 2032 1671 re-

1076 1685 1269 1722 stitutioni
1289 1686 1496 1733 appositas,
1508 1687 1608 1724 hanc
1625 1688 1770 1735 exegit,
1782 1690 1824 1724 ut
1842 1688 1874 1724 is
1889 1688 1936 1724 ab
1958 1687 2031 1723 ad-

1077 1737 1361 1775 ministratione
1382 1738 1634 1776 ecclesiarum
1654 1740 1692 1776 in
1710 1739 1899 1788 Bulgaria
1915 1739 2031 1777 absti-

1079 1794 1188 1827 neret
1203 1789 1388 1827 2.Verum
1406 1791 1519 1828 Photi
1527 1803 1570 1829 us
1590 1794 1629 1829 et
1645 1793 1745 1829 hanc
1761 1799 1801 1829 et
1816 1793 1915 1829 alias
1930 1792 2030 1828 Pon-

1076 1843 1192 1879 tificis
1208 1843 1314 1891 leges
1330 1844 1490 1891 sprevit,
1507 1848 1625 1892 atque
1643 1844 1870 1893 Bulgariam
1888 1845 1927 1881 in
1945 1845 2033 1881 obe-

1078 1895 1224 1932 dientia
1245 1895 1416 1944 episcopi
1436 1896 1532 1944 Cpni
1551 1896 1716 1933 retinuit
1737 1896 1764 1934 ³.

1129 1948 1191 1984 54.
1211 1947 1388 1985 Ioannes
1406 1948 1512 1985 VIII
1527 1950 1726 1996 Pontz'feoe
1747 1949 1843 1998 (cm.
1864 1948 2029 1998 872)—

1078 1999 1320 2036 Hadrianum
1336 2001 1373 2037 II
1389 2001 1558 2038 an.872‘¹
1576 2001 1805 2038 defunctum
1821 2001 1859 2038 in
1876 2013 2027 2038 summo

1077 2052 1306 2099 pontificatu
1339 2052 1455 2102 (X1X0
1492 2053 1640 2091 calend.
1670 2053 1847 2102 ianuar.)
1879 2054 2031 2102 excepit

1077 2105 1241 2142 Ioannes
1261 2105 1357 2142 VIII
1370 2135 1378 2150 ,
1399 2108 1516 2142 antea
1536 2107 1583 2143 R.
1602 2107 1802 2144 Ecclesiae
1829 2106 2029 2144 archidia-

1076 2168 1208 2202 conus,
1221 2158 1400 2206 seditque
1421 2170 1542 2206 usque
1564 2159 1611 2196 ad
1628 2171 1689 2196 an.
1711 2159 1799 2197 882.
1813 2159 2031 2207 Praecipua

1075 2210 1159 2247 eius
1179 2212 1290 2258 gesta
1314 2210 1417 2247 infra
1448 2211 1706 2249 narrabimus.

1127 2262 1189 2300 55.
1219 2263 1480 2300 Hz'ncmarus
1512 2264 1750 2302 [rhemensis
1771 2286 1820 2291 ——
1836 2264 1879 2300 In
1903 2263 2030 2300 Gallia

1075 2315 1237 2352 celebris
1279 2317 1366 2352 erat
1409 2316 1642 2354 Hincmarus
1662 2345 1671 2361 ,
1714 2316 2028 2365 archiepiscopus

1074 2368 1306 2405 Rhemensis
1319 2397 1328 2412 ,
1348 2368 1409 2405 vir
1425 2368 1561 2405 doctus
1579 2398 1588 2414 ,
1609 2369 1674 2417 qui
1693 2369 1807 2418 plura
1827 2372 1866 2405 et
1886 2367 2029 2405 diversi

1074 2420 1297 2468 argumenti
1317 2420 1462 2468 scripta
1481 2420 1518 2457 in
1540 2421 1669 2458 lucem
1691 2421 1799 2458 dedit
1813 2420 1839 2466 5;
1860 2421 1925 2457 sed
1945 2420 2023 2456 im-

1074 2473 1248 2520 periosus
1269 2476 1309 2509 et
1324 2474 1541 2510 sententiae
1557 2485 1649 2510 suae
1669 2475 1755 2522 plus
1770 2474 1873 2510 iusto
1894 2475 2027 2517 tenax,

1075 2526 1162 2562 RR.
1185 2525 1423 2562 Pontificum
1443 2526 1694 2563 offensionem
1715 2527 1753 2562 in
1780 2538 1821 2563 se
1850 2524 2024 2561 concita-

1075 2578 1142 2614 vit.
1166 2578 1346 2615 Vidimus
1366 2589 1487 2626 supra
1506 2583 1616 2626 gesta
1636 2579 1718 2615 eius
1747 2580 1884 2615 contra
1904 2578 2025 2615 Wul-

1074 2629 1207 2666 fadum
1228 2630 1386 2678 eiusque
1407 2629 1545 2668 socios⁶
1567 2660 1574 2668 .
1597 2631 1693 2668 Cum
1719 2630 1858 2667 deinde
1878 2630 2024 2666 Rotha-

1075 2682 1371 2731 dUS,episcopus
1389 2683 1691 2728 Suessionensis,
1708 2683 1917 2730 quemdam
1926 2681 2030 2730 pres-

1074 2735 1256 2782 byterum
1274 2765 1284 2781 ,
1304 2736 1427 2784 stupri
1447 2747 1579 2780 reum,
1600 2735 1638 2771 in
1660 2735 1807 2783 synodo
1827 2733 2027 2783 deposuis-

1116 2855 1126 2876 ¹
1152 2856 1298 2886 Hadrian.
1322 2854 1422 2894 Epist.
1446 2852 1486 2883 ad
1509 2852 1603 2883 Bas-tl.
1630 2853 1722 2892 imp.;
1749 2854 1911 2890 Anastas.‚
1940 2853 2029 2886 Vitae

1076 2897 1206 2935 Pontis,
1224 2896 1408 2927 Hadrianus
1424 2894 1463 2930 II,
1480 2897 1508 2924 et
1526 2894 1655 2924 praefat.
1674 2894 1713 2924 ad
1732 2892 1851 2926 Concil.
1875 2894 1954 2927 VIII.

1114 2937 1128 2958 5²-
1144 2937 1244 2977 Epist.
1263 2937 1310 2974 75,
1328 2936 1374 2973 77,
1393 2935 1440 2971 79,
1457 2934 1496 2965 85
1513 2938 1541 2964 et
1556 2934 1627 2966 v⁹201.

1114 2979 1129 3001 3
1148 2980 1186 3008 Le
1203 2979 1309 3015 Quien,
1328 2976 1439 3008 oriens
1453 2975 1564 3006 christ.
1577 2978 1596 3006 t.
1612 2976 1634 3011 Ι,
1648 2976 1784 3009 Praefat.
1799 2978 1836 3008 ad
1852 2977 2032 3008 patriarch.

1178 3070 1194 3090 u
1221 3069 1238 3090 u
1300 3084 1305 3088 .
1737 3070 1742 3076 ·
1916 3068 1920 3074 ·

1116 3102 1197 3130 tavit.

1073 3109 1129 3163 ¹¹05
1141 3140 1243 3171 Edidit
1255 3139 1445 3175 Sirmondus,
1460 3139 1556 3169 Paris.
1574 3138 1658 3177 1645,
1671 3139 1689 3169 2
1703 3141 1758 3172 vol.
1774 3142 1804 3172 in
1817 3141 1878 3179 sol.;
1891 3149 1938 3171 an.
1948 3139 2030 3171 1688

1065 3182 1122 3213 vol.
1139 3182 1157 3213 3
1174 3181 1292 3211 addidit
1307 3180 1411 3211 Cellol.
1435 3197 1474 3201 —
1495 3180 1509 3201 ⁰
1529 3180 1594 3211 Vid.
1613 3189 1640 3219 p.
1659 3180 1730 3212 235.
