2241 3473
500 142 636 170 stvE
657 143 712 170 AD
734 143 949 172 PVBLICAM
972 143 1121 170 RERVM
1143 143 1183 170 ΙΝ
1205 142 1376 171 GALLHS
1395 143 1715 171 SVBVERSIONEM

144 210 366 252 studerent,
385 209 452 246 sed
471 209 519 246 ad
539 211 763 257 exemplum
783 211 1002 248 Salvatoris
1018 223 1088 260 per

142 274 275 312 agros,
304 274 428 311 pagos
453 268 493 300 et
519 265 683 301 castella
711 266 946 312 pauperibus
972 276 1087 302 evan-

142 317 375 365 gelizarent,
392 318 624 364 ignorantes
638 325 678 356 et
692 320 808 356 rudes
824 321 862 355 in
881 321 1086 368 Religione

141 371 405 414 instituerent,
432 373 605 418 perditos
631 374 670 408 in
698 374 803 409 viam
822 374 960 410 salutis
977 374 1088 411 redu-

140 430 291 468 cerent,
302 436 350 461 ex
366 426 639 472 episcoporum
656 438 849 464 consensu
865 428 1086 464 animarum

139 479 386 515 curatoribus
422 480 460 515 in
496 480 761 528 praedicando
794 480 925 517 divino
967 482 1088 518 verbo

140 532 302 581 aliisque
336 535 597 570 functionibus
630 534 896 582 spiritualibus
926 535 1090 580 opitula-

141 591 293 622 rentur.
321 587 557 624 Benedictus
585 587 655 634 Pp.
675 587 767 623 XIV
789 598 850 622 an.
872 588 964 623 1749
987 588 1089 623 hanc

140 640 504 688 Congregationem
549 642 778 678 solemniter
817 641 1052 689 approbavit
1081 670 1090 686 ‚

140 705 240 742 quae
267 695 428 731 saeculo
454 696 635 743 sequenti
661 695 782 731 etiam
802 700 918 731 extra
936 695 1088 731 Italiam

139 753 361 796 propagata
385 754 460 784 est.
479 751 594 784 Anno
613 749 704 786 1762
722 748 959 795 Alphonsus,
979 749 1090 784 cuius

138 802 307 838 nominis
339 802 552 838 celebritas
580 803 695 849 longe
723 802 879 849 lateque
907 806 995 838 erat
1020 801 1089 837 dif-

137 855 245 899 fusa,
273 867 297 892 a
315 856 516 893 Clemente
537 856 640 898 Xlll,
667 856 845 902 quamvis
864 856 1021 899 invitus,
1041 855 1089 891 ad

137 910 417 957 Episcopatum
445 921 477 946 s.
510 909 692 956 Agathae
722 909 940 945 Gothorum
971 920 1090 945 voca-

140 968 202 999 tus
228 963 313 999 fuit.
342 964 399 999 Eo
427 964 463 998 in
483 974 646 999 munere
667 963 832 1009 egregia
849 967 1088 1009 argumenta

137 1017 350 1063 pastoralis
362 1016 920 1059 sollicitudinis,effusissimae
935 1017 973 1051 in
993 1028 1086 1064 pau-

138 1081 255 1117 peres
281 1071 532 1108 liberalitatis
549 1098 557 1110 ,
585 1070 720 1116 suique
748 1074 998 1117 contemptus
1023 1070 1087 1106 de-

136 1123 203 1160 dit.
234 1126 343 1171 Erga
369 1125 580 1171 Deiparam
606 1123 837 1170 Virginem,
866 1127 906 1160 et
931 1135 981 1159 ss.
1012 1125 1086 1159 Eu-

137 1178 348 1215 charistiae
376 1179 680 1215 Sacramentum
707 1177 898 1223 singulari
926 1189 1087 1224 prorsus

135 1233 356 1270 devotionis
374 1233 517 1269 affectu
536 1230 761 1273 tenebatur,
780 1242 993 1279 eorumque
1009 1232 1089 1267 cul-

135 1291 216 1324 tum
246 1287 412 1323 mirifice
442 1285 694 1333 propagavit.
731 1285 900 1321 Demum
928 1297 1015 1321 cum
1044 1298 1086 1323 se

135 1341 367 1388 episcopatu
393 1340 638 1383 abdicasset,
664 1339 881 1375 Nuceriam
907 1339 1087 1386 Pagano·

136 1405 223 1430 rum
251 1394 299 1430 ad
325 1393 483 1430 domurn
511 1404 672 1429 suorum
692 1392 942 1428 alumnorum
961 1404 1088 1429 seces-

133 1448 198 1491 sit,
223 1448 290 1484 ubi
316 1459 419 1484 anno
447 1447 541 1484 1787
568 1447 674 1482 obiit.
703 1447 928 1483 Virtutibus
956 1451 995 1483 et
1021 1447 1088 1482 rni-

135 1502 282 1538 raculis
310 1502 455 1545 clarus,
482 1512 506 1537 a
531 1501 602 1536 Pio
629 1500 699 1547 Pp.
721 1500 791 1536 VII
814 1501 852 1535 in
872 1501 1087 1536 Beatorum

135 1560 178 1592 et
202 1567 227 1592 a
248 1555 444 1602 Gregorio
462 1555 557 1590 XVI
578 1554 616 1589 in
636 1555 771 1590 Ssrum
791 1554 921 1589 album
939 1554 1089 1590 relatus

135 1612 197 1646 est
214 1612 239 1643 ¹.
288 1609 426 1656 Neque
472 1608 577 1644 enim
617 1607 701 1643 sine
741 1607 1086 1654 providentissimo

136 1661 428 1709 Omnipotentis
453 1661 525 1697 Dei
552 1661 716 1697 consilio
742 1660 890 1696 factum
918 1665 1004 1704 est,
1031 1665 1089 1704 ut,

136 1727 254 1763 quum
289 1715 598 1752 lansenistarum
632 1714 814 1750 doctrina
839 1713 1087 1750 Novatorum

136 1769 269 1805 oculos
296 1770 332 1804 in
361 1781 403 1805 se
422 1772 692 1811 converteret,
710 1768 937 1814 errorisque
956 1768 1088 1815 specie

136 1823 279 1859 multos
311 1822 518 1865 alliceret,
553 1826 772 1868 ageretque
809 1825 1085 1864 transversos,

137 1880 229 1911 tunc
258 1876 504 1923 potissimum
524 1879 681 1911 extaret
699 1875 924 1922 Alplzonisus
940 1874 1088 1909 Affaria

134 1928 184 1965 de
208 1929 370 1977 Liyorio
388 1958 396 1972 ,
424 1930 489 1976 qui
516 1929 652 1964 bonum
679 1930 838 1964 certans
865 1930 1088 1972 certamen,

134 1993 177 2018 os
204 1983 383 2031 aperiret
408 1994 519 2018 suzam
546 1982 585 2018 in
605 1981 732 2017 medio
750 1981 973 2024 Ecclesiae;
993 1981 1088 2017 scri—

138 2037 289 2084 ptisque
308 2037 434 2073 doctis
451 2041 490 2072 et
507 2036 727 2078 laboriosis,
747 2036 863 2071 istam
882 2035 930 2070 ab
948 2034 1089 2071 inferis

136 2090 352 2128 excitatam
381 2094 533 2137 pestem
561 2089 747 2125 radicitus
765 2088 1027 2132 evellendam,
1048 2093 1088 2125 et

136 2143 186 2179 ab
212 2155 309 2190 agro
327 2144 531 2179 Dominico
549 2141 891 2179 exterminandam
911 2146 1085 2178 curaret.

135 2196 274 2244 Neque
299 2208 396 2234 vero
422 2197 493 2233 has
518 2197 642 2232 solum
672 2195 743 2231 sibi
764 2199 899 2242 partes
917 2194 1083 2242 depopo-

138 2251 212 2286 scit
237 2250 475 2298 Alphonsus;
501 2250 565 2297 qui
590 2249 629 2284 in
660 2249 732 2284 Dei
760 2249 949 2295 gloriam,
975 2249 1086 2295 spiri-

142 2303 364 2351 tualemque
397 2303 599 2339 hominum
625 2302 793 2338 salutem
820 2303 934 2337 unice
960 2302 1086 2338 inten-

139 2356 236 2393 dens
261 2357 449 2401 animum,
469 2357 659 2404 plurimos
676 2355 814 2391 Libros
833 2356 1085 2402 conscripsit,

136 2420 254 2446 sacra
280 2409 502 2446 eruditione
529 2419 576 2445 ac
602 2409 749 2456 pietate
774 2409 959 2452 refertos,
980 2409 1085 2445 inter

137 2462 329 2510 implexas
354 2462 645 2509 Theologorum
674 2467 756 2498 tum
784 2461 973 2506 laxiores,
1000 2467 1082 2498 tum

135 2516 344 2563 rigidiores
368 2516 597 2558 sententias,
617 2515 665 2551 ad
686 2521 808 2552 tutam
830 2516 1081 2552 muniendam

135 2570 254 2612 viam,
283 2581 353 2617 per
379 2579 494 2616 quam
521 2569 838 2606 Christifidelium
859 2569 1082 2605 animarum

136 2623 412 2660 Moderatores
444 2621 638 2669 inoffenso
659 2622 758 2669 pede
786 2622 971 2659 incedere
1000 2634 1082 2669 pos-

135 2681 236 2714 sent.
285 2676 580 2723 Scripturarum
618 2676 848 2722 aenigmata
886 2677 1084 2713 reseravit

134 2732 218 2766 tum
253 2730 292 2765 in
329 2728 511 2765 asceticis
546 2728 906 2771 lucubrationibus,
935 2733 1016 2764 tum
1043 2729 1082 2765 in

133 2782 394 2820 saluberrimo
432 2780 599 2828 quodam
643 2781 938 2818 Commentario
961 2810 970 2825 ,
1008 2794 1082 2828 quo

134 2836 314 2872 Psalmos
353 2839 392 2871 et
424 2834 588 2872 Cantica
625 2834 664 2870 in
702 2834 842 2870 Divino
882 2835 1022 2871 Officio
1060 2847 1084 2872 a

133 2889 300 2928 Clericis
327 2887 546 2931 recitanda,
573 2887 621 2923 ad
648 2899 785 2924 eorum
813 2888 1001 2935 pietatem
1028 2889 1081 2925 fo-

133 2943 303 2980 vendam
330 2947 370 2978 et
396 2946 568 2978 mentem
596 2941 873 2985 erudiendam,
900 2943 1081 2989 explana-

134 2996 204 3032 vit.
231 2996 316 3031 Hoc
336 3006 452 3042 porro
472 2994 695 3041 praedicari
715 2995 918 3031 verissime
938 3001 1079 3042 potest,

133 3049 284 3085 nullum
312 3060 398 3085 esse
432 3049 495 3084 vel
523 3051 747 3083 nostrorum
775 3053 993 3095 temporum
1021 3061 1080 3086 er-

135 3112 267 3137 rorem
291 3129 299 3143 ,
326 3102 391 3149 qui
417 3101 590 3138 maxima
615 3101 754 3136 saltem
781 3112 829 3138 ex
856 3107 970 3148 parte
1004 3115 1080 3140 non

181 3171 192 3192 1
221 3170 320 3201 vitam
360 3171 429 3203 eius
464 3170 666 3211 scripserunt
700 3168 835 3202 Giattini
857 3195 865 3209 ,

136 3213 305 3248 Jeaneard.

905 3169 1050 3204 Tannoia
1069 3197 1077 3212 ,

1950 132 2029 172 303

1138 210 1189 246 sit
1214 210 1263 246 ab
1290 210 1492 257 Alphonso
1527 210 1734 246 refutatus·
1761 209 1862 250 Quid
1888 209 1987 257 quod
2012 220 2061 246 ea
2077 237 2085 253 ,

1139 275 1253 311 quae,
1281 269 1361 300 tum
1389 264 1437 301 de
1457 264 1717 300 Immaculata
1735 263 1906 300 Sanctae
1925 263 1995 299 Dei
2014 263 2088 299 Ge-

1140 317 1289 353 nitricis
1316 318 1598 365 Conceptione,
1628 322 1706 353 tum
1733 316 1781 353 de
1799 316 1969 352 Romani
1988 315 2089 351 Pon-

1142 370 1256 407 tificis
1283 382 1332 407 ex
1357 371 1556 407 Cathedra
1581 371 1759 407 docentis
1784 369 2085 414 Infallibilitate‚

1138 436 1162 461 a
1188 425 1256 460 Pio
1285 424 1355 472 Pp.
1381 426 1436 461 IX
1452 426 1606 461 sancita
1623 426 1751 468 suere,
1771 426 1809 460 in
1828 424 2016 472 Alphonsi
2035 424 2085 460 O·

1139 478 1294 525 peribus
1313 479 1567 526 reperiuntur
1584 483 1625 514 et
1644 479 1877 515 nitidissime
1893 478 2087 526 exposita,

1139 536 1179 568 et
1204 531 1454 567 validissimis
1480 532 1729 578 argumentis
1755 531 2040 568 demonstrata.

1186 585 1296 625 Quae
1315 596 1403 620 cum
1424 585 1478 620 ita
1493 585 1571 620 sint
1586 584 1678 620 Pius
1695 585 1762 632 Pp.
1776 585 1830 620 lX
1847 585 1909 621 die
1923 585 1970 621 23
1987 595 2091 620 mar-

1141 638 1181 673 tii
1209 639 1298 674 1871
1326 638 1486 674 decreto
1513 638 1633 674 Urbis
1659 643 1700 674 et
1725 639 1843 674 Orbis
1869 650 1921 674 ex
1946 650 1998 675 ss.
2026 639 2090 674 Ri-

1141 701 1249 727 tuum
1267 692 1413 739 Congr.
1433 693 1623 735 consulto,
1635 692 1872 729 universalis
1887 691 2091 729 Ecclesiae

1140 745 1356 781 Doctorem
1383 746 1627 793 Alphonsum
1654 747 1700 782 de
1728 746 1887 793 Ligorio
1916 745 2091 782 declara-

1138 799 1208 833 vit.
1234 798 1455 835 Praeterea
1477 800 1590 835 huius
1606 800 1788 835 Doctor1s
1807 800 1961 843 Libros,
1979 800 2090 837 Com-

1142 854 1354 896 mentaria,
1374 852 1586 900 Opuscula‚
1606 852 1741 900 Opera
1759 853 1924 900 denique
1943 853 2089 897 omnia,

1139 910 1182 942 ut
1207 907 1375 942 aliorum
1405 907 1610 943 Ecclesiae
1629 907 1857 951 Doctorum,
1876 919 1953 942 non
1971 907 2086 942 modo

1141 960 1324 1007 privatim
1344 989 1352 1002 ,
1380 961 1448 996 sed
1474 960 1628 1009 publice
1655 961 1693 996 in
1720 961 1963 1008 Gymnasiis,
1992 962 2093 997 Aca-

1139 1013 1290 1057 demtis,
1320 1014 1487 1059 Scholis‚
1513 1014 1714 1061 Collegiis,
1744 1015 2009 1058 Lectionibus,
2029 1014 2094 1050 Di-

1139 1067 1426 1114 sputationibus
1445 1097 1454 1112 ‚
1483 1064 1898 1115 Interpretationibus,
1930 1068 2093 1106 Concio-

1139 1122 1250 1158 nibus
1271 1151 1280 1166 ,
1308 1123 1566 1159 Sermonibus
1599 1122 1744 1166 citari,
1774 1122 1944 1170 proferri
1978 1126 2095 1170 atque

1140 1175 1317 1212 adhiberi
1332 1176 1468 1212 voluit.
1491 1176 1658 1223 Scripsit
1675 1175 1722 1210 D.
1743 1175 2095 1222 Alphonsus,inter

1141 1230 1239 1265 alias
1257 1258 1265 1272 ,
1309 1229 1569 1276 leeoloyiam
1605 1229 1795 1265 moralem
1814 1231 1826 1253 1
1846 1258 1855 1272 ,
1886 1229 2096 1265 Hominem

1142 1283 1403 1330 apostolicum
1433 1283 1481 1319 ad
1508 1283 1720 1320 audiendas
1747 1283 2015 1320 confessiones
2040 1283 2095 1318 in-

1142 1337 1336 1380 stitutum,
1347 1336 1619 1373 Direct‘orium
1638 1337 1979 1380 Ordinanclorum,
1992 1337 2095 1372 Pra-

1141 1390 1224 1425 oeim
1242 1390 1500 1438 confessarii,
1518 1391 1731 1426 historiam
1749 1391 1987 1434 Haeresum,
2007 1401 2095 1427 con-

1143 1444 1278 1480 ciones
1305 1444 1479 1480 morales
1504 1445 1662 1488 multas,
1682 1444 1836 1491 aliaque
1855 1444 1984 1490 plura.

1188 1498 1246 1533 72.
1275 1496 1503 1544 Scriptores
1537 1497 1846 1533 ecclesiastici—
1860 1497 2029 1534 Praeter
2061 1510 2095 1534 s.

1144 1551 1388 1598 Alphonsum
1430 1551 1477 1587 de
1517 1551 1676 1598 Ligorio
1717 1551 1945 1598 posterioris
1983 1551 2097 1588 huius

1142 1605 1291 1641 saeculi
1318 1605 1478 1641 dimidio
1503 1606 1726 1642 floruerunt
1745 1606 1961 1653 scriptores
1980 1617 2095 1653 quam

1143 1658 1315 1705 plurimi,
1333 1659 1395 1706 qui
1414 1659 1592 1695 diversas
1610 1658 1867 1695 scientiarum
1886 1670 2095 1695 sacrarum

1144 1717 1276 1759 partes
1303 1711 1416 1748 docte
1444 1716 1672 1749 exararunt.

1190 1766 1291 1801 Rem
1330 1766 1524 1802 Biblicam
1564 1769 1788 1802 tractarunt
1824 1766 1890 1802 hi:
1930 1768 2095 1815 Carolus

1143 1819 1385 1855 Franciscus
1417 1820 1660 1867 Houbigant,
1687 1820 1894 1868 presbyter
1920 1821 2095 1857 Oratorii

1142 1873 1378 1909 Parisiensis
1399 1903 1408 1917 ,
1443 1874 1505 1921 qui
1545 1874 1651 1910 dedit
1686 1874 1860 1911 Lexicon
1893 1875 2095 1912 hebraico-

1142 1927 1326 1972 gallicum
1342 1956 1350 1971 ,
1375 1927 1671 1974 Prolegomena
1696 1928 1734 1963 in
1765 1929 1807 1964 S.
1833 1929 2094 1976 Scripturam,

1142 1980 1270 2017 Biblia
1293 1981 1483 2018 hebraica
1508 1982 1580 2025 (V.
1607 1982 1673 2025 T.)
1701 1994 1790 2020 cum
1817 1983 1920 2018 notis
1946 1983 2092 2019 criticis

1142 2037 1182 2070 et
1206 2035 1392 2071 versione
1420 2036 1557 2072 latina.
1585 2036 1752 2072 Ioannes
1778 2037 2006 2073 Bernardus
2032 2037 2096 2073 de-

1141 2088 1273 2132 Rossi,
1298 2089 1417 2125 theol.
1439 2089 1576 2125 doctor
1595 2094 1635 2126 et
1653 2090 1691 2125 in
1708 2091 1980 2127 Universitate
2001 2090 2096 2126 Par—

1141 2142 1265 2178 mensi
1303 2142 1527 2190 linguarum
1567 2144 1819 2180 orientalium
1857 2146 2058 2191 professor
2078 2174 2087 2189 ,

1142 2199 1290 2231 textum
1305 2196 1534 2233 hebraicum
1554 2197 1593 2232 in
1611 2197 1738 2233 lucem
1758 2198 1863 2233 dedit
1880 2199 1950 2233 sub
1965 2198 2089 2234 titulo:

1140 2249 1288 2286 Variae
1305 2250 1496 2286 lectiones
1513 2250 1675 2286 Veteris
1693 2251 1939 2287 Testamenti
1959 2263 2006 2287 ex
2023 2252 2094 2288 im-

1139 2314 1278 2339 mensa
1306 2304 1667 2350 manuscriptorum
1695 2304 1966 2351 editorumque
1992 2305 2092 2340 codi-

1140 2368 1228 2392 cum
1257 2357 1446 2404 congerie
1473 2358 1650 2402 haustae,
1670 2363 1710 2395 et
1728 2358 1777 2393 ad
1795 2359 2091 2394 Samaritanum

1139 2415 1305 2454 textum,
1333 2411 1381 2446 ad
1406 2413 1700 2448 vetustissimas
1724 2412 1942 2456 versiones,
1963 2412 2012 2448 ad
2031 2423 2091 2448 ac-

1138 2465 1359 2500 curatiores
1392 2476 1534 2501 sacrae
1566 2465 1727 2500 criticae
1761 2465 1890 2501 fontes
1917 2470 1957 2502 et
1983 2466 2092 2513 leges

1135 2519 1402 2554 examinatae.
1430 2519 1684 2555 Hermannus
1710 2518 1956 2565 Goldhagen,
1983 2520 2022 2555 S.
2046 2522 2091 2564 1.‚

1136 2572 1256 2608 theol·
1277 2572 1477 2618 professor
1498 2572 1535 2606 in
1550 2572 1820 2608 Universitate
1838 2572 2089 2618 Moguntina,

1136 2625 1256 2661 edidit
1289 2625 1622 2662 Introductionem
1654 2625 1693 2660 in
1725 2629 1771 2659 V.
1809 2629 1849 2661 et
1874 2626 1924 2660 N.
1953 2626 2087 2662 Testa-

1138 2685 1332 2722 mentum,
1355 2683 1394 2715 et
1411 2679 1463 2714 N.
1484 2678 1728 2714 Testamenti
1749 2682 1899 2716 textum
1919 2679 2091 2726 origina-

1135 2732 1215 2768 lem
1244 2744 1331 2768 cum
1357 2732 1479 2768 variis
1498 2732 1745 2776 lectionibus,
1760 2733 1898 2780 quibus
1914 2733 2091 2780 Vulgata

1134 2786 1262 2823 versio
1302 2786 1571 2822 confirmetur.
1611 2786 1763 2832 Ignatio
1798 2787 2089 2831 NVeitenauer,

1134 2840 1171 2875 S.
1204 2841 1254 2883 1.‚
1288 2839 1403 2875 theol.
1434 2838 1635 2885 professor
1662 2839 1700 2875 in
1726 2840 1998 2876 Universitate
2024 2841 2090 2877 OE-

1133 2893 1362 2940 nipontana,
1394 2892 1613 2939 composuit
1638 2893 1809 2929 Lexicon
1831 2894 2030 2937 biblicum,
2048 2895 2089 2930 in

1133 2958 1207 2994 quo
1220 2946 1411 2981 vocabula
1425 2950 1464 2981 et
1486 2945 1651 2991 phrases
1672 2947 1870 2994 Vulgatae
1892 2948 2087 2995 explican-

1134 3005 1210 3036 tur.
1245 2999 1402 3035 Gabriel
1429 2999 1620 3047 Fabricy‚
1647 2977 1938 3044 Ord.⁰P1=aed.‚
1967 3001 2088 3037 edidit

1134 3053 1275 3100 gallice
1297 3053 1643 3090 Considerationes
1666 3055 1828 3091 criticas
1847 3055 1894 3091 de
1913 3054 2086 3102 puritate

1179 3122 1188 3142 1
1209 3120 1386 3160 Tlieologia
1403 3121 1533 3154 Moralis
1551 3132 1578 3154 5.
1598 3122 1754 3164 Alphonsi
1771 3123 1904 3155 mirifice
1925 3131 2086 3154 commen-

1133 3168 1206 3199 data
1231 3167 1325 3197 suita
1341 3166 1406 3199 RR.
1427 3168 1486 3200 ΡΡ.
1507 3168 1563 3200 Pio
1583 3169 1639 3210 Pp.
1660 3169 1702 3200 IX
1721 3173 1753 3200 et
1772 3169 1879 3201 Leone
1902 3168 1991 3201 XIlI.
2011 3167 2083 3200 Vid.

1134 3213 1178 3245 La
1193 3212 1332 3245 Scienza
1348 3222 1364 3244 e
1378 3213 1477 3254 Fede,
1492 3214 1710 3253 voll.1.xxxn,
1723 3224 1753 3257 p.
1768 3215 1809 3247 72
1822 3218 1854 3246 et
1867 3223 1944 3253 CXV,
1957 3223 1988 3256 p.
2002 3213 2081 3250 419.
