2241 3473
264 93 316 132 92

214 182 339 219 neque
372 170 421 206 R.
453 166 686 205 Pontificem
715 177 841 213 neque
874 164 1002 201 Deum
1030 163 1158 211 ipsum

213 236 324 274 posse
344 223 508 266 efficere,
527 227 568 256 ut
587 218 812 268 parochiani
832 229 907 254 non
928 219 1160 254 tenerentur

212 276 390 316 semelain
410 286 510 312 anno
531 273 659 309 omnia
688 273 848 319 peccata
878 282 949 308 sua
978 269 1160 306 confiteri

213 329 367 380 proprio
388 326 597 371 sacerdoti,
620 337 732 374 quem
752 325 907 362 dicebat
937 335 1019 361 esse
1036 323 1160 360 solum

213 381 478 433 parochialem
499 382 681 416 curatum
706 378 730 416 ¹.

267 436 355 473 Alia
371 437 503 471 autem
521 431 709 480 quaestio,
727 431 910 468 nimirum
928 431 974 467 de
997 441 1158 477 pauper-

215 491 297 526 tate
318 487 461 526 Christi
490 489 530 523 et
558 485 833 534 Apostolorum
855 496 956 521 anno
985 483 1084 520 1321
1114 482 1162 519 ad

216 543 400 580 Ioannem
426 541 496 589 Pp.
518 539 649 576 delata
668 542 739 576 est.
763 538 924 585 Aliquot
943 537 1019 574 FF.
1042 536 1162 573 Mino-

215 608 279 634 res
294 595 465 633 animose
481 593 779 637 contendebant,
792 591 988 628 Christum
1005 591 1044 627 et
1060 591 1163 638 Apo-

217 648 334 687 stolos
354 647 452 685 nihil
472 648 557 683 iure
580 645 826 695 proprietatis
853 650 891 682 et
912 643 1070 681 dominii
1100 643 1163 679 ha-

218 702 347 739 buisse
381 702 463 739 sive
496 700 533 737 in
565 699 724 748 speciali
759 699 842 736 sive
877 699 913 734 in
945 697 1166 740 communi,

219 757 398 804 hancque
419 753 719 803 propositionem
748 753 1008 789 orthodoxam
1038 757 1077 787 et
1096 749 1167 786 De-

219 809 356 846 cretali
374 807 527 846 Nicolai
544 807 598 844 III
614 807 738 844 Exiit
751 807 827 855 qui
841 806 1019 842 seminat
1038 803 1168 840 defini-

218 866 301 900 tam
317 874 399 900 esse
416 861 655 899 asserebant.
673 860 835 897 Ioannes
851 858 1033 904 XXII,ad
1051 868 1166 905 quem

220 917 292 966 ipsi
312 915 522 954 Minoritae
542 918 681 951 contra
711 912 958 950 adversarios
985 922 1168 960 provoca-

222 972 384 1016 verant,
410 981 458 1006 ne
488 968 580 1017 quid
611 971 758 1004 temere
787 967 1039 1010 decerneret,
1061 965 1168 1013 prius

222 1024 512 1062 academiarum
541 1025 580 1059 et
602 1021 778 1058 virorum
799 1021 1005 1057 doctorum
1025 1018 1167 1067 opinio-

225 1089 293 1115 nes
310 1077 446 1114 audire
457 1075 592 1113 voluit.
611 1075 761 1112 Verum
777 1074 941 1111 Michael
961 1074 1170 1115 Caesenas,

225 1131 384 1168 Ordinis
404 1130 606 1168 Minorum
632 1127 826 1177 generalis
855 1126 1057 1171 minister,
1077 1137 1170 1162 con-

223 1185 472 1230 troversiam,
489 1195 621 1220 corani
644 1181 869 1231 Apostolica
885 1180 984 1217 Sede
1009 1180 1174 1229 penden-

224 1238 511 1284 tem,dirimere
528 1235 803 1285 praesumpsit,
819 1234 856 1271 in
876 1234 1054 1282 Capitale
1071 1244 1172 1269 men—

225 1304 265 1330 se
299 1292 406 1328 iunio
443 1290 544 1328 1322
574 1290 762 1327 Perusiae
792 1288 925 1326 habito
954 1287 1173 1331 declarans,

225 1345 467 1394 praedictam
496 1343 798 1392 propositionem
827 1354 911 1379 esse
942 1341 1174 1377 catholicam

226 1404 265 1436 et
285 1400 332 1436 ab
355 1398 531 1436 Ecclesia
551 1396 636 1434 falli
659 1397 788 1434 nescia
809 1394 1010 1432 definitam
1031 1393 1057 1431 ².
1078 1395 1175 1431 Pon-

227 1452 323 1490 tifex
336 1464 431 1489 vero
444 1451 598 1488 vi⁰idus
606 1450 800 1487 decembr.
818 1448 916 1487 1322
929 1447 1177 1486 Constitutio-

228 1519 316 1544 nem
339 1506 461 1543 edidit
480 1505 546 1541 Asc
559 1504 827 1548 conditorem,
845 1514 920 1551 qua
937 1501 1177 1546 declarabat,

227 1571 348 1610 supra
368 1559 513 1596 dictam
533 1557 683 1596 Nicolai
705 1557 760 1594 III
780 1555 1027 1593 Decretalem
1057 1555 1101 1592 de
1122 1565 1178 1590 re-

231 1626 319 1652 rum
343 1625 413 1651 usu
434 1611 709 1650 Franciscanis
729 1622 912 1648 concesso
927 1639 936 1655 ,
958 1612 997 1646 et
1017 1609 1063 1646 de
1095 1619 1178 1656 pro-

233 1667 399 1717 prietate
433 1666 681 1715 Apostolicae
717 1664 808 1701 Sedi
839 1665 1043 1701 reservata
1059 1692 1068 1705 ,
1103 1673 1177 1698 non

232 1734 317 1759 esse
337 1720 631 1769 intelligendam
653 1719 700 1756 de
720 1719 857 1763 rebus,
879 1729 978 1765 quae
1001 1727 1071 1753 usu
1095 1727 1179 1753 con-

232 1777 463 1819 sumuntur,
484 1785 571 1810 cum
594 1773 632 1809 in
654 1773 699 1810 iis
725 1771 938 1809 dominium
969 1782 1043 1807 non
1073 1781 1181 1818 sepa-

233 1832 342 1866 retur
370 1829 418 1866 ab
442 1840 536 1873 usu3
558 1827 828 1875 derogansque
849 1823 1044 1862 Decretali
1067 1822 1179 1860 Nico-

233 1882 286 1920 lai
307 1882 354 1919 IlI
373 1912 382 1927 ,
411 1886 601 1930 quantum
631 1881 680 1918 ad
711 1880 782 1916 hoc
812 1880 930 1927 caput
958 1877 1179 1926 spectabat,

234 1935 446 1973 dominium
478 1946 629 1980 rerum,
650 1934 787 1982 quibus
808 1932 885 1970 FF.
901 1932 1073 1969 Minores
1104 1933 1181 1967 ute-

234 1990 398 2035 bantur,
418 1989 465 2026 iis
485 1988 653 2034 remisit,
671 1990 710 2025 et
730 1999 777 2024 ne
798 1997 932 2023 eorum
957 1987 1183 2034 procurato-

236 2055 299 2081 res
315 2043 494 2091 deinceps
510 2041 756 2090 Apostolicae
772 2041 883 2077 Sedis
902 2039 1053 2076 nomine
1069 2037 1182 2075 alicui

236 2097 342 2134 litem
364 2096 574 2140 inferrent,
596 2094 795 2144 prohibuit
815 2092 840 2131 ²³.
868 2096 978 2131 Anno
1008 2091 1183 2140 sequenti

239 2150 363 2200 pridie
383 2150 469 2187 idus
493 2149 713 2186 novembris
729 2148 895 2185 alteram
913 2146 1019 2183 (ledit
1040 2145 1183 2183 Consti·

237 2205 429 2242 tutionem
467 2204 599 2244 Quum
622 2204 732 2239 inter
752 2201 981 2238 nonnullos
998 2230 1006 2246 ,
1028 2211 1104 2248 qua
1124 2199 1185 2235 de-

238 2258 415 2296 clarabat
430 2268 574 2302 errare,
593 2261 632 2292 et
648 2255 854 2292 haereticis
871 2255 945 2291 adn
954 2253 1185 2290 umerandos

239 2324 324 2358 eos,
347 2311 410 2360 qui
442 2310 695 2360 pertinaciter
726 2311 965 2353 assererent,
987 2307 1182 2344 Christum

239 2365 492 2414 etApostolos
514 2363 608 2401 nihil
626 2363 824 2411 proprium
842 2362 1023 2398 habuisse
1044 2360 1126 2398 sive
1148 2359 1184 2395 in

240 2419 399 2468 speciali
417 2418 499 2456 sive
522 2418 559 2454 in
577 2417 786 2461 communi,
804 2427 944 2462 eosque
963 2415 1113 2451 nullum
1131 2413 1189 2450 ius

242 2473 423 2511 habuisse
439 2483 571 2509 earum
590 2482 735 2515 rerum,
748 2480 843 2517 quas
861 2469 1040 2505 habuisse
1057 2468 1187 2515 legun-

242 2531 327 2572 tur,
349 2527 413 2564 sed
434 2525 647 2574 simplicem
666 2535 777 2561 usum
801 2522 892 2560 l'acti
913 2520 939 2558 ·¹.

295 2581 440 2618 Contra
472 2580 540 2616 lias
562 2577 762 2616 Pontificis
794 2575 1100 2614 Constitutiones
1131 2574 1188 2611 ‹le-

243 2635 466 2672 clamarunt
486 2632 655 2671 Michael
675 2632 886 2674 Caesenas,
907 2627 1102 2677 generalis
1122 2627 1190 2665 Mi-

244 2689 378 2734 nister,
395 2692 434 2725 et
451 2687 562 2736 pauci
580 2686 645 2723 alii
662 2685 761 2722 inter
775 2695 869 2732 quos
886 2681 1081 2731 praecipui
1099 2685 1189 2718 Oca-

246 2753 330 2779 mus
369 2746 408 2779 et
437 2739 677 2789 Bonagvatia
717 2742 853 2775 contra
882 2748 976 2783 ques
1009 2735 1189 2772 Pontifex

247 2796 385 2832 deinde
405 2795 526 2832 edidit
538 2792 860 2832 Constitutioncm
875 2791 980 2831 (msa
999 2801 1190 2837 quornm-

248 2850 345 2886 (lam
364 2854 520 2886 mentes
536 2847 561 2885 ⁵.
584 2849 635 2885 At
655 2847 708 2884 illi
728 2847 910 2884 Ioannem
932 2843 1049 2880 XXII
1071 2855 1191 2879 aceu-

291 2932 298 2952 ¹
319 2931 548 2969 Extruvaqanl.
574 2928 592 2958 ἱ).
610 2929 658 2959 De
678 2929 790 2959 haeret
807 2937 813 2960 z
834 2927 954 2963 lmhbe,
976 2926 1094 2957 Cuticil.
1109 2930 1127 2955 ῑ,
1144 2925 1192 2955 XI.

250 2982 277 3012 p.
300 2973 387 3003 11535.
400 2990 437 2994 -
450 2982 463 3002 ‘2
486 2971 648 3008 u'miuing.
667 2971 785 3002 ΛηιιαΙ.
803 2970 917 3001 Μίκων.
937 2969 974 2999 :id
992 2979 1039 2999 au.
1061 2967 1145 2998 13:³2).

290 3016 303 3036 3
320 3014 500 3053 Eoelravay.
518 3013 535 3042 :t
554 3014 600 3042 Du
618 3012 700 3043 rerb.
717 3012 825 3050 ,x-iqlnil‘.
844 3011 929 3043 loun.
946 3011 1034 3041 XXII.

290 3057 302 3078 ‘¹
322 3056 492 3094 Eatravaql.
518 3054 537 3085 t
563 3055 609 3084 De
633 3054 716 3084 merli.
740 3053 849 3092 sturnis.
873 3053 955 3084 loun.
976 3052 1069 3089 XXll;
1095 3050 1192 3082 Nntnl.

252 3099 333 3128 Alex.
351 3098 428 3128 Ilisl.
446 3096 518 3127 eccl.
533 3106 613 3126 saec.
638 3097 710 3134 le,
727 3096 803 3126 diss.
823 3094 1086 3132 ll;,li‹:llai·min.,
1103 3093 1145 3125 De
1162 3092 1195 3124 11.

252 3140 414 3178 l'rmla'lice,
433 3140 449 3170 l.
468 3140 549 3175 1V,1·.
574 3138 580 3167 l
596 3137 622 3174 ‡;
643 3136 781 3168 Histoire
797 3136 833 3167 de
847 3136 975 3175 l'h'qlixe
991 3135 1082 3174 Gall„
1099 3136 1112 3167 l.
1136 3135 1184 3166 227.

291 3182 305 3203 ὅ
320 3182 492 3219 [istratum.
511 3181 529 3210 5
547 3179 590 3210 Dc
606 3179 687 3211 verb.
703 3179 813 3219 siquis.
833 3179 938 3210 loann.
958 3179 1044 3209 XXll.

715 99 880 128 'EPOCHA
908 98 990 125 VIII.
1020 99 1048 124 Α
1074 95 1339 123 PONTIFICATV
1368 95 1603 121 INNOCENTII
1630 95 1678 121 111

1202 163 1334 199 santes
1353 161 1580 208 haereseos,
1592 161 1639 198 ad
1657 161 1839 210 generale
1855 159 2060 199 concilium
2078 171 2150 209 ap-

1202 214 1421 263 pellarunt;
1440 215 1577 251 deinde
1599 214 1861 263 confugerunt
1878 215 1928 251 ad
1949 214 2155 263 imperato·

1204 280 1287 304 rem
1298 268 1536 305 Ludovicum
1551 269 1760 312 Bavaruin,
1777 269 1937 316 eiusque
1954 267 2152 304 schismati

1205 322 1478 366 adhaerentes,
1494 321 1615 358 variis
1635 321 1776 358 libellis
1788 321 1991 358 Pontificis
2008 320 2154 358 famam

1204 375 1440 412 lacerarunt.
1465 376 1524 412 Ab
1541 375 1614 411 hac
1634 376 1768 411 tamen
1789 386 2002 423 paucorum
2022 373 2154 411 Mino-

1205 428 1370 466 ritarum
1392 427 1605 465 rebellione
1632 428 1816 464 immunis
1847 427 1920 465 fuit
1941 428 2045 465 Ordo
2059 456 2068 473 ‚
2089 426 2154 476 qui

1205 482 1243 518 in
1266 481 1465 519 Pontificis
1486 481 1706 518 obedientia
1727 483 1951 518 constanter
1974 492 2156 529 perseve-

1208 535 1331 582 ravit,
1352 537 1391 572 et
1410 536 1447 572 in
1468 534 1645 583 generali
1666 535 1859 583 Capitulo,
1875 534 2053 572 an.1329
2075 535 2156 572 Pa-

1208 589 1309 625 risiis
1337 589 1469 626 habito
1484 618 1492 634 ,
1514 600 1781 637 quaecumque
1801 601 1823 625 a
1843 587 2056 625 rebellibus
2072 587 2157 625 istis

1207 642 1279 679 hac
1306 642 1345 679 in
1380 653 1421 679 re
1451 642 1645 679 haeretice
1684 643 1789 679 dicta
1820 641 1883 678 vel
1913 641 2012 678 male
2048 643 2160 689 gesta

1208 694 1388 740 fuerant,
1417 695 1673 744 improbavit,
1702 700 1819 744 atque
1849 696 1887 732 in
1925 695 2053 731 locum
2083 693 2160 731 Mi-

1209 748 1368 794 chaelis,
1391 761 1414 786 a
1433 749 1624 786 Pontifice
1645 749 1807 798 depositi
1823 779 1833 794 ,
1852 747 2075 797 generalem
2092 746 2161 785 Mi-

1211 803 1374 840 nistrum
1397 802 1514 851 elegit
1534 803 1751 840 Gerardum
1774 802 1917 840 Odenis
1935 800 1958 840 ¹.

1263 856 1325 894 (34.
1347 856 1421 893 Lz's
1443 858 1485 893 z'n
1494 861 1553 893 ter
1573 856 1845 893 sacerdotium
1873 861 1913 892 et-
1937 855 2162 905 imperium

1212 909 1297 959 (cm.
1315 910 1432 959 1323)
1454 910 1589 947 Eidem
1611 909 1782 959 pontifici
1804 909 1940 947 Ioanni
1960 909 2078 947 XXII
2100 920 2161 945 ne-

1212 964 1365 1013 gotium
1399 963 1677 1012 gravissimum
1715 962 1917 1001 facessivit
1950 963 2163 1012 imperator

1215 1017 1434 1054 Ludovicus
1448 1017 1795 1054 BavarusEtenim
1810 1020 1995 1065 cumpost
2010 1015 2164 1053 obitum

1214 1071 1373 1108 Henrici
1394 1070 1469 1107 vn
1490 1070 1642 1121 (1313)
1663 1071 1875 1119 imperium
1904 1072 2086 1108 vacasset
2116 1069 2164 1106 14

1215 1124 1424 1169 mensibus,
1445 1136 1468 1161 a
1487 1125 1625 1161 maiori
1647 1127 1758 1172 parte
1780 1124 1927 1161 electus
1948 1124 2024 1161 fuit
2040 1123 2163 1160 Ludo·

1216 1179 1324 1215 vicus
1364 1179 1443 1215 dux
1474 1178 1668 1215 Bavariae
1687 1208 1695 1224 ,
1729 1177 1795 1215 alii
1830 1189 1923 1215 vero
1959 1177 2165 1226 elegerunt

1214 1232 1457 1269 Fridericum
1480 1231 1617 1269 ducem
1634 1232 1830 1277 Austriae,
1849 1232 1950 1269 unde
1972 1242 2094 1279 grave
2113 1230 2170 1266 in-

1215 1291 1278 1322 ter
1294 1290 1501 1334 utrumque
1518 1286 1660 1322 bellum
1681 1289 1857 1322 exortum
1881 1288 1951 1323 est.
1969 1285 2065 1322 Cum
2087 1295 2166 1321 am-

1220 1341 1265 1376 bo
1286 1340 1559 1387 competitores
1581 1339 1812 1376 Pontificem
1832 1351 1901 1388 pro
1918 1337 2166 1387 impetranda

1221 1393 1518 1431 confirmatione
1535 1393 1862 1442 interpellassent,
1876 1393 2038 1430 Ioannes
2049 1391 2167 1428 XXII

1221 1447 1378 1495 utrique
1408 1447 1510 1484 diem
1541 1447 1726 1491 dixit,'ut
1745 1446 1886 1484 iurium
1917 1457 2076 1483 suorum
2104 1444 2168 1481 in·-

1219 1502 1436 1538 strumenta
1457 1501 1738 1548 producerent,
1761 1504 1799 1537 et
1819 1500 2032 1538 secundum
2054 1509 2100 1536 ea
2119 1497 2172 1535 al-

1221 1553 1364 1592 terutri
1385 1554 1590 1602 imperium
1611 1554 1866 1591 adiudicaret.
1880 1554 2028 1591 Verum
2045 1551 2171 1590 Ludo-

1222 1608 1332 1644 vicus
1350 1619 1548 1644 armorum
1567 1619 1684 1656 quam
1701 1607 1796 1644 iuris
1810 1607 1874 1644 via
1887 1618 1970 1644 rem
1986 1606 2169 1643 dirimere

1222 1661 1380 1708 maluit,
1395 1662 1577 1710 victoque
1605 1674 1666 1699 an.
1691 1661 1793 1698 1322
1813 1660 2012 1698 Friderico
2026 1690 2035 1707 ,
2055 1659 2174 1707 impe-

1221 1715 1321 1753 rium
1345 1714 1946 1765 solusflcapessivitaetPontificis
1969 1712 2172 1751 confirma-

1222 1770 1368 1807 tionem
1389 1782 1463 1807 non
1485 1769 1608 1806 solum
1630 1781 1704 1806 non
1727 1768 1939 1817 requisivit,
1963 1768 2030 1806 sed
2051 1766 2172 1805 etiam

1223 1823 1492 1861 Gibelinorum
1510 1822 1682 1869 factioni,
1694 1822 1731 1859 in
1749 1822 2014 1871 Apostolicam
2031 1820 2172 1858 Sedem

1224 1877 1380 1923 rebelli,
1401 1877 1547 1914 auxilia
1567 1876 1774 1925 praestitit.
2088 1871 2091 1873 ’

1282 1931 1447 1969 Ioannes
1470 1931 1553 1979 Pp„
1569 1930 1710 1968 litteris
1726 1929 1912 1979 postridie
1934 1940 2054 1967 nonas
2075 1930 2176 1966 octe-

1224 1985 1302 2022 bris
1326 1985 1426 2023 1323
1453 1985 1501 2022 ad
1520 1985 1764 2021 Ludovicum
1788 1983 1910 2030 datis,
1930 1995 2019 2020 eum
2049 1982 2176 2019 incre—

1226 2039 1328 2087 puit,
1356 2039 1458 2087 quod
1489 2038 1737 2087 imperatoris
1775 2037 1930 2074 nomine
1959 2039 1998 2074 et
2026 2035 2176 2073 iuribus

1226 2104 1318 2129 usus
1340 2096 1453 2138 esset,
1469 2092 1699 2141 priusquam
1722 2091 1862 2128 electio
1882 2102 1972 2136 sua,
1996 2092 2038 2126 ut
2059 2089 2176 2126 moris

1225 2148 1321 2191 erat,
1341 2146 1388 2183 ab
1409 2146 1632 2194 Apostolica
1654 2145 1753 2182 Sede
1777 2145 1915 2182 suisset
1931 2143 2176 2187 confirmata,

1227 2200 1503 2248 mandavitque
1520 2199 1554 2235 ei
1571 2199 1643 2236 sub
1665 2210 1786 2246 poena
1807 2196 2174 2235 excommunicatio-

1228 2253 1298 2299 nis,
1316 2256 1357 2290 ut
1378 2253 1426 2290 ab
1447 2252 1677 2290 adiuvandis
1695 2251 1892 2289 Ecclesiae
1913 2251 2088 2288 hostibus
2106 2250 2178 2287 ab·

1229 2307 1411 2352 stineret,
1433 2310 1473 2343 et
1498 2306 1601 2343 intra
1630 2316 1823 2351 mensem,
1845 2304 2004 2342 dimissa
2025 2303 2178 2352 imperii

1229 2360 1581 2403 administratione,
1598 2359 1692 2396 iuris
1709 2360 1768 2396 sui
1787 2359 2053 2396 instrumenta
2070 2360 2179 2406 Apo-

1228 2414 1388 2452 stolieae
1405 2414 1495 2450 Sodi
1514 2414 1729 2451 exhiberet.
1753 2412 1959 2450 Ludovico
1979 2412 2026 2449 de
2048 2422 2179 2460 angu-

1230 2468 1413 2505 stioribus
1439 2467 1623 2515 temporis
1650 2467 1763 2504 metis
1789 2467 1837 2503 ad
1863 2466 2055 2515 agendam
2081 2475 2181 2502 eau-

1232 2534 1313 2558 sam
1335 2521 1406 2558 sibi
1431 2521 1677 2569 praescriptis
1699 2525 1911 2568 querente,
1934 2517 2116 2556 Pontifex
2139 2517 2181 2554 il-

1234 2576 1290 2612 las
1319 2575 1570 2623 prorogavit3
1612 2577 1763 2611 interea
1792 2574 1968 2611 omnibus
2004 2571 2182 2609 districte

1234 2628 1441 2676 prohibuit,
1457 2641 1501 2665 ne
1519 2628 1713 2665 liudovico
1731 2628 1916 2665 honorem
1933 2623 2180 2675 imperatoris

1236 2684 1502 2719 Rornanorum
1535 2682 1752 2727 deferrent,
1789 2681 2011 2730 priusquam
2043 2677 2183 2716 electio

1234 2737 1316 2773 eius
1337 2737 1554 2773 secundum
1579 2737 1635 2774 ius
1658 2735 1759 2773 foret
1779 2734 2002 2784 approbata.

1287 2788 1433 2827 Verum
1473 2790 1696 2828 Ludovicus
1741 2801 1780 2826 se
1829 2785 2006 2826 Pontifici
2046 2784 2182 2823 sistere

1235 2844 1406 2892 sprevit,
1434 2844 1681 2892 Apostolicae
1702 2842 1812 2879 Sedis
1833 2840 2010 2879 hostibus
2038 2838 2186 2876 auxilia

1238 2897 1340 2935 ferre
1364 2898 1548 2946 perrexit,
1566 2901 1605 2934 et
1625 2897 1767 2945 scripto
1788 2895 2031 2932 contestatus
2054 2897 2125 2937 cst,
2142 2903 2182 2929 se

1238 2952 1318 3001 ipso
1348 2951 1547 2990 electionis
1567 2963 1659 2989 suae
1682 2951 1782 2987 sacto
1812 2948 1964 2996 regium
1993 2946 2185 2984 honorem

1238 3007 1399 3055 iuraque
1421 3006 1530 3054 regni
1550 3009 1589 3042 et
1609 3004 1759 3053 imperii
1781 3000 2075 3040 administrandi
2099 3011 2184 3036 esse

1240 3063 1511 3107 consecutum,
1534 3058 1715 3097 l'ontiiici
1737 3055 1887 3094 nullum
1907 3066 1988 3092 esse
2009 3054 2068 3091 ius
2097 3052 2183 3090 ele-

1286 3173 1292 3194 ¹
1315 3172 1492 3212 nup-namus
1509 3175 1537 3201 rt
1555 3168 1750 3209 spondanus,
1766 3166 1804 3197 :ul
1823 3175 1870 3197 nn.
1895 3163 2037 3196 {lies-29.
