2241 3473
233 122 310 161 176

177 197 352 246 expleto,
379 197 460 234 vita
478 193 646 233 excessit
661 221 670 238 ,
690 191 907 229 mercedem
930 191 1134 227 aeternam

178 262 246 299 pro
267 249 436 299 egregiis
451 247 681 290 virtutibus,
699 255 796 292 quas
816 243 1005 290 coluerat,
1021 255 1045 280 a
1060 243 1136 279 Do-

179 303 281 340 mino
301 304 579 339 consecuturus
602 298 627 335 ¹.

234 356 294 392 17.
316 356 356 392 S.
379 349 780 390 Maximus—Multa
799 360 954 397 quoque
975 360 1044 396 pro
1065 360 1134 385 ca-

177 408 346 446 tholicae
362 406 450 443 fidei
468 404 693 442 defensione
706 413 910 450 perpessus
927 404 987 438 est,
1001 414 1030 439 s.
1049 401 1134 438 Ma-

176 462 306 498 ximus
322 459 450 496 abbas.
469 458 563 494 Eius
580 455 902 504 disceptationem
919 466 1010 491 cum
1028 455 1134 503 Pyr-

176 514 245 550 rho
257 524 375 561 supra
394 509 767 550 retulimus2.Quum
786 508 935 545 invicta
951 512 1131 545 constan-

174 567 230 603 tia
264 564 543 602 monothelitas
581 564 847 612 oppugnaret,
880 561 1133 610 imperatoris

176 619 282 655 iussu
304 616 682 665 Constantinopolim
703 615 930 664 perductus,
950 614 1077 663 primo
1095 615 1132 651 in

177 682 374 708 carcerem
405 670 602 707 coniectus
631 668 729 715 fuit3
759 668 850 705 dein
879 668 919 705 in
945 668 1133 704 iudicium

179 727 317 773 raptus
333 723 613 772 perduellionis
629 734 674 759 ac
689 721 919 771 proditionis
930 724 1135 758 accusatus

175 780 259 823 est3
280 777 348 814 sed
370 776 501 813 afficta
517 776 684 813 crimina
703 775 862 824 egregie
883 774 1009 811 diluit.
1031 775 1134 811 Con-

176 829 318 867 stantis
344 830 458 879 Typo
478 829 722 867 subscribere
754 829 906 874 nolens,
935 827 1135 877 relegatus

177 883 251 920 suit
271 882 432 931 Bizyam
449 882 659 928 Thraciae,
677 881 740 919 ubi
758 881 955 918 celebrem
971 882 1018 918 de
1034 881 1135 930 dog-

177 939 280 973 mate
302 936 494 973 catholieo
517 939 657 973 contra
678 934 957 971 monothelitas
979 935 1134 983 discep-

179 989 368 1026 tationem
389 989 527 1026 habuit
547 1000 636 1026 cum
657 988 875 1024 Theodosio
889 1017 897 1032 ,
918 988 1136 1025 Caesareae

177 1042 214 1079 in
236 1042 428 1091 Bithynia
455 1042 647 1091 episcopo
679 1042 823 1079 Iterum
859 1041 1134 1078 Constantino-

177 1095 296 1144 polim
315 1097 517 1141 reductus,
537 1098 577 1133 et
597 1096 634 1132 in
659 1106 754 1132 vera
774 1095 953 1132 doctrina
982 1106 1137 1143 semper

175 1154 371 1194 constans,
404 1151 491 1198 post
510 1148 682 1198 plurima
703 1148 923 1197 opprobria,
943 1148 1078 1196 lingua
1097 1151 1137 1185 et

177 1203 346 1240 dextera
362 1202 561 1251 praecisis,
578 1201 617 1238 in
639 1201 923 1239 Chersonesum
939 1201 1138 1250 relegatus

176 1258 247 1301 est,
271 1255 335 1292 ubi
355 1267 418 1293 an.
440 1256 519 1293 662
540 1255 721 1304 spiritum
743 1256 825 1291 Deo
846 1254 1017 1291 reddidit
1037 1253 1063 1292 ³.

232 1309 354 1346 Plura
376 1309 521 1358 scripta
543 1308 700 1356 reliquit
726 1320 755 1344 s.
780 1308 997 1354 Maximus3
1020 1320 1134 1356 prae-

177 1361 292 1411 cipua
313 1365 403 1399 sunt
423 1362 708 1399 commentaria
729 1361 1137 1409 mystico-allegorica

178 1415 216 1451 in
234 1427 264 1452 s.
285 1415 545 1464 Scripturam,
566 1416 779 1453 Tractatus
800 1414 979 1463 polemici
1001 1418 1137 1452 contra

176 1468 466 1513 monothelitas,
486 1471 526 1505 et
546 1468 716 1506 ascetica
734 1466 762 1505 ⁴.

229 1521 327 1558 Post
360 1522 542 1567 Paulum,
577 1533 679 1558 anno
713 1521 790 1558 654
824 1523 1038 1567 mortuum,
1072 1534 1136 1559 se-

175 1574 264 1611 dem
293 1575 443 1623 recepit
473 1575 666 1624 Pyrrhus,
695 1586 810 1623 quem
833 1586 936 1611 anno
956 1576 1137 1623 sequenti

175 1627 328 1676 excepit
353 1628 512 1674 Petrus,
533 1628 667 1665 eadem
690 1640 735 1665 ac
755 1627 813 1664 illi
834 1628 984 1666 haeresi
1007 1628 1135 1665 infec-

174 1683 260 1728 tus3
281 1681 347 1730 qui
375 1684 521 1727 tamen,
552 1684 596 1719 ut
624 1693 664 1718 se
694 1693 782 1717 cum
805 1682 988 1718 Romana
1008 1682 1140 1719 Eccle-

175 1734 234 1771 sia
262 1736 533 1772 communione
553 1734 807 1771 coniunctum
825 1734 1007 1783 fingeret,
1024 1747 1137 1784 syno-

175 1787 300 1824 dicam
321 1788 537 1837 epistolam,
558 1788 626 1826 sed
646 1788 854 1825 admodum
876 1789 1082 1826 obscuram
1099 1793 1138 1826 et

175 1841 408 1890 ambagibus
429 1841 671 1886 obvolutam,
687 1841 795 1878 dedit
815 1841 863 1878 ad
879 1842 1102 1890 Eugenium
1122 1843 1136 1879 Ι

177 1894 262 1942 Pp„
281 1905 311 1931 s.
329 1894 490 1931 Martini
511 1905 797 1941 successorem3
827 1899 869 1931 at
890 1895 1075 1932 Pontifex
1097 1896 1138 1933 il-

175 1947 254 1984 lam
271 1947 410 1984 merito
429 1947 578 1985 reiecit.
600 1947 792 1984 Constans
808 1959 902 1984 vero
923 1948 1137 1996 imperator

175 2001 224 2037 ob
239 2012 350 2037 suam
363 2001 551 2038 haeresim
566 2004 605 2037 et
619 2001 655 2036 in
669 2000 911 2038 defensiones
922 2002 1136 2040 catholicae

175 2053 265 2091 fidei
285 2054 493 2091 saevitiam
510 2054 953 2102 Constantinopolitanis
970 2054 1133 2102 invisus,

175 2119 221 2144 ac
241 2107 353 2144 bellis
374 2108 659 2144 Saracenorum
681 2107 898 2153 lacessitus,
919 2108 1032 2156 petiit
1054 2109 1134 2146 Ita-

177 2159 283 2197 liam.
314 2160 539 2197 Vitalianus
559 2159 625 2209 qui
654 2162 750 2197 tunc
773 2161 882 2198 Petri
904 2161 1132 2199 cathedram

175 2213 406 2263 occupabat,
427 2218 469 2250 ut
490 2214 769 2263 imperatorem
792 2214 991 2251 Ecclesiae
1010 2215 1134 2253 bene-

178 2266 309 2304 volum
332 2267 528 2313 redderet,
550 2278 641 2303 eum
663 2268 813 2303 Romae
835 2267 1049 2305 honorifice
1067 2281 1133 2306 ex-

174 2320 287 2368 cepit.
318 2319 395 2357 Sed
425 2320 639 2368 imperator
668 2332 708 2357 sc
730 2320 838 2357 Italis
865 2323 946 2357 tam
968 2333 1131 2358 exosum

175 2373 357 2419 reddidit,
388 2377 430 2410 ut
459 2385 560 2410 anno
589 2374 668 2410 668
697 2373 905 2422 Syracusis
936 2374 974 2410 in
998 2374 1134 2412 balneo

177 2426 298 2463 fuerit
327 2429 502 2464 necatus.
526 2427 621 2464 Post
642 2426 723 2463 eius
745 2431 912 2464 mortem
942 2427 1132 2465 ccclesia-

176 2492 262 2517 rum
293 2480 501 2517 concordia
531 2480 606 2517 fuit
634 2480 846 2526 restituta,
878 2484 922 2517 ut
950 2493 1020 2518 suo
1049 2481 1132 2519 loco

174 2534 403 2571 referemus.

231 2588 290 2624 18.
312 2587 521 2625 Ecclesiae
540 2591 675 2623 statvs
696 2588 739 2623 in
764 2587 1005 2623 Galba—In
1028 2587 1132 2624 Orci-

174 2641 290 2678 dente
311 2641 488 2689 pacatior
508 2643 594 2677 crat
616 2639 877 2677 Ecclesiarum
899 2644 1036 2677 status.
1060 2642 1134 2678 Rc-

175 2705 242 2742 ges
259 2706 281 2731 a
298 2694 475 2731 fovendis
493 2692 769 2731 controversiis
791 2693 992 2741 religionis
1018 2694 1132 2731 absti-

176 2748 335 2793 nebant,
351 2748 611 2785 orthodoxam
628 2746 844 2784 doctrinam
861 2747 1130 2792 sectabantur,

175 2803 214 2837 et
236 2813 312 2837 una
333 2813 418 2837 cum
443 2800 686 2849 praesulibus
706 2799 956 2837 ecclesiarum
979 2800 1132 2837 adlabo-

174 2854 316 2890 rabant
333 2854 588 2891 informandis
603 2853 818 2891 secundum
836 2857 1127 2890 sacrosanctam

175 2907 382 2955 Evangelii
413 2907 657 2956 disciplinam
686 2906 795 2956 regni
828 2906 978 2955 legibus
999 2910 1039 2945 ct
1058 2920 1128 2956 po-

175 2960 251 3009 puli
274 2960 459 2999 moribus.

218 3077 223 3097 ¹
245 3079 354 3108 ltnron.
373 3081 401 3108 cl
418 3078 504 3115 l’ngi,
521 3077 558 3107 :nl
577 3087 627 3108 an.
643 3077 704 3108 ⁴555
718 3094 755 3099 —-
774 3076 788 3096 ²
802 3077 867 3113 l'ag
898 3076 961 3106 ΓΗ.

215 3119 228 3138 3
246 3120 401 3157 1ιιι11;ιιι(Ι.,
428 3119 507 3150 Acta
532 3119 585 3150 ss.
609 3119 642 3149 12}
659 3127 745 3158 ang.;
763 3114 926 3154 Conniens,
946 3118 1085 3158 Operum
1103 3128 1126 3149 s.
1179 3149 1219 3151 „a

174 3159 320 3193 Maximi,
339 3165 356 3190 l.
376 3162 393 3191 Ι.

215 3202 227 3223 ⁴
246 3202 346 3232 lididil
363 3203 392 3232 κ’.
412 3202 574 3239 (lumbi-lis,
593 3202 688 3232 l'aris.
712 3201 798 3239 1875,
815 3200 833 3230 ⁶2
852 3201 907 3231 vol.
928 3200 1028 3231 in-sol.

704 129 861 156 EPOCHA
890 129 928 155 V.
958 129 985 155 A
1012 127 1388 155 PSEVDOPROPHETA
1417 126 1625 154 MAHOMET

1231 191 1304 231 An.
1335 190 1414 227 638
1429 190 1653 239 Dagoberto
1683 191 1700 228 Ι
1720 191 1924 236 defuncto,
1945 190 2140 228 successit

1179 242 1216 279 in
1237 243 1452 281 Neustriae
1481 245 1522 280 et
1549 243 1806 291 Burgundiae
1835 243 1970 292 regnis
1991 243 2137 281 Clodo-

1182 307 1276 334 veus
1312 296 1363 342 II,
1396 296 1500 333 filius
1529 296 1627 333 eius.
1648 297 1691 332 In
1722 297 1932 334 Austrasia
1951 295 2140 345 regnavit

1178 348 1410 397 Sigibertus,
1430 348 1554 386 frater
1575 349 1770 387 Clodovei.
1792 349 2010 397 Utriusque
2029 348 2137 398 prin-

1177 401 1272 450 cipis
1303 402 1428 449 pietas
1457 405 1496 439 et
1526 402 1799 440 munificentia
1818 402 1858 439 in
1878 401 2135 439 sublevandis

1177 454 1309 503 egenis
1336 456 1376 492 et
1405 455 1634 492 extruendis
1664 455 1910 492 monasteriis
1931 466 2136 491 commen-

1178 508 1332 544 dantur.
1371 508 1484 544 Anno
1513 508 1591 545 656
1630 510 1717 555 post
1759 507 1910 545 obitum
1951 506 2139 556 Sigiberti

1176 560 1296 597 etiam
1308 572 1474 606 regnum
1491 561 1722 598 Austrasiae
1740 560 1890 609 accepit
1907 560 2139 606 Clodoveus;

1176 614 1243 650 sed
1261 615 1301 650 et
1321 604 1384 650 hic
1412 614 1550 651 eodem
1579 626 1682 650 anno
1711 614 1818 650 obiit.
1840 613 1953 650 Tunc
1973 613 2159 650 univer--

1176 678 1263 703 sum
1285 678 1453 715 regnum
1470 667 1707 703 Francicum
1723 666 1865 716 obtigit
1884 665 2056 703 Clotario
2068 666 2142 712 ΙΙΙ,

1178 719 1258 756 filio
1287 719 1529 768 quinquenni
1558 719 1764 764 Clodovei,
1794 719 1833 756 in
1863 718 1972 756 cuius
1993 718 2139 756 minori

1178 775 1308 810 aetate
1331 773 1443 821 regni
1463 772 1754 810 administratio
1777 772 1850 809 fuit
1871 772 1972 820 apud
1991 771 2142 809 Bathil-

1179 826 1266 862 dem
1297 829 1484 872 matrem,
1514 826 1680 874 pietate,
1711 825 1939 875 prudentia,
1969 825 2138 862 caritate

1179 878 1349 928 aliisque
1379 879 1595 916 virtutibus
1623 879 1832 928 insignem.
1853 879 1926 915 An.
1953 877 2032 915 660
2051 878 2139 915 Au-

1179 932 1330 969 strasiis
1351 932 1578 981 petentibus
1607 944 1738 981 regem
1753 961 1762 977 ,
1786 931 1854 980 qui
1875 930 1947 968 soli
1969 932 2140 968 Austra-

1179 985 1261 1022 siae
1291 985 1519 1033 imperaret,
1540 985 1744 1022 Bathildes
1775 985 1821 1021 iis
1851 984 1959 1021 dedit
1978 983 2140 1021 Childe-

1180 1039 1303 1075 ricum
1335 1039 1372 1075 II
1390 1067 1399 1084 ,
1429 1038 1599 1075 alterum
1630 1050 1743 1075 suum
1765 1038 1894 1074 filium
1913 1039 1954 1074 et
1974 1036 2140 1074 fratrem

1179 1091 1352 1128 Clotarii.
1389 1091 1468 1128 Sub
1513 1091 1734 1128 Childerico
1765 1091 2142 1128 maioratumdomus

1179 1144 1331 1193 accepit
1343 1143 1609 1181 NVulfoaldus.
1622 1145 1667 1180 In
1685 1155 1806 1192 regno
1823 1143 1989 1182 Clotarii
2004 1143 2140 1180 eadem

1180 1197 1374 1246 dignitate
1397 1197 1543 1245 potitus
1563 1199 1623 1234 est
1642 1197 1852 1243 Ebroinus‚
1868 1199 2028 1246 propter
2046 1207 2142 1233 cru-

1180 1250 1383 1287 delitatem
1421 1261 1533 1287 suam
1576 1252 1615 1288 et
1654 1250 1857 1298 perfidiam
1900 1250 2140 1288 notissimus.

1180 1304 1291 1340 Anno
1311 1303 1390 1340 665
1410 1303 1612 1340 Bathildes
1642 1315 1776 1340 rerum
1807 1303 2051 1352 publicarum
2072 1315 2141 1340 re-

1178 1356 1324 1405 gimine
1353 1357 1556 1403 abdicato,
1585 1357 1746 1394 secessit
1780 1357 1820 1393 in
1855 1355 2140 1394 monasterium

1180 1410 1366 1455 Kalense,
1388 1410 1425 1446 in
1455 1421 1531 1458 quo
1561 1421 1623 1446 an.
1645 1409 1724 1447 680
1744 1410 1840 1448 obiit
1861 1410 1964 1447 vitae
1990 1409 2141 1447 sancti-

1179 1465 1261 1500 tate
1282 1465 1322 1500 et
1342 1463 1621 1500 miraculorum
1642 1463 1766 1512 gloria
1781 1463 1958 1500 illustris.
1980 1462 2042 1500 Ex
2063 1475 2141 1511 quo

1180 1520 1357 1564 tempore
1374 1528 1404 1553 s.
1426 1516 1631 1553 Bathildes
1647 1516 1802 1553 saeculo
1820 1516 2004 1553 nuncium
2027 1516 2144 1553 remi-

1180 1570 1243 1606 sit.
1266 1569 1462 1607 Ebroinus
1483 1570 1745 1607 maiordomus
1766 1570 2020 1618 tyrannidem
2039 1568 2141 1606 libe-

1179 1622 1261 1660 rius
1282 1623 1475 1668 exercuit,
1496 1623 1702 1671 omniaque
1722 1634 1836 1660 sacra
1855 1625 1896 1660 et
1911 1622 2038 1660 civica
2057 1634 2140 1672 per-

1179 1676 1370 1720 turbavit,
1393 1678 1436 1713 ut
1450 1675 1553 1713 infra
1574 1676 1759 1714 dicemus.

1236 1729 1297 1766 19.
1320 1729 1483 1776 Synodi
1506 1729 1727 1767 Toletanae
1757 1729 1986 1766 VII-X—In
2005 1728 2144 1778 Hispa-

1181 1781 1245 1820 nia
1265 1794 1326 1820 an.
1347 1782 1426 1820 640
1445 1785 1532 1832 post
1562 1786 1730 1820 mortem
1751 1782 1947 1821 Chint-ilae
1974 1794 2142 1832 regnum

1181 1835 1333 1884 accepit
1362 1835 1504 1885 Tulga,
1534 1837 1617 1873 eius
1645 1836 1766 1882 filius,
1786 1847 1862 1884 quo
1891 1839 1979 1885 post
1995 1847 2140 1872 annum

1180 1889 1382 1936 regiminis
1413 1889 1475 1926 vel
1504 1889 1687 1927 defuncto
1718 1889 1795 1934 vel,
1826 1893 1869 1927 ut
1897 1889 1964 1927 alii
1993 1888 2142 1936 dicunt,

1180 1942 1371 1991 deposito,
1392 1954 1562 1991 regumn
1583 1942 1794 1991 capessivit
1822 1942 2140 1980 Chindasuintus.

1181 1995 1254 2032 Hic
1275 1996 1324 2032 ad
1341 1996 1632 2044 reprimendam
1651 2007 1855 2045 procerum
1871 1995 2086 2044 potentiam
2103 1997 2143 2034 et

1180 2048 1433 2086 ambitionem
1465 2049 1682 2086 severit-ate
1704 2060 1796 2086 usus
1822 2053 1892 2086 est.
1923 2049 2074 2086 Eadem
2093 2050 2141 2086 de

1179 2112 1297 2138 causa
1318 2114 1379 2139 an.
1401 2102 1478 2139 646
1507 2102 1711 2151 episcopos
1741 2113 1790 2139 ex
1812 2102 1998 2139 universo
2021 2113 2141 2151 regno

1178 2155 1414 2192 convocavit
1436 2155 1633 2201 Toletum,
1663 2155 1710 2191 de
1740 2155 1812 2202 his,
1833 2167 1935 2204 quae
1965 2155 2014 2192 ad
2042 2155 2140 2193 reli-

1179 2208 1334 2256 gionem
1356 2212 1396 2245 et
1416 2209 1700 2257 rempublicam
1723 2209 1984 2257 pertinebant,
2004 2211 2141 2246 matu-

1179 2272 1220 2297 ro
1254 2261 1413 2298 consilio
1448 2261 1743 2299 (haliberaturos.
1784 2262 1827 2299 In
1862 2262 1936 2299 hac
1975 2262 2140 2310 synodo,

1178 2326 1277 2362 quae
1299 2317 1359 2352 est
1379 2314 1571 2351 Toletana
1589 2315 1676 2361 VII,
1698 2314 1793 2353 editi
1809 2317 1902 2352 sunt
1916 2315 1941 2353 6
1957 2326 2138 2360 canones,

1175 2368 1312 2415 quibus
1342 2368 1659 2416 subscripserunt
1688 2368 1739 2406 28
1769 2368 1938 2418 episcopi
1959 2370 2000 2405 et
2021 2368 2068 2405 ll
2092 2380 2139 2404 a-

1176 2421 1318 2458 liorum
1340 2421 1471 2469 legati.
1497 2421 1537 2458 1Ο
1559 2423 1716 2459 Canone
1734 2421 2004 2470 conspirantes
2026 2421 2064 2458 in
2081 2432 2140 2459 re-

1178 2474 1236 2520 gis
1273 2478 1342 2511 aut
1378 2474 1529 2523 patriae
1564 2476 1776 2522 perniciem
1810 2477 2002 2524 perpetuo
2035 2486 2139 2512 ana-

1175 2528 1349 2564 themate
1371 2529 1620 2573 damnantur,
1641 2527 1685 2566 2⁰
1707 2528 1968 2578 praecipitur,
1999 2529 2042 2565 ut
2070 2539 2136 2566 sa-

1175 2581 1355 2626 cerdote,
1377 2581 1467 2617 dum
1491 2581 1658 2619 Sacrum
1681 2582 1873 2627 celebrat,
1903 2580 2137 2618 infirmitate

1174 2638 1376 2682 correpto,
1406 2634 1508 2670 alter
1537 2639 1716 2683 coeptum
1754 2635 1988 2673 sacrificium
2023 2645 2134 2671 com-

1177 2688 1305 2736 pleat.;
1327 2688 1369 2724 5⁰
1391 2687 1569 2724 monachi
1593 2689 1708 2737 vagi,
1739 2688 1876 2738 ignavi
1905 2691 1974 2726 aut
2003 2687 2137 2736 pravis

1175 2740 1347 2777 moribus
1381 2741 1632 2788 corriguntur
1665 2741 1686 2779 ¹.
1705 2743 1820 2779 Anno
1837 2741 1917 2780 652
1950 2740 2137 2778 defuncto

1174 2794 1454 2831 Chindasuinto
1487 2795 1676 2832 successit
1706 2795 1966 2833 Recesuintus
2003 2793 2138 2839 filius,

1176 2848 1250 2883 iam
1265 2851 1356 2883 ante
1373 2859 1395 2883 a
1414 2851 1521 2895 patre
1535 2859 1694 2886 consors
1714 2849 1824 2896 regni
1844 2848 1984 2892 factus,
1999 2858 2141 2896 regna-

1176 2902 1308 2948 vitque
1332 2912 1452 2948 usqne
1474 2900 1521 2936 ad
1543 2914 1603 2938 an.
1625 2902 1716 2939 672.
1740 2901 1812 2938 Hic
1826 2900 2018 2950 princeps
2033 2911 2137 2937 anno

1173 2955 1250 2991 1353
1280 2954 1515 2991 cmivocavit
1544 2955 1737 3002 synodum
1768 2954 2003 2991 Tolotanam
2039 2952 2137 2990 VIII

1173 3007 1233 3043 rui
1257 3006 1519 3043 interfuerunt
1536 3007 1587 3044 52
1605 3006 1786 3057 episcopi,
1808 3007 1856 3044 10
1873 3007 2051 3052 abbates,
2067 3017 2138 3043 rex

1173 3069 1206 3096 or
1243 3060 1372 3107 plures
1402 3071 1595 3108 proceres.
1627 3061 1784 3114 Etenim
1817 3061 1890 3098 hae
1920 3060 2138 3097 'I'oletanae

1207 3202 1213 3222 ¹
1238 3201 1352 3239 Labhe,
1373 3200 1492 3233 Concil.
1513 3204 1531 3231 ι.
1550 3201 1583 3238 V,
1603 3209 1630 3239 p.
1654 3199 1742 3230 1836.

2219 266 2241 347 „44

2190 2967 2211 3145 *empna-x
2192 2883 2206 2935 A'.
2200 2834 2207 2838 ‚
