2241 3473
639 168 765 199 VSQVE
794 169 847 196 AD
878 167 1029 195 OBITVM
1055 166 1086 195 S.
1115 167 1276 195 IOANNIS
1305 167 1495 195 APOSTOLI

67 237 168 274 trem
189 234 327 283 pietas,
341 233 442 271 mira
461 232 501 270 in
521 232 698 270 homines
712 232 882 270 charitas
905 230 929 277 ¹,
946 231 1022 268 hu-

69 287 229 332 militas,
251 287 375 324 omnis
389 286 664 325 ostentationis
679 297 724 323 ac
740 283 884 333 proprii
900 296 1011 332 quae-

67 344 153 380 stus
175 340 318 385 nescia,
339 339 559 376 obedientia
582 350 702 388 usque
722 338 769 375 ad
790 341 955 374 mortem
971 335 985 356 ²
1003 351 1012 384 3

68 393 259 444 patientia
279 397 398 441 atque
418 392 638 430 constantia
653 391 855 440 plusquam
872 390 1011 427 huma-

67 458 116 485 na
135 460 144 493 3
161 447 281 483 verbo
304 446 380 483 fuit
402 446 592 484 virtutum
613 444 785 482 omnium
810 443 1012 492 exemplar

68 499 399 538 absolutissimum
422 497 447 536 3.

119 553 207 591 Non
228 556 380 590 tantum
404 551 676 589 vaticiniorum
698 549 852 587 Veteris
871 549 1010 587 Testa—

66 607 184 644 menti
209 606 284 643 fido
307 617 398 643 usus
418 608 488 651 est,
506 607 547 642 ut
562 602 812 651 significaret,
829 604 1009 640 accurate

67 659 264 704 evenisse,
287 670 387 707 quae
417 659 462 695 de
490 669 531 694 se
561 659 619 694 tot
646 658 735 693 ante
756 655 923 694 saeculis
944 667 1011 704 per

66 715 178 750 vates
206 712 369 750 Iudaeos
397 711 553 748 fuerant
581 709 859 758 praenuntiata
878 707 915 754 ⁴,
943 709 1009 746 sed

67 765 177 804 novis
197 766 315 803 etiam
335 776 359 802 a
377 763 582 812 semetipso
603 762 714 800 editis
735 762 946 811 prophetiis
965 774 1010 799 o-

66 831 139 868 pus
165 830 279 856 suum
307 816 495 866 probavit.
526 816 586 853 Ita
614 815 859 853 inferendam
888 814 961 853 sibi
987 826 1010 851 a

66 870 221 910 Iudaeis
255 872 419 908 mortem
439 868 464 915 ⁵,
488 881 597 906 suam
618 881 641 906 a
661 868 824 906 mortuis
844 868 905 906 die
926 871 1008 906 ter-

66 925 122 962 tia
148 923 477 961 resurrectionem
507 920 543 967 ⁶,
568 922 881 971 persecutiones,
911 933 1009 970 quae

65 976 270 1026 Apostolos
298 975 580 1025 discipulosque
606 987 696 1013 suos
718 986 784 1023 pro
804 974 1009 1022 Evangelii

62 1030 231 1067 veritate
264 1030 473 1067 manebant
506 1027 541 1075 ⁷,
562 1029 668 1066 urbis
697 1031 737 1067 et
755 1027 891 1076 templi
914 1027 1009 1065 Hie-

62 1082 333 1132 rosolymitani
366 1083 630 1128 eversionem,
651 1081 798 1120 Iudaici
827 1080 956 1130 populi
986 1092 1009 1118 a

61 1136 188 1185 patrio
204 1137 284 1174 solo
301 1136 568 1174 disiectionem
585 1138 625 1173 et
639 1135 751 1185 regni
766 1134 961 1172 excidium
981 1131 1009 1180 ⁸,

63 1189 122 1227 sui
134 1201 225 1227 vero
237 1190 360 1238 regni,
375 1189 472 1227 idest
481 1188 681 1226 Ecclesiae
690 1188 1009 1238 propagationem

63 1245 105 1280 et
131 1246 359 1292 perpetuam
388 1242 632 1281 durationem
663 1240 691 1290 ⁹,
720 1241 1010 1280 distinctissime

63 1295 268 1345 praedixit.

116 1348 309 1387 Miracula
324 1353 448 1387 autem
461 1349 634 1398 patravit
653 1348 949 1399 quamplurima.
965 1347 1009 1385 In

63 1401 168 1440 Cana
188 1402 386 1441 Galilaeae
399 1433 409 1450 ,
428 1415 544 1452 quum
566 1403 699 1441 vinum
718 1402 755 1439 in
776 1401 923 1450 nuptiis
943 1401 1009 1438 de-

63 1454 219 1502 ficeret,
247 1467 389 1505 aquam
417 1456 644 1494 immutavit
670 1457 709 1494 in
730 1456 862 1493 vinum
890 1454 919 1476 ¹⁰
939 1464 948 1501 ;
968 1454 1007 1491 in

65 1508 216 1547 deserto
236 1510 407 1558 quinque
429 1510 592 1559 panibus
607 1512 647 1547 et
661 1508 855 1559 pisciculis
874 1507 1008 1557 paucis

65 1561 237 1611 quinque
268 1563 464 1600 hominum
495 1563 618 1601 millia
647 1562 808 1601 satiavit
827 1559 878 1609 ¹¹3
900 1573 1009 1598 mor-

63 1618 172 1653 tuam
201 1616 293 1653 Ia'iri
321 1616 625 1665 archisynagogi
654 1616 775 1654 filiam
804 1614 835 1636 ¹²
855 1644 864 1659 ,
883 1614 1008 1652 filium

65 1668 207 1706 viduae
235 1668 455 1716 Na'imitae,
484 1670 549 1720 qui
580 1669 785 1707 defunctus
814 1667 1008 1706 effereba—

65 1723 130 1758 tur
150 1719 199 1768 ¹³,
226 1725 265 1760 et
284 1723 472 1760 Lazarum
490 1723 570 1761 iam
593 1723 722 1760 triduo
753 1721 948 1771 sepultum
979 1720 1007 1743 ¹⁴

65 1774 113 1811 ad
143 1775 263 1813 vitam
295 1776 521 1823 revocavit3
543 1776 667 1813 omnis
687 1775 838 1825 generis
858 1775 1009 1812 morbos

63 1826 182 1864 solius
203 1828 311 1866 verbi
340 1829 500 1878 imperio
529 1829 683 1867 curavit
713 1828 763 1875 ¹⁵,
793 1829 916 1866 caecis
948 1827 1010 1865 vi-

65 1891 150 1917 sum
172 1878 212 1928 ¹⁶,
229 1881 356 1919 surdis
376 1882 552 1919 auditum
570 1880 612 1928 ¹⁷,
627 1882 745 1919 mutis
764 1881 954 1930 loquelam
969 1879 1012 1927 18,

65 1932 211 1971 claudis
247 1946 422 1984 gressum
451 1933 479 1955 19
507 1935 690 1972 restituit.
720 1935 825 1972 Haec
861 1937 900 1971 et
933 1933 1009 1972 alia

63 1986 174 2035 plura
203 1987 392 2025 miracula
420 2000 497 2025 non
518 1988 619 2025 clam
640 1991 679 2026 et
697 1988 736 2025 in
757 1986 982 2025 abscondito
1000 2017 1009 2033 ,

61 2039 128 2077 sed
148 2040 279 2088 palam
299 2044 339 2078 et
357 2053 486 2078 coram
503 2041 625 2079 turbis
642 2039 889 2090 congregatis
905 2040 1007 2078 fecit.

63 2092 122 2130 Ea
140 2092 232 2131 fecit
251 2097 291 2132 et
311 2094 488 2132 adhibuit
506 2094 546 2132 in
566 2094 902 2132 confirmationem
922 2093 1007 2131 mis-

63 2144 180 2184 sionis
194 2159 288 2186 suae
303 2150 420 2196 atque
441 2147 648 2186 doctrinae.
670 2148 768 2197 Ipsa
783 2159 921 2197 opera,
941 2147 1007 2194 ait,

64 2210 171 2248 quae
202 2212 272 2249 eqo
308 2202 436 2250 facio,
480 2203 760 2239 testimonium
786 2200 1011 2250 perhibent

64 2252 113 2289 de
132 2265 212 2299 me,
229 2255 331 2303 quia
351 2255 480 2292 Pater
498 2256 615 2292 misit
630 2255 783 2293 me...Sz'
798 2253 907 2292 mihi
923 2265 1008 2292 non

64 2307 192 2344 vultis
211 2308 387 2353 credere,
407 2309 598 2358 operibus
617 2309 768 2346 credite
781 2303 825 2346 2⁰.

119 2400 129 2421 ¹
147 2400 214 2433 Act.
231 2402 265 2440 X,
283 2400 331 2433 38.

118 2440 133 2462 Ξ
147 2440 197 2472 Ad
211 2441 324 2482 Philip.
343 2443 383 2481 11,
395 2443 423 2475 8.

118 2481 133 2504 ³
149 2484 230 2514 Ioan.
247 2484 326 2521 XIII,
344 2484 391 2516 15.

119 2525 134 2547 ⁴
151 2525 231 2556 Ioan.
245 2525 278 2563 V,
295 2525 343 2557 39.

119 2566 135 2630 Ξ
149 2566 255 2638 fflagth.
271 2567 305 2604 X,
323 2567 398 2605 XVI,
415 2568 514 2608 XVII;
531 2569 599 2600 Luc.
613 2568 701 2599 XVII.

184 2617 191 2638 ι
217 2632 222 2637 .

119 2649 134 2671 7
150 2648 253 2680 Matth.
270 2649 369 2681 XXIV.

119 2690 134 2713 8
150 2690 223 2721 ibid.
241 2692 270 2721 et
286 2692 378 2722 Marc.
394 2691 482 2731 xm3
498 2693 567 2723 Luc.
585 2691 664 2724 XXI.

120 2732 136 2754 ⁹
150 2732 258 2763 matth.
275 2732 349 2771 XVI,
364 2733 466 2772 XXIV,
485 2733 616 2765 XXVIII.

107 2773 391 2811 ¹010an.11,1-11.

107 2814 131 2836 ¹¹
149 2815 252 2846 Matth.
277 2815 386 2855 XXIV,
410 2814 462 2855 14;
487 2817 578 2848 Marc.
602 2816 657 2856 v1,
686 2816 741 2854 35;
770 2817 838 2849 Luc.
861 2816 923 2857 IX,
953 2816 1007 2857 12;

67 2856 148 2888 Ioan.
166 2856 214 2895 VI,
233 2855 278 2888 10Δ

106 2896 134 2919 ¹2
149 2898 253 2929 Matth.
270 2898 322 2936 IX,
340 2896 387 2929 18.

105 2939 134 2962 ¹³
149 2939 219 2971 Luc.
235 2939 298 2976 VII,
316 2938 363 2970 11.

105 2980 132 3002 ¹⁴
149 2980 232 3011 Ioan.
249 2981 300 3017 XI,
317 2980 401 3011 1-45.

104 3021 132 3044 ¹5
148 3022 251 3054 Matth.
266 3022 330 3061 VII,
344 3023 398 3060 IX3
415 3023 507 3054 Marc.
525 3022 553 3061 1;
577 3023 646 3054 Luc.
662 3023 736 3063 XIV,
751 3024 846 3063 XVII;
862 3024 943 3057 Ioan.
959 3024 1007 3057 IV.

105 3062 133 3085 ¹⁶
148 3064 250 3094 Matth.
266 3063 318 3101 IX,
334 3064 397 3103 XII,
413 3065 482 3103 XX;
498 3066 589 3096 Mare.
606 3064 684 3096 VIII.
717 3091 722 3096 .

105 3103 133 3126 ¹⁷
148 3105 241 3136 Marc.
259 3105 323 3137 VII.

104 3144 133 3168 ¹⁸
148 3145 251 3177 Matth.
267 3146 319 3185 lx,
335 3146 400 3178 XII.

108 3184 134 3208 ¹⁹
149 3187 253 3219 Matth.
270 3188 331 3221 XV.

105 3225 136 3251 2⁰
150 3228 253 3261 Matth.
270 3229 327 3270 XI;
342 3230 414 3263 Luc.
430 3230 524 3270 XVII;
539 3231 620 3263 Ioan.
638 3230 670 3269 V,
685 3230 719 3269 X,
736 3231 783 3262 XI.

1915 157 1940 197 5

1105 231 1247 269 Divina
1266 232 1398 281 itaque
1418 232 1508 269 sunt
1528 243 1572 268 ac
1602 231 1806 269 verissima
1824 231 1993 270 Christi-

1054 284 1142 322 Iesu
1164 285 1307 331 missio,
1328 285 1505 323 doctrina
1524 286 1563 323 et
1583 284 1748 333 Religio,
1768 286 1828 322 tot
1848 285 1994 323 confir-

1055 340 1159 375 mata
1175 338 1391 385 vaticiniis,
1420 341 1553 387 totque
1582 338 1744 387 probata
1774 337 1994 385 miraculis3

1053 390 1148 427 haec
1173 391 1295 437 enim,
1315 404 1434 441 quum
1465 392 1658 430 humanae
1686 392 1851 429 naturae
1889 391 1993 429 vires

1053 447 1250 492 superent,
1271 447 1309 482 et
1320 445 1437 483 solius
1450 445 1520 482 Dei
1533 445 1682 483 virtute
1693 443 1826 494 perfici
1838 443 1994 494 possint,

1053 495 1091 532 in
1130 496 1460 535 confirmationem
1493 498 1639 536 erroris
1675 497 1758 535 fieri
1788 499 1995 546 nequeunt,

1053 549 1142 598 quin
1172 550 1255 599 ipsa
1283 550 1352 588 Dei
1381 551 1596 599 sanctitas,
1616 551 1768 589 bonitas
1796 552 1835 588 et
1863 550 1996 599 provi·
2049 567 2053 571 ·

1053 603 1185 640 dentia
1205 604 1456 641 destruantur
1473 602 1496 642 ¹.

1104 656 1140 694 8.
1162 656 1319 694 Εἰθοίιό
1337 657 1628 706 Apostolorum
1640 656 1858 696 —Interim
1880 655 1996 694 Chri-

1051 710 1156 746 stum
1184 710 1474 758 praedicantem
1505 712 1739 759 sequebatur
1769 710 1889 748 turba
1909 709 1990 759 plu-

1054 761 1164 807 rima,
1184 763 1231 800 ob
1251 774 1408 812 operum
1431 763 1514 801 eius
1538 764 1845 813 magnitudinem
1867 767 1995 812 stupo-

1053 827 1095 852 re
1124 816 1301 854 attonita.
1326 816 1477 866 Selegit
1496 819 1630 854 autem
1652 817 1754 855 viros
1775 815 1975 854 duodecim
1989 845 1999 862 ‚

1052 879 1146 916 quos
1166 869 1380 908 nominavit
1403 870 1631 919 Apostolos,
1656 871 1853 908 Simonem
1885 881 1997 907 nem-

1052 933 1116 970 pe,
1136 933 1250 970 quem
1272 923 1427 960 vocavit
1446 923 1596 971 Cephas
1617 935 1686 961 seu
1707 924 1868 960 Petrum
1882 953 1891 970 ,
1913 922 1998 960 An-

1053 975 1186 1012 dream
1206 975 1372 1014 Simonis
1389 976 1564 1023 fratrem,
1585 976 1818 1025 Philippum,
1838 976 1999 1014 Bartho-

1053 1028 1243 1066 lomaeum
1257 1058 1266 1075 ,
1286 1030 1467 1067 Iacobum
1487 1032 1526 1068 et
1547 1031 1728 1067 Ioannem
1758 1029 1855 1067 filios
1874 1029 1998 1066 Zebe-

1053 1081 1137 1119 daei
1156 1111 1166 1128 ,
1195 1082 1385 1120 Thomam
1403 1113 1412 1130 ,
1432 1083 1675 1121 Matthaeum
1692 1113 1702 1130 ,
1722 1083 1904 1120 Iacobum
1924 1081 1997 1120 Al-

1052 1135 1165 1184 phaei
1184 1135 1304 1173 filium
1317 1166 1325 1182 ,
1346 1137 1542 1175 SImonem
1563 1137 1840 1175 Chananaeum
1861 1147 1999 1184 cogno-

1054 1190 1184 1226 mento
1203 1189 1395 1237 Zelotem,
1415 1190 1551 1228 Iudam
1571 1189 1668 1228 alias
1689 1189 1939 1227 Thaddaeum
1959 1190 2000 1226 et

1053 1241 1187 1279 Iudam
1213 1242 1437 1281 Iscariotem
1452 1242 1477 1281 ²².
1500 1244 1580 1282 Hos
1597 1243 1799 1281 duodecim
1815 1243 1861 1280 de
1878 1253 1998 1291 regno

1052 1306 1135 1342 suo,
1156 1296 1342 1343 Ecclesia,
1365 1297 1618 1346 peculiariter
1640 1296 1841 1343 instruxit,
1864 1307 1928 1333 eos
1951 1307 1998 1332 u-

1055 1347 1200 1386 niversi
1222 1350 1326 1387 orbis
1347 1351 1523 1388 doctores
1543 1350 1732 1394 instituit3
1751 1349 1842 1399 ipsis
1861 1348 1900 1386 in
1921 1348 1999 1386 Ec-

1053 1402 1170 1439 clesia
1187 1415 1255 1441 sua
1271 1403 1495 1451 ministerii,
1514 1403 1714 1453 regiminis
1728 1406 1767 1441 et
1782 1401 1999 1451 magisterii

1055 1457 1289 1503 potestatem
1309 1458 1497 1506 promisit,
1519 1462 1558 1496 et
1577 1459 1708 1506 postea
1729 1455 1913 1503 contulit;
1933 1466 1997 1493 eos

1054 1509 1358 1557 praedicationis
1379 1523 1471 1548 suae
1491 1510 1713 1549 individuos
1733 1510 1895 1548 comites
1916 1519 1999 1545 esse

1055 1561 1202 1610 voluit,
1223 1565 1267 1601 ut
1295 1576 1428 1602 eorum
1457 1576 1556 1614 quae
1585 1565 1746 1602 docebat
1775 1566 1815 1601 et
1843 1561 1997 1611 agebat,

1053 1616 1156 1653 omni
1177 1619 1375 1655 terrarum
1396 1618 1477 1656 orbi
1495 1618 1762 1656 testimonium
1778 1616 1998 1654 redderent:

1053 1669 1189 1706 Eritis
1208 1671 1314 1708 mihi
1335 1677 1449 1709 testes
1470 1673 1516 1709 in
1528 1672 1810 1709 Ierusalemet
1827 1672 1870 1707 z'n
1884 1669 2002 1705 omm'

1053 1722 1212 1760 Iudaea
1236 1729 1278 1761 et
1304 1724 1500 1762 Samaria
1521 1730 1563 1762 et
1580 1737 1708 1774 usque
1727 1725 1782 1762 ad
1802 1723 1999 1762 ultimum

1056 1780 1189 1814 terrae
1205 1774 1231 1815 ³.

1103 1829 1228 1867 Erant
1254 1831 1282 1868 ii
1312 1830 1418 1868 nulla
1446 1831 1598 1881 generis
1633 1830 1812 1869 claritate
1831 1861 1840 1878 ,
1869 1844 1994 1881 neque

1050 1883 1280 1930 conditione,
1301 1884 1450 1933 opibus,
1471 1884 1654 1931 scientiis,
1673 1884 1876 1923 artibusve
1897 1898 1993 1924 con-

1051 1934 1184 1983 spicui,
1205 1937 1274 1974 sed
1294 1938 1510 1986 piscatores
1530 1939 1570 1975 et
1589 1938 1798 1986 publicani.
1815 1939 1922 1989 Ipsos
1943 1942 2000 1977 ta-

1051 1999 1139 2025 men
1158 1989 1199 2026 in
1219 1991 1422 2040 Apostolos
1442 2003 1531 2029 suos
1552 1991 1693 2041 elegit,
1709 2004 1774 2039 ne,
1795 1994 1837 2030 ut
1856 1993 1993 2031 obser-

1050 2044 1118 2079 vat
1146 2054 1174 2080 s.
1201 2043 1477 2092 Ambrosius⁴‚
1504 2045 1671 2083 traxisse
1700 2045 1918 2095 prudentia,
1945 2058 1993 2084 ne

1049 2095 1259 2135 redemisse
1279 2097 1438 2144 divitiis,
1458 2110 1507 2136 ne
1527 2099 1712 2148 potentia,
1731 2098 1870 2137 aliisve
1890 2099 1992 2138 simi—

1046 2146 1148 2186 libus
1168 2149 1349 2189 allexisse
1370 2151 1519 2201 aliquos
1539 2153 1588 2190 ad
1607 2153 1777 2201 gratiam
1801 2164 1911 2191 suam
1931 2153 1990 2191 vi-

1048 2201 1224 2251 deretur,
1247 2207 1291 2242 ut
1308 2204 1484 2244 veritatis
1504 2206 1614 2253 ratio,
1631 2218 1704 2243 non
1721 2206 1995 2256 disputationis

1049 2266 1169 2294 causa
1197 2259 1464 2307 praevaleret,
1485 2262 1528 2297 ut
1548 2258 1695 2297 fructus
1722 2271 1856 2297 eorum
1874 2259 1995 2298 mini-

1047 2309 1155 2347 sterii
1175 2322 1250 2348 non
1270 2312 1448 2350 humanis
1467 2313 1650 2360 consiliis,
1665 2313 1731 2350 sed
1751 2313 1819 2351 soli
1837 2313 1992 2352 divinae

1050 2361 1189 2401 virtuti
1218 2365 1386 2403 adscribi
1415 2368 1580 2415 possent.
1608 2367 1772 2404 Praeter
1792 2367 1993 2405 duodecim

1050 2416 1252 2465 Apostolos
1280 2418 1395 2469 elegit
1420 2420 1605 2458 Dominus
1625 2419 1721 2458 alios
1741 2419 1990 2470 septuaginta

1049 2472 1143 2510 duos
1162 2471 1396 2521 Discipulos,
1419 2484 1515 2522 quos
1533 2484 1603 2522 per
1621 2485 1773 2511 omnem
1794 2474 1989 2520 Iudaeam,

1048 2536 1124 2574 quo
1153 2527 1240 2563 erat
1267 2525 1347 2575 ipse
1376 2528 1582 2574 venturus,
1611 2527 1812 2574 mittebat,
1832 2528 1874 2565 ut
1893 2526 1995 2564 Mes·

1049 2579 1130 2617 siae
1154 2579 1367 2616 adventum
1391 2579 1682 2627 annuntiarent,
1704 2580 1863 2628 eiusque
1884 2591 1992 2629 prae-

1050 2631 1231 2670 dicationi
1250 2634 1291 2670 et
1306 2632 1520 2682 Evangelio
1542 2633 1644 2671 viam
1664 2634 1849 2682 pararent
1863 2631 1889 2671 ⁵.

1102 2685 1138 2723 9.
1158 2684 1251 2724 Iesu
1276 2686 1627 2736 Chrz’stz'passz‘oet
1639 2698 1749 2724 mors
1768 2685 1851 2736 (an.
1872 2683 1994 2736 33)-

1050 2738 1283 2776 Iudaeorum
1311 2740 1494 2787 seniores,
1522 2740 1764 2787 sacerdotes,
1780 2740 1936 2778 Scribae
1956 2741 1996 2778 et

1052 2792 1254 2829 Pharisaei
1273 2792 1333 2830 ira
1353 2793 1394 2830 in·
1412 2793 1606 2831 Christum
1627 2793 1784 2842 perciti,
1803 2793 1906 2842 quod
1925 2804 1991 2830 eo·-

1050 2856 1136 2882 rum
1165 2845 1363 2884 licentiam
1392 2848 1432 2884 et
1459 2846 1677 2884 sanctitatis
1705 2846 1992 2886 simulationem

1091 2983 1102 3006 ¹
1120 2985 1157 3016 Cf
1175 2985 1329 3026 Stolberg,
1341 2983 1525 3019 Geschichte
1540 2983 1596 3017 der
1612 2984 1754 3027 Religion
1766 2986 1788 3019 Ι.
1803 2985 1844 3027 0.,
1859 2987 1882 3019 V
1898 2987 1992 3026 Band3

1050 3026 1204 3107 {gp-{ligra
1220 3025 1335 3099 tTrpffici
1350 3027 1526 3068 historique
1541 3029 1572 3059 et
1586 3027 1788 3070 doymatique
1803 3029 1841 3061 de
1858 3028 1889 3061 la
1904 3029 1993 3061 vraie

1090 3108 1104 3129 2
1119 3109 1222 3139 matth.
1238 3109 1280 3147 X;
1296 3111 1391 3142 Marc.
1408 3110 1470 3150 111;
1486 3111 1557 3144 Luc.
1574 3110 1620 3142 v1.

1093 3149 1107 3170 3
1122 3150 1190 3181 Act.
1208 3150 1231 3187 I,
1247 3149 1275 3181 8.

1091 3191 1105 3214 ⁴
1122 3191 1157 3222 In
1172 3199 1199 3223 c.
1219 3190 1257 3225 Vl
1273 3191 1345 3225 Luc.

1090 3233 1105 3256 5
1120 3234 1191 3265 Luc.
1205 3234 1238 3264 X.
