2241 3473
255 130 330 169 144

199 206 430 243 criminibus
446 213 686 253 oppressum,
702 201 750 238 ab
765 199 952 249 episcopis
967 198 1153 236 Constan-

198 259 358 308 tinopoli
388 256 649 306 congregatis,
673 253 812 301 deponi
843 252 956 289 iussit
975 253 1016 288 et
1035 251 1152 288 exilio

197 311 414 348 damnavit.⁴
432 310 475 346 In
487 309 621 345 locum
638 305 843 354 Euphemii
860 304 1064 341 ordinatus
1079 304 1154 341 fuit

197 362 460 407 Macedonius,
472 363 510 397 et
524 361 604 408 ipse
616 358 858 395 orthodoxae
870 357 960 394 fidei
969 358 1153 403 sectator,

199 429 222 454 a
242 416 327 452 RR.
358 417 490 451 tamen
509 411 763 449 Pontificibus
780 410 819 446 in
840 409 1154 447 communionem
1173 433 1175 438 -

199 480 273 505 non
286 467 486 512 admissus,
500 465 598 513 quod
612 475 753 500 nomen
762 463 895 499 Aeacii
906 462 946 498 in
959 462 1152 511 diptychis

200 519 469 557 conservabat,
505 517 548 553 ln
581 517 671 554 sede
705 516 952 553 Antiochena
986 527 1048 552 an.
1076 515 1153 553 498

199 571 377 610 Palladio
398 569 586 607 successit
605 569 820 606 Flavianus
841 568 1094 613 orthodoxus3
1114 568 1152 604 in

197 623 463 662 Alexandrina
483 634 578 659 vero
599 634 661 659 an.
684 621 762 658 496
781 621 1035 658 Anastasium
1055 621 1153 657 hae-

196 676 364 714 reticum
386 675 542 724 excepit
562 675 725 712 Ioannes
746 673 852 711 Mela
873 672 1107 719 haereticus.

248 730 362 766 Anno
383 729 459 766 497
480 728 715 765 Anastasius
737 727 807 775 Pp.
829 727 866 763 II
897 738 1018 763 novos
1051 726 1154 775 lega-

196 783 256 819 tos
276 793 364 818 cum
385 781 526 819 litteris
544 779 922 828 Constantinopolim
939 779 1155 816 destinavit

195 846 264 883 pro
291 824 538 871 restitiienda
550 833 816 871 Ecclesiarum
839 832 1058 878 concordia,
1087 831 1154 868 sed

196 887 292 924 nihil
320 887 504 924 effectum
524 889 594 924 est.
615 887 836 934 Imperator
849 915 858 931 ,
879 885 1007 922 factus
1037 887 1152 933 petu-

194 939 339 977 lantior
353 970 362 985 ,
384 951 486 976 anno
516 939 595 978 503
624 941 762 976 contra
781 938 1062 988 Symmachum
1083 937 1153 985 Pp.

196 992 380 1041 vulgavit
410 992 587 1030 libellum
609 991 796 1029 conviciis
825 991 1002 1040 plenum,
1022 1002 1045 1028 a
1065 990 1154 1039 qui-

196 1046 266 1082 bus
296 1045 483 1082 Pontifex
512 1057 552 1083 se
584 1044 801 1082 vindicavit
841 1043 1086 1092 apologetica
1105 1043 1154 1080 ad

195 1098 474 1147 imperatorem
493 1098 669 1147 epistola.
683 1098 720 1134 Is
742 1109 836 1134 vero
857 1096 1070 1145 composito
1090 1107 1154 1132 an-

195 1163 244 1188 no
259 1152 338 1189 505
359 1163 447 1188 cum
463 1151 595 1188 Persis
625 1150 748 1196 bell0,
770 1150 914 1197 ubique
944 1148 1153 1186 concilium

197 1204 512 1242 Chalcedonense
540 1205 734 1252 abrogare
762 1203 946 1240 tentavit.
979 1203 1155 1249 Impera-

194 1256 272 1294 tori
293 1260 494 1306 potentem
514 1268 626 1305 opem
653 1256 879 1305 praestabat
901 1256 1066 1292 Ioannes
1086 1254 1152 1291 Ni-

197 1312 337 1356 ceotes,
367 1322 429 1347 an.
461 1310 539 1347 505
570 1309 698 1347 factus
724 1308 949 1357 patriarcha
974 1307 1154 1344 Alexan-

197 1363 348 1409 drinus3
370 1362 581 1400 resistebat
600 1374 694 1399 vero
716 1361 971 1398 Macedonius
991 1359 1156 1408 patriar-

196 1415 269 1452 cha
299 1416 380 1464 Cp.,
407 1427 522 1463 quem
548 1416 634 1452 ideo
655 1415 869 1463 imperator
895 1424 995 1450 anno
1017 1412 1092 1449 511
1116 1412 1154 1448 in

196 1468 361 1505 exilium
397 1468 524 1514 misit,
552 1471 592 1505 et
625 1468 664 1504 in
705 1467 788 1504 eius
817 1467 947 1503 locum
981 1464 1155 1502 ordinari

195 1520 311 1558 iussit
340 1521 601 1567 Timotheum,
624 1520 820 1557 infensum
858 1518 1155 1556 Chalcedonen-

196 1573 248 1612 sis
269 1573 425 1611 concilii
446 1574 610 1611 hostem.
632 1574 731 1611 Cum
751 1584 853 1609 anno
874 1573 1061 1619 sequente
1082 1572 1156 1607 im-

195 1629 355 1676 perator
374 1627 537 1675 trisagio
556 1627 646 1663 addi
668 1626 892 1663 mandasset
917 1625 998 1665 Qui
1016 1625 1155 1661 cruci-

195 1681 311 1728 fiaeus
332 1691 372 1716 es
386 1691 465 1728 pro
485 1680 600 1716 nobis
614 1679 640 1726 ¹,
657 1677 999 1725 Constantinopoli
1020 1677 1155 1714 caedi-

197 1734 268 1771 bus
297 1736 338 1770 et
366 1733 556 1781 incendiis
584 1745 745 1770 causam
783 1731 976 1782 praebuit.
1008 1730 1156 1767 Eodem

198 1798 314 1831 anno,
345 1786 523 1833 relegato
552 1785 758 1832 Flaviano,
780 1787 819 1822 in
851 1784 982 1821 sedem
1012 1783 1157 1821 Antio—

198 1840 363 1876 chenam
392 1838 554 1875 intrusit
582 1838 745 1887 impium
775 1839 967 1876 Severum
997 1838 1157 1885 propter

198 1892 389 1929 haeresim
431 1902 543 1928 suam
582 1892 819 1929 monasterio
858 1889 1028 1926 eiectum
1045 1919 1054 1934 ,
1092 1889 1156 1937 qui

199 1946 361 1982 cruento
382 1944 496 1981 modo
518 1944 738 1981 Catholicos
759 1942 990 1992 praesertim
1016 1953 1156 1978 mona-

198 1998 290 2034 chos
319 1997 533 2034 insectatus
554 1999 624 2034 est.
647 1997 772 2034 Eliam
801 2007 953 2045 quoque
974 1994 1155 2031 Hieroso-

197 2050 458 2099 lymitanum,
488 2050 661 2098 aliosque
700 2050 895 2087 antistites
913 2078 922 2093 ,
951 2047 1158 2084 concilium

199 2103 517 2141 Chalcedonense
553 2103 739 2140 damnare
776 2102 974 2146 nolentes,
1002 2099 1158 2146 deiecit,

200 2157 300 2194 unde
330 2155 588 2205 gravissimae
609 2156 749 2193 turbae
770 2159 808 2193 et
829 2155 967 2192 caedes
987 2153 1026 2190 in
1048 2153 1157 2190 mul-

198 2209 249 2247 tis
270 2209 364 2247 locis
385 2212 546 2246 secutae
567 2212 670 2246 sunt.

243 2262 374 2304 Quum
396 2273 499 2299 anno
521 2262 597 2299 514
620 2262 847 2299 Vitalianus
868 2260 1060 2309 magister
1082 2258 1157 2295 mi-

198 2315 330 2361 litum,
350 2315 399 2352 ad
428 2314 681 2352 vindicandos
719 2314 942 2352 Catholicos
972 2311 1157 2350 rebellio-

200 2380 290 2405 nem
316 2368 540 2415 excitasset,
560 2368 795 2405 Anastasius
826 2366 1072 2416 perterritus,
1092 2365 1156 2401 iu-

197 2421 409 2458 reiurando
430 2421 699 2469 spopondit,se
721 2421 859 2458 exules
879 2419 1080 2468 episcopos
1101 2429 1158 2454 re-

199 2477 434 2512 vocaturum
455 2477 494 2511 et
514 2476 821 2511 convocaturum
852 2472 1056 2509 concilium
1085 2483 1157 2520 ge—

200 2527 344 2573 nerale,
365 2528 404 2564 in
426 2538 514 2574 quO,
530 2527 708 2575 praeside
729 2527 777 2563 R.
801 2525 1017 2571 Pontifice,
1038 2536 1158 2562 causa

199 2580 309 2617 Fidei
331 2583 370 2617 et
389 2580 599 2617 concordia
619 2580 871 2617 ecclesiarum
894 2578 1155 2616 restitueren-

198 2637 276 2670 tur.
322 2633 468 2682 Reipsa
506 2633 659 2671 litteras
706 2633 754 2670 ad
795 2632 1045 2669 Hormisdam
1086 2632 1154 2679 Pp.

199 2686 365 2734 scripsit,
405 2689 445 2723 ct
484 2686 711 2734 aliquandiu
747 2697 836 2722 cum
876 2684 1067 2721 Pontifice
1107 2684 1152 2721 de

201 2739 405 2776 concordia
421 2740 596 2777 tractare
616 2739 724 2776 visus
743 2742 812 2776 est.
830 2739 882 2774 At
900 2738 1071 2785 perfidus
1087 2736 1154 2773 im-

199 2795 357 2840 perator
383 2804 511 2829 moras
541 2792 679 2837 traxit,
706 2791 923 2840 amotisque
954 2789 1151 2838 periculis,

200 2845 305 2892 pacis
321 2845 596 2882 tractationem
617 2845 771 2891 abiecit,
795 2847 946 2888 cuncta,
969 2854 1068 2891 qnae
1090 2854 1151 2879 an-

200 2900 264 2934 tea
286 2898 532 2945 promiserat,
552 2898 712 2947 sprevit,
729 2901 768 2935 et
785 2898 832 2934 ad
850 2898 1013 2934 mortem
1035 2907 1154 2943 usque

199 2950 311 2999 (518)
328 2951 544 2987 catholicae
561 2951 650 2989 fidei
671 2954 711 2988 et
727 2949 1053 2989 Chalcedonensis
1069 2960 1155 2985 con-

200 3003 278 3040 cilii
300 3015 340 3041 se
363 3004 512 3040 hostem
533 3004 727 3053 professus
749 3006 807 3042 est
827 3002 854 3041 ².

242 3141 250 3161 ¹
268 3141 331 3172 vm.
350 3152 378 3181 p.
400 3141 511 3173 ¹38.-
528 3141 542 3162 ‘2
560 3143 669 3181 Evagr.
685 3142 766 3173 [list.
780 3142 854 3174 eccl.
872 3143 890 3174 1.
910 3142 967 3179 111;
988 3141 1148 3172 Theodor.

202 3184 222 3214 l.
245 3183 279 3220 ΙΙ;
304 3184 416 3223 Lubbe,
433 3187 452 3215 t.
472 3184 516 3221 lv,
534 3193 563 3223 p.
581 3183 727 3215 llssl-ssss.

723 137 880 164 EPOCHA
908 136 962 163 IV.
992 136 1020 162 A
1046 134 1143 161 FINE
1171 134 1333 162 IMPERII
1361 134 1646 162 OCCIDENTALIS

1250 199 1313 236 11.
1332 199 1541 237 Ecclesiae
1554 199 1690 237 status
1705 201 1752 238 z’n
1766 200 1917 248 Africa
1929 200 2035 238 —In
2052 199 2158 238 Afri-

1195 263 1242 288 ca
1261 263 1350 300 pax,
1371 263 1490 300 quam
1506 263 1569 289 an.
1587 253 1665 290 484
1683 253 1984 299 Guntabundus,
2001 253 2158 291 Vanda-

1195 303 1323 341 lorum
1338 316 1424 350 rex,
1446 304 1660 342 Catholicis
1685 306 1912 344 reddiderat
1935 306 1961 351 ¹,
1991 318 2054 343 an.
2079 306 2157 343 496

1195 368 1334 395 rursus
1357 358 1590 406 perturbata
1613 357 1700 395 fuit.
1728 358 2024 396 Trasamundus
2040 358 2156 405 enim,

1196 410 1451 447 Guntabundi
1466 422 1678 456 successor,
1693 412 1800 448 totus
1814 410 1995 448 incubuit
2009 410 2049 447 in
2069 412 2161 448 abo-

1195 462 1352 499 lendam
1372 463 1488 500 fidem
1506 464 1761 507 catholicam;
1781 463 1985 511 promissis
2000 463 2153 505 honori-

1194 515 1289 561 bus,
1319 515 1484 564 aliisque
1512 516 1662 553 artibus
1687 515 1906 553 Catholicos
1927 517 1976 553 ad
1997 517 2155 554 arianas

1195 570 1325 616 partes
1346 569 1577 616 pertrahere
1597 568 1789 614 tentavit3
1813 568 1938 605 vetuit
1957 568 2090 615 etiam,
2106 581 2155 606 ne

1194 632 1263 669 pro
1293 621 1528 658 vacantibus
1549 621 1844 658 Catholicorum
1865 621 2042 659 ecclesiis
2062 622 2156 659 novi

1196 673 1392 711 antistites
1430 674 1723 711 ordinarentur.
1752 674 1880 715 Quum
1914 676 2048 711 autem
2087 674 2157 711 ini-

1195 737 1313 774 quam
1328 727 1428 764 hanc
1446 727 1574 775 legem
1594 726 1762 775 episcopi
1782 726 1964 764 catholici
1980 738 2057 764 non
2071 738 2157 765 ser-

1197 781 1348 825 varent,
1369 791 1439 817 rex
1459 791 1488 817 s.
1511 780 1769 829 Fulgentium
1790 780 2038 828 Ruspensem
2057 781 2098 817 et
2120 791 2158 817 a·

1195 831 1267 869 lios
1297 832 1464 880 amplius
1501 833 1580 870 200
1610 833 1812 882 episcopos
1848 832 1889 869 in
1918 832 2155 880 Sardiniam,

1196 885 1391 933 relegavit
1420 896 1633 934 eorumque
1663 886 1846 923 ecclesias
1873 885 2004 922 claudi
2023 887 2092 922 aut
2111 897 2158 923 a-

1195 938 1317 975 rianis
1339 938 1424 975 dari
1452 938 1575 975 iussit.
1606 939 1777 976 Duravit
1810 938 1906 975 haec
1933 938 2157 987 persecutio

1196 1002 1320 1038 usque
1336 990 1385 1027 ad
1403 1002 1550 1028 annum
1571 991 1649 1028 523
1666 991 1692 1028 ².

1252 1044 1311 1081 12.
1334 1044 1569 1092 Rele'yz'om's
1589 1048 1724 1081 status
1741 1044 1785 1080 in
1805 1043 2048 1080 Gallia—In
2064 1042 2153 1082 Gal-

1195 1096 1247 1133 lia
1266 1096 1314 1133 ad
1336 1096 1520 1133 Clodovei
1542 1097 1646 1145 regis
1667 1096 1894 1144 exemplum
1909 1095 2054 1133 Franci
2069 1108 2153 1144 pas-

1196 1149 1282 1195 sim,
1294 1149 1444 1185 abiecto
1463 1148 1656 1186 idolorum
1676 1149 1798 1194 cultu,
1814 1148 2026 1186 christiana
2040 1161 2155 1187 sacra

1195 1202 1471 1249 suscipiebant,
1493 1204 1533 1238 et
1551 1203 1591 1238 in
1614 1213 1731 1239 unam
1751 1213 1842 1239 cum
1861 1201 2034 1250 antiquis
2054 1201 2160 1239 inco-

1197 1255 1244 1291 lis
1265 1255 1463 1291 nationem
1483 1254 1766 1292 coalescebant.
1788 1254 1969 1303 Episcopi
1985 1254 2156 1292 catholi-

1195 1307 1241 1351 ci,
1261 1307 1366 1344 inter
1385 1318 1482 1354 quos
1503 1318 1531 1344 s.
1549 1307 1694 1345 Avitus
1710 1307 1945 1345 Viennensis
1961 1309 2002 1345 et
2019 1319 2052 1347 s.
2072 1307 2158 1345 Ste-

1197 1360 1350 1408 phanus
1387 1360 1664 1406 Lugdunensis
1682 1390 1691 1406 ,
1721 1360 1998 1397 convertendis
2035 1361 2156 1397 etiam

1197 1412 1545 1461 Burgundionibus
1565 1413 1725 1459 arianis,
1741 1413 1808 1462 qui
1828 1415 1981 1461 partem
2003 1413 2156 1451 Galliae

1198 1465 1427 1502 orientalem
1445 1467 1701 1514 occupabant,
1712 1477 1870 1514 operam
1887 1467 2097 1504 navarunt.
2113 1466 2159 1503 In

1198 1519 1302 1555 hunc
1323 1518 1441 1555 finem
1462 1531 1485 1556 a
1505 1519 1762 1556 Gundebaldo
1780 1530 1916 1556 eorum
1931 1529 2024 1568 rege
2041 1519 2160 1567 petie-

1197 1574 1290 1608 runt
1303 1571 1500 1619 publicam
1517 1572 1564 1608 de
1581 1572 1761 1609 doctrina
1775 1574 2031 1609 controversa
2042 1571 2162 1610 disce-

1199 1624 1416 1672 ptationem
1455 1636 1544 1661 cum
1584 1625 1912 1673 Burgundionum
1948 1624 2152 1673 episcopis.

1197 1678 1307 1715 Haec
1327 1677 1557 1726 disceptatio
1573 1689 1674 1715 anno
1690 1677 1765 1715 501
1783 1677 1920 1715 habita
1934 1677 2047 1714 estin
2065 1677 2159 1714 aula

1199 1731 1459 1768 Gundebaldi.
1490 1731 1534 1767 In
1554 1742 1601 1767 ea
1620 1742 1650 1768 s.
1672 1730 1817 1767 Avitus
1836 1734 1919 1767 tam
1939 1729 2154 1779 praeclaris

1199 1783 1432 1821 testimoniis
1452 1784 1594 1832 dogma
1615 1783 1850 1821 catholicum
1871 1782 2042 1821 asseruit
2058 1784 2098 1820 et
2118 1795 2156 1820 a·

1201 1837 1400 1874 rianorum
1427 1836 1664 1874 obiectiones
1694 1835 1864 1882 refellit,
1886 1838 1931 1873 ut
1949 1836 1990 1873 hi
2011 1835 2157 1873 devicti

1201 1894 1241 1926 et
1267 1889 1441 1934 confusi,
1464 1901 1538 1926 non
1560 1889 1756 1926 haberent
1775 1889 1842 1937 qui
1863 1888 2156 1938 responderent.

1202 1942 1480 1979 Gundebaldus
1507 1953 1577 1979 rex
1604 1942 1652 1979 de
1679 1944 1850 1979 veritate
1870 1942 2076 1979 convictus
2095 1942 2158 1979 vi-

1202 1995 1390 2040 debatur,
1420 1995 1487 2032 sed
1517 2007 1537 2031 e
1568 1997 1677 2032 metu
1706 1994 1864 2043 politico
1893 2006 1979 2031 eam
2003 2006 2079 2032 non
2101 1996 2161 2033 est

1203 2048 1418 2096 amplexus.
1437 2047 1554 2085 Multi
1570 2050 1704 2085 tamen
1725 2047 2041 2096 Burgundiones,
2057 2047 2159 2084 abie-

1202 2104 1265 2137 cta
1295 2100 1470 2145 haeresi,
1492 2100 1726 2138 catholicam
1749 2100 1867 2138 fidem
1886 2103 2154 2149 susceperunt.

1202 2153 1330 2201 Ipsius
1360 2153 1608 2190 Gundebaldi
1633 2153 1739 2191 filius
1760 2153 2034 2202 Sigismundus
2054 2153 2157 2191 hae-

1200 2207 1317 2243 resim
1345 2207 1474 2254 palam
1497 2207 1697 2243 abiuravit
1720 2208 1759 2243 et
1789 2205 2022 2243 catholicam
2041 2205 2159 2243 fidem

1201 2259 1396 2308 professus
1417 2263 1490 2303 est,
1511 2259 1712 2308 patrisque
1733 2262 1792 2297 sui
1814 2271 1915 2296 anno
1935 2258 2013 2297 516
2033 2259 2071 2296 in
2092 2270 2160 2296 re-

1202 2324 1277 2361 gno
1298 2323 1519 2357 successor,
1541 2324 1723 2360 magnum
1745 2312 1990 2350 subditorum
2013 2323 2158 2349 nume-

1201 2377 1289 2402 rum
1307 2366 1354 2402 ab
1374 2365 1524 2402 haeresi
1543 2366 1591 2403 ad
1604 2365 1821 2403 Ecclesiam
1838 2364 2033 2413 perduxit.
2062 2364 2161 2402 Post

1202 2418 1351 2466 aliquot
1375 2430 1496 2455 annos
1519 2419 1824 2466 Burgundiones
1853 2419 2048 2455 venerunt
2083 2418 2155 2455 sub

1200 2474 1436 2519 potestatem
1457 2483 1596 2520 regum
1619 2472 1875 2517 Francorum,
1896 2472 1937 2508 et
1955 2472 2040 2508 tum
2057 2470 2156 2508 aria-

1200 2524 1345 2562 nismus
1365 2524 1470 2562 inter
1485 2536 1549 2562 eos
1568 2524 1724 2573 penitus
1745 2524 1943 2561 extinctus
1964 2526 2024 2561 est
2038 2521 2066 2560 ³.

1254 2578 1313 2615 13.
1336 2577 1582 2615 Hormisdas
1603 2579 1802 2625 Pontifex
1822 2578 1908 2626 (an.
1930 2575 2153 2626 514)—1n-

1200 2631 1314 2667 terim
1332 2642 1400 2668 xn·
1416 2631 1496 2668 kal.
1514 2631 1664 2668 sextilis
1682 2642 1742 2667 an.
1761 2630 1837 2668 514
1854 2641 1883 2666 s.
1897 2629 2158 2678 Symmachus

1200 2683 1269 2731 Pp.
1292 2684 1341 2721 ad
1359 2684 1567 2721 coelestem
1589 2684 1710 2721 vitam
1732 2681 1898 2720 transiit.
1915 2681 2108 2720 Successit
2123 2682 2157 2718 ei

1201 2737 1429 2774 Hormisdas
1449 2736 1649 2781 diaconus,
1680 2735 1808 2785 patria
1827 2735 2070 2783 Campanus,
2092 2734 2156 2783 qui

1199 2790 1301 2826 sedit
1321 2790 1434 2827 annis
1452 2801 1602 2826 novem.
1626 2789 1698 2826 Hic
1718 2787 1913 2833 Pontifex,
1931 2788 1972 2825 ut
1987 2786 2158 2824 diximus

1199 2854 1329 2891 supra,
1353 2842 1569 2892 plurimum
1589 2842 1786 2880 laboravit
1805 2842 1854 2879 ad
1874 2839 2154 2878 conciliandam

1239 3014 1499 3089 {issffijlf'fliffsgff
1525 3056 1602 3088 Hise.
1626 3054 1774 3094 miscell.;
1798 3055 2056 3095 Gregor.'1’uron.
2073 3053 2150 3086 nist.

1199 3101 1215 3131 ¹'
1235 3099 1396 3177 ii'ncr'og'or.
1411 3142 1523 3171 Turon.
1538 3139 1613 3170 msc.
1628 3138 1647 3168 ι.
1660 3138 1708 3175 ιιι,
1722 3146 1746 3168 c.
1763 3136 1789 3174 5;
1803 3137 1948 3175 taimen.
1960 3137 2007 3176 ιν,
2020 3146 2050 3177 p.
2062 3135 2154 3175 1318;

1176 3182 1181 3221 l
1201 3183 1387 3223 Longum-211,
1405 3181 1480 3213 msc.
1499 3180 1535 3212 de
1552 3179 1680 3220 I'Eylise
1695 3177 1769 3218 qatl.
1788 3179 1806 3209 Ι.
1823 3178 1856 3210 V.
