2241 3473
236 114 316 154 298

182 200 402 236 certamen,
430 193 467 227 in
495 191 634 238 primis
659 189 899 226 deiiciendos
918 201 1005 226 esse
1023 200 1134 236 prae-

183 250 317 295 cipuos
348 247 449 282 illius
481 244 741 288 defensores3
777 244 866 279 hinc
897 244 1067 290 undique
1095 243 1133 278 in

181 300 491 339 destructionem
506 298 718 334 Societatis
737 297 825 333 Iesu
840 297 1131 344 conspirarunt.

181 357 306 404 Opem
343 354 391 390 iis
422 353 599 389 tulerunt
626 351 881 387 Iansenistae.
912 352 991 398 Ipsi
1018 362 1135 396 reges

180 417 220 446 et
245 408 444 455 principes
472 405 670 449 catholici,
698 416 721 441 a
747 405 948 452 perversis
968 404 1050 441 suis
1068 403 1134 439 mi-

178 462 310 499 nistris
325 465 365 498 et
383 459 618 497 consiliariis
637 459 835 502 fascinati,
855 459 1026 495 hostium
1046 469 1134 493 con-

177 517 264 553 silia
289 516 473 552 iuverunt
491 542 499 556 ‚
529 525 655 560 neque
689 524 713 548 a
748 513 950 560 proposito
976 511 1136 548 destite-

178 573 284 613 runt,
311 569 384 604 nisi
412 567 663 614 Religionem
689 567 764 602 hoc
784 567 1029 602 validissimo
1049 576 1135 613 pro-

179 623 402 672 pugnaculo
430 623 469 657 in
497 622 577 658 suis
604 621 740 668 regnis
767 621 978 658 nudarent.

227 676 526 724 Suppressionis
553 675 709 711 initium
736 676 884 711 factum
912 683 971 712 est
997 675 1038 710 in
1063 675 1139 709 Lu—

181 731 338 767 sitania.
361 730 442 766 Illic
461 728 639 765 marchio
658 729 906 773 de-Pombal,
924 728 1138 776 primarius

177 786 284 831 regis
312 783 560 826 administer,
587 783 649 818 vir
677 782 805 819 audax
831 787 872 819 et
891 782 1135 824 ambitiosus,

175 838 385 885 Iosephum
405 838 436 881 I,
457 837 676 884 principem
697 837 868 873 debilem
884 841 924 873 et
939 836 1136 883 pavidum,

176 892 233 928 ita
259 891 309 927 ad
334 890 542 927 arbitrium
571 902 683 926 suum
710 890 834 934 flexit,
853 894 896 926 ut
913 890 1047 926 omnia
1065 899 1136 936 pro

176 949 274 981 nutu
301 956 371 981 suo
397 948 630 992 agerentur,
661 949 699 981 et
727 945 914 980 universa
932 943 1138 980 Lusitania

178 999 251 1035 sub
277 999 489 1048 tyrannica
514 999 599 1034 eius
625 1010 744 1035 manu
772 1002 965 1046 gemeret.
993 998 1136 1033 Animo

172 1063 195 1089 a
222 1053 416 1099 religione
445 1053 638 1089 catholica
664 1053 815 1089 alienos
841 1053 881 1088 in
906 1051 1141 1088 destructio—

174 1117 270 1143 nem
296 1107 508 1144 Societatis
534 1108 621 1144 Iesu
640 1110 748 1143 totus
767 1107 955 1143 incubuit.
975 1106 1016 1141 In
1035 1105 1138 1141 hunc

173 1159 295 1196 finem
337 1160 487 1197 libellos
521 1162 559 1197 in
588 1161 786 1209 publicum
825 1158 1139 1196 disseminandos

174 1216 343 1259 curavit,
358 1215 397 1250 in
416 1215 553 1263 quibus
572 1216 741 1252 Iesuitae
763 1225 978 1262 perversae
997 1213 1140 1249 doctri-

175 1278 250 1305 nae
284 1272 367 1304 tum
403 1274 544 1305 contra
572 1281 704 1306 mores
732 1272 813 1305 tum
842 1273 982 1304 contra
1007 1278 1140 1314 perso-

172 1333 263 1358 nam
294 1322 473 1370 regiam,
503 1324 727 1360 ambitionis
755 1327 795 1360 et
828 1323 1040 1360 affectatae
1074 1321 1138 1356 do-

172 1376 402 1413 minationis
434 1388 503 1413 seu
539 1378 695 1425 imperii
725 1378 764 1413 in
793 1377 912 1413 terris
944 1375 1139 1412 Lusitani-

173 1430 231 1466 cis
260 1431 565 1467 accusabantur.
586 1432 743 1476 Effecit,
764 1436 806 1467 ut
825 1431 993 1468 Iesuitae
1013 1442 1034 1467 e
1055 1430 1140 1464 Ma-

746 123 912 149 EPOCHA
934 123 1009 148 XII.
1033 124 1060 148 A
1082 122 1249 150 LITIBVS
1272 122 1579 150 lANSENISTICIS

1188 191 1349 228 tificium
1377 191 1546 226 navibus
1560 190 1757 237 deportati
1775 193 1877 227 sunt.
1899 190 2046 226 Parem
2065 202 2147 227 sor—

1187 251 1267 282 tem
1293 244 1502 280 subierunt
1527 243 1700 280 Iesuitae
1717 273 1726 287 ,
1753 244 1816 291 qui
1843 244 1882 279 in
1908 243 2083 280 Brasilia
2109 255 2149 280 a-

1187 300 1324 346 liisque
1366 297 1677 345 possessionibus
1708 298 1988 334 Lusitanorum
2022 298 2150 335 sacris

1188 352 1439 389 missionibus
1465 352 1751 399 fungebantur,
1777 363 1940 398 quorum
1960 352 2075 388 multi
2094 353 2149 388 in-

1187 406 1298 443 iuriis
1319 411 1360 442 et
1378 406 1509 442 inedia
1528 406 1747 453 perierunt,
1765 405 1832 441 alii
1849 405 1888 441 in
1905 417 1997 442 oras
2010 406 2149 442 Italiae

1188 461 1406 498 transvecti
1433 463 1537 496 sunt.

1236 515 1346 556 Quod
1372 513 1602 551 de-Pombal
1628 513 1668 549 in
1693 512 1914 558 Lusitania,
1931 513 1970 550 id
1987 514 2066 551 dux
2085 513 2150 552 de-

1188 569 1388 613 Choiseul,
1415 569 1598 604 minister
1624 566 1816 603 Ludovici
1841 567 1917 602 XV
1944 570 1984 603 in
2007 569 2151 613 Gallia,

1189 628 1229 659 et
1255 635 1391 660 comes
1417 621 1663 665 ‹ie-Aranda,
1684 620 1897 668 primarius
1915 621 2148 660 administer

1188 677 1322 715 Caroli
1350 677 1400 713 III
1428 676 1466 711 in
1495 675 1716 722 Hispania,
1744 674 1992 712 efficiendum
2019 687 2152 713 susce-

1191 735 1348 778 perunt.
1375 729 1601 766 Destructio
1628 728 1841 765 Societatis
1867 729 1957 765 Iesu
1981 729 2021 765 in
2039 730 2149 766 Lusi-

1190 785 1299 821 tania
1327 784 1471 820 effecta
1492 783 1576 819 eius
1590 782 1764 819 hostibus
1777 782 1816 818 in
1830 782 1962 819 Gallia
1975 783 2151 820 animum

1189 839 1349 876 addidit.
1384 839 1535 874 Ansam
1573 836 1757 885 praebuit
1784 847 1903 873 causa
1929 837 1978 873 ab
2004 836 2153 885 aliquot

1189 893 1452 929 creditoribus
1484 895 1623 927 contra
1650 890 1816 927 Iesuitas
1852 891 1986 927 Gallos
2012 891 2062 927 ad
2087 902 2152 927 cu—

1189 947 1291 983 riam
1317 947 1588 983 Parisiensem
1614 945 1747 982 delata
1765 944 1814 981 ad
1833 944 2151 992 recuperandam

1191 1001 1398 1050 pecuniam
1424 1004 1645 1037 mutuatam
1665 999 1971 1044 de-Lavallette,
1993 999 2151 1036 Iesuita-

1191 1068 1277 1092 rum
1298 1056 1336 1091 in
1354 1055 1514 1091 Antillis
1529 1054 1734 1090 Francicis
1748 1054 2011 1101 procuratori.
2031 1052 2152 1091 Curia

1191 1109 1444 1153 Parisiensis,
1472 1110 1582 1145 cuius
1609 1108 1737 1144 maior
1755 1119 1849 1156 pars
1868 1119 1890 1144 e
1908 1107 2093 1155 sophistis
2111 1110 2152 1144 et

1191 1163 1441 1206 lansenistis,
1471 1162 1659 1199 Societati
1692 1163 1779 1198 Iesu
1813 1172 1938 1209 aeque
1970 1161 2152 1205 infensis,

1192 1218 1412 1262 constabat,
1428 1228 1505 1253 non
1520 1217 1646 1253 solum
1661 1216 1826 1252 Iesuitas
1841 1215 1992 1259 Gallos,
2011 1215 2151 1263 quibus

1190 1273 1297 1309 nulla
1319 1283 1411 1320 pars
1438 1274 1526 1308 erat
1550 1271 1588 1305 in
1609 1270 1768 1317 negotio
1786 1270 2089 1313 de-Lavallette,
2111 1269 2149 1304 in

1188 1327 1355 1363 solidum
1381 1325 1681 1368 condemnavit,
1701 1324 1770 1360 sed
1789 1334 1892 1360 anno
1914 1324 2004 1360 1761
2024 1324 2150 1370 ipsam

1190 1382 1433 1417 Societatem
1456 1380 1495 1414 in
1515 1379 1575 1414 ius
1592 1378 1764 1422 vocavit,
1787 1389 1859 1415 ceu
1878 1377 2028 1414 civitati
2046 1388 2150 1413 sum-

1190 1446 1252 1471 me
1274 1433 1555 1482 periculosam,
1572 1432 1735 1479 eiusque
1750 1431 2052 1468 constitutiones
2066 1441 2090 1467 a
2106 1441 2149 1466 se

172 1485 355 1529 ranania,
371 1486 568 1522 Brasiliae
587 1486 806 1533 provincia,
827 1486 866 1521 in
886 1496 961 1533 qua
980 1485 1029 1520 ad
1050 1495 1140 1519 eon·
1190 1487 1488 1536 cognoscendas
1505 1486 1638 1523 edixit.
1657 1485 1779 1522 Paulo
1794 1486 2152 1533 postcuriaomnes

174 1539 389 1575 vertendos
416 1540 525 1576 feros
545 1540 753 1587 indigenas
771 1540 1002 1576 missionem
1021 1539 1139 1574 habe-

175 1593 282 1638 bant,
311 1595 623 1641 expellerentur;
651 1595 689 1638 ii,
719 1595 782 1642 qui
807 1594 982 1630 familiae
1002 1592 1138 1639 regiae

173 1651 213 1683 et
247 1648 467 1684 aulicorum
503 1649 767 1685 conscientias
800 1647 1110 1684 moderabantur
1131 1674 1139 1689 ,

173 1701 247 1738 hoc
273 1714 440 1740 munere
468 1704 739 1751 privarentur,
766 1704 952 1750 regisque
979 1700 1136 1737 nomine

175 1766 240 1792 an.
277 1757 370 1795 1758
399 1758 501 1805 apud
530 1757 791 1793 Benedictum
827 1756 898 1804 Pp.
924 1755 1020 1792 XIV
1048 1766 1137 1802 age-

175 1814 287 1847 retur
314 1811 362 1847 de
390 1811 648 1848 reformanda
681 1811 721 1846 in
753 1810 872 1847 terris
898 1809 1139 1846 Lusitanicis

173 1864 377 1901 Societate
405 1866 492 1902 Iesu
510 1894 518 1908 ‚
549 1876 595 1901 ac
623 1866 654 1901 si
681 1876 704 1901 a
731 1863 965 1912 primigenio
992 1874 1061 1899 suo
1081 1864 1138 1898 In-

174 1918 311 1955 stituto
345 1918 571 1956 defecisset.
609 1921 665 1955 At
697 1919 760 1955 bic
786 1917 972 1954 Pontifex
997 1916 1137 1953 eodem

173 1982 277 2008 anno
304 1973 412 2016 obiit,
433 1974 594 2021 eiusque
613 1984 824 2009 successor
843 1972 1029 2010 Clemens
1045 1970 1136 2006 XIII

176 2037 259 2062 rem
289 2027 501 2063 Societatis
528 2027 685 2063 fortiter
714 2027 809 2074 egit.
832 2026 955 2062 Paulo
976 2029 1063 2072 post
1083 2025 1137 2060 Io-

173 2080 318 2128 sephus
347 2093 438 2125 rex,
467 2093 556 2118 cum
583 2085 699 2117 nocte
727 2093 747 2118 e
775 2080 984 2127 metropoli
1010 2080 1049 2114 in
1076 2089 1137 2114 ar-

176 2146 263 2171 cem
290 2146 403 2172 suam
429 2136 600 2171 vicinam
630 2136 912 2178 reveheretur,
943 2145 966 2170 a
992 2133 1135 2170 sicario

174 2189 377 2236 impetitus
419 2194 458 2226 et
497 2190 730 2226 vulneratus
768 2194 840 2226 est.
877 2188 976 2229 Quis
1002 2192 1136 2224 autem

174 2241 293 2279 huius
320 2242 511 2279 facinoris
537 2247 676 2279 auctor
702 2243 846 2285 fuerit,
873 2241 1044 2277 nondum
1073 2252 1136 2288 pu-

173 2296 274 2334 blice
301 2298 484 2343 innotuit;
513 2297 582 2334 sed
609 2297 841 2334 de-Pombal
866 2296 969 2332 lianc
996 2302 1136 2331 nactus

174 2352 424 2388 occasionem
460 2352 776 2387 coniurationem
809 2350 984 2393 effinxit,
1018 2353 1135 2397 atque

174 2406 346 2442 asseruit
373 2405 543 2442 Iesuitas
562 2410 602 2442 et
623 2415 824 2453 proceres,
843 2415 939 2451 quos
957 2404 1043 2450 pari
1061 2407 1139 2439 stu—

174 2458 235 2494 dio
263 2459 416 2503 oderat,
446 2460 568 2495 vitam
599 2459 706 2506 regis
734 2462 965 2494 attentasse.
998 2457 1137 2493 Plures

175 2513 341 2550 Iesuitae
370 2513 582 2561 intercepti
611 2517 651 2549 et
671 2513 708 2548 in
730 2516 853 2548 tetros
872 2522 1071 2555 carceres,
1098 2511 1135 2546 in

175 2567 312 2615 quibus
340 2568 516 2615 plerique
547 2567 765 2614 perierunt,
786 2565 952 2600 coniecti
974 2570 1076 2607 sunt,
1097 2569 1137 2600 et

174 2622 196 2657 7
214 2633 401 2669 proceres
418 2622 557 2669 capitis
571 2620 759 2657 damnati.
778 2620 876 2655 Tum
893 2619 1032 2653 horum
1053 2622 1134 2654 tuin

176 2674 330 2712 illorum
357 2676 623 2712 innocentiam
645 2675 735 2711 aula
754 2673 980 2709 Lusitanica
1000 2678 1136 2719 postea

175 2734 214 2769 in
242 2731 382 2767 litteris
412 2731 578 2778 publicis
599 2729 778 2778 professa
796 2732 869 2765 est.
894 2728 1053 2762 Interim
1073 2726 1136 2762 de-

177 2783 340 2820 Pornbal
369 2785 532 2821 Iesuitas
550 2784 732 2820 omnibus
751 2782 894 2818 scholis
913 2781 1076 2828 expulit,
1098 2786 1137 2816 ct

176 2838 370 2885 episcopis
398 2838 628 2885 imperavit,
656 2843 699 2874 ut
724 2848 793 2872 eos
820 2835 945 2871 sacris
972 2834 1134 2869 functio-

176 2892 288 2929 nibus
315 2893 610 2929 interdicerent.
642 2892 818 2938 Denique
846 2901 910 2925 an.
940 2890 1031 2925 1759
1058 2888 1136 2924 edi-

177 2950 281 2982 ctum
311 2947 548 2994 publicatum
576 2951 649 2990 est,
679 2957 752 2993 quo
781 2945 950 2981 Iesuitae
977 2954 1050 2979 ceu
1078 2953 1134 2978 se-

177 3000 322 3044 ditiosi,
350 3001 591 3048 proditores,
621 2999 767 3036 inimici
788 2999 894 3046 regis
913 3002 952 3034 et
970 2998 1134 3034 aliorum

178 3053 386 3090 criminum
411 3055 1017 3101 rei,relegabantur,eorumque
1037 3052 1136 3088 bona

179 3107 270 3142 fisco
291 3108 587 3145 addicebantur.
609 3108 705 3143 Mox
725 3106 894 3143 edictum
915 3107 1133 3142 executioni

179 3161 407 3197 mandatum
428 3167 499 3198 est.
525 3162 583 3197 Ex
603 3161 789 3197 universo
810 3171 932 3206 regno
953 3161 1134 3204 Iesuitae,

179 3214 286 3251 omni
314 3215 483 3252 subsidio
511 3214 700 3259 destituti,
723 3214 760 3249 in
782 3213 1024 3250 territorium
1044 3225 1133 3262 pon-

1190 1541 1539 1589 congregationes,
1561 1550 1656 1587 quas
1682 1539 1852 1576 Iesuitae
1870 1539 1920 1576 ad
1939 1538 2148 1576 fovendam

1191 1597 1380 1644 pletatem
1407 1598 1447 1631 et
1472 1593 1698 1630 exercenda
1724 1593 1827 1629 bona
1853 1604 1976 1641 opera
2000 1593 2145 1640 dirige-

1189 1651 1297 1694 bant,
1325 1648 1560 1696 suppressit,
1589 1648 1805 1684 Senatores
1828 1658 1852 1684 a
1870 1647 1982 1683 curia
2007 1646 2058 1683 ad
2085 1657 2147 1682 co-

1190 1703 1442 1752 gnoscendas
1473 1701 1684 1738 Societatis
1717 1701 2018 1738 constitutiones
2043 1700 2148 1738 dele-

1189 1757 1286 1805 gati,
1313 1768 1381 1794 eas
1402 1755 1607 1804 regiminis
1630 1755 1771 1799 civilis,
1791 1755 2014 1799 Ecclesiae,
2035 1754 2150 1792 Sedis

1191 1812 1447 1860 Apostolicae
1474 1814 1515 1847 et
1540 1810 1808 1847 Conciliorum
1834 1809 2064 1846 auctoritati
2081 1820 2148 1857 op-

1194 1867 1343 1914 positas
1369 1864 1692 1913 pronuntiarunt.
1722 1863 1842 1901 Curia
1860 1863 1974 1911 plura
1998 1863 2148 1911 scripta

1189 1920 1439 1962 Iesuitarum,
1468 1929 1540 1954 ceu
1566 1917 1767 1954 doctrinas
1791 1917 2014 1962 seditiosas,
2040 1917 2146 1954 vitae

1191 1973 1410 2020 principum
1437 1976 1478 2008 et
1503 1971 1651 2008 civium
1671 1971 1915 2019 periculosas
1934 1975 1974 2008 et
1991 1970 2146 2008 ethicae

1190 2027 1431 2064 chriStianae
1467 2026 1730 2062 destructivas
1768 2026 2037 2070 continentia,
2075 2037 2147 2074 per

1189 2093 1349 2118 manum
1371 2079 1568 2117 carnificis
1587 2079 1763 2116 comburi
1781 2079 1908 2123 iussit,
1927 2079 2142 2128 vetuitque,

1189 2147 1237 2172 ne
1265 2136 1349 2183 quis
1376 2135 1562 2180 deinceps
1580 2134 1823 2169 Societatem
1846 2133 2143 2180 ingrederetur.

1238 2189 1462 2225 Ludovicus
1478 2187 1552 2223 XV
1572 2199 1614 2223 se
1634 2188 1791 2235 saepius
1806 2188 1942 2224 curiae
1961 2187 2060 2224 actis
2078 2198 2144 2236 op-

1191 2243 1336 2291 posuit,
1352 2248 1391 2279 et
1410 2252 1554 2278 causae
1575 2241 1912 2278 continuationem
1933 2245 2076 2278 contra
2090 2242 2144 2278 Ie-

1189 2298 1381 2334 suitarum
1409 2296 1634 2332 Institutum
1665 2295 1891 2343 suspendit;
1919 2300 1960 2332 at
1993 2296 2072 2332 dux
2097 2295 2145 2334 de

1189 2351 1373 2388 Cboiseul
1402 2354 1609 2386 senatores
1636 2349 1737 2385 clam
1757 2350 1970 2394 excitabat,
1990 2361 2039 2387 ne
2059 2361 2146 2387 coe-

1190 2407 1265 2453 ptis
1292 2404 1543 2441 desisterent.
1571 2404 1657 2440 Rex
1690 2408 1730 2440 et
1760 2403 2023 2452 sapientiores
2060 2404 2144 2442 eius

1190 2459 1420 2502 consiliarii,
1439 2459 1476 2494 in
1496 2459 1699 2506 praesenti
1718 2459 1878 2505 negotio
1905 2459 2144 2496 ecclesiasti-

1191 2526 1258 2550 cos
1287 2514 1492 2561 praesules
1511 2512 1725 2549 audiendos
1742 2524 1829 2550 esse
1850 2516 1958 2550 recte
1974 2512 2145 2550 iudican-

1190 2572 1266 2612 tes,
1281 2580 1349 2605 eos
1365 2567 1541 2603 Parisios
1560 2572 1843 2604 convocarunt.
1863 2568 2145 2606 Convenerunt

1190 2622 1315 2671 pridie
1332 2621 1518 2657 calendas
1531 2620 1752 2657 decembris
1762 2621 1850 2658 1761
1865 2621 2067 2668 praesules
2080 2622 2140 2665 51,

1189 2679 1292 2713 inter
1312 2688 1408 2723 quos
1425 2676 1446 2711 4
1463 2675 1730 2720 cardinales,9
1745 2675 2030 2724 archiepiscopi
2045 2680 2085 2713 et
2097 2677 2143 2714 38

1188 2730 1586 2778 episcopi.Postulata
1604 2730 1675 2766 suit
1691 2741 1828 2766 eorum
1847 2731 2045 2767 sententia
2059 2730 2106 2768 de
2120 2731 2142 2767 4

1188 2785 1398 2832 capitibus:
1423 2785 1485 2819 An
1511 2784 1746 2820 Iesuitarum
1762 2784 1985 2820 Institutum
2000 2784 2038 2819 in
2053 2784 2142 2821 Gal-

1189 2839 1240 2874 lia
1266 2838 1361 2875 utile
1389 2842 1508 2881 esset,
1536 2842 1576 2874 et
1600 2848 1650 2874 an
1676 2838 1913 2875 detrimenta
1937 2848 2141 2886 quaequae

1189 2903 1236 2928 ex
1255 2903 1300 2927 co
1320 2892 1450 2928 soi-ent
1472 2891 1707 2928 metuenda?
1727 2892 1838 2932 Quae
1857 2896 1965 2928 esset
1982 2891 2141 2929 Iesuita-

1190 2958 1274 2981 rum
1290 2946 1487 2990 doctrina,
1502 2945 1586 2982 sive
1607 2945 1826 2982 theoretica
1843 2945 1926 2982 sive
1945 2946 2140 2992 practica?

1189 3000 1299 3040 Quae
1329 3011 1465 3036 eorum
1495 2999 1636 3046 agendi
1665 3000 1765 3036 ratio
1793 3011 1892 3047 erga
1917 3000 2139 3047 episcopos,

1189 3059 1226 3089 et
1253 3065 1301 3089 an
1331 3054 1366 3089 in
1403 3053 1529 3089 sacris
1562 3053 1824 3090 functionibus
1857 3053 2025 3090 aliorum
2054 3053 2142 3090 iura

1189 3111 1450 3155 usurparent?
1478 3109 1538 3143 An
1566 3112 1606 3144 et
1632 3119 1732 3156 quae
1769 3107 1998 3144 reformatio
2031 3108 2140 3144 Insti-

1190 3166 1269 3197 tuto
1297 3162 1553 3198 conveniret?
1583 3162 1677 3198 Post
1702 3163 1837 3209 plures
1863 3163 2139 3209 congregatio-

1190 3227 1271 3259 nes,
1300 3215 1338 3251 in
1365 3215 1506 3263 quibus
1533 3216 1702 3253 Instituti
1729 3215 2030 3253 constitutiones
2055 3215 2136 3252 dili-
