2241 3473
706 178 842 208 VSQVE
864 179 918 207 AD
940 179 1226 207 PRAESENTEM
1249 180 1455 208 ΑΕΤΑΤΕΜ

109 249 304 285 ventionis
318 254 524 286 exaratum
543 251 973 299 exemplarApostolici
984 252 1055 288 Le-

101 303 184 350 gati
212 307 301 339 ante
326 304 512 350 palatium
540 305 707 341 flammis
730 305 948 347 commisit,
975 304 1051 341 cul-

102 361 210 393 tuum
238 357 410 394 libertati
431 359 619 406 plaudens
645 359 892 395 clamoribus.
914 360 1053 406 Hispa-

101 411 190 447 niae
224 412 406 459 Episcopi
452 413 556 448 nullo
593 414 715 449 labori
759 418 1050 460 pepercerunt,

99 465 189 511 quin
219 465 423 502 Ecclesiae
454 467 541 502 iura
561 466 759 502 vindicata
778 466 908 502 forent
925 495 933 510 ,
960 478 1049 514 qua-

103 528 146 553 re
173 519 426 564 protestando
457 526 514 555 tot
542 520 645 555 mala
678 519 985 562 denunciavere,
1013 525 1051 556 et

100 581 364 620 summopere,
377 585 425 610 ne
441 573 686 620 tam'iniquae
703 573 1052 620 promulgarentur

103 623 227 670 leges,
259 627 321 662 vel
350 627 624 674 promulgatae
659 632 968 672 peragerentur,
995 626 1052 661 ni-

103 677 297 715 tebantur.
325 680 409 726 Ipse
437 681 673 726 apostolicus
701 679 875 725 Legatus
895 680 969 715 vn⁰
988 690 1051 715 ca-

101 731 236 768 lendas
264 733 451 769 februarii
479 744 542 769 an.
572 733 661 770 1869
691 732 908 768 Madritum
934 733 1051 768 immo

102 785 333 831 Hispaniam
361 787 583 834 relinquere
610 791 770 822 coactus
787 790 860 822 est.
878 786 952 822 Tot
970 791 1051 822 tan—

101 842 214 885 taque
233 839 338 875 mala
358 839 450 876 Pius
465 840 536 887 Pp.
554 840 607 876 IX
622 868 630 883 ,
649 840 685 875 in
711 839 967 876 Consistoriis
985 839 1049 876 ha-

100 891 187 927 bitis
201 891 716 930 diebus21decemb1·is1868
732 899 769 928 ct
779 893 824 928 ‘25
835 893 928 928 iunii
945 894 1048 936 1869,

102 943 319 991 ingemuit,
351 946 561 993 retulitque
601 947 728 993 magis
768 946 970 993 magisque
1011 947 1048 981 in

100 998 183 1035 dies
221 998 502 1046 Hispaniarum
544 999 653 1045 regni
695 998 968 1035 moderatores
1012 1000 1048 1034 in

98 1052 324 1090 Catholicos
349 1054 525 1096 saevire,
545 1053 746 1089 tristitiam
774 1064 967 1088 summam
995 1059 1050 1090 at—

99 1117 173 1153 que
208 1117 431 1142 moerorem
466 1107 534 1142 sibi
567 1107 796 1142 afferentes.
831 1106 959 1146 Quum
995 1107 1050 1143 ita

98 1171 163 1195 res
189 1165 335 1202 essent,
357 1171 405 1196 ex
432 1160 592 1196 decreto
619 1159 792 1207 supremi
812 1159 1049 1196 Procurato-

99 1213 152 1249 ris
177 1214 292 1260 regni
307 1214 446 1250 Clerus
461 1213 680 1249 advocatur
696 1214 830 1249 iurare
851 1214 889 1248 in
919 1213 1047 1260 legem

97 1267 145 1303 ab
181 1267 397 1315 Hispaniae
431 1268 610 1304 Comitiis
650 1279 721 1314 pro
758 1267 1048 1304 Constitutione

97 1320 303 1357 condenda
322 1322 565 1365 convocatis,
583 1325 672 1357 tunc
701 1320 890 1367 temporis
912 1321 1047 1357 latam.

97 1376 302 1424 Episcopis
325 1387 420 1414 vero
446 1377 494 1412 ab
521 1375 661 1412 eodem
695 1375 886 1422 gubernio
918 1375 1049 1412 decla-

99 1436 230 1468 ratum
260 1437 321 1468 est
338 1461 346 1474 ,
373 1432 533 1470 Clerum
553 1430 642 1467 huic
674 1430 927 1466 iureiurando
960 1430 1048 1467 ada-

98 1490 218 1529 ctum,
236 1487 383 1523 nullam
404 1499 487 1524 rem
507 1486 649 1522 divinis
675 1485 739 1521 vel
767 1485 1048 1522 ecclesiasticis

99 1539 249 1588 legibus
277 1542 486 1578 adversam
514 1541 725 1577 admittere
753 1539 946 1586 compelli.
976 1542 1048 1576 Ast

99 1605 233 1632 mense
254 1596 479 1632 novembris
499 1606 602 1631 anno
622 1593 728 1635 1870,
747 1592 924 1629 Amadeo
940 1605 960 1630 e
980 1595 1048 1630 Sa-

98 1647 235 1686 baudis
260 1650 436 1698 dynastis
463 1649 680 1696 Hispaniae
707 1659 803 1694 rege
829 1658 853 1683 a
871 1649 1050 1685 Comitiis

95 1701 189 1748 ipsis
207 1703 558 1750 constituto,regni
582 1701 858 1738 moderatores
886 1702 1046 1738 Summo

96 1754 278 1793 Pontifici
298 1757 344 1794 de
364 1757 583 1804 Religionis
610 1756 648 1791 in
676 1754 870 1801 Hispania
886 1760 989 1792 statu
1010 1767 1048 1792 a—

95 1811 212 1856 gendi
231 1811 468 1848 desiderium
483 1811 769 1857 significarunt.
790 1808 935 1850 Quibus
955 1810 1046 1846 Pius

97 1863 168 1911 Pp.
189 1865 243 1901 IX
263 1877 333 1911 per
347 1877 460 1901 suum
475 1864 728 1902 Cardinalem
744 1862 909 1910 publicis
929 1875 1046 1911 nego-

97 1917 160 1953 tiis
176 1920 442 1966 praepositum
459 1917 674 1964 respondit,
694 1916 747 1951 nil
767 1915 871 1951 aliud
899 1927 922 1952 a
951 1929 1045 1964 rege

95 1971 293 2017 agendum
321 1972 394 2007 nisi
414 1976 471 2007 tot
490 1971 617 2014 malis,
636 1969 773 2018 quibus
791 1969 980 2006 Catholici
1007 1971 1045 2006 in

97 2024 291 2070 Hispania
317 2026 580 2072 angebantur,
608 2035 824 2061 occurrere
842 2029 881 2060 et
899 2024 1046 2060 violata

95 2077 298 2114 Ecclesiae
321 2079 518 2114 resarcire
540 2078 642 2112 iura.
665 2077 877 2119 Interdum,
897 2077 934 2112 in
954 2078 1047 2113 allo-

96 2131 250 2167 cutione
276 2131 410 2168 habita
435 2132 497 2168 die
515 2132 561 2167 23
580 2131 800 2167 decembris
820 2130 925 2173 1872,
947 2130 1044 2166 Pon-

95 2182 190 2220 tifex
217 2184 315 2221 haec
342 2185 389 2221 de
417 2185 531 2221 rebus
557 2184 751 2230 religiosis
778 2185 815 2220 in
837 2185 900 2219 illo
922 2196 1044 2230 regno

98 2236 278 2274 habebat:
299 2252 319 2273 (ι
336 2239 422 2275 Nec
443 2238 543 2274 levia
559 2239 679 2275 etiam
700 2238 879 2274 Ecclesia
898 2238 1044 2285 patitur

96 2289 133 2325 in
161 2291 356 2329 catholica
382 2292 574 2340 Hispania
592 2303 615 2327 a
633 2291 736 2327 civili
756 2296 964 2338 potestate.
987 2292 1042 2327 Si-

95 2344 250 2391 quidem
268 2346 484 2389 didicimus,
502 2346 745 2394 propositam
761 2357 888 2392 nuper
903 2346 1044 2390 fuisse,

96 2403 136 2434 et
163 2400 239 2437 iam
267 2412 290 2437 a
316 2401 538 2448 legislativo
557 2401 679 2437 Coetu
705 2404 834 2435 ratam
869 2399 1042 2436 habitam

98 2454 226 2501 legem
261 2455 308 2492 de
342 2455 447 2493 Cleri
475 2455 589 2497 dote,
619 2465 695 2502 qua
723 2465 801 2488 non
836 2453 951 2489 modo
986 2465 1043 2489 so-

97 2508 242 2544 lemnia
281 2509 516 2556 franguntur
554 2512 672 2556 pacta
710 2513 906 2543 conventa
929 2535 937 2549 ‚
976 2507 1043 2543 sed

94 2562 222 2598 omnis
248 2574 409 2610 prorsus
431 2562 527 2598 recti
547 2562 713 2608 iustique
733 2571 873 2596 norma
890 2561 1042 2607 procul-

96 2621 225 2653 catur.
254 2617 366 2658 Quae
394 2617 481 2659 lex,
509 2627 597 2652 cum
624 2620 777 2662 spectet
803 2615 850 2650 ad
883 2625 1043 2661 exaspe-

98 2671 262 2706 randam
292 2671 462 2717 inopiam
499 2669 810 2716 servitutemque
841 2668 975 2710 Cleri,
1004 2673 1044 2705 et

96 2724 142 2760 ad
172 2724 368 2760 irritanda
395 2723 651 2770 augendaque
687 2723 793 2758 mala
826 2722 964 2758 illustri
990 2723 1042 2758 illi

96 2780 244 2816 nationi
264 2779 374 2814 illata
393 2790 463 2825 per
484 2782 705 2824 postremos
722 2777 840 2811 hosce
865 2787 988 2811 annos
1006 2776 1042 2811 in

96 2832 314 2878 perniciem
334 2831 423 2867 fidei
442 2836 481 2867 et
498 2829 792 2866 ecclesiasticae
811 2828 1042 2875 disciplinae

95 2896 119 2921 a
142 2885 384 2931 deploranda
399 2889 577 2919 actorum
594 2882 779 2918 Gubernii
793 2881 911 2924 serie;
927 2881 1042 2918 sicuti

95 2938 393 2975 Venerabilium
405 2937 593 2972 Fratrum
609 2936 645 2970 in
661 2935 863 2981 Hispanus
887 2935 1044 2980 Episco-

97 3002 236 3040 porum
257 2990 492 3026 iustissimas
502 3000 715 3036 eorumque
729 2988 915 3024 firmitate
926 2989 1041 3035 plane

95 3045 236 3092 dignas
267 3042 446 3090 querelas
474 3042 549 3078 iam
578 3041 780 3083 excitavit,
808 3040 863 3076 sic
890 3046 1043 3077 nostras

97 3109 199 3132 nunc
221 3096 347 3143 poscit
361 3096 555 3131 solemnes
581 3094 919 3141 expostulationes
936 3107 970 3127 ».

143 3149 428 3190 Quamobrem,
446 3159 559 3195 quum
580 3158 716 3182 mense
733 3147 920 3182 februarii
941 3158 1043 3183 anno

1925 168 2003 208 393

1106 251 1150 288 lit
1177 253 1274 299 legis
1300 251 1476 296 schema,
1495 261 1570 299 qua
1588 251 1795 288 Ecclesiae
1815 261 1839 286 a
1859 251 1972 287 Statu
1992 263 2051 288 se-

1105 307 1258 352 paratio
1285 306 1620 353 promulgaretur.
1643 305 1746 342 Huic
1772 305 1936 341 consilio
1954 309 2051 342 stre—

1105 371 1179 396 nue
1195 359 1378 407 Episcopi
1393 364 1483 396 sunt
1498 360 1916 407 refragati-Imperans
1934 360 2056 395 omni-

1106 413 1174 449 bus
1207 413 1487 449 massonismus
1526 414 1716 450 coenobia
1750 413 1894 456 diruit,
1930 413 2055 450 eccle—

1104 467 1183 503 sias
1222 467 1473 514 profanavit,
1513 467 1729 514 Episcopos
1769 467 1807 502 in
1847 477 2051 503 carcerem

1103 521 1285 563 detrusit,
1302 528 1442 556 cuncta
1457 521 1592 557 Status
1619 521 1657 556 in
1679 520 1903 557 Ecclesiam
1925 521 2055 557 officia

1103 573 1335 621 antiquavit,
1347 585 1425 610 uno
1438 574 1570 617 verbo,
1583 574 1732 617 omnia,
1743 585 1841 621 quae
1858 574 1906 610 ab
1926 574 2056 622 impiis

1104 627 1297 674 fidemque
1324 626 1635 664 detrectantibus
1663 627 1792 663 moliri
1819 628 1961 671 solent,
1988 638 2054 675 pa-

1105 681 1235 715 travit.
1254 680 1470 717 Praeterea
1485 680 1856 717 militaresOrdines
1872 692 2053 728 suppres-

1103 733 1165 776 sit,
1182 733 1331 769 scilicet
1348 734 1483 770 Sancti
1511 734 1654 776 Iacobi,
1671 734 1926 778 Alcantarae,
1941 735 2057 771 Cala-

1106 791 1260 830 travae,
1279 787 1594 835 Montesiaeque,
1611 788 1756 824 decora
1773 787 1978 835 splendida
1988 788 2055 824 Hi-

1101 840 1280 886 spaniae‚
1292 851 1409 887 quam
1425 845 1564 877 contra
1580 841 1760 878 Infideles
1775 841 2050 885 defenderant,

1105 893 1206 929 unde
1227 893 1307 929 lata
1322 894 1526 930 territoria
1540 895 1782 942 consequuti,
1799 905 1898 942 quae
1912 894 2053 930 Roma-

1105 958 1153 982 na
1181 946 1318 990 Sedes,
1347 959 1485 994 regum
1504 948 1723 995 postulatu,
1751 949 1799 984 ab
1826 948 2053 984 Ordinario-

1105 1011 1190 1035 rum
1210 1000 1478 1037 iurisdictione
1496 1002 2053 1038 exemerat—Verumtamen

1103 1059 1421 1090 commemorata
1446 1055 1718 1091 Conventione
1737 1055 1814 1092 diei
1833 1056 1855 1091 5
1881 1060 2050 1102 septem-

1104 1108 1183 1142 bris
1211 1107 1326 1151 1851,
1355 1108 1482 1155 quoad
1513 1108 1738 1155 praedictos
1768 1108 1940 1145 Ordines
1967 1120 2052 1156 spe-

1102 1160 1260 1203 ctabat,
1289 1172 1337 1196 ex
1367 1161 1610 1208 dispersione
1644 1162 1837 1198 territorii
1867 1161 1916 1197 ad
1946 1162 2053 1208 ipsos

1104 1213 1351 1260 pertinentis,
1372 1215 1559 1262 expedire
1584 1215 1710 1251 visum
1726 1215 1869 1259 fuerat,
1879 1220 1921 1251 ut
1935 1226 2051 1262 quum

1103 1266 1353 1314 perducenda
1378 1268 1485 1304 foret
1511 1268 1559 1304 ad
1579 1273 1710 1305 actum
1731 1268 1933 1316 proposita
1949 1268 2052 1305 dioe-

1102 1321 1251 1357 cesium
1270 1332 1374 1357 nova
1388 1322 1718 1369 circumscriptio,
1739 1321 1876 1359 eadem
1892 1322 2052 1359 territo-

1101 1378 1162 1414 ria
1177 1378 1364 1425 proximis
1377 1377 1623 1414 dioecesibus
1640 1384 1974 1426 aggregarentur.
1990 1380 2049 1416 Ad

1101 1432 1339 1468 servandum
1358 1443 1455 1469 sane
1467 1432 1615 1468 nationi
1634 1432 1900 1470 nobilissimae
1921 1434 2053 1471 huius-

1102 1497 1145 1522 ce
1160 1498 1254 1523 suae
1273 1487 1425 1534 gloriae
1443 1487 1915 1534 monumentum‚placuit
1940 1489 2053 1525 Sum-

1101 1551 1163 1576 mo
1179 1540 1361 1577 Pontifici
1391 1540 1681 1589 praescribere,
1699 1545 1742 1577 ut
1765 1540 1946 1578 definitus
1973 1542 2050 1590 qui-

1100 1593 1189 1630 dam
1212 1596 1488 1641 assignaretur
1519 1595 1697 1630 locorum
1727 1606 1916 1631 numerus
1946 1595 2052 1632 intra

1101 1652 1253 1684 certum
1282 1649 1436 1684 radium
1451 1659 1520 1684 seu
1536 1648 1726 1685 circulum
1738 1649 2050 1693 consistentium,

1099 1701 1164 1736 ubi
1192 1702 1363 1748 Magnus
1390 1701 1682 1748 praedictarum
1703 1701 1936 1738 Militiarum
1964 1703 2050 1739 Ma·

1099 1755 1224 1801 gister
1249 1755 1562 1792 ecclesiasticam
1596 1755 1905 1792 iurisdictionem
1937 1767 2051 1793 exer·

1100 1819 1190 1845 cere
1210 1814 1411 1856 pergeret.
1440 1809 1553 1844 Novo
1580 1809 1781 1846 territorio
1796 1809 1865 1845 sub
1892 1810 2049 1847 nomine

1098 1862 1316 1898 Prioratzcs
1346 1862 1535 1898 Ordinum
1557 1862 1795 1899 militariam
1820 1865 2047 1908 constituto,

1099 1915 1224 1951 Prior
1237 1916 1455 1964 Episcopus
1471 1916 1641 1953 titularis
1659 1916 1773 1952 foret.
1794 1917 1895 1952 Dum
1913 1921 2045 1954 autem

1097 1971 1372 2016 opportunitas
1392 1970 1448 2006 rei
1464 1969 1726 2016 perficiendae
1746 1980 1770 2005 a
1798 1970 1838 2005 S.
1856 1969 1958 2007 Sede
1983 1982 2049 2008 ex·

1099 2022 1351 2068 pectabatur,
1378 2022 1662 2070 Hispaniarum
1688 2022 1923 2069 gubernium
1941 2052 1949 2068 ‚
1977 2036 2047 2072 pro

1096 2086 1165 2111 suo
1193 2075 1329 2119 lubitu,
1356 2077 1574 2123 suppressit
1601 2081 1770 2123 quatuor
1797 2075 1988 2120 Ordines,
2009 2083 2049 2114 et

1097 2129 1322 2165 necessario
1356 2135 1568 2177 propterea
1600 2141 1687 2165 cum
1719 2129 1813 2176 ipsis
1846 2130 2046 2177 peculiare

1097 2181 1190 2217 illud
1228 2183 1422 2227 tribunal,
1457 2183 1558 2230 quod
1591 2183 1630 2218 in
1661 2194 1799 2219 eorum
1831 2184 2044 2221 territoriis

1100 2234 1483 2272 administrationem
1525 2237 1837 2273 ecclesiasticam
1887 2248 2047 2275 exerce—

1100 2288 1177 2324 bat.
1207 2289 1281 2325 Tot
1314 2289 1524 2326 territoriis
1563 2290 1619 2326 ita
1652 2290 1756 2325 omni
1786 2301 1947 2335 prorsus
1985 2303 2045 2327 ec-

1098 2342 1318 2379 clesiastico
1339 2344 1530 2390 regimine
1552 2343 1731 2391 privatis,
1762 2342 1854 2379 Pius
1886 2343 1957 2390 Pp.
1985 2345 2040 2380 IX

1099 2398 1260 2435 Litteris
1292 2398 1529 2443 Apostolicis
1569 2399 1652 2439 Quo
1692 2397 1853 2444 [fr-auius
1875 2426 1883 2442 ,
1917 2399 2042 2446 pridie

1097 2451 1180 2487 idus
1206 2451 1286 2487 iulii
1307 2452 1398 2489 1873
1415 2452 1537 2495 datis,
1558 2451 1876 2499 suppressionem
1895 2456 1934 2488 et
1952 2452 2041 2488 abo-

1097 2505 1271 2542 litionem
1297 2506 1587 2542 ecclesiasticae
1614 2504 1896 2542 iurisdictionis
1921 2507 2043 2543 terri-

1097 2559 1288 2595 toriorum
1315 2560 1489 2607 ipsorum
1509 2560 1700 2596 Ordinum
1720 2559 1953 2596 Militarium
1977 2561 2042 2598 de-

1097 2613 1233 2656 crevit,
1256 2613 1457 2649 territoria
1484 2613 1673 2660 proximis
1691 2612 1936 2649 dioecesibus
1960 2614 2044 2650 iun-

1097 2678 1206 2713 gens,
1227 2667 1389 2715 ipsaque
1415 2667 1643 2703 eorumdem
1674 2668 1958 2714 Episcoporum
1984 2669 2041 2705 iu-

1098 2719 1311 2756 risdictioni
1337 2719 1559 2756 subiiciens.
1581 2720 1679 2756 Item
1705 2731 1776 2766 per
1805 2720 1903 2757 alias
1923 2721 2044 2759 Litte-

1097 2784 1162 2809 ras
1188 2773 1452 2821 Apostolicas‚
1473 2772 1582 2813 Quae
1609 2773 1781 2816 dicer-sa,
1802 2784 1851 2810 ea
1876 2774 1962 2821 ipsa
1979 2775 2040 2812 die

1096 2826 1234 2871 datas,
1265 2838 1289 2862 a
1315 2826 1506 2862 Pontifice
1537 2838 1772 2874 suppressae
1803 2833 1843 2863 et
1873 2828 2041 2866 abolitae

1096 2881 1254 2917 fuerunt
1280 2880 1554 2927 privilegiatae
1585 2891 1722 2917 omnes
1752 2880 2041 2919 iurisdictiones

1095 2933 1389 2970 ecclesiasticae
1417 2933 1456 2968 in
1487 2933 1689 2980 Hispaniis
1719 2934 1960 2978 existentes,
1993 2937 2041 2972 iis

1097 2999 1172 3023 non
1199 2986 1388 3029 exclusis,
1409 2998 1508 3034 quae
1534 2988 1596 3023 vel
1623 2987 1672 3023 ad
1699 2989 1737 3023 S.
1761 2988 1913 3024 loannis
1939 2990 2043 3025 lero-

1096 3039 1317 3088 solymitani
1329 3040 1516 3076 Ordinem
1529 3041 1775 3087 spectabant,
1787 3042 1848 3077 vel
1864 3042 1912 3077 ad
1926 3042 2043 3089 quod-

1098 3104 1262 3139 cumque
1291 3093 1500 3129 cuiuslibet
1524 3093 1692 3130 nominis
1719 3099 1759 3130 et
1777 3095 1943 3131 instituti
1962 3107 2041 3132 mo-

1099 3146 1611 3189 nasterium‚monialium,
1651 3148 1710 3183 vel
1747 3147 1795 3182 ad
1831 3148 2040 3186 inferiores

96 3203 186 3240 1873
199 3201 398 3238 Amadeus
417 3212 539 3248 regno
559 3199 854 3243 abdicasset,ad
871 3201 1043 3236 recentis
1098 3199 1303 3235 Praelatos
1318 3200 1356 3235 S.
1374 3199 1466 3235 Sedi
1492 3200 1717 3237 immediate
1747 3201 1958 3246 subiectos,
1974 3203 2038 3249 qui

96 3257 331 3304 reipublicae
354 3255 513 3290 comitia
531 3254 710 3290 AEmilius
736 3253 919 3291 Castelar
938 3259 1043 3291 retu-

205 3316 469 3365 WOVTERS,
502 3318 553 3357 11.

1097 3252 1284 3289 Praebet&
1302 3252 1446 3289 nullius
1467 3254 1622 3301 proprie
1647 3260 1933 3302 nuncupantur,
1953 3267 2039 3292 cae-

1761 3319 1811 3357 35
