2241 3473
440 143 566 174 VSQVE
594 144 646 171 AD
675 143 878 171 PVBLICAM
908 142 1052 170 RERVM
1081 143 1092 169 1
1121 142 1275 171 GALLus
1303 143 1611 171 SVBVERSIONEM

84 208 260 254 tortuosi,
282 208 392 246 cuius
414 210 533 258 caput
553 209 735 246 attritum
755 210 832 255 est,
854 220 922 258 per
942 219 1017 258 gy-

79 275 142 302 ros
159 265 199 300 et
218 261 511 300 cavillationum
533 263 708 301 deflexus
729 262 1019 307 auctoritatem,

78 328 153 366 qna
172 316 434 354 damnabatur
450 345 460 360 ,
478 316 651 365 effugere
685 320 837 361 conata,
859 315 1017 364 excogi-

77 369 178 408 tavit
197 369 387 406 celebrem
423 369 709 407 distinctionem
740 369 833 406 iuris
854 376 891 406 et
913 368 1016 406 facti.

74 424 353 468 Asseruerunt,
375 422 586 460 Ecclesiam
618 423 770 471 quidem
791 434 875 459 esse
897 420 1018 459 infal-

73 475 217 513 libilem
238 476 277 513 in
294 476 583 524 quaestionibus
603 476 711 519 iuris,
726 475 824 512 sitne
840 475 935 512 hacc
950 479 1018 513 aut

73 529 139 567 illa
172 529 349 567 doctrina
383 529 599 566 orthodoxa
619 541 666 566 an
689 528 885 565 haeretica
902 557 910 572 ,
941 540 1013 565 non

73 594 164 620 vero
180 582 218 620 in
234 582 524 632 quaestionibus
540 581 703 628 facti,an
721 593 766 618 ea
783 581 957 619 doctrina
973 579 1014 619 in

71 635 142 674 hoc
158 635 219 674 vel
234 636 299 674 illo
316 636 415 673 libro
431 635 673 672 contineatur
691 646 760 671 nec
778 637 915 678 ne,aut
929 635 1014 682 quis

70 689 120 727 sit
138 689 226 727 libri
246 690 404 738 eiusque
423 689 592 726 auctoris
613 699 757 726 sensus.
783 687 894 725 Unde
917 699 1010 724 con-

69 742 293 787 tenderunt,
309 753 507 779 assensum
518 742 608 779 fidei
625 741 778 790 quidem
796 752 880 777 esse
896 752 1012 789 prae-

69 796 249 834 standum
280 795 479 833 Ecclesiae
501 795 640 832 iudicio
667 795 713 832 de
733 794 757 831 5
777 794 1013 843 propositio-

70 850 182 887 nibus
201 850 239 886 in
262 860 302 886 se
322 849 518 898 spectatis,
539 861 613 886 non
636 859 728 885 vero
749 846 873 886 relate
894 847 941 884 ad
958 847 1011 884 li-

68 903 181 940 brum
202 903 381 940 Iansenii.
403 901 464 939 Sic
485 913 567 940 rem
588 901 698 939 novis
719 901 1010 950 quaestionibus

67 955 269 994 involvere
303 959 342 993 et
376 955 575 1005 implicare
608 955 852 993 studuerunt.
883 954 1012 992 Tanta

68 1009 141 1047 fuit
160 1008 408 1047 factiosorum
429 1012 564 1046 contra
584 1008 801 1057 pontificias
822 1007 1010 1045 constitu-

66 1064 189 1101 tiones
211 1063 390 1108 audacia,
413 1068 456 1100 ut
475 1075 544 1100 rex
576 1062 751 1108 Galliae,
786 1061 1010 1099 Ludovicus

67 1116 173 1162 XIV,
195 1128 257 1154 an.
282 1116 382 1154 1660
411 1116 610 1165 episcopos
644 1115 891 1152 comitiorum
914 1114 1007 1152 cleri

66 1170 264 1218 praesides
297 1170 542 1207 admonuerit
558 1199 567 1216 ,
590 1171 634 1206 ut
655 1169 759 1206 istud
780 1168 1008 1206 scandalum

67 1223 212 1260 efficaci
228 1223 292 1260 via
307 1223 489 1261 tollerent
502 1225 541 1260 et
551 1222 718 1260 rebelles
734 1222 1006 1271 reprimerent.

67 1276 311 1325 Quapropter
330 1277 368 1314 in
390 1276 559 1314 comitiis
575 1277 775 1313 decretum
793 1278 865 1321 est,
883 1278 927 1312 ut
942 1275 1005 1323 qui

66 1333 201 1367 contra
235 1330 531 1368 constitutiones
569 1329 786 1378 pontificias
819 1330 856 1366 in
891 1341 1007 1367 causa

66 1383 316 1421 iansenistica
333 1383 802 1433 scripserant,doctrinam
821 1394 929 1420 suam
941 1394 1008 1420 re-

65 1438 293 1482 tractarent,
313 1440 353 1475 et
372 1438 434 1486 qui
456 1450 476 1475 e
497 1436 650 1474 clericis
679 1436 947 1474 saecularibus
967 1440 1007 1474 et

64 1489 309 1539 regularibus
329 1502 449 1540 supra
477 1492 716 1528 memoratae
745 1489 834 1527 fidei
855 1489 1007 1527 formu-

64 1542 125 1580 lae
145 1544 387 1582 subscribere
408 1546 630 1588 renuerent,
647 1555 716 1580 ceu
733 1543 918 1581 haeretici
934 1544 1007 1581 ha-

64 1597 540 1643 berentur.Nihil0minus‚
556 1599 712 1646 praeter
728 1599 901 1634 caeteros
918 1597 1006 1634 Ian-

64 1650 238 1697 senistas,
260 1663 309 1689 ex
329 1650 422 1700 ipsis
443 1651 630 1700 episcopis
650 1653 816 1699 quatuor
835 1650 1005 1687 subscri-

65 1704 235 1752 ptionem
257 1708 487 1742 recusarunt
505 1734 514 1749 ,
535 1704 715 1740 nimirum
752 1704 932 1741 Pavillon
953 1706 1007 1741 A-

64 1758 266 1803 lectensis,
285 1757 427 1795 Choart
449 1758 494 1795 de
516 1757 716 1794 Buzenval
747 1757 1008 1795 Bellovacen-

62 1810 127 1856 sis,
148 1811 288 1849 Caulet
306 1811 549 1860 Apamiensis
569 1813 607 1847 et
623 1810 798 1848 Arnauld
820 1812 1008 1860 Andega-

64 1864 203 1903 vensis.
225 1865 337 1902 Unde
371 1865 638 1902 contentiones
671 1867 874 1913 motusque
903 1864 1008 1902 inter

64 1917 207 1956 clerum
229 1918 477 1956 Gallicanum
500 1918 758 1966 augebantur.

116 1971 378 2021 Praecipuum
393 1971 700 2009 Iansenistarum
718 1971 1005 2020 receptaculum

63 2029 149 2062 erat
177 2025 404 2062 coenobium
423 2024 649 2062 monialium
673 2023 826 2061 Ordinis
858 2025 1004 2062 Cister-

63 2078 216 2125 ciensis,
233 2079 332 2128 quod
347 2078 650 2127 Portus-regius
665 2078 880 2124 dicebatur,
902 2079 1006 2117 haud

66 2131 201 2180 procul
220 2144 244 2170 a
263 2132 424 2169 Parisiis
444 2132 572 2170 situm.
595 2131 681 2168 Huc
713 2133 906 2170 Antonius
926 2134 1004 2169 Ar-

65 2185 194 2231 nauld,
208 2185 359 2232 Nicole,
375 2183 519 2224 Pascal
539 2184 681 2233 aliique
699 2185 1004 2224 Iansenistarum

65 2237 196 2284 duces,
215 2242 255 2276 et
273 2239 406 2288 plures
427 2239 527 2276 aliae
557 2239 759 2287 utriusque
775 2251 891 2276 sexus
911 2251 1003 2288 per-

67 2302 196 2337 sonae,
217 2292 422 2341 pleraeque
439 2291 598 2337 nobiles,
618 2292 874 2338 diverterant,
895 2293 1006 2331 iuxta

66 2345 292 2382 coenobium
313 2345 508 2383 domicilia
527 2343 728 2393 elegerant
745 2376 754 2392 ,
774 2349 813 2384 et
833 2348 937 2384 vitae
957 2359 1001 2384 a-

66 2397 230 2435 sceticae
258 2398 447 2436 rationem
476 2399 738 2437 sectabantur.
761 2399 905 2437 Omnes
929 2412 1004 2438 una

64 2462 151 2487 cum
175 2451 408 2489 monialibus
428 2452 698 2490 iansenisticae
718 2464 856 2490 causae
891 2455 1004 2491 erant

65 2503 220 2542 addicti.
243 2503 370 2545 Quum
387 2508 516 2542 autem
534 2506 720 2543 moniales
735 2506 1002 2555 Portus-regii

66 2562 393 2595 commemoratae
413 2557 601 2596 formulae
621 2559 868 2596 subscribere
890 2571 1004 2597 recu-

22 2614 25 2617 '
65 2612 221 2655 sarent,
242 2623 341 2648 anno
377 2610 477 2648 1604
510 2611 558 2648 ab
579 2612 863 2661 archiepiscopo
886 2613 1001 2650 Pari-

64 2663 183 2702 siensi
202 2664 544 2702 Sacramentorum
569 2677 637 2703 usu
660 2665 878 2714 prohibitae
899 2669 1003 2714 sunt3

66 2716 273 2766 pleraeque
307 2720 438 2755 tamen
473 2718 757 2756 contumaciter
783 2720 822 2755 in
845 2730 915 2756 sua
935 2731 1003 2758 re-

66 2769 228 2808 bellione
247 2772 558 2820 perseverarunt,

116 2824 338 2862 Ludovicus
366 2824 462 2862 XIV
491 2835 561 2860 rex
590 2824 739 2862 Galliac
760 2824 1000 2872 existimans,

63 2876 296 2916 Iansenistas
326 2876 506 2915 Pontifici
535 2877 648 2914 citius
683 2878 923 2924 obedituros,
953 2881 1000 2917 ab

62 2929 287 2969 Alexandro
308 2930 377 2980 Pp.
401 2930 475 2967 VII
492 2930 614 2978 petiit,
629 2933 672 2967 ut
692 2932 771 2980 ipse
793 2934 939 2968 certam
960 2933 1003 2970 fi-

64 2983 122 3020 dei
139 2983 345 3021 formulam
363 2983 683 3021 subscribendam
706 2985 1000 3034 praescriberet,

64 3047 138 3084 qua
156 3037 204 3075 iis
224 3038 392 3075 medium
413 3037 592 3074 eludendi
613 3037 843 3085 apostolicas
865 3040 998 3076 consti-

64 3089 234 3128 tutiones
275 3091 504 3139 eriperetur.
544 3090 724 3127 Pontifex
763 3090 883 3140 igitur
910 3095 998 3129 xvi⁰

64 3142 208 3182 calend.
239 3148 350 3181 mart.
380 3144 471 3181 anni
495 3142 594 3181 1664
616 3155 754 3181 novam
810 3145 1001 3184 constitu-

63 3195 220 3244 tionem,
249 3197 479 3245 Reyz'mz‘m's
508 3198 738 3246 apostolici,
765 3196 896 3246 edidit,
925 3210 1000 3248 qua

269 3260 514 3312 wov‘rnns
541 3261 586 3303 11.

1871 132 1950 172 225

1060 208 1240 247 omnibus
1271 208 1558 257 ecclesiasticis,
1578 207 1896 259 archiepiscopis,
1917 210 2001 258 epi-

1060 262 1202 310 scopis,
1223 262 1308 299 aliis
1329 263 1636 312 quibuscumque
1665 262 1916 300 ecclesiastici
1936 262 2001 301 Or·

1060 315 1273 361 dinis,tam
1307 316 1550 363 regularibus
1579 327 1695 365 quam
1723 315 2001 363 saecularibus,

1060 368 1177 406 etiam
1199 368 1446 415 monialibus,
1468 370 1709 416 doctoribus,
1728 368 1936 407 licentiatis
1965 382 2002 408 a·

1059 422 1195 470 liisque
1216 421 1468 470 collegiorum
1486 423 1702 461 rectoribus
1731 426 1771 460 et
1798 423 2001 473 magistris

1058 475 1130 511 sub
1159 486 1370 523 poenarum
1401 476 1670 513 canonicarum
1701 477 2000 514 comminatione

1059 527 1256 576 praecepit
1284 528 1600 566 subscribendam
1621 529 1721 567 hanc
1740 529 1829 567 fidei
1850 529 2000 568 formu-

1058 580 1145 618 lam:
1158 580 1266 629 «Ego
1277 579 1325 618 N.
1339 581 1610 620 Constitutioni
1624 583 1870 631 Apostolicae
1890 584 1999 622 Inno-

1057 633 1223 670 centiiX
1243 634 1359 672 datae
1379 634 1439 671 die
1459 635 1507 672 31
1530 635 1621 672 maii
1643 647 1704 673 an.
1724 636 1888 682 1653,et
1899 637 2000 674 Con-

1054 686 1251 724 stitutioni
1267 686 1477 725 Alexandri
1488 687 1562 725 VII
1580 689 1694 726 datae
1707 689 1766 727 die
1777 689 1825 727 16
1833 690 2001 729 octobris

1055 739 1225 777 an.1656
1238 752 1479 778 summorum
1492 741 1812 788 Pontificum,me
1824 743 2000 791 subjicio,

1055 796 1094 830 et
1109 793 1134 831 5
1148 794 1425 842 propositiones
1445 806 1493 831 ex
1515 794 1683 832 Cornelii
1703 795 1868 834 Iansenii
1885 797 1997 844 libro,

1054 847 1113 883 cui
1155 858 1293 884 nomen
1330 845 1615 896 Azcyustinus,
1646 852 1875 898 excerptas,
1897 853 1936 888 et
1961 851 2000 888 in

1052 911 1166 937 sensu
1187 900 1235 937 ab
1255 901 1390 938 eodem
1412 903 1573 938 auctore
1593 901 1757 949 intento,
1771 905 1888 951 prout
1913 903 2001 942 illas

1053 965 1120 1001 per
1157 953 1281 991 dictas
1318 954 1598 992 constitutione
1620 955 1739 993 Sedes
1776 957 1999 1005 Apostoliea

1054 1007 1275 1055 damnavit,
1299 1007 1449 1045 sincero
1470 1008 1599 1045 animo
1623 1008 1756 1046 reiicio
1778 1021 1822 1046 ac
1843 1010 2000 1058 damno,

1052 1063 1092 1097 et
1118 1060 1176 1097 ita
1194 1060 1297 1098 iuro:
1328 1060 1392 1098 Sic
1421 1073 1482 1098 me
1513 1063 1616 1100 Deus
1646 1062 1808 1100 adiuvet
1836 1065 1876 1101 et
1903 1064 2000 1101 haec

1052 1117 1186 1151 sancta
1207 1115 1274 1151 Dei
1296 1114 1561 1164 Evangelia».
1583 1116 1809 1153 Ludovicus
1825 1116 1922 1154 XIV
1938 1129 1999 1155 se-

1052 1167 1221 1204 cundum
1248 1167 1451 1206 Pontificis
1481 1168 1708 1207 mandatum
1738 1170 2001 1220 praescripsit,

1053 1223 1096 1258 ut
1126 1232 1260 1258 omnes
1287 1222 1334 1258 ad
1356 1233 1450 1269 quos
1469 1223 1697 1271 spectabat,
1718 1223 1756 1260 in
1775 1225 1857 1262 toto
1878 1236 1999 1274 regno

1050 1285 1119 1312 suo
1131 1274 1344 1312 Alexandri
1357 1274 1548 1313 formulae
1565 1277 1867 1315 subscriberent.
1884 1277 1996 1316 Eam-

1050 1328 1133 1365 dem
1156 1328 1478 1377 subscriptionem
1500 1329 1690 1379 episcopi,
1708 1330 1882 1380 exceptis
1898 1332 1922 1368 4
1937 1344 1995 1370 su-

1051 1393 1120 1430 pra
1138 1382 1449 1420 commemoratis
1463 1412 1472 1430 ,
1492 1383 1531 1420 in
1554 1383 1635 1422 suis
1656 1384 1898 1424 dioecesibus
1919 1384 1996 1424 im-

1049 1437 1248 1484 perarunt.

1101 1489 1381 1527 Verumtamen
1409 1502 1534 1538 neque
1563 1491 1637 1528 hac
1671 1490 1736 1529 via
1771 1491 1998 1531 refractarii

1049 1542 1098 1579 ad
1133 1542 1366 1580 catholicam
1406 1543 1666 1582 obedientiam
1706 1545 1858 1583 reducti
1894 1549 1996 1586 sunt.

1048 1595 1126 1632 Alii
1146 1597 1285 1645 aperta
1304 1595 1430 1634 fronte
1451 1600 1746 1647 repugnarunt,
1767 1601 1995 1646 asserentes,

1049 1649 1340 1687 Alexandrinae
1356 1650 1546 1688 formulae
1563 1651 1792 1700 simpliciter
1807 1653 1998 1691 subscribi

1050 1715 1125 1739 non
1160 1714 1271 1751 posse
1305 1704 1450 1753 absque
1484 1704 1656 1753 periurio
1686 1706 1734 1742 ab
1763 1705 1831 1752 iis,
1858 1707 1996 1755 quibus

1049 1768 1123 1793 non
1144 1759 1231 1793 erat
1249 1768 1501 1805 persuasum,
1531 1759 1556 1796 5
1582 1759 1863 1808 proposit-iones
1883 1760 1922 1797 in
1943 1761 1995 1798 li-

1047 1810 1116 1847 bro
1138 1810 1307 1847 Iansenii
1327 1811 1532 1858 contineri,
1552 1815 1592 1849 et
1610 1813 1658 1850 ad
1684 1813 1887 1850 vitandum
1907 1826 1996 1863 per-

1047 1862 1191 1900 iurium
1222 1864 1260 1899 in
1290 1864 1574 1913 subscriptione
1593 1867 1889 1915 exprimendam
1911 1879 1996 1906 esse

1047 1917 1334 1954 distinctionem
1355 1917 1452 1955 iuris
1473 1923 1512 1955 et
1531 1918 1636 1957 facti.
1659 1920 1767 1957 Inter
1785 1921 1856 1958 hos
1877 1932 1994 1970 prae-

1047 1970 1182 2018 cipuus
1215 1974 1299 2008 erat
1325 1971 1368 2008 A.
1400 1971 1600 2019 Arnauld,
1629 1976 1784 2022 propter
1813 1985 1923 2012 suam
1953 1975 1994 2012 in

1046 2035 1179 2061 errore
1200 2024 1454 2073 pertinaciam
1477 2038 1498 2062 a
1526 2025 1750 2065 Falcultate
1780 2027 1993 2066 Parisiensi

1046 2090 1066 2114 e
1095 2088 1256 2114 numero
1286 2078 1501 2115 Doctorum
1537 2082 1766 2128 expunctus.
1796 2081 1893 2126 Alii,
1928 2082 1991 2130 qui

1047 2130 1241 2168 molliores
1258 2132 1503 2169 vocabantur
1516 2162 1524 2177 ,
1542 2133 1745 2181 dicebant,
1767 2134 1992 2182 praedictae

1046 2184 1236 2222 formulae
1256 2184 1487 2233 simpliciter
1507 2186 1694 2224 subscribi
1716 2200 1846 2236 posse,
1875 2187 1993 2225 etiam

1046 2239 1093 2275 ab
1113 2237 1180 2284 iis,
1200 2238 1265 2287 qui
1287 2239 1415 2276 animo
1435 2251 1670 2288 persuasum
1690 2241 1891 2287 haberent,
1914 2241 1994 2278 nul-

1045 2291 1122 2328 lam
1144 2291 1363 2328 doctrinam
1385 2292 1625 2331 haereticam
1645 2294 1683 2331 in
1707 2293 1805 2332 libro
1826 2294 1994 2332 Iansenii

1045 2345 1225 2393 reperiri,
1246 2342 1307 2382 vel
1328 2356 1482 2383 sensum
1498 2376 1506 2391 ,
1528 2359 1551 2384 a
1576 2347 1754 2385 Iansenio
1783 2348 1991 2393 intentum,

1047 2410 1120 2435 non
1138 2410 1222 2435 esse
1237 2398 1488 2437 haereticum.
1501 2400 1648 2438 Horum
1661 2400 1761 2437 ratio
1775 2403 1872 2446 erat,
1891 2402 1991 2449 quod

1045 2451 1277 2500 subscriptio
1306 2464 1354 2489 ex
1381 2464 1420 2490 se
1448 2453 1530 2502 ipsa
1555 2454 1678 2491 solum
1707 2453 1920 2491 referretur
1941 2455 1989 2492 ad

1045 2505 1106 2542 ius
1127 2507 1165 2542 et
1187 2517 1258 2541 non
1279 2505 1327 2542 ad
1349 2505 1518 2552 factum,
1538 2507 1600 2544 vel
1621 2507 1721 2554 quod
1742 2507 1990 2545 subscribens

1046 2570 1171 2607 neque
1201 2561 1394 2595 assereret
1422 2571 1546 2608 neque
1583 2562 1765 2609 negaret,
1794 2560 1818 2597 5
1848 2572 1990 2610 propo-

1045 2611 1204 2649 sitiones
1231 2612 1270 2648 in
1300 2623 1417 2649 sensu
1455 2613 1618 2650 Iansenii
1654 2624 1736 2650 esse
1756 2613 1990 2662 haereticas,

1045 2666 1111 2702 sed
1132 2664 1255 2702 solum
1277 2665 1509 2713 affirmaret,
1530 2678 1595 2704 eas
1617 2666 1655 2703 in
1676 2667 1748 2703 hoc
1768 2678 1879 2704 sensu
1907 2679 1990 2706 esse

1045 2731 1066 2755 a
1087 2719 1174 2756 RR.
1197 2718 1449 2756 Pontificibus
1472 2720 1685 2757 damnatas.
1707 2719 1766 2756 En
1787 2731 1881 2768 quos
1911 2721 1984 2758 fle-

1044 2783 1116 2810 xus
1149 2775 1188 2810 et
1215 2771 1389 2820 obliquos
1420 2775 1571 2809 meatus
1600 2773 1802 2820 probarint
1840 2773 1867 2810 ii
1895 2773 1988 2823 ipsi,

1044 2825 1110 2874 qui
1139 2825 1385 2863 adversarios
1401 2836 1491 2862 suos
1507 2825 1668 2864 laxioris
1680 2826 1837 2864 moralis
1850 2828 1888 2864 et
1905 2839 1988 2875 pra-

1043 2891 1180 2916 varum
1192 2878 1479 2915 restrictionum
1493 2890 1676 2917 accusare
1693 2879 1881 2917 solebant.
1896 2881 1988 2929 Epi-

1042 2933 1144 2982 scopi
1164 2931 1389 2976 AlectensiS,
1409 2931 1718 2979 Bellovacensis,
1739 2933 1984 2982 Apamiensis

1042 2989 1081 3023 et
1110 2984 1403 3033 Andegavensis
1431 2985 1643 3033 simplicem
1677 2998 1743 3023 seu
1766 2987 1982 3024 absolutam

1041 3038 1232 3076 formulae
1252 3037 1542 3075 Alexandrinae
1561 3039 1880 3088 subscriptionem
1912 3040 1984 3077 de-

1041 3095 1253 3141 negarunt,
1286 3092 1325 3127 et
1357 3090 1394 3126 in
1429 3090 1572 3129 litteris
1606 3093 1685 3130 suis
1723 3092 1985 3141 pastoralibus

1041 3145 1352 3188 contenderunt,
1374 3143 1723 3183 Constitutionibus
1753 3145 1986 3194 apostolicis,

1041 3201 1229 3248 quantum
1250 3197 1298 3235 ad
1318 3196 1377 3234 ius
1397 3209 1464 3235 seu
1486 3198 1627 3248 dogma
1642 3199 1862 3249 spectabat,
1879 3211 1985 3250 prae-

1727 3264 1775 3304 15
