2241 3473
270 149 317 186 18

267 225 329 262 34.
350 222 535 261 Ecclesia
556 218 913 257 Alcoeccmlrina—
928 214 1039 253 CIrca
1059 213 1161 251 idem

214 281 370 327 tempus
396 277 540 313 Petrus
569 271 800 321 discipulum
831 280 947 307 suum
976 270 1015 305 et
1035 268 1160 305 inter-

214 333 378 381 pretem,
392 329 572 367 Marcum
590 321 1014 373 Evangelistam,misit
1033 320 1073 358 in
1089 320 1163 358 AE-

213 386 379 435 gyptum
413 383 461 420 ad
492 379 787 430 propagandum
820 376 860 413 in
897 387 943 413 ea
971 375 1159 423 Evange-

213 438 321 476 lium.
343 437 380 474 Is
409 432 579 473 missioni
601 443 693 469 suae
714 430 917 468 ferventer
947 428 1158 466 adlabora-

215 492 283 537 vit,
302 490 570 535 celebremque
586 484 791 522 ecclesiam
807 481 1071 522 Alexandriae
1086 481 1159 519 col-

213 544 320 594 legit3
341 543 540 592 ingentem
561 539 737 576 virorum
760 539 800 576 et
819 536 1029 574 mulierum
1050 531 1157 572 mul-

212 597 422 636 titudinem
456 594 506 632 ad
539 592 741 631 Christum
771 589 979 636 convertit,
1008 588 1074 637 qui
1108 589 1156 626 ab

211 652 220 688 i
228 663 292 700 pso
319 648 451 687 statim
471 646 596 694 initio,
613 646 743 695 inquit
762 644 967 690 Eusebius,
988 645 1071 681 tam
1092 654 1157 680 se-

211 715 347 741 veram
364 700 653 739 institutionem
666 698 829 749 professi
840 699 944 744 sunt,
960 698 1003 734 ut
1019 708 1156 733 eorum

212 756 364 802 studia,
383 756 532 801 coetus,
552 753 753 799 convivia,
774 754 975 799 totamque
997 750 1155 788 vivendi

213 811 408 849 rationem
423 808 580 857 scriptis
595 807 674 845 suis
687 816 992 844 commemorare
1014 815 1155 853 operae

211 864 384 915 pretium
404 861 560 901 duxerit
579 860 694 899 Philo
713 857 738 898 ¹.

261 917 409 967 Reipsa
425 915 540 953 Philo
562 915 743 959 Iudaeus,
762 913 878 951 huius
899 911 1039 950 aetatis
1053 911 1153 948 scri-

211 973 311 1021 ptor,
331 971 472 1009 laudat
490 970 643 1007 certum
664 967 866 1006 hominum
883 977 1019 1017 genUS,
1042 965 1152 1003 viro-

213 1037 300 1063 rum
322 1037 418 1074 quos
438 1024 710 1072 Therapeutas
731 1025 771 1060 et
791 1020 1026 1058 feminarum
1056 1030 1152 1067 quas

211 1077 520 1128 Therapeutrias
555 1076 744 1126 appellari
767 1075 872 1120 dicit,
907 1073 1010 1123 quod
1042 1072 1151 1110 bonis

210 1133 291 1171 suis
310 1134 359 1170 ad
380 1130 621 1181 propinquos
640 1128 893 1174 transmissis,
914 1130 1030 1165 extra
1050 1126 1150 1164 civi—

207 1189 310 1226 tates
330 1186 366 1224 in
393 1185 498 1235 agris
519 1186 559 1222 et
586 1183 711 1221 hortis
745 1182 889 1231 singuli
922 1181 961 1219 in
987 1179 1150 1229 singulis

207 1239 410 1278 domiciliis
431 1237 616 1284 orationi,
631 1235 962 1286 contemplationi,
978 1234 1149 1283 Scriptu-

207 1306 341 1332 rarum
357 1291 529 1338 lectioni,
546 1291 703 1340 pietatis
724 1293 764 1328 et
779 1288 1026 1328 austeritatis
1041 1299 1150 1325 exer-

208 1348 312 1386 citiis
332 1347 535 1385 vacarent.
555 1345 687 1390 Addit,
701 1345 773 1382 hoc
801 1342 1003 1381 hominum
1024 1353 1148 1390 genus

208 1401 247 1439 in
270 1400 392 1439 variis
412 1399 515 1437 orbis
532 1398 768 1448 regionibus,
781 1396 1012 1447 praesertim
1028 1396 1066 1433 in
1079 1395 1150 1432 AE-

208 1458 330 1505 gypto
357 1456 395 1492 et
414 1453 587 1491 maxime
603 1452 708 1490 circa
727 1450 1010 1489 Alexandriam
1033 1461 1148 1498 spar-

207 1521 295 1546 sum
321 1506 483 1557 reperiri
502 1504 528 1544 ².
558 1506 842 1544 Verumtamen
870 1516 945 1541 non
979 1515 1146 1541 consen-

208 1563 312 1600 tiunt
330 1560 486 1607 eruditi,
508 1572 557 1598 an
580 1571 648 1609 per
667 1559 772 1597 istud
801 1558 1005 1596 hominum
1025 1568 1147 1606 genus

205 1615 428 1662 christiani,
461 1626 511 1652 an
548 1613 686 1652 Iudaei
721 1611 858 1651 Esseni
891 1611 969 1649 sint
997 1610 1146 1648 intelli-

206 1669 320 1720 gendi
337 1667 363 1707 ³.

258 1723 297 1761 S.
315 1723 475 1761 Marcus
495 1720 702 1760 ecclesiam
730 1718 1040 1758 Alexandrinam
1068 1729 1146 1767 gu-

205 1776 386 1814 bernavit
408 1787 531 1825 usque
552 1776 602 1813 ad
617 1787 678 1813 an.
695 1774 759 1813 62.
780 1774 878 1812 Cum
894 1773 932 1810 in
953 1772 1036 1810 dies
1051 1772 1148 1810 mul-

204 1830 236 1868 ti
263 1830 397 1868 relicto
417 1829 609 1866 idolorum
630 1828 740 1866 cultu
761 1828 810 1866 ad
831 1838 973 1864 novam
995 1825 1149 1875 religio-

205 1896 292 1921 nem
307 1882 538 1929 transirent,
551 1884 590 1920 et
601 1893 696 1931 quos
708 1882 825 1919 antea
836 1880 1074 1926 coluerant,d
1081 1891 1146 1918 eos

202 1937 332 1986 palam
360 1937 605 1986 spernerent,
625 1935 717 1973 irati
740 1934 884 1972 ethnici
904 1934 943 1971 in
964 1935 1144 1971 sanctum

204 1991 439 2040 episcopum,
456 2002 478 2027 a
498 2002 573 2039 quo
594 1988 808 2027 christiana
828 1988 945 2025 Fides
966 1986 1144 2024 Alexan-

204 2045 328 2082 driam
348 2043 478 2082 fuerat
499 2043 648 2092 perlata
664 2072 673 2089 ,
699 2054 787 2080 cum
813 2041 934 2079 sacris
962 2052 1144 2089 operare-

203 2101 282 2145 tur,
302 2098 532 2144 irruerunt,
562 2108 732 2146 eumque
761 2095 884 2145 ligato
923 2094 972 2132 ad
1002 2093 1143 2131 collum

206 2151 297 2190 fune
318 2162 386 2200 per
404 2151 490 2189 loca
506 2150 611 2189 saxis
627 2161 763 2200 aspera
776 2150 1008 2198 rapuerunt,
1024 2148 1145 2186 donec

205 2205 374 2243 animam
410 2205 592 2242 redderet
620 2202 647 2225 ⁴·
685 2204 779 2241 Post
811 2203 1020 2252 gloriosum
1060 2201 1145 2239 eius

204 2258 439 2307 martyrium
470 2257 758 2295 Alexandrinae
780 2256 966 2294 ecclcsiae
995 2255 1146 2305 episco-

201 2314 336 2361 patum
352 2311 491 2361 viginti
509 2312 660 2349 duobus
675 2310 784 2348 annis
800 2310 920 2359 gessit
931 2309 1105 2347 Anianus
1119 2307 1144 2346 ⁵.

253 2366 317 2403 35.
345 2365 550 2403 Ecclesiae
578 2365 703 2401 Asiae
732 2363 906 2402 minoris
924 2385 974 2389 —-—
991 2363 1145 2400 Interea

204 2419 363 2464 Paulus,
385 2418 559 2468 gentium
577 2417 786 2467 apostolus,
816 2416 975 2454 tertium
998 2416 1072 2453 itcr
1088 2428 1148 2453 su-

201 2473 332 2522 scepit.
355 2472 536 2510 Primum
560 2471 757 2520 Phrygiae
778 2472 817 2508 ct
833 2470 1014 2508 Galatiae
1035 2470 1146 2507 inco-

200 2526 246 2564 lis
265 2526 461 2564 Christum
485 2525 733 2575 praedicavit.
752 2525 894 2562 Postea
918 2536 957 2562 se
977 2523 1145 2561 contulit

202 2579 423 2628 Ephesum,
445 2579 563 2617 Asiae
598 2578 758 2616 minoris
789 2577 1051 2627 metropolim,
1083 2577 1145 2614 ubi

201 2633 353 2670 biennio
385 2634 562 2671 moratus
582 2634 652 2670 est.
676 2632 807 2669 Primo
837 2631 991 2669 Iudaeis
1021 2631 1058 2669 in
1081 2642 1147 2679 sy-

204 2698 368 2736 nagoga,
384 2686 522 2725 deinde
543 2685 710 2724 ethnicis
727 2684 985 2735 Evangelium
1001 2696 1147 2723 annun-

242 2780 251 2801 ¹
271 2780 391 2818 Euseh„
408 2779 498 2810 Hist.
515 2779 590 2811 eccl.
607 2778 625 2810 l.
642 2780 678 2817 11,
694 2789 721 2811 c.
740 2778 786 2811 16.

241 2821 254 2842 ⁹
270 2822 319 2852 Dc
333 2821 409 2852 vica
424 2821 702 2862 contemplativa.

241 2863 255 2884 ³
271 2864 356 2894 Prius
379 2864 567 2894 contendunt
584 2864 694 2893 Euscb.
711 2862 784 2893 ibid.
802 2872 827 2894 c.
850 2862 900 2901 17;
918 2863 1027 2895 aaron.
1045 2863 1083 2894 ad
1100 2872 1148 2894 an.

200 2904 254 2942 δίς
269 2905 420 2941 Scrarius,
434 2905 482 2935 De
496 2905 607 2935 tribus
620 2904 834 2936 Iudaeorum
845 2905 957 2944 sectis,
967 2915 991 2935 c.
1010 2904 1059 2941 17;
1075 2906 1148 2936 liac-

201 2947 332 2983 chinius,
355 2946 403 2976 De
425 2946 567 2985 oriqint·
582 2946 808 2977 hierarchiae
823 2947 896 2978 eccl.
915 2957 942 2985 p.
959 2946 1027 2977 216.
1047 2948 1150 2977 l’ostc-

201 2989 267 3018 rius
291 2987 460 3018 defendunt
484 2987 631 3025 Valesius,
656 2988 822 3019 Annotae.
848 2989 887 3019 in
910 2989 1030 3020 Euseb.
1048 2988 1064 3019 1.
1083 2989 1150 3023 cit:

200 3029 379 3066 Cotelcrius,
394 3029 624 3060 Munumcnea
639 3030 712 3060 cccl.
727 3040 840 3069 yracc.
855 3035 873 3060 t.
890 3031 910 3065 1.
928 3041 956 3070 p.
975 3030 1046 3067 789;
1066 3031 1150 3069 Pagi,

203 3071 396 3143 griciccpad
420 3080 466 3101 an.
491 3071 545 3106 ‹;·.‘;
570 3072 729 3110 Mnrnaclii‚
755 3072 918 3113 Origines
933 3079 965 3104 ct
982 3072 1149 3113 antiquit.

201 3124 217 3143 c
231 3124 270 3143 ιν.
290 3116 310 3143 t.
339 3137 344 3143 .

757 153 913 181 EPOCHA
941 153 968 178 Ι.
997 151 1024 177 Α
1052 149 1302 176 NATIVITATE
1329 149 1418 176 IESV
1447 149 1601 176 CHRISTI

1204 213 1329 252 tiavit.
1365 214 1469 251 Deus
1497 213 1618 251 tantis
1653 213 1853 251 miraculis
1887 213 2152 252 ministerium

1205 267 1320 305 Pauli
1341 267 1610 314 confirmabat,
1631 268 1676 303 ut
1703 268 1752 304 ad
1771 267 2000 317 religiosum
2029 268 2151 307 suda-

1203 321 1354 359 riorum
1393 321 1474 358 eius
1512 322 1551 358 et
1589 319 1920 358 semicinctiorum
1959 323 2151 360 attactum

1203 375 1311 424 aegri
1333 376 1571 413 sanarentur
1601 375 1640 411 et
1661 373 1868 412 daemones
1897 375 2150 424 pellerentur.

1204 429 1315 466 Unde
1336 429 1483 467 factum
1502 429 1574 474 est,
1600 429 1643 464 ut
1662 438 1804 475 magna
1823 428 2023 466 hominum
2042 430 2151 467 mul-

1201 481 1328 519 titudo
1350 481 1496 531 Ephesi
1516 492 1654 518 nomen
1676 480 1829 518 Christo
1850 481 2013 529 dederit,
2032 484 2073 520 et
2087 483 2152 520 fio-

1203 535 1428 574 rentissima
1447 535 1500 572 ihi
1521 533 1700 572 Ecclesia
1721 535 1808 572 orta
1826 534 1888 580 sit,
1909 536 2152 585 quemadmo-

1201 589 1294 626 dum
1315 589 1435 626 etiam
1455 588 1494 625 in
1513 587 1651 625 vicinis
1673 587 1834 625 urbibus
1855 588 2004 636 Mileto,
2019 590 2154 640 Smyr-

1200 654 1263 689 na,
1283 642 1410 689 Sardi,
1431 641 1726 691 Philadelphia,
1746 641 1938 690 Pergamo
1957 672 1967 689 ,
1986 643 2151 692 aliisque

1199 699 1333 733 coetus
1381 696 1687 734 christianorum
1729 695 1972 734 coaluerunt.
2019 696 2149 739 Quum

1198 761 1292 787 vero
1326 749 1617 799 praedicatione
1651 748 1766 786 Pauli
1800 760 1966 798 magnae
1999 749 2151 788 Dianae

1198 803 1326 841 cultus
1347 803 1624 849 collaberetur,
1645 804 1685 840 et
1713 802 1932 851 argentarii
1960 802 2150 851 artifices,

1197 857 1263 906 qui
1283 857 1482 895 aediculas
1498 856 1547 894 ad
1563 856 1731 894 formam
1752 855 1999 894 celeberrimi
2014 857 2150 907 templi

1197 911 1348 949 Dianae
1369 910 1638 957 conficiebant,
1659 912 1848 959 quaestus
1867 909 1926 948 sui
1942 910 2150 949 detrimen-

1196 967 1282 1002 tum
1297 965 1497 1011 timerent,
1514 964 1730 1001 tumultum
1745 963 1784 1001 in
1803 963 1972 1001 Paulum
1987 963 2149 1013 eiusque

1196 1018 1320 1056 socios
1342 1018 1582 1055 excitarunt.
1603 1017 1660 1055 Eo
1680 1018 1828 1063 sedate,
1850 1017 2076 1066 Apostolus,
2096 1018 2150 1055 di-

1197 1071 1346 1121 scipulo
1366 1084 1439 1109 suo
1459 1071 1665 1109 Timotheo
1686 1070 1947 1120 Ephesiorum
1967 1071 2148 1121 episcopo

1196 1125 1423 1172 constituto,
1442 1124 1598 1163 traiecit
1617 1124 1655 1162 in
1676 1124 1962 1170 Macedoniam,
1982 1136 2061 1173 qua
2079 1136 2149 1174 pe-

1197 1182 1374 1229 ragrata,
1401 1178 1593 1217 Achaiam
1622 1181 1662 1216 et
1691 1177 1925 1216 Corinthum
1954 1177 2147 1217 visitavit.

1199 1233 1347 1271 Deinde
1368 1232 1663 1282 Hierosolymas
1693 1231 1930 1281 pauperibus
1960 1231 2146 1271 christia-

1197 1286 1256 1324 nis
1286 1287 1557 1336 eleemosynas
1586 1286 1744 1324 laturus
1769 1285 1892 1335 petiit.
1914 1285 2044 1327 Quum
2062 1285 2145 1335 pri-

1196 1352 1303 1378 mum
1331 1341 1466 1378 Iudaei
1494 1340 1664 1378 Paulum
1693 1339 1731 1377 in
1751 1339 1896 1389 templo
1927 1351 2148 1389 conspexe-

1193 1396 1300 1440 runt,
1320 1406 1409 1431 eum
1431 1394 1677 1432 contumeliis
1699 1396 1738 1431 et
1757 1393 1987 1431 verberibus
2007 1392 2145 1431 affece-

1192 1450 1304 1495 runt,
1324 1450 1363 1486 et
1382 1448 1464 1485 sine
1484 1447 1600 1485 dubio
1628 1447 1940 1495 interfecissent,
1961 1446 2036 1486 nisi
2063 1447 2146 1498 Ly-

1192 1501 1267 1539 sias
1285 1532 1294 1549 ,
1315 1502 1584 1539 Romanorum
1613 1501 1784 1539 militum
1803 1501 1986 1539 tribunus
2003 1531 2013 1548 ,
2032 1500 2146 1539 illum

1191 1567 1240 1593 ex
1261 1567 1395 1593 eorum
1417 1555 1597 1593 manibus
1617 1558 1794 1604 ereptum
1814 1555 1854 1592 in
1873 1555 2046 1593 Antonia
2076 1567 2145 1593 ca-

1191 1612 1272 1647 stra
1291 1608 1571 1647 transtulisset.
1588 1608 1741 1658 Lysias,
1759 1608 1895 1646 audita
1911 1608 2146 1647 coniuratio-

1191 1675 1239 1700 ne
1262 1662 1499 1700 Iudaeorum
1518 1665 1654 1700 contra
1674 1661 1842 1699 Paulum
1856 1691 1866 1709 ,
1887 1674 1978 1700 eum
2004 1662 2145 1700 militi-

1190 1717 1264 1754 bus
1286 1716 1476 1766 stipatum
1496 1715 1604 1753 misit
1631 1716 1863 1754 Caesaream
1885 1716 1934 1754 ad
1961 1716 2145 1764 Felicem,

1190 1770 1359 1808 Iudaeae
1397 1769 1627 1819 praesidem.
1663 1768 1798 1807 Iudaei
1833 1769 2006 1808 Paulum
2040 1770 2146 1820 apud

1191 1823 1410 1873 praesidem
1431 1823 1631 1862 seditionis
1651 1825 1691 1862 et
1710 1823 1895 1862 inductae
1917 1835 2043 1862 novae
2064 1835 2142 1862 sec-

1190 1880 1254 1915 tae
1292 1879 1549 1925 accusarunt;
1588 1878 1656 1916 sed
1695 1889 1830 1915 eorum
1867 1877 2140 1916 accusationes

1190 1931 1255 1968 ille
1275 1931 1333 1969 ita
1351 1930 1585 1978 confutavit,
1606 1933 1648 1968 ut
1675 1930 1789 1968 Felix
1811 1933 2057 1970 accusatores
2078 1931 2140 1969 di-

1192 1984 1361 2032 miserit;
1382 1984 1553 2022 Paulum
1581 1986 1735 2030 tamen,
1758 1995 1874 2033 quem
1902 1985 2071 2034 pecunia
2098 1997 2140 2024 se

1190 2039 1482 2087 redempturum
1505 2038 1708 2087 sperabat,
1727 2037 1767 2074 in
1787 2038 1964 2076 custodia
1983 2038 2141 2077 biennio

1190 2091 1371 2139 detinuit,
1384 2095 1424 2129 et
1438 2091 1651 2129 successori
1667 2103 1737 2129 suo
1753 2091 1870 2129 Festo
1885 2091 2139 2131 iudicandum

1190 2145 1358 2194 reliquit.
1381 2145 1509 2187 Quum
1530 2144 1694 2192 Festus,
1715 2145 1938 2194 petentibus
1967 2146 2137 2194 IudaeiS,

1190 2199 1359 2236 Paulum
1380 2198 1670 2248 Hierosolymas
1691 2199 1846 2237 mittere
1867 2199 2139 2248 meditaretur,

1192 2256 1234 2290 ut
1254 2252 1337 2290 eius
1357 2264 1478 2290 causa
1506 2264 1529 2290 a
1548 2252 1717 2290 sinedrio
1743 2255 2065 2302 cognosceretur,
2084 2254 2143 2291 A-

1190 2306 1363 2355 postolus
1397 2306 1603 2343 Caesarem
1637 2306 1868 2355 appellavit;
1898 2309 2141 2357 quapropter

1194 2371 1269 2397 uua
1289 2371 1378 2397 cum
1400 2372 1429 2397 s.
1447 2359 1554 2397 Luca
1583 2359 1747 2409 aliisque
1776 2372 1798 2398 a
1827 2360 1944 2398 Festo
1973 2362 2141 2400 Romam

1190 2413 1328 2451 missus
1350 2412 1424 2450 fuit
1443 2411 1466 2450 ¹.

1243 2466 1305 2504 36.
1331 2467 1369 2504 S.
1383 2467 1510 2503 Pauli
1523 2468 1714 2516 epistolae
1733 2468 1788 2506 ad
1809 2468 2044 2508 leessalon.
2065 2469 2143 2508 Ga-

1194 2522 1313 2567 latas,
1341 2521 1578 2558 Corinthios
1598 2527 1639 2558 et
1656 2522 1930 2560 It'omanos-
1945 2523 2028 2561 Iam
2047 2525 2143 2562 ante

1192 2575 1287 2611 haec
1308 2574 1505 2623 apostolus
1526 2575 1675 2612 Paulus
1696 2576 1743 2613 ad
1765 2576 1942 2616 diversas
1956 2577 2142 2616 ecelesias

1191 2627 1376 2676 epistolas
1396 2627 1562 2677 scripsit.
1584 2630 1698 2666 Anno
1718 2629 1875 2668 circiter
1893 2630 1946 2669 52
1973 2643 2023 2670 ex
2043 2631 2140 2669 urbe

1193 2681 1379 2720 Corintho
1409 2681 1612 2731 epistolam
1632 2683 1788 2733 scripsit
1816 2684 1865 2722 ad
1885 2683 2140 2724 Thessaloni-

1194 2746 1342 2782 censes,
1362 2735 1503 2784 quibus
1524 2736 1570 2773 dc
1590 2737 1810 2776 constantia
1831 2739 1870 2777 in
1890 2738 1987 2777 Fide
2007 2739 2140 2789 gratu-

1194 2789 1319 2834 latur,
1352 2788 1611 2838 hortaturque
1632 2802 1697 2828 eos
1717 2791 1765 2829 ad
1786 2791 2141 2841 perseverantiam3

1193 2842 1314 2880 tradit
1328 2842 1436 2880 varia
1449 2846 1653 2894 praecepta
1664 2844 1710 2883 ad
1723 2844 1989 2885 informandos
1998 2857 2141 2894 mores;

1194 2899 1235 2935 et
1253 2908 1412 2935 suorum
1433 2898 1538 2935 obitu
1557 2899 1716 2936 nimium
1737 2899 1869 2938 tristes
1888 2899 2042 2939 solatur
2060 2911 2142 2938 cer-

1195 2950 1344 2988 tissima
1373 2962 1438 2999 spe
1461 2952 1766 2992 resurrectionis,
1787 2953 1914 2995 Quum
1934 2965 2028 2992 vero
2047 2953 2138 3004 qui-

1194 3005 1281 3041 dam
1304 3005 1649 3053 pseudo-doctores
1669 3019 1728 3053 ea,
1744 3018 1844 3056 quae
1863 3007 2075 3056 Apostolus
2089 3008 2138 3046 de

1197 3062 1437 3095 mortuorum
1469 3061 1755 3098 resurrectione
1784 3059 2018 3110 scripserat,
2038 3061 2141 3099 male

1196 3112 1458 3160 interpretati,
1474 3113 1878 3152 'l'licssalonicensium
1895 3114 2045 3154 animos
2065 3117 2141 3154 ter-

241 3155 254 3177 ⁴
271 3154 468 3194 Menoloyia
493 3155 721 3193 Graecormn;
746 3155 902 3194 lt‹›llan‹l.,
926 3156 1011 3189 Acta
1035 3158 1094 3189 SS.
1111 3157 1151 3190 ⁶25

202 3197 394 3278 apgssliuselx,
410 3237 500 3271 Hisc.
517 3239 590 3271 cccl.
608 3239 626 3270 l.
643 3239 680 3277 11,
698 3249 723 3272 c.
741 3238 794 3278 2=l;
813 3239 829 3271 l.
847 3240 898 3279 111,
915 3250 941 3272 c.
962 3239 1005 3271 14.

1229 3244 1236 3265 ¹
1255 3243 1325 3276 Ace.
1343 3244 1554 3276 xviii-xxvi.
