<?xml version="1.0" encoding="UTF-8"?>
<!DOCTYPE html PUBLIC "-//W3C//DTD XHTML 1.0 Transitional//EN"
    "http://www.w3.org/TR/xhtml1/DTD/xhtml1-transitional.dtd">
<html xmlns="http://www.w3.org/1999/xhtml" xml:lang="en" lang="en">
 <head>
  <title>
</title>
<meta http-equiv="Content-Type" content="text/html;charset=utf-8" />
  <meta name='ocr-system' content='tesseract 3.04.00' />
  <meta name='ocr-capabilities' content='ocr_page ocr_carea ocr_par ocr_line ocrx_word'/>
</head>
<body>
  <div class='ocr_page' id='page_1' title='image "./historiaeecclesi01wout_0475.png"; bbox 0 0 2241 3473; ppageno 0'>
   <div class='ocr_carea' id='block_1_1' title="bbox 679 167 1443 200">
    <p class='ocr_par' dir='ltr' id='par_1_1' title="bbox 679 167 1443 200">
     <span class='ocr_line' id='line_1_1' title="bbox 679 167 1443 200; baseline -0.001 -5"><span class='ocrx_word' id='word_1_1' title='bbox 679 168 805 200; x_wconf 69' lang='lat' dir='ltr'><strong>VSQVE</strong></span> <span class='ocrx_word' id='word_1_2' title='bbox 833 169 886 196; x_wconf 70' lang='lat' dir='ltr'><strong>AD</strong></span> <span class='ocrx_word' id='word_1_3' title='bbox 914 167 1237 197; x_wconf 72' lang='lat' dir='ltr'>IANSENISTARVM</span> <span class='ocrx_word' id='word_1_4' title='bbox 1267 168 1443 195; x_wconf 75' lang='lat' dir='ltr'>EXORDIA</span> 
     </span>
    </p>
   </div>
   <div class='ocr_carea' id='block_1_2' title="bbox 72 230 1018 2618">
    <p class='ocr_par' dir='ltr' id='par_1_2' title="bbox 73 230 1018 1966">
     <span class='ocr_line' id='line_1_2' title="bbox 87 230 1012 283; baseline 0.002 -14"><span class='ocrx_word' id='word_1_5' title='bbox 87 230 157 280; x_wconf 89' lang='lat' dir='ltr'><strong>Pp.</strong></span> <span class='ocrx_word' id='word_1_6' title='bbox 173 230 248 269; x_wconf 84' lang='lat' dir='ltr'><strong>VII</strong></span> <span class='ocrx_word' id='word_1_7' title='bbox 263 241 311 268; x_wconf 83' lang='lat' dir='ltr'><strong>ex</strong></span> <span class='ocrx_word' id='word_1_8' title='bbox 326 230 569 280; x_wconf 87' lang='lat' dir='ltr'><strong>imperatoris</strong></span> <span class='ocrx_word' id='word_1_9' title='bbox 586 233 757 270; x_wconf 79' lang='lat' dir='ltr'><strong>victoriis</strong></span> <span class='ocrx_word' id='word_1_10' title='bbox 775 235 814 270; x_wconf 91' lang='lat' dir='ltr'><strong>et</strong></span> <span class='ocrx_word' id='word_1_11' title='bbox 834 244 1012 283; x_wconf 82' lang='lat' dir='ltr'><strong>progres-</strong></span> 
     </span>
     <span class='ocr_line' id='line_1_3' title="bbox 85 283 1015 334; baseline 0.002 -12"><span class='ocrx_word' id='word_1_12' title='bbox 85 283 260 323; x_wconf 86' lang='lat' dir='ltr'>sionibus</span> <span class='ocrx_word' id='word_1_13' title='bbox 282 283 418 334; x_wconf 83' lang='lat' dir='ltr'><strong>Italiae</strong></span> <span class='ocrx_word' id='word_1_14' title='bbox 438 284 609 323; x_wconf 78' lang='lat' dir='ltr'>libertati</span> <span class='ocrx_word' id='word_1_15' title='bbox 639 288 834 332; x_wconf 85' lang='lat' dir='ltr'><strong>metucns,</strong></span> <span class='ocrx_word' id='word_1_16' title='bbox 853 286 1015 324; x_wconf 88' lang='lat' dir='ltr'><strong>Franci-</strong></span> 
     </span>
     <span class='ocr_line' id='line_1_4' title="bbox 86 336 1015 387; baseline 0.001 -13"><span class='ocrx_word' id='word_1_17' title='bbox 86 348 193 374; x_wconf 87' lang='lat' dir='ltr'><strong>scum</strong></span> <span class='ocrx_word' id='word_1_18' title='bbox 213 336 230 374; x_wconf 93' lang='grc' dir='ltr'>Ι</span> <span class='ocrx_word' id='word_1_19' title='bbox 257 336 305 374; x_wconf 88' lang='lat' dir='ltr'><strong>ab</strong></span> <span class='ocrx_word' id='word_1_20' title='bbox 332 337 599 375; x_wconf 80' lang='lat' dir='ltr'><strong>observatione</strong></span> <span class='ocrx_word' id='word_1_21' title='bbox 629 340 752 387; x_wconf 84' lang='lat' dir='ltr'><strong>pacis,</strong></span> <span class='ocrx_word' id='word_1_22' title='bbox 774 351 859 376; x_wconf 89' lang='lat' dir='ltr'><strong>cum</strong></span> <span class='ocrx_word' id='word_1_23' title='bbox 879 339 1015 377; x_wconf 86' lang='lat' dir='ltr'><strong>Carolo</strong></span> 
     </span>
     <span class='ocr_line' id='line_1_5' title="bbox 86 389 1015 439; baseline 0.001 -13"><span class='ocrx_word' id='word_1_24' title='bbox 86 389 220 435; x_wconf 83' lang='lat' dir='ltr'><strong>initae,</strong></span> <span class='ocrx_word' id='word_1_25' title='bbox 235 393 421 439; x_wconf 81' lang='lat' dir='ltr'><strong>tanquam</strong></span> <span class='ocrx_word' id='word_1_26' title='bbox 443 391 610 429; x_wconf 81' lang='lat' dir='ltr'><strong>iniustae</strong></span> <span class='ocrx_word' id='word_1_27' title='bbox 631 400 670 429; x_wconf 84' lang='lat' dir='ltr'><strong>ct</strong></span> <span class='ocrx_word' id='word_1_28' title='bbox 690 393 727 429; x_wconf 80' lang='lat' dir='ltr'><strong>vi</strong></span> <span class='ocrx_word' id='word_1_29' title='bbox 749 396 938 433; x_wconf 67' lang='lat' dir='ltr'><strong>extortac,</strong></span> <span class='ocrx_word' id='word_1_30' title='bbox 955 394 1015 428; x_wconf 77' lang='lat' dir='ltr'><strong>al»-</strong></span> 
     </span>
     <span class='ocr_line' id='line_1_6' title="bbox 83 441 1013 492; baseline 0.003 -13"><span class='ocrx_word' id='word_1_31' title='bbox 83 441 222 488; x_wconf 87' lang='lat' dir='ltr'><strong>solvit,</strong></span> <span class='ocrx_word' id='word_1_32' title='bbox 248 448 287 480; x_wconf 89' lang='lat' dir='ltr'><strong>et</strong></span> <span class='ocrx_word' id='word_1_33' title='bbox 315 456 400 481; x_wconf 90' lang='lat' dir='ltr'><strong>cum</strong></span> <span class='ocrx_word' id='word_1_34' title='bbox 429 445 562 481; x_wconf 83' lang='lat' dir='ltr'><strong>codem</strong></span> <span class='ocrx_word' id='word_1_35' title='bbox 592 449 706 492; x_wconf 81' lang='lat' dir='ltr'><strong>atquc</strong></span> <span class='ocrx_word' id='word_1_36' title='bbox 735 446 901 482; x_wconf 85' lang='lat' dir='ltr'><strong>ilenrico</strong></span> <span class='ocrx_word' id='word_1_37' title='bbox 922 445 1013 482; x_wconf 84' lang='lat' dir='ltr'><strong>VIII</strong></span> 
     </span>
     <span class='ocr_line' id='line_1_7' title="bbox 82 496 1013 544; baseline 0.002 -12"><span class='ocrx_word' id='word_1_38' title='bbox 82 506 175 544; x_wconf 81' lang='lat' dir='ltr'><strong>rege</strong></span> <span class='ocrx_word' id='word_1_39' title='bbox 195 496 382 544; x_wconf 82' lang='lat' dir='ltr'><strong>Angliae,</strong></span> <span class='ocrx_word' id='word_1_40' title='bbox 402 497 607 535; x_wconf 83' lang='lat' dir='ltr'><strong>Franciseo</strong></span> <span class='ocrx_word' id='word_1_41' title='bbox 636 498 784 535; x_wconf 82' lang='lat' dir='ltr'><strong>Ssortia</strong></span> <span class='ocrx_word' id='word_1_42' title='bbox 811 499 907 535; x_wconf 84' lang='lat' dir='ltr'><strong>duce</strong></span> <span class='ocrx_word' id='word_1_43' title='bbox 927 498 1013 534; x_wconf 87' lang='lat' dir='ltr'><strong>Me·-</strong></span> 
     </span>
     <span class='ocr_line' id='line_1_8' title="bbox 83 547 1014 588; baseline 0.003 -4"><span class='ocrx_word' id='word_1_44' title='bbox 83 547 295 587; x_wconf 87' lang='lat' dir='ltr'><strong>diolanensi</strong></span> <span class='ocrx_word' id='word_1_45' title='bbox 323 553 362 588; x_wconf 86' lang='lat' dir='ltr'><strong>et</strong></span> <span class='ocrx_word' id='word_1_46' title='bbox 382 550 542 588; x_wconf 84' lang='lat' dir='ltr'><strong>Venetis</strong></span> <span class='ocrx_word' id='word_1_47' title='bbox 573 550 703 588; x_wconf 89' lang='lat' dir='ltr'><strong>foedus</strong></span> <span class='ocrx_word' id='word_1_48' title='bbox 732 551 918 588; x_wconf 86' lang='lat' dir='ltr'><strong>adversus</strong></span> <span class='ocrx_word' id='word_1_49' title='bbox 943 551 1014 587; x_wconf 84' lang='lat' dir='ltr'><strong>Ca—</strong></span> 
     </span>
     <span class='ocr_line' id='line_1_9' title="bbox 81 601 1016 652; baseline 0.002 -15"><span class='ocrx_word' id='word_1_50' title='bbox 81 601 206 639; x_wconf 86' lang='lat' dir='ltr'><strong>rolum</strong></span> <span class='ocrx_word' id='word_1_51' title='bbox 226 603 380 652; x_wconf 85' lang='lat' dir='ltr'><strong>pepigit.</strong></span> <span class='ocrx_word' id='word_1_52' title='bbox 401 603 528 645; x_wconf 89' lang='lat' dir='ltr'><strong>Quum</strong></span> <span class='ocrx_word' id='word_1_53' title='bbox 556 603 594 640; x_wconf 91' lang='lat' dir='ltr'><strong>id</strong></span> <span class='ocrx_word' id='word_1_54' title='bbox 624 603 836 641; x_wconf 82' lang='lat' dir='ltr'><strong>audivisset</strong></span> <span class='ocrx_word' id='word_1_55' title='bbox 855 603 1016 641; x_wconf 83' lang='lat' dir='ltr'>Carolus</span> 
     </span>
     <span class='ocr_line' id='line_1_10' title="bbox 82 653 1015 704; baseline 0.002 -14"><span class='ocrx_word' id='word_1_56' title='bbox 82 653 310 702; x_wconf 88' lang='lat' dir='ltr'><strong>Borbonius‚</strong></span> <span class='ocrx_word' id='word_1_57' title='bbox 326 657 604 694; x_wconf 83' lang='lat' dir='ltr'><strong>Caesarearum</strong></span> <span class='ocrx_word' id='word_1_58' title='bbox 626 656 821 704; x_wconf 82' lang='lat' dir='ltr'><strong>copiarum</strong></span> <span class='ocrx_word' id='word_1_59' title='bbox 843 655 878 692; x_wconf 90' lang='lat' dir='ltr'><strong>in</strong></span> <span class='ocrx_word' id='word_1_60' title='bbox 902 656 1015 693; x_wconf 84' lang='lat' dir='ltr'><strong>Italia</strong></span> 
     </span>
     <span class='ocr_line' id='line_1_11' title="bbox 83 706 1016 752; baseline 0.001 -8"><span class='ocrx_word' id='word_1_61' title='bbox 83 706 177 752; x_wconf 79' lang='lat' dir='ltr'><strong>(lux,</strong></span> <span class='ocrx_word' id='word_1_62' title='bbox 197 706 283 746; x_wconf 88' lang='lat' dir='ltr'><strong>illas</strong></span> <span class='ocrx_word' id='word_1_63' title='bbox 304 710 490 746; x_wconf 83' lang='lat' dir='ltr'><strong>adversus</strong></span> <span class='ocrx_word' id='word_1_64' title='bbox 507 709 735 746; x_wconf 88' lang='lat' dir='ltr'><strong>Pontificem</strong></span> <span class='ocrx_word' id='word_1_65' title='bbox 755 708 1016 746; x_wconf 74' lang='lat' dir='ltr'><strong>an.1527R0-</strong></span> 
     </span>
     <span class='ocr_line' id='line_1_12' title="bbox 82 762 1013 810; baseline 0.001 -13"><span class='ocrx_word' id='word_1_66' title='bbox 82 771 186 798; x_wconf 84' lang='lat' dir='ltr'><strong>mam</strong></span> <span class='ocrx_word' id='word_1_67' title='bbox 206 762 401 810; x_wconf 77' lang='lat' dir='ltr'><strong>perduxit,</strong></span> <span class='ocrx_word' id='word_1_68' title='bbox 420 773 599 810; x_wconf 88' lang='lat' dir='ltr'><strong>eamque,</strong></span> <span class='ocrx_word' id='word_1_69' title='bbox 619 765 750 810; x_wconf 89' lang='lat' dir='ltr'><strong>spreta</strong></span> <span class='ocrx_word' id='word_1_70' title='bbox 769 762 1013 798; x_wconf 88' lang='lat' dir='ltr'><strong>induciarum</strong></span> 
     </span>
     <span class='ocr_line' id='line_1_13' title="bbox 80 813 1012 863; baseline 0.001 -14"><span class='ocrx_word' id='word_1_71' title='bbox 80 813 167 858; x_wconf 88' lang='lat' dir='ltr'><strong>fide,</strong></span> <span class='ocrx_word' id='word_1_72' title='bbox 182 815 347 861; x_wconf 88' lang='lat' dir='ltr'><strong>obsedit;</strong></span> <span class='ocrx_word' id='word_1_73' title='bbox 366 815 533 863; x_wconf 89' lang='lat' dir='ltr'><strong>dumque</strong></span> <span class='ocrx_word' id='word_1_74' title='bbox 552 815 740 863; x_wconf 87' lang='lat' dir='ltr'><strong>impetum</strong></span> <span class='ocrx_word' id='word_1_75' title='bbox 763 815 906 852; x_wconf 81' lang='lat' dir='ltr'><strong>faciens</strong></span> <span class='ocrx_word' id='word_1_76' title='bbox 926 826 1012 852; x_wconf 90' lang='lat' dir='ltr'><strong>cum</strong></span> 
     </span>
     <span class='ocr_line' id='line_1_14' title="bbox 80 867 1014 915; baseline 0.002 -12"><span class='ocrx_word' id='word_1_77' title='bbox 80 867 255 904; x_wconf 78' lang='lat' dir='ltr'><strong>exercitu</strong></span> <span class='ocrx_word' id='word_1_78' title='bbox 291 868 436 915; x_wconf 90' lang='lat' dir='ltr'><strong>primus</strong></span> <span class='ocrx_word' id='word_1_79' title='bbox 470 868 694 905; x_wconf 79' lang='lat' dir='ltr'>conscendit</span> <span class='ocrx_word' id='word_1_80' title='bbox 727 880 877 911; x_wconf 83' lang='lat' dir='ltr'><strong>muros,</strong></span> <span class='ocrx_word' id='word_1_81' title='bbox 909 867 1014 905; x_wconf 91' lang='lat' dir='ltr'><strong>occi-</strong></span> 
     </span>
     <span class='ocr_line' id='line_1_15' title="bbox 78 920 1014 969; baseline 0.001 -13"><span class='ocrx_word' id='word_1_82' title='bbox 78 931 144 956; x_wconf 85' lang='lat' dir='ltr'><strong>sus</strong></span> <span class='ocrx_word' id='word_1_83' title='bbox 171 924 244 957; x_wconf 86' lang='lat' dir='ltr'><strong>est.</strong></span> <span class='ocrx_word' id='word_1_84' title='bbox 264 920 507 958; x_wconf 88' lang='lat' dir='ltr'><strong>Philibertus</strong></span> <span class='ocrx_word' id='word_1_85' title='bbox 535 921 712 969; x_wconf 87' lang='lat' dir='ltr'><strong>princeps</strong></span> <span class='ocrx_word' id='word_1_86' title='bbox 737 921 1014 966; x_wconf 87' lang='lat' dir='ltr'><strong>Arausicanus,</strong></span> 
     </span>
     <span class='ocr_line' id='line_1_16' title="bbox 78 972 1015 1023; baseline 0.003 -15"><span class='ocrx_word' id='word_1_87' title='bbox 78 972 118 1008; x_wconf 91' lang='lat' dir='ltr'><strong>in</strong></span> <span class='ocrx_word' id='word_1_88' title='bbox 137 972 222 1010; x_wconf 91' lang='lat' dir='ltr'><strong>eius</strong></span> <span class='ocrx_word' id='word_1_89' title='bbox 241 973 366 1010; x_wconf 90' lang='lat' dir='ltr'><strong>locum</strong></span> <span class='ocrx_word' id='word_1_90' title='bbox 397 974 594 1022; x_wconf 87' lang='lat' dir='ltr'><strong>copiarum</strong></span> <span class='ocrx_word' id='word_1_91' title='bbox 626 974 788 1023; x_wconf 90' lang='lat' dir='ltr'><strong>imperio</strong></span> <span class='ocrx_word' id='word_1_92' title='bbox 814 977 992 1023; x_wconf 89' lang='lat' dir='ltr'><strong>suscepto</strong></span> <span class='ocrx_word' id='word_1_93' title='bbox 1006 1004 1015 1019; x_wconf 91' lang='lat'><strong>‚</strong></span> 
     </span>
     <span class='ocr_line' id='line_1_17' title="bbox 78 1024 1016 1076; baseline 0.003 -15"><span class='ocrx_word' id='word_1_94' title='bbox 78 1024 223 1062; x_wconf 85' lang='lat' dir='ltr'>Urbem</span> <span class='ocrx_word' id='word_1_95' title='bbox 244 1027 361 1075; x_wconf 81' lang='lat' dir='ltr'>cepit,</span> <span class='ocrx_word' id='word_1_96' title='bbox 382 1038 467 1063; x_wconf 89' lang='lat' dir='ltr'><strong>eam</strong></span> <span class='ocrx_word' id='word_1_97' title='bbox 488 1027 677 1064; x_wconf 80' lang='lat' dir='ltr'><strong>militibus</strong></span> <span class='ocrx_word' id='word_1_98' title='bbox 697 1038 838 1076; x_wconf 83' lang='lat' dir='ltr'><strong>magna</strong></span> <span class='ocrx_word' id='word_1_99' title='bbox 857 1039 905 1064; x_wconf 77' lang='lat' dir='ltr'><strong>ex</strong></span> <span class='ocrx_word' id='word_1_100' title='bbox 927 1039 1016 1075; x_wconf 91' lang='lat' dir='ltr'><strong>par-</strong></span> 
     </span>
     <span class='ocr_line' id='line_1_18' title="bbox 76 1077 1013 1129; baseline 0.003 -15"><span class='ocrx_word' id='word_1_101' title='bbox 76 1080 116 1114; x_wconf 90' lang='lat' dir='ltr'><strong>te</strong></span> <span class='ocrx_word' id='word_1_102' title='bbox 135 1077 352 1116; x_wconf 83' lang='lat' dir='ltr'>lutheranis</span> <span class='ocrx_word' id='word_1_103' title='bbox 370 1080 587 1129; x_wconf 88' lang='lat' dir='ltr'><strong>diripienda</strong></span> <span class='ocrx_word' id='word_1_104' title='bbox 604 1080 762 1129; x_wconf 86' lang='lat' dir='ltr'><strong>reliquit</strong></span> <span class='ocrx_word' id='word_1_105' title='bbox 775 1080 801 1126; x_wconf 85' lang='lat'><strong>¹,</strong></span> <span class='ocrx_word' id='word_1_106' title='bbox 817 1082 856 1117; x_wconf 89' lang='lat' dir='ltr'><strong>et</strong></span> <span class='ocrx_word' id='word_1_107' title='bbox 877 1081 1013 1117; x_wconf 79' lang='lat' dir='ltr'><strong>Ponti-</strong></span> 
     </span>
     <span class='ocr_line' id='line_1_19' title="bbox 77 1129 1018 1181; baseline 0.003 -14"><span class='ocrx_word' id='word_1_108' title='bbox 77 1129 189 1168; x_wconf 87' lang='lat' dir='ltr'><strong>ficem</strong></span> <span class='ocrx_word' id='word_1_109' title='bbox 211 1131 248 1168; x_wconf 93' lang='lat' dir='ltr'><strong>in</strong></span> <span class='ocrx_word' id='word_1_110' title='bbox 267 1144 354 1170; x_wconf 86' lang='lat' dir='ltr'><strong>arce</strong></span> <span class='ocrx_word' id='word_1_111' title='bbox 370 1145 400 1170; x_wconf 90' lang='lat' dir='ltr'><strong>s.</strong></span> <span class='ocrx_word' id='word_1_112' title='bbox 416 1133 556 1181; x_wconf 85' lang='lat' dir='ltr'><strong>Angeli</strong></span> <span class='ocrx_word' id='word_1_113' title='bbox 572 1134 782 1179; x_wconf 88' lang='lat' dir='ltr'><strong>obsessum,</strong></span> <span class='ocrx_word' id='word_1_114' title='bbox 798 1133 844 1170; x_wconf 88' lang='lat' dir='ltr'><strong>ad</strong></span> <span class='ocrx_word' id='word_1_115' title='bbox 861 1134 1018 1171; x_wconf 90' lang='lat' dir='ltr'><strong>deditio-</strong></span> 
     </span>
     <span class='ocr_line' id='line_1_20' title="bbox 76 1185 1017 1236; baseline 0.005 -17"><span class='ocrx_word' id='word_1_116' title='bbox 76 1195 162 1220; x_wconf 90' lang='lat' dir='ltr'><strong>nem</strong></span> <span class='ocrx_word' id='word_1_117' title='bbox 180 1185 393 1224; x_wconf 88' lang='lat' dir='ltr'><strong>durissimis</strong></span> <span class='ocrx_word' id='word_1_118' title='bbox 408 1186 691 1224; x_wconf 88' lang='lat' dir='ltr'><strong>conditionibus</strong></span> <span class='ocrx_word' id='word_1_119' title='bbox 710 1187 905 1236; x_wconf 81' lang='lat' dir='ltr'><strong>compulit.</strong></span> <span class='ocrx_word' id='word_1_120' title='bbox 923 1188 1017 1224; x_wconf 83' lang='lat' dir='ltr'><strong>Post</strong></span> 
     </span>
     <span class='ocr_line' id='line_1_21' title="bbox 76 1239 1016 1285; baseline 0.003 -12"><span class='ocrx_word' id='word_1_121' title='bbox 76 1240 219 1285; x_wconf 78' lang='lat' dir='ltr'>septem</span> <span class='ocrx_word' id='word_1_122' title='bbox 236 1239 569 1277; x_wconf 88' lang='lat' dir='ltr'><strong>mensesClemens</strong></span> <span class='ocrx_word' id='word_1_123' title='bbox 584 1241 655 1278; x_wconf 88' lang='lat' dir='ltr'><strong>sibi</strong></span> <span class='ocrx_word' id='word_1_124' title='bbox 671 1244 849 1278; x_wconf 91' lang='lat' dir='ltr'><strong>metuens</strong></span> <span class='ocrx_word' id='word_1_125' title='bbox 865 1241 912 1278; x_wconf 91' lang='lat' dir='ltr'><strong>ab</strong></span> <span class='ocrx_word' id='word_1_126' title='bbox 928 1242 1016 1277; x_wconf 86' lang='lat' dir='ltr'><strong>astu</strong></span> 
     </span>
     <span class='ocr_line' id='line_1_22' title="bbox 77 1289 1017 1342; baseline 0.004 -16"><span class='ocrx_word' id='word_1_127' title='bbox 77 1289 339 1337; x_wconf 80' lang='lat' dir='ltr'>Hispanorum</span> <span class='ocrx_word' id='word_1_128' title='bbox 358 1322 368 1338; x_wconf 90' lang='lat'><strong>,</strong></span> <span class='ocrx_word' id='word_1_129' title='bbox 397 1294 559 1330; x_wconf 80' lang='lat' dir='ltr'><strong>mentita</strong></span> <span class='ocrx_word' id='word_1_130' title='bbox 598 1297 727 1339; x_wconf 87' lang='lat' dir='ltr'><strong>veste,</strong></span> <span class='ocrx_word' id='word_1_131' title='bbox 759 1294 1017 1342; x_wconf 87' lang='lat' dir='ltr'><strong>simulatoque</strong></span> 
     </span>
     <span class='ocr_line' id='line_1_23' title="bbox 78 1345 1017 1396; baseline 0.006 -18"><span class='ocrx_word' id='word_1_132' title='bbox 78 1345 300 1382; x_wconf 85' lang='lat' dir='ltr'><strong>mercatoris</strong></span> <span class='ocrx_word' id='word_1_133' title='bbox 319 1346 454 1383; x_wconf 86' lang='lat' dir='ltr'><strong>habitu</strong></span> <span class='ocrx_word' id='word_1_134' title='bbox 473 1376 483 1391; x_wconf 95' lang='lat'><strong>,</strong></span> <span class='ocrx_word' id='word_1_135' title='bbox 511 1358 601 1383; x_wconf 89' lang='lat' dir='ltr'><strong>arce</strong></span> <span class='ocrx_word' id='word_1_136' title='bbox 633 1359 811 1396; x_wconf 82' lang='lat' dir='ltr'><strong>egressus</strong></span> <span class='ocrx_word' id='word_1_137' title='bbox 844 1347 1017 1396; x_wconf 78' lang='lat' dir='ltr'><strong>confugit</strong></span> 
     </span>
     <span class='ocr_line' id='line_1_24' title="bbox 76 1395 1012 1449; baseline 0.006 -17"><span class='ocrx_word' id='word_1_138' title='bbox 76 1395 329 1435; x_wconf 87' lang='lat' dir='ltr'><strong>Urbevetum.</strong></span> <span class='ocrx_word' id='word_1_139' title='bbox 350 1398 509 1436; x_wconf 89' lang='lat' dir='ltr'><strong>Carolus</strong></span> <span class='ocrx_word' id='word_1_140' title='bbox 529 1399 565 1436; x_wconf 99' lang='lat' dir='ltr'><strong>V</strong></span> <span class='ocrx_word' id='word_1_141' title='bbox 588 1401 651 1436; x_wconf 90' lang='lat' dir='ltr'><strong>ubi</strong></span> <span class='ocrx_word' id='word_1_142' title='bbox 683 1413 729 1437; x_wconf 89' lang='lat' dir='ltr'><strong>ea</strong></span> <span class='ocrx_word' id='word_1_143' title='bbox 757 1401 794 1436; x_wconf 90' lang='lat' dir='ltr'><strong>in</strong></span> <span class='ocrx_word' id='word_1_144' title='bbox 824 1400 1012 1449; x_wconf 81' lang='lat' dir='ltr'><strong>Hispania</strong></span> 
     </span>
     <span class='ocr_line' id='line_1_25' title="bbox 76 1450 1018 1501; baseline 0.004 -15"><span class='ocrx_word' id='word_1_145' title='bbox 76 1450 239 1498; x_wconf 84' lang='lat' dir='ltr'><strong>accepit,</strong></span> <span class='ocrx_word' id='word_1_146' title='bbox 272 1451 527 1501; x_wconf 83' lang='lat' dir='ltr'><strong>direptionem</strong></span> <span class='ocrx_word' id='word_1_147' title='bbox 557 1453 704 1490; x_wconf 90' lang='lat' dir='ltr'><strong>Romae</strong></span> <span class='ocrx_word' id='word_1_148' title='bbox 743 1458 783 1490; x_wconf 92' lang='lat' dir='ltr'><strong>et</strong></span> <span class='ocrx_word' id='word_1_149' title='bbox 815 1453 1018 1491; x_wconf 87' lang='lat' dir='ltr'><strong>Pontificis</strong></span> 
     </span>
     <span class='ocr_line' id='line_1_26' title="bbox 76 1503 1017 1555; baseline 0.005 -16"><span class='ocrx_word' id='word_1_150' title='bbox 76 1503 343 1551; x_wconf 88' lang='lat' dir='ltr'><strong>captivitatem</strong></span> <span class='ocrx_word' id='word_1_151' title='bbox 361 1505 504 1551; x_wconf 86' lang='lat' dir='ltr'><strong>doluit,</strong></span> <span class='ocrx_word' id='word_1_152' title='bbox 517 1509 647 1543; x_wconf 83' lang='lat' dir='ltr'><strong>vestes</strong></span> <span class='ocrx_word' id='word_1_153' title='bbox 663 1507 848 1555; x_wconf 87' lang='lat' dir='ltr'><strong>lugubres</strong></span> <span class='ocrx_word' id='word_1_154' title='bbox 867 1507 1017 1552; x_wconf 87' lang='lat' dir='ltr'><strong>induit,</strong></span> 
     </span>
     <span class='ocr_line' id='line_1_27' title="bbox 74 1557 1016 1609; baseline 0.005 -17"><span class='ocrx_word' id='word_1_155' title='bbox 74 1567 209 1604; x_wconf 79' lang='lat' dir='ltr'>preces</span> <span class='ocrx_word' id='word_1_156' title='bbox 227 1557 398 1605; x_wconf 90' lang='lat' dir='ltr'><strong>publicas</strong></span> <span class='ocrx_word' id='word_1_157' title='bbox 430 1559 664 1608; x_wconf 87' lang='lat' dir='ltr'><strong>postulavit,</strong></span> <span class='ocrx_word' id='word_1_158' title='bbox 688 1572 900 1609; x_wconf 89' lang='lat' dir='ltr'><strong>pacemque</strong></span> <span class='ocrx_word' id='word_1_159' title='bbox 928 1572 1016 1597; x_wconf 89' lang='lat' dir='ltr'><strong>cum</strong></span> 
     </span>
     <span class='ocr_line' id='line_1_28' title="bbox 74 1608 1014 1660; baseline 0.006 -15"><span class='ocrx_word' id='word_1_160' title='bbox 74 1608 264 1646; x_wconf 87' lang='lat' dir='ltr'><strong>Pontifice</strong></span> <span class='ocrx_word' id='word_1_161' title='bbox 284 1614 456 1649; x_wconf 88' lang='lat' dir='ltr'><strong>tractare</strong></span> <span class='ocrx_word' id='word_1_162' title='bbox 475 1613 612 1660; x_wconf 90' lang='lat' dir='ltr'><strong>coepit.</strong></span> <span class='ocrx_word' id='word_1_163' title='bbox 632 1612 717 1650; x_wconf 81' lang='lat' dir='ltr'><strong>Pax</strong></span> <span class='ocrx_word' id='word_1_164' title='bbox 739 1614 841 1650; x_wconf 90' lang='lat' dir='ltr'><strong>inter</strong></span> <span class='ocrx_word' id='word_1_165' title='bbox 861 1616 1014 1650; x_wconf 87' lang='lat' dir='ltr'><strong>utrum-</strong></span> 
     </span>
     <span class='ocr_line' id='line_1_29' title="bbox 75 1663 1014 1714; baseline 0.006 -16"><span class='ocrx_word' id='word_1_166' title='bbox 75 1673 150 1709; x_wconf 89' lang='lat' dir='ltr'><strong>que</strong></span> <span class='ocrx_word' id='word_1_167' title='bbox 165 1673 226 1700; x_wconf 86' lang='lat' dir='ltr'><strong>an.</strong></span> <span class='ocrx_word' id='word_1_168' title='bbox 241 1663 341 1701; x_wconf 76' lang='lat'>1529</span> <span class='ocrx_word' id='word_1_169' title='bbox 357 1665 552 1702; x_wconf 88' lang='lat' dir='ltr'><strong>Bononiae</strong></span> <span class='ocrx_word' id='word_1_170' title='bbox 567 1666 776 1714; x_wconf 89' lang='lat' dir='ltr'><strong>composita</strong></span> <span class='ocrx_word' id='word_1_171' title='bbox 808 1668 880 1711; x_wconf 88' lang='lat' dir='ltr'><strong>est,</strong></span> <span class='ocrx_word' id='word_1_172' title='bbox 895 1669 934 1704; x_wconf 92' lang='lat' dir='ltr'><strong>et</strong></span> <span class='ocrx_word' id='word_1_173' title='bbox 953 1667 1014 1704; x_wconf 91' lang='lat' dir='ltr'><strong>die</strong></span> 
     </span>
     <span class='ocr_line' id='line_1_30' title="bbox 74 1713 1013 1757; baseline 0.005 -6"><span class='ocrx_word' id='word_1_174' title='bbox 74 1713 193 1752; x_wconf 86' lang='lat' dir='ltr'><strong>Festo</strong></span> <span class='ocrx_word' id='word_1_175' title='bbox 211 1727 242 1754; x_wconf 85' lang='lat' dir='ltr'><strong>S.</strong></span> <span class='ocrx_word' id='word_1_176' title='bbox 261 1716 452 1756; x_wconf 78' lang='lat' dir='ltr'><strong>Matthiae</strong></span> <span class='ocrx_word' id='word_1_177' title='bbox 477 1730 577 1755; x_wconf 88' lang='lat' dir='ltr'><strong>anno</strong></span> <span class='ocrx_word' id='word_1_178' title='bbox 609 1718 708 1756; x_wconf 87' lang='grc'><strong>1530</strong></span> <span class='ocrx_word' id='word_1_179' title='bbox 734 1720 910 1757; x_wconf 87' lang='lat' dir='ltr'>Clemens</span> <span class='ocrx_word' id='word_1_180' title='bbox 938 1720 1013 1757; x_wconf 88' lang='lat' dir='ltr'><strong>VII</strong></span> 
     </span>
     <span class='ocr_line' id='line_1_31' title="bbox 75 1765 1010 1821; baseline 0.007 -18"><span class='ocrx_word' id='word_1_181' title='bbox 75 1765 258 1806; x_wconf 89' lang='lat' dir='ltr'><strong>Carolum</strong></span> <span class='ocrx_word' id='word_1_182' title='bbox 279 1770 314 1807; x_wconf 93' lang='lat' dir='ltr'><strong>V</strong></span> <span class='ocrx_word' id='word_1_183' title='bbox 342 1768 503 1809; x_wconf 86' lang='lat' dir='ltr'><strong>solemni</strong></span> <span class='ocrx_word' id='word_1_184' title='bbox 534 1771 611 1808; x_wconf 87' lang='lat' dir='ltr'><strong>ritu</strong></span> <span class='ocrx_word' id='word_1_185' title='bbox 641 1772 909 1821; x_wconf 70' lang='lat' dir='ltr'><strong>imperatorem</strong></span> <span class='ocrx_word' id='word_1_186' title='bbox 944 1785 1010 1810; x_wconf 91' lang='lat' dir='ltr'><strong>co-</strong></span> 
     </span>
     <span class='ocr_line' id='line_1_32' title="bbox 76 1822 1014 1863; baseline 0.007 -7"><span class='ocrx_word' id='word_1_187' title='bbox 76 1822 246 1860; x_wconf 89' lang='lat' dir='ltr'><strong>ronavit.</strong></span> <span class='ocrx_word' id='word_1_188' title='bbox 276 1823 421 1861; x_wconf 87' lang='lat' dir='ltr'><strong>Eodem</strong></span> <span class='ocrx_word' id='word_1_189' title='bbox 453 1837 554 1862; x_wconf 92' lang='lat' dir='ltr'><strong>anno</strong></span> <span class='ocrx_word' id='word_1_190' title='bbox 585 1826 781 1863; x_wconf 86' lang='lat' dir='ltr'><strong>Cameraci</strong></span> <span class='ocrx_word' id='word_1_191' title='bbox 811 1827 1014 1863; x_wconf 86' lang='lat' dir='ltr'><strong>concordia</strong></span> 
     </span>
     <span class='ocr_line' id='line_1_33' title="bbox 73 1874 1010 1923; baseline 0.007 -13"><span class='ocrx_word' id='word_1_192' title='bbox 73 1874 338 1923; x_wconf 86' lang='lat' dir='ltr'><strong>redintegrata</strong></span> <span class='ocrx_word' id='word_1_193' title='bbox 357 1876 431 1915; x_wconf 85' lang='lat' dir='ltr'><strong>fuit</strong></span> <span class='ocrx_word' id='word_1_194' title='bbox 450 1879 553 1915; x_wconf 90' lang='lat' dir='ltr'><strong>inter</strong></span> <span class='ocrx_word' id='word_1_195' title='bbox 583 1879 762 1916; x_wconf 89' lang='lat' dir='ltr'><strong>Carolum</strong></span> <span class='ocrx_word' id='word_1_196' title='bbox 786 1881 825 1916; x_wconf 91' lang='lat' dir='ltr'><strong>et</strong></span> <span class='ocrx_word' id='word_1_197' title='bbox 845 1879 1010 1917; x_wconf 85' lang='lat' dir='ltr'><strong>Franci-</strong></span> 
     </span>
     <span class='ocr_line' id='line_1_34' title="bbox 74 1927 259 1966; baseline 0.022 -4"><span class='ocrx_word' id='word_1_198' title='bbox 74 1937 182 1964; x_wconf 90' lang='lat' dir='ltr'><strong>scum</strong></span> <span class='ocrx_word' id='word_1_199' title='bbox 199 1928 216 1965; x_wconf 91' lang='lat' dir='ltr'>I</span> <span class='ocrx_word' id='word_1_200' title='bbox 232 1927 259 1966; x_wconf 79' lang='lat'><strong>².</strong></span> 
     </span>
    </p>

    <p class='ocr_par' dir='ltr' id='par_1_3' title="bbox 72 1980 1012 2618">
     <span class='ocr_line' id='line_1_35' title="bbox 128 1980 1012 2034; baseline 0.005 -16"><span class='ocrx_word' id='word_1_201' title='bbox 128 1980 188 2019; x_wconf 86' lang='lat'><strong>15.</strong></span> <span class='ocrx_word' id='word_1_202' title='bbox 214 1981 469 2032; x_wconf 76' lang='lat' dir='ltr'><strong>colloquium</strong></span> <span class='ocrx_word' id='word_1_203' title='bbox 485 1985 713 2032; x_wconf 67' lang='lat' dir='ltr'><strong>Marpurffl&#39;</strong></span> <span class='ocrx_word' id='word_1_204' title='bbox 726 2006 777 2012; x_wconf 86' lang='lat'>—</span> <span class='ocrx_word' id='word_1_205' title='bbox 793 1986 1012 2034; x_wconf 74' lang='lat' dir='ltr'><strong>Imperator</strong></span> 
     </span>
     <span class='ocr_line' id='line_1_36' title="bbox 75 2039 1009 2088; baseline 0.006 -18"><span class='ocrx_word' id='word_1_206' title='bbox 75 2042 417 2074; x_wconf 85' lang='lat' dir='ltr'><strong>commemoratam</strong></span> <span class='ocrx_word' id='word_1_207' title='bbox 448 2039 766 2086; x_wconf 83' lang='lat' dir='ltr'><strong>protestationem</strong></span> <span class='ocrx_word' id='word_1_208' title='bbox 785 2042 823 2076; x_wconf 88' lang='lat' dir='ltr'><strong>et</strong></span> <span class='ocrx_word' id='word_1_209' title='bbox 841 2039 1009 2088; x_wconf 87' lang='lat' dir='ltr'><strong>appella-</strong></span> 
     </span>
     <span class='ocr_line' id='line_1_37' title="bbox 72 2085 1008 2140; baseline 0.006 -17"><span class='ocrx_word' id='word_1_210' title='bbox 72 2085 216 2124; x_wconf 89' lang='lat' dir='ltr'><strong>tionem</strong></span> <span class='ocrx_word' id='word_1_211' title='bbox 242 2100 331 2128; x_wconf 81' lang='lat' dir='ltr'><strong>cum</strong></span> <span class='ocrx_word' id='word_1_212' title='bbox 350 2091 615 2140; x_wconf 83' lang='lat' dir='ltr'><strong>indignatione</strong></span> <span class='ocrx_word' id='word_1_213' title='bbox 647 2092 835 2140; x_wconf 87' lang='lat' dir='ltr'><strong>minisque</strong></span> <span class='ocrx_word' id='word_1_214' title='bbox 862 2092 1008 2129; x_wconf 87' lang='lat' dir='ltr'><strong>reiecit.</strong></span> 
     </span>
     <span class='ocr_line' id='line_1_38' title="bbox 75 2138 1009 2193; baseline 0.002 -13"><span class='ocrx_word' id='word_1_215' title='bbox 75 2138 319 2191; x_wconf 84' lang='lat' dir='ltr'><strong>Quapropter</strong></span> <span class='ocrx_word' id='word_1_216' title='bbox 351 2143 597 2193; x_wconf 81' lang='lat' dir='ltr'><strong>lantgravius</strong></span> <span class='ocrx_word' id='word_1_217' title='bbox 630 2145 791 2183; x_wconf 88' lang='lat' dir='ltr'><strong>Hassiae</strong></span> <span class='ocrx_word' id='word_1_218' title='bbox 817 2149 856 2182; x_wconf 85' lang='lat' dir='ltr'><strong>et</strong></span> <span class='ocrx_word' id='word_1_219' title='bbox 875 2144 942 2182; x_wconf 91' lang='lat' dir='ltr'><strong>alii</strong></span> <span class='ocrx_word' id='word_1_220' title='bbox 963 2146 1009 2182; x_wconf 89' lang='lat' dir='ltr'><strong>ad</strong></span> 
     </span>
     <span class='ocr_line' id='line_1_39' title="bbox 75 2195 1010 2236; baseline 0.007 -7"><span class='ocrx_word' id='word_1_221' title='bbox 75 2204 274 2233; x_wconf 90' lang='lat' dir='ltr'><strong>commune</strong></span> <span class='ocrx_word' id='word_1_222' title='bbox 289 2195 422 2235; x_wconf 86' lang='lat' dir='ltr'><strong>foedus</strong></span> <span class='ocrx_word' id='word_1_223' title='bbox 438 2199 540 2235; x_wconf 91' lang='lat' dir='ltr'><strong>inter</strong></span> <span class='ocrx_word' id='word_1_224' title='bbox 556 2199 800 2236; x_wconf 87' lang='lat' dir='ltr'><strong>Lutheranos</strong></span> <span class='ocrx_word' id='word_1_225' title='bbox 820 2202 859 2236; x_wconf 90' lang='lat' dir='ltr'><strong>et</strong></span> <span class='ocrx_word' id='word_1_226' title='bbox 877 2199 1010 2236; x_wconf 86' lang='lat' dir='ltr'><strong>Sacra·</strong></span> 
     </span>
     <span class='ocr_line' id='line_1_40' title="bbox 74 2249 1009 2301; baseline 0.007 -19"><span class='ocrx_word' id='word_1_227' title='bbox 74 2249 284 2286; x_wconf 87' lang='lat' dir='ltr'><strong>mentarios</strong></span> <span class='ocrx_word' id='word_1_228' title='bbox 305 2254 440 2287; x_wconf 90' lang='lat' dir='ltr'><strong>contra</strong></span> <span class='ocrx_word' id='word_1_229' title='bbox 459 2251 735 2301; x_wconf 87' lang='lat' dir='ltr'><strong>imperatorem</strong></span> <span class='ocrx_word' id='word_1_230' title='bbox 755 2252 1009 2290; x_wconf 86' lang='lat' dir='ltr'><strong>sanciendum</strong></span> 
     </span>
     <span class='ocr_line' id='line_1_41' title="bbox 75 2299 1009 2354; baseline 0.009 -19"><span class='ocrx_word' id='word_1_231' title='bbox 75 2299 210 2337; x_wconf 89' lang='lat' dir='ltr'><strong>eodem</strong></span> <span class='ocrx_word' id='word_1_232' title='bbox 230 2314 291 2339; x_wconf 89' lang='lat' dir='ltr'><strong>an.</strong></span> <span class='ocrx_word' id='word_1_233' title='bbox 316 2303 416 2341; x_wconf 79' lang='lat'>1529</span> <span class='ocrx_word' id='word_1_234' title='bbox 438 2304 642 2354; x_wconf 87' lang='lat' dir='ltr'><strong>Marpurgi</strong></span> <span class='ocrx_word' id='word_1_235' title='bbox 677 2307 779 2343; x_wconf 91' lang='lat' dir='ltr'><strong>inter</strong></span> <span class='ocrx_word' id='word_1_236' title='bbox 806 2305 1009 2354; x_wconf 88' lang='lat' dir='ltr'><strong>primarios</strong></span> 
     </span>
     <span class='ocr_line' id='line_1_42' title="bbox 76 2352 1008 2407; baseline 0.01 -20"><span class='ocrx_word' id='word_1_237' title='bbox 76 2352 278 2402; x_wconf 89' lang='lat' dir='ltr'><strong>utriusque</strong></span> <span class='ocrx_word' id='word_1_238' title='bbox 298 2357 418 2404; x_wconf 89' lang='lat' dir='ltr'><strong>partis</strong></span> <span class='ocrx_word' id='word_1_239' title='bbox 438 2358 640 2407; x_wconf 88' lang='lat' dir='ltr'><strong>theologos</strong></span> <span class='ocrx_word' id='word_1_240' title='bbox 656 2359 890 2407; x_wconf 84' lang='lat' dir='ltr'><strong>colloquium</strong></span> <span class='ocrx_word' id='word_1_241' title='bbox 911 2359 1008 2396; x_wconf 92' lang='lat' dir='ltr'><strong>indi-</strong></span> 
     </span>
     <span class='ocr_line' id='line_1_43' title="bbox 76 2407 1007 2460; baseline 0.009 -19"><span class='ocrx_word' id='word_1_242' title='bbox 76 2411 232 2444; x_wconf 84' lang='lat' dir='ltr'><strong>xerunt.</strong></span> <span class='ocrx_word' id='word_1_243' title='bbox 253 2407 474 2447; x_wconf 86' lang='lat' dir='ltr'><strong>Adfuerunt</strong></span> <span class='ocrx_word' id='word_1_244' title='bbox 493 2424 513 2448; x_wconf 93' lang='lat' dir='ltr'><strong>e</strong></span> <span class='ocrx_word' id='word_1_245' title='bbox 534 2416 643 2460; x_wconf 89' lang='lat' dir='ltr'><strong>parte</strong></span> <span class='ocrx_word' id='word_1_246' title='bbox 673 2411 1007 2450; x_wconf 87' lang='lat' dir='ltr'><strong>Sacramentario-</strong></span> 
     </span>
     <span class='ocr_line' id='line_1_44' title="bbox 75 2459 1009 2514; baseline 0.01 -20"><span class='ocrx_word' id='word_1_247' title='bbox 75 2469 163 2495; x_wconf 85' lang='lat' dir='ltr'><strong>rum</strong></span> <span class='ocrx_word' id='word_1_248' title='bbox 189 2459 402 2510; x_wconf 84' lang='lat' dir='ltr'><strong>Zwinglius</strong></span> <span class='ocrx_word' id='word_1_249' title='bbox 418 2492 428 2506; x_wconf 87' lang='lat'><strong>,</strong></span> <span class='ocrx_word' id='word_1_250' title='bbox 461 2464 789 2514; x_wconf 88' lang='lat' dir='ltr'><strong>OEcolampadius</strong></span> <span class='ocrx_word' id='word_1_251' title='bbox 807 2495 817 2510; x_wconf 93' lang='lat'><strong>,</strong></span> <span class='ocrx_word' id='word_1_252' title='bbox 836 2466 1009 2503; x_wconf 85' lang='lat' dir='ltr'><strong>Bucerus</strong></span> 
     </span>
     <span class='ocr_line' id='line_1_45' title="bbox 76 2511 1009 2565; baseline 0.011 -18"><span class='ocrx_word' id='word_1_253' title='bbox 76 2514 116 2548; x_wconf 89' lang='lat' dir='ltr'><strong>et</strong></span> <span class='ocrx_word' id='word_1_254' title='bbox 135 2511 272 2559; x_wconf 84' lang='lat' dir='ltr'><strong>Hedio;</strong></span> <span class='ocrx_word' id='word_1_255' title='bbox 293 2526 343 2551; x_wconf 83' lang='lat' dir='ltr'><strong>ex</strong></span> <span class='ocrx_word' id='word_1_256' title='bbox 362 2515 486 2553; x_wconf 89' lang='lat' dir='ltr'><strong>altera</strong></span> <span class='ocrx_word' id='word_1_257' title='bbox 506 2520 615 2565; x_wconf 89' lang='lat' dir='ltr'><strong>parte</strong></span> <span class='ocrx_word' id='word_1_258' title='bbox 631 2518 839 2564; x_wconf 88' lang='lat' dir='ltr'><strong>Lutherus,</strong></span> <span class='ocrx_word' id='word_1_259' title='bbox 856 2519 1009 2556; x_wconf 86' lang='lat' dir='ltr'><strong>Melan-</strong></span> 
     </span>
     <span class='ocr_line' id='line_1_46' title="bbox 74 2563 1010 2618; baseline 0.011 -18"><span class='ocrx_word' id='word_1_260' title='bbox 74 2563 229 2611; x_wconf 88' lang='lat' dir='ltr'><strong>chthon,</strong></span> <span class='ocrx_word' id='word_1_261' title='bbox 250 2567 381 2604; x_wconf 86' lang='lat' dir='ltr'><strong>Iustus</strong></span> <span class='ocrx_word' id='word_1_262' title='bbox 400 2568 526 2616; x_wconf 82' lang='lat' dir='ltr'><strong>lonas,</strong></span> <span class='ocrx_word' id='word_1_263' title='bbox 551 2570 754 2618; x_wconf 90' lang='lat' dir='ltr'><strong>Osiander‚</strong></span> <span class='ocrx_word' id='word_1_264' title='bbox 774 2572 955 2610; x_wconf 85' lang='lat' dir='ltr'><strong>Brentius</strong></span> <span class='ocrx_word' id='word_1_265' title='bbox 970 2575 1010 2610; x_wconf 89' lang='lat' dir='ltr'><strong>et</strong></span> 
     </span>
    </p>
   </div>
   <div class='ocr_carea' id='block_1_3' title="bbox 71 2695 1007 3276">
    <p class='ocr_par' dir='ltr' id='par_1_4' title="bbox 71 2695 1007 3143">
     <span class='ocr_line' id='line_1_47' title="bbox 114 2695 1006 2736; baseline 0.008 -9"><span class='ocrx_word' id='word_1_266' title='bbox 114 2695 122 2716; x_wconf 81' lang='lat'><strong>¹</strong></span> <span class='ocrx_word' id='word_1_267' title='bbox 141 2697 236 2727; x_wconf 85' lang='lat' dir='ltr'><strong>Roma</strong></span> <span class='ocrx_word' id='word_1_268' title='bbox 252 2698 353 2728; x_wconf 85' lang='lat' dir='ltr'><strong>sexies</strong></span> <span class='ocrx_word' id='word_1_269' title='bbox 376 2697 497 2736; x_wconf 84' lang='lat' dir='ltr'><strong>direpta</strong></span> <span class='ocrx_word' id='word_1_270' title='bbox 519 2702 574 2728; x_wconf 78' lang='lat' dir='ltr'><strong>est.</strong></span> <span class='ocrx_word' id='word_1_271' title='bbox 592 2699 724 2731; x_wconf 84' lang='lat' dir='ltr'><strong>Primum</strong></span> <span class='ocrx_word' id='word_1_272' title='bbox 753 2701 791 2731; x_wconf 86' lang='lat' dir='ltr'><strong>ab</strong></span> <span class='ocrx_word' id='word_1_273' title='bbox 811 2702 931 2732; x_wconf 75' lang='lat' dir='ltr'><strong>Alarico</strong></span> <span class='ocrx_word' id='word_1_274' title='bbox 950 2704 1006 2734; x_wconf 75' lang='lat' dir='ltr'><strong>Go-</strong></span> 
     </span>
     <span class='ocr_line' id='line_1_48' title="bbox 72 2737 1004 2778; baseline 0.009 -11"><span class='ocrx_word' id='word_1_275' title='bbox 72 2737 192 2768; x_wconf 80' lang='lat' dir='ltr'><strong>thorum</strong></span> <span class='ocrx_word' id='word_1_276' title='bbox 216 2747 289 2778; x_wconf 85' lang='lat' dir='ltr'><strong>rcge</strong></span> <span class='ocrx_word' id='word_1_277' title='bbox 306 2748 353 2768; x_wconf 83' lang='lat' dir='ltr'><strong>an.</strong></span> <span class='ocrx_word' id='word_1_278' title='bbox 371 2738 440 2776; x_wconf 68' lang='lat'><strong>409,</strong></span> <span class='ocrx_word' id='word_1_279' title='bbox 459 2749 513 2769; x_wconf 82' lang='lat' dir='ltr'><strong>scu</strong></span> <span class='ocrx_word' id='word_1_280' title='bbox 529 2739 600 2778; x_wconf 72' lang='lat'><strong>410,</strong></span> <span class='ocrx_word' id='word_1_281' title='bbox 622 2741 797 2773; x_wconf 83' lang='lat' dir='ltr'><strong>Innocentio</strong></span> <span class='ocrx_word' id='word_1_282' title='bbox 822 2743 833 2773; x_wconf 86' lang='lat'>1</span> <span class='ocrx_word' id='word_1_283' title='bbox 850 2745 1004 2776; x_wconf 75' lang='lat' dir='ltr'><strong>Pontifice.</strong></span> 
     </span>
     <span class='ocr_line' id='line_1_49' title="bbox 72 2778 1005 2822; baseline 0.01 -14"><span class='ocrx_word' id='word_1_284' title='bbox 72 2778 185 2810; x_wconf 84' lang='lat' dir='ltr'><strong>Deinde</strong></span> <span class='ocrx_word' id='word_1_285' title='bbox 209 2789 226 2810; x_wconf 87' lang='lat' dir='ltr'><strong>a</strong></span> <span class='ocrx_word' id='word_1_286' title='bbox 243 2781 408 2810; x_wconf 83' lang='lat' dir='ltr'><strong>Genserico</strong></span> <span class='ocrx_word' id='word_1_287' title='bbox 425 2789 500 2819; x_wconf 79' lang='lat' dir='ltr'><strong>rege</strong></span> <span class='ocrx_word' id='word_1_288' title='bbox 516 2781 734 2813; x_wconf 78' lang='lat' dir='ltr'><strong>Wandalorum</strong></span> <span class='ocrx_word' id='word_1_289' title='bbox 752 2793 804 2815; x_wconf 82' lang='lat' dir='ltr'><strong>an.</strong></span> <span class='ocrx_word' id='word_1_290' title='bbox 819 2784 889 2822; x_wconf 69' lang='lat'><strong>455,</strong></span> <span class='ocrx_word' id='word_1_291' title='bbox 908 2787 1005 2817; x_wconf 76' lang='lat' dir='ltr'><strong>Lconc</strong></span> 
     </span>
     <span class='ocr_line' id='line_1_50' title="bbox 73 2820 1007 2864; baseline 0.011 -15"><span class='ocrx_word' id='word_1_292' title='bbox 73 2820 184 2859; x_wconf 78' lang='lat' dir='ltr'><strong>Magno</strong></span> <span class='ocrx_word' id='word_1_293' title='bbox 200 2825 357 2859; x_wconf 64' lang='lat' dir='ltr'><strong>regnante.</strong></span> <span class='ocrx_word' id='word_1_294' title='bbox 377 2822 484 2852; x_wconf 76' lang='lat' dir='ltr'><strong>Postea</strong></span> <span class='ocrx_word' id='word_1_295' title='bbox 503 2831 551 2852; x_wconf 81' lang='lat' dir='ltr'><strong>an.</strong></span> <span class='ocrx_word' id='word_1_296' title='bbox 569 2821 628 2853; x_wconf 67' lang='lat'><strong>546</strong></span> <span class='ocrx_word' id='word_1_297' title='bbox 651 2832 669 2853; x_wconf 83' lang='lat' dir='ltr'><strong>a</strong></span> <span class='ocrx_word' id='word_1_298' title='bbox 685 2825 784 2855; x_wconf 79' lang='lat' dir='ltr'><strong>Totua</strong></span> <span class='ocrx_word' id='word_1_299' title='bbox 809 2834 882 2864; x_wconf 64' lang='lat' dir='ltr'><strong>rege</strong></span> <span class='ocrx_word' id='word_1_300' title='bbox 899 2826 1007 2858; x_wconf 72' lang='lat' dir='ltr'><strong>Ostro-</strong></span> 
     </span>
     <span class='ocr_line' id='line_1_51' title="bbox 72 2863 1006 2903; baseline 0.01 -13"><span class='ocrx_word' id='word_1_301' title='bbox 72 2866 222 2900; x_wconf 83' lang='lat' dir='ltr'><strong>golorum‚</strong></span> <span class='ocrx_word' id='word_1_302' title='bbox 239 2863 406 2893; x_wconf 76' lang='lat' dir='ltr'><strong>Ecclesiam</strong></span> <span class='ocrx_word' id='word_1_303' title='bbox 431 2863 667 2895; x_wconf 74' lang='lat' dir='ltr'><strong>administrante</strong></span> <span class='ocrx_word' id='word_1_304' title='bbox 685 2865 804 2903; x_wconf 71' lang='lat' dir='ltr'><strong>Vigilio.</strong></span> <span class='ocrx_word' id='word_1_305' title='bbox 825 2868 944 2898; x_wconf 80' lang='lat' dir='ltr'><strong>Rursus</strong></span> <span class='ocrx_word' id='word_1_306' title='bbox 967 2870 1006 2899; x_wconf 85' lang='lat' dir='ltr'><strong>ab</strong></span> 
     </span>
     <span class='ocr_line' id='line_1_52' title="bbox 73 2902 1003 2943; baseline 0.009 -11"><span class='ocrx_word' id='word_1_307' title='bbox 73 2902 233 2942; x_wconf 75' lang='lat' dir='ltr'><strong>Aistulpho</strong></span> <span class='ocrx_word' id='word_1_308' title='bbox 250 2912 323 2943; x_wconf 83' lang='lat' dir='ltr'><strong>rege</strong></span> <span class='ocrx_word' id='word_1_309' title='bbox 341 2904 613 2943; x_wconf 76' lang='lat' dir='ltr'><strong>Longobardorum</strong></span> <span class='ocrx_word' id='word_1_310' title='bbox 630 2915 678 2936; x_wconf 85' lang='lat' dir='ltr'><strong>an.</strong></span> <span class='ocrx_word' id='word_1_311' title='bbox 693 2906 761 2939; x_wconf 75' lang='lat'><strong>755.</strong></span> <span class='ocrx_word' id='word_1_312' title='bbox 778 2909 806 2937; x_wconf 94' lang='lat' dir='ltr'><strong>in</strong></span> <span class='ocrx_word' id='word_1_313' title='bbox 826 2909 1003 2940; x_wconf 78' lang='lat' dir='ltr'><strong>Pontificatu</strong></span> 
     </span>
     <span class='ocr_line' id='line_1_53' title="bbox 71 2943 1003 2986; baseline 0.01 -13"><span class='ocrx_word' id='word_1_314' title='bbox 71 2943 216 2982; x_wconf 75' lang='lat' dir='ltr'><strong>Stephani</strong></span> <span class='ocrx_word' id='word_1_315' title='bbox 242 2944 275 2975; x_wconf 87' lang='lat'><strong>11.</strong></span> <span class='ocrx_word' id='word_1_316' title='bbox 299 2946 462 2976; x_wconf 77' lang='lat' dir='ltr'><strong>Praeterea</strong></span> <span class='ocrx_word' id='word_1_317' title='bbox 487 2956 504 2975; x_wconf 87' lang='lat' dir='ltr'><strong>a</strong></span> <span class='ocrx_word' id='word_1_318' title='bbox 527 2946 689 2976; x_wconf 73' lang='lat' dir='ltr'><strong>Saracenis</strong></span> <span class='ocrx_word' id='word_1_319' title='bbox 712 2949 832 2979; x_wconf 81' lang='lat' dir='ltr'><strong>Africae</strong></span> <span class='ocrx_word' id='word_1_320' title='bbox 861 2959 909 2980; x_wconf 87' lang='lat' dir='ltr'><strong>an.</strong></span> <span class='ocrx_word' id='word_1_321' title='bbox 934 2950 1003 2986; x_wconf 65' lang='lat'><strong>846,</strong></span> 
     </span>
     <span class='ocr_line' id='line_1_54' title="bbox 72 2984 1002 3026; baseline 0.009 -12"><span class='ocrx_word' id='word_1_322' title='bbox 72 2984 280 3016; x_wconf 75' lang='lat' dir='ltr'><strong>Pontificatum</strong></span> <span class='ocrx_word' id='word_1_323' title='bbox 304 2992 432 3022; x_wconf 66' lang='lat' dir='ltr'><strong>gerente</strong></span> <span class='ocrx_word' id='word_1_324' title='bbox 456 2987 566 3026; x_wconf 77' lang='lat' dir='ltr'><strong>Sergio</strong></span> <span class='ocrx_word' id='word_1_325' title='bbox 590 2987 630 3017; x_wconf 85' lang='lat'><strong>11.</strong></span> <span class='ocrx_word' id='word_1_326' title='bbox 652 2989 774 3019; x_wconf 86' lang='lat' dir='ltr'><strong>Demum</strong></span> <span class='ocrx_word' id='word_1_327' title='bbox 806 2990 844 3020; x_wconf 81' lang='lat' dir='ltr'><strong>ab</strong></span> <span class='ocrx_word' id='word_1_328' title='bbox 870 2993 1002 3022; x_wconf 78' lang='lat' dir='ltr'><strong>exercitu</strong></span> 
     </span>
     <span class='ocr_line' id='line_1_55' title="bbox 72 3024 1005 3071; baseline 0.011 -17"><span class='ocrx_word' id='word_1_329' title='bbox 72 3024 171 3055; x_wconf 86' lang='lat' dir='ltr'><strong>Caroli</strong></span> <span class='ocrx_word' id='word_1_330' title='bbox 187 3027 207 3055; x_wconf 93' lang='lat' dir='ltr'>V</span> <span class='ocrx_word' id='word_1_331' title='bbox 219 3036 266 3057; x_wconf 82' lang='lat' dir='ltr'><strong>an.</strong></span> <span class='ocrx_word' id='word_1_332' title='bbox 282 3027 370 3064; x_wconf 67' lang='lat'><strong>1527,</strong></span> <span class='ocrx_word' id='word_1_333' title='bbox 387 3028 443 3058; x_wconf 82' lang='lat' dir='ltr'><strong>sub</strong></span> <span class='ocrx_word' id='word_1_334' title='bbox 460 3029 612 3059; x_wconf 76' lang='lat' dir='ltr'><strong>Clemente</strong></span> <span class='ocrx_word' id='word_1_335' title='bbox 630 3029 689 3066; x_wconf 87' lang='lat' dir='ltr'><strong>Vll,</strong></span> <span class='ocrx_word' id='word_1_336' title='bbox 707 3039 785 3069; x_wconf 82' lang='lat' dir='ltr'><strong>quae</strong></span> <span class='ocrx_word' id='word_1_337' title='bbox 802 3032 934 3071; x_wconf 72' lang='lat' dir='ltr'><strong>direptio</strong></span> <span class='ocrx_word' id='word_1_338' title='bbox 952 3034 1005 3064; x_wconf 81' lang='lat' dir='ltr'><strong>l&#39;uit</strong></span> 
     </span>
     <span class='ocr_line' id='line_1_56' title="bbox 73 3067 1003 3139; baseline 0.011 -43"><span class='ocrx_word' id='word_1_339' title='bbox 73 3067 212 3139; x_wconf 52' lang='grc' dir='ltr'><strong>ῗῐῐὲηἰυῐῖ</strong></span> <span class='ocrx_word' id='word_1_340' title='bbox 237 3069 431 3099; x_wconf 82' lang='lat' dir='ltr'><strong>saevissima.</strong></span> <span class='ocrx_word' id='word_1_341' title='bbox 457 3070 522 3100; x_wconf 74' lang='lat' dir='ltr'><strong>vid.</strong></span> <span class='ocrx_word' id='word_1_342' title='bbox 551 3070 690 3100; x_wconf 82' lang='lat' dir='ltr'><strong>Bellarm.</strong></span> <span class='ocrx_word' id='word_1_343' title='bbox 719 3071 763 3102; x_wconf 72' lang='lat' dir='ltr'><strong>oe</strong></span> <span class='ocrx_word' id='word_1_344' title='bbox 788 3071 878 3105; x_wconf 85' lang='lat' dir='ltr'><strong>Rom.</strong></span> <span class='ocrx_word' id='word_1_345' title='bbox 906 3073 1003 3106; x_wconf 82' lang='lat' dir='ltr'><strong>Pont.</strong></span> 
     </span>
     <span class='ocr_line' id='line_1_57' title="bbox 86 3118 220 3143; baseline 0.015 -6"><span class='ocrx_word' id='word_1_346' title='bbox 86 3131 92 3137; x_wconf 92' lang='lat'><strong>.</strong></span> <span class='ocrx_word' id='word_1_347' title='bbox 128 3132 135 3143; x_wconf 87' lang='lat'>‚</span> <span class='ocrx_word' id='word_1_348' title='bbox 151 3118 176 3138; x_wconf 90' lang='lat' dir='ltr'><strong>c.</strong></span> <span class='ocrx_word' id='word_1_349' title='bbox 214 3133 220 3139; x_wconf 94' lang='lat'><strong>.</strong></span> 
     </span>
    </p>

    <p class='ocr_par' dir='ltr' id='par_1_5' title="bbox 74 3147 1003 3276">
     <span class='ocr_line' id='line_1_58' title="bbox 113 3147 1003 3195; baseline 0.01 -16"><span class='ocrx_word' id='word_1_350' title='bbox 113 3147 128 3168; x_wconf 77' lang='lat'><strong>²</strong></span> <span class='ocrx_word' id='word_1_351' title='bbox 143 3149 288 3188; x_wconf 75' lang='lat' dir='ltr'><strong>Raynald.</strong></span> <span class='ocrx_word' id='word_1_352' title='bbox 305 3154 335 3181; x_wconf 88' lang='lat' dir='ltr'><strong>et</strong></span> <span class='ocrx_word' id='word_1_353' title='bbox 348 3151 501 3190; x_wconf 79' lang='lat' dir='ltr'><strong>Spondan.</strong></span> <span class='ocrx_word' id='word_1_354' title='bbox 519 3151 557 3182; x_wconf 84' lang='lat' dir='ltr'><strong>ad</strong></span> <span class='ocrx_word' id='word_1_355' title='bbox 577 3161 623 3182; x_wconf 85' lang='lat' dir='ltr'><strong>an.</strong></span> <span class='ocrx_word' id='word_1_356' title='bbox 639 3152 795 3191; x_wconf 68' lang='lat'><strong>1527-30;</strong></span> <span class='ocrx_word' id='word_1_357' title='bbox 810 3155 1003 3195; x_wconf 78' lang='lat' dir='ltr'><strong>ranavicino,</strong></span> 
     </span>
     <span class='ocr_line' id='line_1_59' title="bbox 74 3187 1002 3237; baseline 0.014 -20"><span class='ocrx_word' id='word_1_358' title='bbox 74 3187 162 3219; x_wconf 60' lang='lat' dir='ltr'><strong>letor.</strong></span> <span class='ocrx_word' id='word_1_359' title='bbox 179 3190 228 3221; x_wconf 79' lang='lat' dir='ltr'><strong>del</strong></span> <span class='ocrx_word' id='word_1_360' title='bbox 247 3190 363 3223; x_wconf 77' lang='lat' dir='ltr'><strong>concil.</strong></span> <span class='ocrx_word' id='word_1_361' title='bbox 391 3192 423 3223; x_wconf 74' lang='lat' dir='ltr'><strong>di</strong></span> <span class='ocrx_word' id='word_1_362' title='bbox 444 3193 566 3224; x_wconf 76' lang='lat' dir='ltr'><strong>Trentn.</strong></span> <span class='ocrx_word' id='word_1_363' title='bbox 589 3194 607 3227; x_wconf 83' lang='lat' dir='ltr'><strong>l.</strong></span> <span class='ocrx_word' id='word_1_364' title='bbox 625 3193 658 3231; x_wconf 88' lang='lat' dir='ltr'><strong>ll,</strong></span> <span class='ocrx_word' id='word_1_365' title='bbox 675 3205 699 3226; x_wconf 88' lang='lat' dir='ltr'><strong>c.</strong></span> <span class='ocrx_word' id='word_1_366' title='bbox 718 3195 827 3235; x_wconf 70' lang='lat'><strong>13-14;</strong></span> <span class='ocrx_word' id='word_1_367' title='bbox 847 3198 1002 3237; x_wconf 86' lang='lat' dir='ltr'><strong>Ferreras,</strong></span> 
     </span>
     <span class='ocr_line' id='line_1_60' title="bbox 74 3229 635 3276; baseline 0.011 -16"><span class='ocrx_word' id='word_1_368' title='bbox 74 3229 212 3262; x_wconf 77' lang='lat' dir='ltr'><strong>Histoire</strong></span> <span class='ocrx_word' id='word_1_369' title='bbox 226 3233 380 3272; x_wconf 69' lang='lat' dir='ltr'><strong>qenerale</strong></span> <span class='ocrx_word' id='word_1_370' title='bbox 394 3234 431 3265; x_wconf 80' lang='lat' dir='ltr'><strong>de</strong></span> <span class='ocrx_word' id='word_1_371' title='bbox 447 3235 465 3265; x_wconf 83' lang='grc' dir='ltr'>Γ</span> <span class='ocrx_word' id='word_1_372' title='bbox 481 3234 635 3276; x_wconf 75' lang='lat' dir='ltr'><strong>Eslmqne.</strong></span> 
     </span>
    </p>
   </div>
   <div class='ocr_carea' id='block_1_4' title="bbox 1871 156 1945 198">
    <p class='ocr_par' dir='ltr' id='par_1_6' title="bbox 1871 156 1945 198">
     <span class='ocr_line' id='line_1_61' title="bbox 1871 156 1945 198; baseline 0.027 -2"><span class='ocrx_word' id='word_1_373' title='bbox 1871 156 1945 198; x_wconf 86' lang='lat'><strong>153</strong></span> 
     </span>
    </p>
   </div>
   <div class='ocr_carea' id='block_1_5' title="bbox 1055 230 2000 545">
    <p class='ocr_par' dir='ltr' id='par_1_7' title="bbox 1055 230 2000 545">
     <span class='ocr_line' id='line_1_62' title="bbox 1058 230 1997 280; baseline 0.002 -12"><span class='ocrx_word' id='word_1_374' title='bbox 1058 230 1252 280; x_wconf 81' lang='lat' dir='ltr'><strong>Agricola.</strong></span> <span class='ocrx_word' id='word_1_375' title='bbox 1286 232 1345 268; x_wconf 89' lang='lat' dir='ltr'><strong>Ad</strong></span> <span class='ocrx_word' id='word_1_376' title='bbox 1378 230 1657 269; x_wconf 86' lang='lat' dir='ltr'><strong>conciliandam</strong></span> <span class='ocrx_word' id='word_1_377' title='bbox 1677 231 1919 270; x_wconf 87' lang='lat' dir='ltr'><strong>concordiam</strong></span> <span class='ocrx_word' id='word_1_378' title='bbox 1949 245 1997 270; x_wconf 94' lang='lat' dir='ltr'><strong>u-</strong></span> 
     </span>
     <span class='ocr_line' id='line_1_63' title="bbox 1057 284 2000 333; baseline 0.003 -12"><span class='ocrx_word' id='word_1_379' title='bbox 1057 286 1195 333; x_wconf 87' lang='lat' dir='ltr'><strong>traque</strong></span> <span class='ocrx_word' id='word_1_380' title='bbox 1216 295 1304 332; x_wconf 89' lang='lat' dir='ltr'><strong>pars</strong></span> <span class='ocrx_word' id='word_1_381' title='bbox 1323 284 1539 322; x_wconf 87' lang='lat' dir='ltr'><strong>doctrinam</strong></span> <span class='ocrx_word' id='word_1_382' title='bbox 1559 297 1667 322; x_wconf 89' lang='lat' dir='ltr'><strong>suam</strong></span> <span class='ocrx_word' id='word_1_383' title='bbox 1688 284 1863 332; x_wconf 82' lang='lat' dir='ltr'><strong>emolliit3</strong></span> <span class='ocrx_word' id='word_1_384' title='bbox 1878 285 1944 323; x_wconf 88' lang='lat' dir='ltr'><strong>sed</strong></span> <span class='ocrx_word' id='word_1_385' title='bbox 1963 299 2000 324; x_wconf 91' lang='lat' dir='ltr'><strong>u-</strong></span> 
     </span>
     <span class='ocr_line' id='line_1_64' title="bbox 1057 338 2000 385; baseline 0.003 -12"><span class='ocrx_word' id='word_1_386' title='bbox 1057 338 1093 374; x_wconf 90' lang='lat' dir='ltr'><strong>bi</strong></span> <span class='ocrx_word' id='word_1_387' title='bbox 1128 338 1174 374; x_wconf 86' lang='lat' dir='ltr'><strong>ad</strong></span> <span class='ocrx_word' id='word_1_388' title='bbox 1209 339 1478 385; x_wconf 82' lang='lat' dir='ltr'><strong>quaestionem</strong></span> <span class='ocrx_word' id='word_1_389' title='bbox 1515 338 1560 375; x_wconf 87' lang='lat' dir='ltr'><strong>de</strong></span> <span class='ocrx_word' id='word_1_390' title='bbox 1594 338 1842 376; x_wconf 85' lang='lat' dir='ltr'><strong>Eucharistia</strong></span> <span class='ocrx_word' id='word_1_391' title='bbox 1871 350 1938 375; x_wconf 90' lang='lat' dir='ltr'><strong>seu</strong></span> <span class='ocrx_word' id='word_1_392' title='bbox 1970 351 2000 377; x_wconf 86' lang='lat' dir='ltr'><strong>s.</strong></span> 
     </span>
     <span class='ocr_line' id='line_1_65' title="bbox 1058 392 2000 441; baseline 0.002 -13"><span class='ocrx_word' id='word_1_393' title='bbox 1058 392 1185 428; x_wconf 86' lang='lat' dir='ltr'><strong>Coena</strong></span> <span class='ocrx_word' id='word_1_394' title='bbox 1219 396 1377 427; x_wconf 87' lang='lat' dir='ltr'><strong>ventum</strong></span> <span class='ocrx_word' id='word_1_395' title='bbox 1415 395 1471 427; x_wconf 77' lang='lat' dir='ltr'><strong>cst</strong></span> <span class='ocrx_word' id='word_1_396' title='bbox 1490 421 1499 437; x_wconf 89' lang='lat'>‚</span> <span class='ocrx_word' id='word_1_397' title='bbox 1520 392 1644 428; x_wconf 86' lang='lat' dir='ltr'><strong>omnis</strong></span> <span class='ocrx_word' id='word_1_398' title='bbox 1669 392 1894 430; x_wconf 80' lang='lat' dir='ltr'><strong>concordiae</strong></span> <span class='ocrx_word' id='word_1_399' title='bbox 1913 404 2000 441; x_wconf 85' lang='lat' dir='ltr'><strong>spes</strong></span> 
     </span>
     <span class='ocr_line' id='line_1_66' title="bbox 1057 444 1998 493; baseline 0.003 -13"><span class='ocrx_word' id='word_1_400' title='bbox 1057 444 1214 489; x_wconf 86' lang='lat' dir='ltr'><strong>corruit,</strong></span> <span class='ocrx_word' id='word_1_401' title='bbox 1236 455 1364 491; x_wconf 87' lang='lat' dir='ltr'><strong>neque</strong></span> <span class='ocrx_word' id='word_1_402' title='bbox 1387 446 1483 489; x_wconf 89' lang='lat' dir='ltr'><strong>tum,</strong></span> <span class='ocrx_word' id='word_1_403' title='bbox 1506 456 1629 492; x_wconf 83' lang='lat' dir='ltr'><strong>nequo</strong></span> <span class='ocrx_word' id='word_1_404' title='bbox 1651 449 1783 493; x_wconf 85' lang='lat' dir='ltr'><strong>postca</strong></span> <span class='ocrx_word' id='word_1_405' title='bbox 1804 445 1930 483; x_wconf 89' lang='lat' dir='ltr'><strong>unitas</strong></span> <span class='ocrx_word' id='word_1_406' title='bbox 1945 446 1998 482; x_wconf 91' lang='lat' dir='ltr'><strong>in-</strong></span> 
     </span>
     <span class='ocr_line' id='line_1_67' title="bbox 1055 495 2000 545; baseline 0.003 -13"><span class='ocrx_word' id='word_1_407' title='bbox 1055 499 1114 533; x_wconf 89' lang='lat' dir='ltr'><strong>ter</strong></span> <span class='ocrx_word' id='word_1_408' title='bbox 1133 508 1198 533; x_wconf 91' lang='lat' dir='ltr'><strong>eos</strong></span> <span class='ocrx_word' id='word_1_409' title='bbox 1217 495 1442 533; x_wconf 83' lang='lat' dir='ltr'><strong>coalescere</strong></span> <span class='ocrx_word' id='word_1_410' title='bbox 1464 498 1600 545; x_wconf 88' lang='lat' dir='ltr'><strong>potuit.</strong></span> <span class='ocrx_word' id='word_1_411' title='bbox 1623 499 1705 534; x_wconf 83' lang='lat' dir='ltr'><strong>Hoc</strong></span> <span class='ocrx_word' id='word_1_412' title='bbox 1725 498 1923 536; x_wconf 87' lang='lat' dir='ltr'><strong>dissidium</strong></span> <span class='ocrx_word' id='word_1_413' title='bbox 1945 510 2000 536; x_wconf 90' lang='lat' dir='ltr'><strong>so-</strong></span> 
     </span>
    </p>
   </div>
   <div class='ocr_carea' id='block_1_6' title="bbox 1036 540 1998 600">
    <p class='ocr_par' dir='ltr' id='par_1_8' title="bbox 1036 540 1998 600">
     <span class='ocr_line' id='line_1_68' title="bbox 1036 540 1998 600; baseline 0.004 -15"><span class='ocrx_word' id='word_1_414' title='bbox 1036 540 1038 552; x_wconf 69' lang='grc'>’</span> <span class='ocrx_word' id='word_1_415' title='bbox 1058 549 1134 585; x_wconf 90' lang='lat' dir='ltr'><strong>lum</strong></span> <span class='ocrx_word' id='word_1_416' title='bbox 1152 549 1328 591; x_wconf 82' lang='lat' dir='ltr'><strong>ostendit,</strong></span> <span class='ocrx_word' id='word_1_417' title='bbox 1343 555 1529 597; x_wconf 85' lang='lat' dir='ltr'><strong>quantum</strong></span> <span class='ocrx_word' id='word_1_418' title='bbox 1546 551 1624 588; x_wconf 85' lang='lat' dir='ltr'><strong>veri</strong></span> <span class='ocrx_word' id='word_1_419' title='bbox 1642 550 1741 588; x_wconf 87' lang='lat' dir='ltr'><strong>sitin</strong></span> <span class='ocrx_word' id='word_1_420' title='bbox 1759 552 1926 600; x_wconf 86' lang='lat' dir='ltr'><strong>eo,quod</strong></span> <span class='ocrx_word' id='word_1_421' title='bbox 1942 551 1998 589; x_wconf 86' lang='lat' dir='ltr'><strong>illi</strong></span> 
     </span>
    </p>
   </div>
   <div class='ocr_carea' id='block_1_7' title="bbox 1047 601 2031 3152">
    <p class='ocr_par' dir='ltr' id='par_1_9' title="bbox 1058 601 2000 861">
     <span class='ocr_line' id='line_1_69' title="bbox 1058 601 1998 652; baseline 0.004 -14"><span class='ocrx_word' id='word_1_422' title='bbox 1058 604 1260 650; x_wconf 81' lang='lat' dir='ltr'><strong>tantopere</strong></span> <span class='ocrx_word' id='word_1_423' title='bbox 1280 601 1448 640; x_wconf 85' lang='lat' dir='ltr'><strong>efferunt</strong></span> <span class='ocrx_word' id='word_1_424' title='bbox 1469 603 1515 639; x_wconf 90' lang='lat' dir='ltr'><strong>de</strong></span> <span class='ocrx_word' id='word_1_425' title='bbox 1545 604 1823 652; x_wconf 86' lang='lat' dir='ltr'><strong>perspicuitate</strong></span> <span class='ocrx_word' id='word_1_426' title='bbox 1842 616 1872 642; x_wconf 91' lang='lat' dir='ltr'><strong>s.</strong></span> <span class='ocrx_word' id='word_1_427' title='bbox 1893 604 1998 642; x_wconf 86' lang='lat' dir='ltr'><strong>Scri-</strong></span> 
     </span>
     <span class='ocr_line' id='line_1_70' title="bbox 1058 654 1998 702; baseline 0.005 -11"><span class='ocrx_word' id='word_1_428' title='bbox 1058 656 1218 702; x_wconf 74' lang='lat' dir='ltr'><strong>pturae,</strong></span> <span class='ocrx_word' id='word_1_429' title='bbox 1237 654 1380 692; x_wconf 86' lang='lat' dir='ltr'><strong>idcirco</strong></span> <span class='ocrx_word' id='word_1_430' title='bbox 1401 655 1614 702; x_wconf 87' lang='lat' dir='ltr'><strong>evincitur,</strong></span> <span class='ocrx_word' id='word_1_431' title='bbox 1634 668 1717 693; x_wconf 90' lang='lat' dir='ltr'><strong>eam</strong></span> <span class='ocrx_word' id='word_1_432' title='bbox 1740 669 1813 694; x_wconf 93' lang='lat' dir='ltr'><strong>non</strong></span> <span class='ocrx_word' id='word_1_433' title='bbox 1835 669 1918 695; x_wconf 84' lang='lat' dir='ltr'><strong>csse</strong></span> <span class='ocrx_word' id='word_1_434' title='bbox 1939 670 1998 695; x_wconf 92' lang='lat' dir='ltr'><strong>so-</strong></span> 
     </span>
     <span class='ocr_line' id='line_1_71' title="bbox 1060 707 2000 758; baseline 0.006 -15"><span class='ocrx_word' id='word_1_435' title='bbox 1060 708 1132 743; x_wconf 90' lang='lat' dir='ltr'><strong>lam</strong></span> <span class='ocrx_word' id='word_1_436' title='bbox 1163 707 1442 745; x_wconf 88' lang='lat' dir='ltr'><strong>credendorum</strong></span> <span class='ocrx_word' id='word_1_437' title='bbox 1474 709 1675 756; x_wconf 74' lang='lat' dir='ltr'><strong>regulam,</strong></span> <span class='ocrx_word' id='word_1_438' title='bbox 1699 722 1821 758; x_wconf 88' lang='lat' dir='ltr'><strong>neque</strong></span> <span class='ocrx_word' id='word_1_439' title='bbox 1841 711 1889 748; x_wconf 88' lang='lat' dir='ltr'><strong>ad</strong></span> <span class='ocrx_word' id='word_1_440' title='bbox 1910 711 2000 748; x_wconf 88' lang='lat' dir='ltr'><strong>diri-</strong></span> 
     </span>
     <span class='ocr_line' id='line_1_72' title="bbox 1058 759 1996 812; baseline 0.005 -16"><span class='ocrx_word' id='word_1_441' title='bbox 1058 759 1216 797; x_wconf 87' lang='lat' dir='ltr'><strong>mendas</strong></span> <span class='ocrx_word' id='word_1_442' title='bbox 1230 760 1341 797; x_wconf 90' lang='lat' dir='ltr'><strong>Fidei</strong></span> <span class='ocrx_word' id='word_1_443' title='bbox 1357 762 1643 799; x_wconf 80' lang='lat' dir='ltr'><strong>controversias</strong></span> <span class='ocrx_word' id='word_1_444' title='bbox 1658 762 1837 800; x_wconf 88' lang='lat' dir='ltr'><strong>sufficere</strong></span> <span class='ocrx_word' id='word_1_445' title='bbox 1854 765 1996 812; x_wconf 83' lang='lat' dir='ltr'><strong>absque</strong></span> 
     </span>
     <span class='ocr_line' id='line_1_73' title="bbox 1058 812 1938 861; baseline 0.006 -12"><span class='ocrx_word' id='word_1_446' title='bbox 1058 812 1230 861; x_wconf 83' lang='lat' dir='ltr'><strong>legitimo</strong></span> <span class='ocrx_word' id='word_1_447' title='bbox 1250 813 1376 850; x_wconf 91' lang='lat' dir='ltr'><strong>iudice</strong></span> <span class='ocrx_word' id='word_1_448' title='bbox 1397 826 1419 851; x_wconf 86' lang='lat' dir='ltr'><strong>a</strong></span> <span class='ocrx_word' id='word_1_449' title='bbox 1440 814 1524 851; x_wconf 91' lang='lat' dir='ltr'><strong>Iesu</strong></span> <span class='ocrx_word' id='word_1_450' title='bbox 1546 814 1696 852; x_wconf 87' lang='lat' dir='ltr'><strong>Christo</strong></span> <span class='ocrx_word' id='word_1_451' title='bbox 1716 816 1892 853; x_wconf 90' lang='lat' dir='ltr'><strong>instituto</strong></span> <span class='ocrx_word' id='word_1_452' title='bbox 1914 815 1938 855; x_wconf 89' lang='lat'><strong>¹.</strong></span> 
     </span>
    </p>

    <p class='ocr_par' dir='ltr' id='par_1_10' title="bbox 1050 866 2017 2925">
     <span class='ocr_line' id='line_1_74' title="bbox 1113 866 1995 919; baseline 0.006 -17"><span class='ocrx_word' id='word_1_453' title='bbox 1113 866 1169 903; x_wconf 79' lang='lat'><strong>16.</strong></span> <span class='ocrx_word' id='word_1_454' title='bbox 1196 866 1366 903; x_wconf 71' lang='lat' dir='ltr'><strong>Comitia</strong></span> <span class='ocrx_word' id='word_1_455' title='bbox 1381 872 1419 904; x_wconf 84' lang='lat' dir='ltr'><strong>et</strong></span> <span class='ocrx_word' id='word_1_456' title='bbox 1434 869 1629 915; x_wconf 73' lang='lat' dir='ltr'><strong>consessio</strong></span> <span class='ocrx_word' id='word_1_457' title='bbox 1644 869 1893 916; x_wconf 72' lang='lat' dir='ltr'><strong>Auyustcma</strong></span> <span class='ocrx_word' id='word_1_458' title='bbox 1909 868 1995 919; x_wconf 80' lang='lat' dir='ltr'><strong>(cm.</strong></span> 
     </span>
     <span class='ocr_line' id='line_1_75' title="bbox 1060 919 1996 968; baseline 0.004 -12"><span class='ocrx_word' id='word_1_459' title='bbox 1060 919 1176 968; x_wconf 80' lang='lat'>1530)</span> <span class='ocrx_word' id='word_1_460' title='bbox 1193 941 1244 945; x_wconf 90' lang='lat'><strong>—-</strong></span> <span class='ocrx_word' id='word_1_461' title='bbox 1259 919 1419 957; x_wconf 88' lang='lat' dir='ltr'><strong>Carolus</strong></span> <span class='ocrx_word' id='word_1_462' title='bbox 1439 920 1473 957; x_wconf 92' lang='lat' dir='ltr'><strong>V</strong></span> <span class='ocrx_word' id='word_1_463' title='bbox 1495 921 1699 958; x_wconf 88' lang='lat' dir='ltr'><strong>concordia</strong></span> <span class='ocrx_word' id='word_1_464' title='bbox 1719 934 1805 958; x_wconf 85' lang='lat' dir='ltr'><strong>cum</strong></span> <span class='ocrx_word' id='word_1_465' title='bbox 1827 923 1996 960; x_wconf 79' lang='lat' dir='ltr'><strong>Pontifi-</strong></span> 
     </span>
     <span class='ocr_line' id='line_1_76' title="bbox 1057 972 1997 1022; baseline 0.004 -14"><span class='ocrx_word' id='word_1_466' title='bbox 1057 984 1100 1009; x_wconf 87' lang='lat' dir='ltr'><strong>ce</strong></span> <span class='ocrx_word' id='word_1_467' title='bbox 1120 977 1158 1008; x_wconf 79' lang='lat' dir='ltr'><strong>et</strong></span> <span class='ocrx_word' id='word_1_468' title='bbox 1178 984 1264 1009; x_wconf 86' lang='lat' dir='ltr'><strong>cum</strong></span> <span class='ocrx_word' id='word_1_469' title='bbox 1283 972 1524 1010; x_wconf 86' lang='lat' dir='ltr'><strong>Francorum</strong></span> <span class='ocrx_word' id='word_1_470' title='bbox 1553 985 1647 1022; x_wconf 87' lang='lat' dir='ltr'><strong>rege</strong></span> <span class='ocrx_word' id='word_1_471' title='bbox 1678 975 1900 1022; x_wconf 85' lang='lat' dir='ltr'><strong>composita,</strong></span> <span class='ocrx_word' id='word_1_472' title='bbox 1922 977 1997 1012; x_wconf 91' lang='lat' dir='ltr'><strong>iter</strong></span> 
     </span>
     <span class='ocr_line' id='line_1_77' title="bbox 1059 1026 1997 1077; baseline 0.004 -16"><span class='ocrx_word' id='word_1_473' title='bbox 1059 1026 1095 1062; x_wconf 90' lang='lat' dir='ltr'><strong>in</strong></span> <span class='ocrx_word' id='word_1_474' title='bbox 1116 1026 1365 1063; x_wconf 87' lang='lat' dir='ltr'><strong>Germaniam</strong></span> <span class='ocrx_word' id='word_1_475' title='bbox 1397 1026 1576 1075; x_wconf 82' lang='lat' dir='ltr'><strong>suscepit.</strong></span> <span class='ocrx_word' id='word_1_476' title='bbox 1611 1029 1685 1065; x_wconf 91' lang='lat' dir='ltr'><strong>An.</strong></span> <span class='ocrx_word' id='word_1_477' title='bbox 1727 1028 1825 1065; x_wconf 80' lang='lat'>1530</span> <span class='ocrx_word' id='word_1_478' title='bbox 1847 1029 1997 1077; x_wconf 91' lang='lat' dir='ltr'><strong>imperii</strong></span> 
     </span>
     <span class='ocr_line' id='line_1_78' title="bbox 1057 1079 1996 1129; baseline 0.003 -14"><span class='ocrx_word' id='word_1_479' title='bbox 1057 1079 1231 1124; x_wconf 82' lang='lat' dir='ltr'><strong>comitia,</strong></span> <span class='ocrx_word' id='word_1_480' title='bbox 1261 1090 1392 1116; x_wconf 90' lang='lat' dir='ltr'><strong>coram</strong></span> <span class='ocrx_word' id='word_1_481' title='bbox 1421 1092 1460 1117; x_wconf 90' lang='lat' dir='ltr'><strong>se</strong></span> <span class='ocrx_word' id='word_1_482' title='bbox 1479 1082 1683 1129; x_wconf 85' lang='lat' dir='ltr'><strong>Augustae</strong></span> <span class='ocrx_word' id='word_1_483' title='bbox 1705 1080 1996 1118; x_wconf 86' lang='lat' dir='ltr'><strong>Vindelicorum</strong></span> 
     </span>
     <span class='ocr_line' id='line_1_79' title="bbox 1058 1131 1998 1181; baseline 0.003 -13"><span class='ocrx_word' id='word_1_484' title='bbox 1058 1131 1300 1177; x_wconf 89' lang='lat' dir='ltr'><strong>celebranda,</strong></span> <span class='ocrx_word' id='word_1_485' title='bbox 1317 1133 1457 1170; x_wconf 85' lang='lat' dir='ltr'><strong>indixit</strong></span> <span class='ocrx_word' id='word_1_486' title='bbox 1473 1136 1626 1181; x_wconf 88' lang='lat' dir='ltr'><strong>propter</strong></span> <span class='ocrx_word' id='word_1_487' title='bbox 1645 1134 1845 1171; x_wconf 87' lang='lat' dir='ltr'><strong>imminens</strong></span> <span class='ocrx_word' id='word_1_488' title='bbox 1865 1147 1888 1170; x_wconf 86' lang='lat' dir='ltr'><strong>a</strong></span> <span class='ocrx_word' id='word_1_489' title='bbox 1903 1135 1998 1171; x_wconf 89' lang='lat' dir='ltr'><strong>Tur-</strong></span> 
     </span>
     <span class='ocr_line' id='line_1_80' title="bbox 1059 1184 1995 1236; baseline 0.003 -15"><span class='ocrx_word' id='word_1_490' title='bbox 1059 1186 1113 1221; x_wconf 90' lang='lat' dir='ltr'><strong>cis</strong></span> <span class='ocrx_word' id='word_1_491' title='bbox 1133 1184 1344 1233; x_wconf 88' lang='lat' dir='ltr'><strong>periculum</strong></span> <span class='ocrx_word' id='word_1_492' title='bbox 1365 1190 1404 1222; x_wconf 85' lang='lat' dir='ltr'><strong>et</strong></span> <span class='ocrx_word' id='word_1_493' title='bbox 1420 1188 1576 1234; x_wconf 88' lang='lat' dir='ltr'><strong>propter</strong></span> <span class='ocrx_word' id='word_1_494' title='bbox 1590 1187 1746 1224; x_wconf 89' lang='lat' dir='ltr'><strong>dissidia</strong></span> <span class='ocrx_word' id='word_1_495' title='bbox 1762 1187 1797 1224; x_wconf 90' lang='lat' dir='ltr'><strong>in</strong></span> <span class='ocrx_word' id='word_1_496' title='bbox 1816 1187 1995 1236; x_wconf 85' lang='lat' dir='ltr'><strong>Religio-</strong></span> 
     </span>
     <span class='ocr_line' id='line_1_81' title="bbox 1060 1238 1994 1290; baseline 0.004 -16"><span class='ocrx_word' id='word_1_497' title='bbox 1060 1238 1118 1275; x_wconf 90' lang='lat' dir='ltr'><strong>nis</strong></span> <span class='ocrx_word' id='word_1_498' title='bbox 1138 1239 1304 1287; x_wconf 86' lang='lat' dir='ltr'><strong>negotio.</strong></span> <span class='ocrx_word' id='word_1_499' title='bbox 1327 1238 1525 1288; x_wconf 87' lang='lat' dir='ltr'><strong>Principes</strong></span> <span class='ocrx_word' id='word_1_500' title='bbox 1543 1239 1742 1277; x_wconf 87' lang='lat' dir='ltr'><strong>lutherani</strong></span> <span class='ocrx_word' id='word_1_501' title='bbox 1762 1252 1786 1277; x_wconf 88' lang='lat' dir='ltr'><strong>a</strong></span> <span class='ocrx_word' id='word_1_502' title='bbox 1805 1240 1994 1290; x_wconf 82' lang='lat' dir='ltr'><strong>theologis</strong></span> 
     </span>
     <span class='ocr_line' id='line_1_82' title="bbox 1058 1291 1993 1342; baseline 0.003 -14"><span class='ocrx_word' id='word_1_503' title='bbox 1058 1291 1137 1328; x_wconf 88' lang='lat' dir='ltr'><strong>suis</strong></span> <span class='ocrx_word' id='word_1_504' title='bbox 1151 1291 1239 1328; x_wconf 87' lang='lat' dir='ltr'><strong>fidei</strong></span> <span class='ocrx_word' id='word_1_505' title='bbox 1256 1291 1454 1337; x_wconf 85' lang='lat' dir='ltr'><strong>articulos,</strong></span> <span class='ocrx_word' id='word_1_506' title='bbox 1471 1305 1538 1330; x_wconf 91' lang='lat' dir='ltr'><strong>seu</strong></span> <span class='ocrx_word' id='word_1_507' title='bbox 1555 1293 1823 1340; x_wconf 85' lang='lat' dir='ltr'><strong>confessiones,</strong></span> <span class='ocrx_word' id='word_1_508' title='bbox 1839 1306 1935 1342; x_wconf 90' lang='lat' dir='ltr'><strong>quos</strong></span> <span class='ocrx_word' id='word_1_509' title='bbox 1955 1295 1993 1331; x_wconf 91' lang='lat' dir='ltr'><strong>in</strong></span> 
     </span>
     <span class='ocr_line' id='line_1_83' title="bbox 1059 1345 1993 1393; baseline 0.003 -12"><span class='ocrx_word' id='word_1_510' title='bbox 1059 1345 1224 1381; x_wconf 87' lang='lat' dir='ltr'><strong>comitiis</strong></span> <span class='ocrx_word' id='word_1_511' title='bbox 1244 1345 1456 1393; x_wconf 86' lang='lat' dir='ltr'><strong>professuri</strong></span> <span class='ocrx_word' id='word_1_512' title='bbox 1477 1350 1620 1389; x_wconf 80' lang='lat' dir='ltr'><strong>essent,</strong></span> <span class='ocrx_word' id='word_1_513' title='bbox 1641 1347 1900 1384; x_wconf 89' lang='lat' dir='ltr'><strong>conficiendos</strong></span> <span class='ocrx_word' id='word_1_514' title='bbox 1920 1359 1993 1384; x_wconf 88' lang='lat' dir='ltr'><strong>cu-</strong></span> 
     </span>
     <span class='ocr_line' id='line_1_84' title="bbox 1059 1398 1994 1438; baseline 0.003 -4"><span class='ocrx_word' id='word_1_515' title='bbox 1059 1401 1206 1435; x_wconf 80' lang='lat' dir='ltr'><strong>rarunt.</strong></span> <span class='ocrx_word' id='word_1_516' title='bbox 1228 1398 1286 1435; x_wconf 80' lang='lat' dir='ltr'><strong>Ex</strong></span> <span class='ocrx_word' id='word_1_517' title='bbox 1307 1399 1365 1436; x_wconf 93' lang='lat' dir='ltr'><strong>his</strong></span> <span class='ocrx_word' id='word_1_518' title='bbox 1385 1398 1687 1437; x_wconf 88' lang='lat' dir='ltr'><strong>confessionibus</strong></span> <span class='ocrx_word' id='word_1_519' title='bbox 1718 1400 1994 1438; x_wconf 89' lang='lat' dir='ltr'><strong>Melanchthon</strong></span> 
     </span>
     <span class='ocr_line' id='line_1_85' title="bbox 1058 1450 1993 1501; baseline 0.004 -14"><span class='ocrx_word' id='word_1_520' title='bbox 1058 1450 1224 1488; x_wconf 87' lang='lat' dir='ltr'><strong>confecit</strong></span> <span class='ocrx_word' id='word_1_521' title='bbox 1243 1450 1384 1489; x_wconf 86' lang='lat' dir='ltr'><strong>librum</strong></span> <span class='ocrx_word' id='word_1_522' title='bbox 1399 1482 1408 1497; x_wconf 88' lang='lat'><strong>,</strong></span> <span class='ocrx_word' id='word_1_523' title='bbox 1428 1452 1493 1500; x_wconf 90' lang='lat' dir='ltr'><strong>qui</strong></span> <span class='ocrx_word' id='word_1_524' title='bbox 1519 1453 1724 1501; x_wconf 74' lang='lat' dir='ltr'><strong>Confessio</strong></span> <span class='ocrx_word' id='word_1_525' title='bbox 1743 1454 1993 1501; x_wconf 63' lang='lat' dir='ltr'><strong>Augustam</strong></span> 
     </span>
     <span class='ocr_line' id='line_1_86' title="bbox 1058 1504 1994 1553; baseline 0.004 -13"><span class='ocrx_word' id='word_1_526' title='bbox 1058 1504 1185 1542; x_wconf 88' lang='lat' dir='ltr'><strong>dictus</strong></span> <span class='ocrx_word' id='word_1_527' title='bbox 1202 1509 1272 1551; x_wconf 86' lang='lat' dir='ltr'><strong>est,</strong></span> <span class='ocrx_word' id='word_1_528' title='bbox 1289 1507 1328 1549; x_wconf 88' lang='lat' dir='ltr'><strong>et</strong></span> <span class='ocrx_word' id='word_1_529' title='bbox 1343 1510 1478 1553; x_wconf 88' lang='lat' dir='ltr'><strong>postea</strong></span> <span class='ocrx_word' id='word_1_530' title='bbox 1493 1506 1596 1543; x_wconf 91' lang='lat' dir='ltr'><strong>inter</strong></span> <span class='ocrx_word' id='word_1_531' title='bbox 1613 1506 1729 1543; x_wconf 87' lang='lat' dir='ltr'><strong>libros</strong></span> <span class='ocrx_word' id='word_1_532' title='bbox 1746 1507 1994 1544; x_wconf 87' lang='lat' dir='ltr'><strong>Lutherano-</strong></span> 
     </span>
     <span class='ocr_line' id='line_1_87' title="bbox 1057 1558 1994 1608; baseline 0.004 -15"><span class='ocrx_word' id='word_1_533' title='bbox 1057 1569 1141 1594; x_wconf 90' lang='lat' dir='ltr'><strong>rum</strong></span> <span class='ocrx_word' id='word_1_534' title='bbox 1155 1587 1165 1599; x_wconf 85' lang='lat'><strong>,</strong></span> <span class='ocrx_word' id='word_1_535' title='bbox 1184 1558 1309 1595; x_wconf 88' lang='lat' dir='ltr'><strong>dictos</strong></span> <span class='ocrx_word' id='word_1_536' title='bbox 1328 1559 1574 1606; x_wconf 69' lang='lat' dir='ltr'><strong>symbolicos,</strong></span> <span class='ocrx_word' id='word_1_537' title='bbox 1587 1565 1797 1608; x_wconf 81' lang='lat' dir='ltr'><strong>susceptus.</strong></span> <span class='ocrx_word' id='word_1_538' title='bbox 1814 1560 1994 1608; x_wconf 89' lang='lat' dir='ltr'><strong>Comple-</strong></span> 
     </span>
     <span class='ocr_line' id='line_1_88' title="bbox 1057 1611 1992 1662; baseline 0.004 -16"><span class='ocrx_word' id='word_1_539' title='bbox 1057 1611 1237 1648; x_wconf 90' lang='lat' dir='ltr'><strong>ctebatur</strong></span> <span class='ocrx_word' id='word_1_540' title='bbox 1255 1611 1288 1648; x_wconf 89' lang='lat' dir='ltr'><strong>is</strong></span> <span class='ocrx_word' id='word_1_541' title='bbox 1306 1612 1357 1649; x_wconf 75' lang='lat'><strong>28</strong></span> <span class='ocrx_word' id='word_1_542' title='bbox 1377 1613 1770 1661; x_wconf 43' lang='lat' dir='ltr'><strong>articulosaquorum</strong></span> <span class='ocrx_word' id='word_1_543' title='bbox 1790 1614 1839 1650; x_wconf 75' lang='lat'><strong>21</strong></span> <span class='ocrx_word' id='word_1_544' title='bbox 1861 1614 1992 1662; x_wconf 88' lang='lat' dir='ltr'><strong>priori·</strong></span> 
     </span>
     <span class='ocr_line' id='line_1_89' title="bbox 1059 1664 1994 1704; baseline 0.003 -4"><span class='ocrx_word' id='word_1_545' title='bbox 1059 1664 1130 1700; x_wconf 91' lang='lat' dir='ltr'><strong>bus</strong></span> <span class='ocrx_word' id='word_1_546' title='bbox 1150 1664 1347 1701; x_wconf 86' lang='lat' dir='ltr'><strong>doctrinae</strong></span> <span class='ocrx_word' id='word_1_547' title='bbox 1367 1664 1596 1702; x_wconf 86' lang='lat' dir='ltr'><strong>lutheranae</strong></span> <span class='ocrx_word' id='word_1_548' title='bbox 1612 1678 1635 1703; x_wconf 90' lang='lat' dir='ltr'><strong>a</strong></span> <span class='ocrx_word' id='word_1_549' title='bbox 1649 1666 1847 1704; x_wconf 87' lang='lat' dir='ltr'><strong>catholicis</strong></span> <span class='ocrx_word' id='word_1_550' title='bbox 1867 1666 1994 1704; x_wconf 82' lang='lat' dir='ltr'><strong>diver-</strong></span> 
     </span>
     <span class='ocr_line' id='line_1_90' title="bbox 1056 1715 1993 1767; baseline 0.004 -14"><span class='ocrx_word' id='word_1_551' title='bbox 1056 1728 1134 1762; x_wconf 88' lang='lat' dir='ltr'><strong>sae,</strong></span> <span class='ocrx_word' id='word_1_552' title='bbox 1149 1715 1452 1765; x_wconf 77' lang='lat' dir='ltr'><strong>exponebantur,</strong></span> <span class='ocrx_word' id='word_1_553' title='bbox 1468 1719 1538 1756; x_wconf 83' lang='lat' dir='ltr'><strong>in7</strong></span> <span class='ocrx_word' id='word_1_554' title='bbox 1550 1719 1825 1767; x_wconf 88' lang='lat' dir='ltr'><strong>posterioribus</strong></span> <span class='ocrx_word' id='word_1_555' title='bbox 1841 1720 1887 1757; x_wconf 91' lang='lat' dir='ltr'><strong>de</strong></span> <span class='ocrx_word' id='word_1_556' title='bbox 1905 1721 1993 1757; x_wconf 89' lang='lat' dir='ltr'><strong>abu-</strong></span> 
     </span>
     <span class='ocr_line' id='line_1_91' title="bbox 1055 1769 1994 1819; baseline 0.004 -13"><span class='ocrx_word' id='word_1_557' title='bbox 1055 1769 1160 1807; x_wconf 88' lang='lat' dir='ltr'><strong>sibus</strong></span> <span class='ocrx_word' id='word_1_558' title='bbox 1177 1770 1363 1819; x_wconf 85' lang='lat' dir='ltr'><strong>religiosis</strong></span> <span class='ocrx_word' id='word_1_559' title='bbox 1378 1772 1578 1819; x_wconf 83' lang='lat' dir='ltr'><strong>agebatur.</strong></span> <span class='ocrx_word' id='word_1_560' title='bbox 1589 1772 1716 1814; x_wconf 81' lang='lat' dir='ltr'><strong>Quum</strong></span> <span class='ocrx_word' id='word_1_561' title='bbox 1730 1774 1827 1810; x_wconf 85' lang='lat' dir='ltr'><strong>haec</strong></span> <span class='ocrx_word' id='word_1_562' title='bbox 1842 1773 1994 1810; x_wconf 89' lang='lat' dir='ltr'><strong>Confes-</strong></span> 
     </span>
     <span class='ocr_line' id='line_1_92' title="bbox 1054 1823 1992 1875; baseline 0.003 -15"><span class='ocrx_word' id='word_1_563' title='bbox 1054 1823 1109 1860; x_wconf 89' lang='lat' dir='ltr'><strong>sio</strong></span> <span class='ocrx_word' id='word_1_564' title='bbox 1121 1823 1158 1860; x_wconf 91' lang='lat' dir='ltr'><strong>in</strong></span> <span class='ocrx_word' id='word_1_565' title='bbox 1171 1824 1336 1861; x_wconf 89' lang='lat' dir='ltr'><strong>comitiis</strong></span> <span class='ocrx_word' id='word_1_566' title='bbox 1351 1824 1451 1862; x_wconf 88' lang='lat' dir='ltr'><strong>lecta</strong></span> <span class='ocrx_word' id='word_1_567' title='bbox 1462 1824 1610 1872; x_wconf 86' lang='lat' dir='ltr'><strong>fuisset,</strong></span> <span class='ocrx_word' id='word_1_568' title='bbox 1621 1826 1788 1875; x_wconf 85' lang='lat' dir='ltr'><strong>theologi</strong></span> <span class='ocrx_word' id='word_1_569' title='bbox 1800 1826 1992 1872; x_wconf 86' lang='lat' dir='ltr'><strong>catholici,</strong></span> 
     </span>
     <span class='ocr_line' id='line_1_93' title="bbox 1054 1877 2017 1930; baseline 0.004 -18"><span class='ocrx_word' id='word_1_570' title='bbox 1054 1877 1191 1913; x_wconf 85' lang='lat' dir='ltr'><strong>ibidem</strong></span> <span class='ocrx_word' id='word_1_571' title='bbox 1204 1878 1547 1925; x_wconf 85' lang='lat' dir='ltr'><strong>praesentes‚illius</strong></span> <span class='ocrx_word' id='word_1_572' title='bbox 1559 1879 1859 1916; x_wconf 81' lang='lat' dir='ltr'><strong>confutationem</strong></span> <span class='ocrx_word' id='word_1_573' title='bbox 1873 1880 1992 1929; x_wconf 90' lang='lat' dir='ltr'><strong>scrip-</strong></span> <span class='ocrx_word' id='word_1_574' title='bbox 2013 1927 2017 1930; x_wconf 13' lang='grc' dir='ltr'><strong><em>ἢ</em></strong></span> 
     </span>
     <span class='ocr_line' id='line_1_94' title="bbox 1053 1931 1992 1980; baseline 0.004 -14"><span class='ocrx_word' id='word_1_575' title='bbox 1053 1933 1200 1975; x_wconf 87' lang='lat' dir='ltr'><strong>serunt,</strong></span> <span class='ocrx_word' id='word_1_576' title='bbox 1223 1941 1300 1978; x_wconf 86' lang='lat' dir='ltr'><strong>qua</strong></span> <span class='ocrx_word' id='word_1_577' title='bbox 1320 1931 1366 1967; x_wconf 89' lang='lat' dir='ltr'><strong>ad</strong></span> <span class='ocrx_word' id='word_1_578' title='bbox 1387 1931 1557 1980; x_wconf 89' lang='lat' dir='ltr'><strong>singulos</strong></span> <span class='ocrx_word' id='word_1_579' title='bbox 1577 1932 1760 1970; x_wconf 85' lang='lat' dir='ltr'><strong>articulos</strong></span> <span class='ocrx_word' id='word_1_580' title='bbox 1781 1934 1913 1970; x_wconf 89' lang='lat' dir='ltr'><strong>eodem</strong></span> <span class='ocrx_word' id='word_1_581' title='bbox 1935 1945 1992 1970; x_wconf 85' lang='lat' dir='ltr'><strong>or-</strong></span> 
     </span>
     <span class='ocr_line' id='line_1_95' title="bbox 1054 1983 1992 2035; baseline 0.006 -17"><span class='ocrx_word' id='word_1_582' title='bbox 1054 1983 1140 2019; x_wconf 85' lang='lat' dir='ltr'><strong>dine</strong></span> <span class='ocrx_word' id='word_1_583' title='bbox 1161 1984 1455 2031; x_wconf 87' lang='lat' dir='ltr'><strong>responderunt.</strong></span> <span class='ocrx_word' id='word_1_584' title='bbox 1486 1984 1763 2023; x_wconf 87' lang='lat' dir='ltr'><strong>Melanchthon</strong></span> <span class='ocrx_word' id='word_1_585' title='bbox 1785 1998 1879 2023; x_wconf 85' lang='lat' dir='ltr'><strong>vero</strong></span> <span class='ocrx_word' id='word_1_586' title='bbox 1899 1998 1992 2035; x_wconf 88' lang='lat' dir='ltr'><strong>apo-</strong></span> 
     </span>
     <span class='ocr_line' id='line_1_96' title="bbox 1053 2036 1993 2088; baseline 0.005 -16"><span class='ocrx_word' id='word_1_587' title='bbox 1053 2036 1195 2085; x_wconf 86' lang='lat' dir='ltr'><strong>logiam</strong></span> <span class='ocrx_word' id='word_1_588' title='bbox 1225 2037 1483 2075; x_wconf 85' lang='lat' dir='ltr'><strong>Confessionis</strong></span> <span class='ocrx_word' id='word_1_589' title='bbox 1523 2041 1773 2087; x_wconf 80' lang='lat' dir='ltr'><strong>Augustanae</strong></span> <span class='ocrx_word' id='word_1_590' title='bbox 1812 2039 1967 2088; x_wconf 88' lang='lat' dir='ltr'><strong>scripsit</strong></span> <span class='ocrx_word' id='word_1_591' title='bbox 1983 2070 1993 2086; x_wconf 93' lang='lat'><strong>,</strong></span> 
     </span>
     <span class='ocr_line' id='line_1_97' title="bbox 1054 2091 1992 2140; baseline 0.005 -15"><span class='ocrx_word' id='word_1_592' title='bbox 1054 2101 1155 2137; x_wconf 82' lang='lat' dir='ltr'><strong>quae</strong></span> <span class='ocrx_word' id='word_1_593' title='bbox 1176 2094 1308 2138; x_wconf 86' lang='lat' dir='ltr'><strong>postea</strong></span> <span class='ocrx_word' id='word_1_594' title='bbox 1328 2092 1367 2127; x_wconf 88' lang='lat' dir='ltr'><strong>et</strong></span> <span class='ocrx_word' id='word_1_595' title='bbox 1386 2091 1469 2139; x_wconf 87' lang='lat' dir='ltr'><strong>ipsa</strong></span> <span class='ocrx_word' id='word_1_596' title='bbox 1487 2091 1595 2129; x_wconf 88' lang='lat' dir='ltr'><strong>libris</strong></span> <span class='ocrx_word' id='word_1_597' title='bbox 1618 2093 1840 2140; x_wconf 75' lang='lat' dir='ltr'><strong>symbolicis</strong></span> <span class='ocrx_word' id='word_1_598' title='bbox 1860 2093 1992 2130; x_wconf 84' lang='lat' dir='ltr'><strong>addita</strong></span> 
     </span>
     <span class='ocr_line' id='line_1_98' title="bbox 1055 2142 1991 2192; baseline 0.006 -14"><span class='ocrx_word' id='word_1_599' title='bbox 1055 2142 1141 2179; x_wconf 83' lang='lat' dir='ltr'><strong>fuit.</strong></span> <span class='ocrx_word' id='word_1_600' title='bbox 1185 2143 1401 2192; x_wconf 87' lang='lat' dir='ltr'><strong>Imperator</strong></span> <span class='ocrx_word' id='word_1_601' title='bbox 1442 2148 1674 2190; x_wconf 85' lang='lat' dir='ltr'><strong>novatorum</strong></span> <span class='ocrx_word' id='word_1_602' title='bbox 1713 2146 1991 2184; x_wconf 85' lang='lat' dir='ltr'><strong>confessionem</strong></span> 
     </span>
     <span class='ocr_line' id='line_1_99' title="bbox 1054 2197 1992 2245; baseline 0.006 -14"><span class='ocrx_word' id='word_1_603' title='bbox 1054 2198 1257 2244; x_wconf 88' lang='lat' dir='ltr'><strong>acceptare</strong></span> <span class='ocrx_word' id='word_1_604' title='bbox 1279 2197 1417 2244; x_wconf 90' lang='lat' dir='ltr'><strong>noluit;</strong></span> <span class='ocrx_word' id='word_1_605' title='bbox 1447 2199 1640 2236; x_wconf 85' lang='lat' dir='ltr'><strong>consensit</strong></span> <span class='ocrx_word' id='word_1_606' title='bbox 1667 2201 1810 2245; x_wconf 87' lang='lat' dir='ltr'><strong>tamen,</strong></span> <span class='ocrx_word' id='word_1_607' title='bbox 1832 2202 1874 2236; x_wconf 90' lang='lat' dir='ltr'><strong>ut</strong></span> <span class='ocrx_word' id='word_1_608' title='bbox 1893 2200 1992 2243; x_wconf 57' lang='lat' dir='ltr'><strong>sele„-</strong></span> 
     </span>
     <span class='ocr_line' id='line_1_100' title="bbox 1053 2249 1991 2301; baseline 0.005 -16"><span class='ocrx_word' id='word_1_609' title='bbox 1053 2249 1105 2285; x_wconf 87' lang='lat' dir='ltr'><strong>cti</strong></span> <span class='ocrx_word' id='word_1_610' title='bbox 1125 2261 1174 2286; x_wconf 84' lang='lat' dir='ltr'><strong>ex</strong></span> <span class='ocrx_word' id='word_1_611' title='bbox 1196 2251 1363 2298; x_wconf 87' lang='lat' dir='ltr'><strong>utraque</strong></span> <span class='ocrx_word' id='word_1_612' title='bbox 1380 2254 1493 2298; x_wconf 87' lang='lat' dir='ltr'><strong>parte</strong></span> <span class='ocrx_word' id='word_1_613' title='bbox 1509 2252 1678 2301; x_wconf 84' lang='lat' dir='ltr'><strong>theologi</strong></span> <span class='ocrx_word' id='word_1_614' title='bbox 1694 2255 1732 2289; x_wconf 91' lang='lat' dir='ltr'><strong>et</strong></span> <span class='ocrx_word' id='word_1_615' title='bbox 1747 2249 1991 2291; x_wconf 84' lang='lat' dir='ltr'><strong>iurisconsul-</strong></span> 
     </span>
     <span class='ocr_line' id='line_1_101' title="bbox 1054 2301 1990 2352; baseline 0.005 -14"><span class='ocrx_word' id='word_1_616' title='bbox 1054 2301 1081 2339; x_wconf 88' lang='lat' dir='ltr'><strong>ti</strong></span> <span class='ocrx_word' id='word_1_617' title='bbox 1103 2302 1149 2338; x_wconf 91' lang='lat' dir='ltr'><strong>de</strong></span> <span class='ocrx_word' id='word_1_618' title='bbox 1171 2302 1310 2339; x_wconf 89' lang='lat' dir='ltr'><strong>unione</strong></span> <span class='ocrx_word' id='word_1_619' title='bbox 1324 2303 1508 2352; x_wconf 86' lang='lat' dir='ltr'><strong>religiosa</strong></span> <span class='ocrx_word' id='word_1_620' title='bbox 1523 2306 1910 2352; x_wconf 86' lang='lat' dir='ltr'><strong>tractarent.Variae,</strong></span> <span class='ocrx_word' id='word_1_621' title='bbox 1924 2307 1990 2344; x_wconf 86' lang='lat' dir='ltr'><strong>sed</strong></span> 
     </span>
     <span class='ocr_line' id='line_1_102' title="bbox 1054 2354 1991 2407; baseline 0.004 -15"><span class='ocrx_word' id='word_1_622' title='bbox 1054 2354 1210 2400; x_wconf 86' lang='lat' dir='ltr'><strong>frustra,</strong></span> <span class='ocrx_word' id='word_1_623' title='bbox 1229 2356 1380 2394; x_wconf 90' lang='lat' dir='ltr'><strong>unionis</strong></span> <span class='ocrx_word' id='word_1_624' title='bbox 1402 2358 1488 2394; x_wconf 89' lang='lat' dir='ltr'><strong>viae</strong></span> <span class='ocrx_word' id='word_1_625' title='bbox 1504 2359 1718 2407; x_wconf 85' lang='lat' dir='ltr'><strong>propositae</strong></span> <span class='ocrx_word' id='word_1_626' title='bbox 1738 2359 1906 2397; x_wconf 82' lang='lat' dir='ltr'><strong>suerunt.</strong></span> <span class='ocrx_word' id='word_1_627' title='bbox 1922 2360 1991 2396; x_wconf 90' lang='lat' dir='ltr'><strong>De-</strong></span> 
     </span>
     <span class='ocr_line' id='line_1_103' title="bbox 1054 2408 1991 2454; baseline 0.005 -10"><span class='ocrx_word' id='word_1_628' title='bbox 1054 2420 1159 2445; x_wconf 91' lang='lat' dir='ltr'><strong>mum</strong></span> <span class='ocrx_word' id='word_1_629' title='bbox 1176 2408 1338 2446; x_wconf 89' lang='lat' dir='ltr'><strong>Carolus</strong></span> <span class='ocrx_word' id='word_1_630' title='bbox 1358 2410 1406 2454; x_wconf 87' lang='lat' dir='ltr'><strong>V,</strong></span> <span class='ocrx_word' id='word_1_631' title='bbox 1427 2411 1503 2447; x_wconf 87' lang='lat' dir='ltr'><strong>iam</strong></span> <span class='ocrx_word' id='word_1_632' title='bbox 1524 2424 1547 2448; x_wconf 87' lang='lat' dir='ltr'><strong>a</strong></span> <span class='ocrx_word' id='word_1_633' title='bbox 1568 2412 1761 2450; x_wconf 87' lang='lat' dir='ltr'><strong>nonnullis</strong></span> <span class='ocrx_word' id='word_1_634' title='bbox 1789 2412 1991 2449; x_wconf 80' lang='lat' dir='ltr'><strong>catholicis</strong></span> 
     </span>
     <span class='ocr_line' id='line_1_104' title="bbox 1054 2461 1992 2514; baseline 0.004 -16"><span class='ocrx_word' id='word_1_635' title='bbox 1054 2461 1194 2500; x_wconf 89' lang='lat' dir='ltr'><strong>nimiae</strong></span> <span class='ocrx_word' id='word_1_636' title='bbox 1214 2464 1488 2501; x_wconf 84' lang='lat' dir='ltr'><strong>moderationis</strong></span> <span class='ocrx_word' id='word_1_637' title='bbox 1508 2477 1602 2514; x_wconf 87' lang='lat' dir='ltr'><strong>erga</strong></span> <span class='ocrx_word' id='word_1_638' title='bbox 1627 2468 1875 2503; x_wconf 88' lang='lat' dir='ltr'><strong>contumaces</strong></span> <span class='ocrx_word' id='word_1_639' title='bbox 1895 2466 1992 2502; x_wconf 85' lang='lat' dir='ltr'><strong>hae—</strong></span> 
     </span>
     <span class='ocr_line' id='line_1_105' title="bbox 1053 2515 1994 2567; baseline 0.005 -16"><span class='ocrx_word' id='word_1_640' title='bbox 1053 2515 1195 2552; x_wconf 89' lang='lat' dir='ltr'><strong>reticos</strong></span> <span class='ocrx_word' id='word_1_641' title='bbox 1214 2520 1434 2562; x_wconf 85' lang='lat' dir='ltr'><strong>accusatus,</strong></span> <span class='ocrx_word' id='word_1_642' title='bbox 1453 2518 1624 2555; x_wconf 87' lang='lat' dir='ltr'><strong>edictum</strong></span> <span class='ocrx_word' id='word_1_643' title='bbox 1651 2518 1928 2567; x_wconf 82' lang='lat' dir='ltr'><strong>promulgavit,</strong></span> <span class='ocrx_word' id='word_1_644' title='bbox 1952 2523 1994 2556; x_wconf 91' lang='lat' dir='ltr'><strong>ut</strong></span> 
     </span>
     <span class='ocr_line' id='line_1_106' title="bbox 1053 2568 1988 2620; baseline 0.004 -15"><span class='ocrx_word' id='word_1_645' title='bbox 1053 2568 1158 2605; x_wconf 88' lang='lat' dir='ltr'><strong>avita</strong></span> <span class='ocrx_word' id='word_1_646' title='bbox 1177 2570 1216 2605; x_wconf 92' lang='lat' dir='ltr'><strong>et</strong></span> <span class='ocrx_word' id='word_1_647' title='bbox 1235 2569 1426 2607; x_wconf 87' lang='lat' dir='ltr'><strong>catholica</strong></span> <span class='ocrx_word' id='word_1_648' title='bbox 1445 2571 1582 2619; x_wconf 82' lang='lat' dir='ltr'><strong>religio</strong></span> <span class='ocrx_word' id='word_1_649' title='bbox 1601 2574 1682 2609; x_wconf 84' lang='lat' dir='ltr'><strong>sola</strong></span> <span class='ocrx_word' id='word_1_650' title='bbox 1700 2572 1738 2608; x_wconf 89' lang='lat' dir='ltr'><strong>in</strong></span> <span class='ocrx_word' id='word_1_651' title='bbox 1759 2575 1841 2608; x_wconf 82' lang='lat' dir='ltr'><strong>tota</strong></span> <span class='ocrx_word' id='word_1_652' title='bbox 1860 2571 1988 2620; x_wconf 89' lang='lat' dir='ltr'><strong>impe—</strong></span> 
     </span>
     <span class='ocr_line' id='line_1_107' title="bbox 1052 2621 1990 2673; baseline 0.004 -16"><span class='ocrx_word' id='word_1_653' title='bbox 1052 2621 1101 2658; x_wconf 90' lang='lat' dir='ltr'><strong>rii</strong></span> <span class='ocrx_word' id='word_1_654' title='bbox 1120 2621 1327 2659; x_wconf 87' lang='lat' dir='ltr'><strong>latitudine</strong></span> <span class='ocrx_word' id='word_1_655' title='bbox 1347 2630 1611 2670; x_wconf 82' lang='lat' dir='ltr'><strong>exerceretur,</strong></span> <span class='ocrx_word' id='word_1_656' title='bbox 1628 2636 1726 2673; x_wconf 89' lang='lat' dir='ltr'><strong>quae</strong></span> <span class='ocrx_word' id='word_1_657' title='bbox 1744 2624 1901 2661; x_wconf 85' lang='lat' dir='ltr'><strong>fuerant</strong></span> <span class='ocrx_word' id='word_1_658' title='bbox 1919 2625 1990 2662; x_wconf 88' lang='lat' dir='ltr'><strong>cir-</strong></span> 
     </span>
     <span class='ocr_line' id='line_1_108' title="bbox 1053 2675 1985 2726; baseline 0.002 -14"><span class='ocrx_word' id='word_1_659' title='bbox 1053 2686 1097 2712; x_wconf 85' lang='lat' dir='ltr'><strong>ca</strong></span> <span class='ocrx_word' id='word_1_660' title='bbox 1116 2686 1200 2712; x_wconf 90' lang='lat' dir='ltr'><strong>eam</strong></span> <span class='ocrx_word' id='word_1_661' title='bbox 1222 2675 1471 2721; x_wconf 86' lang='lat' dir='ltr'><strong>innovata‚in</strong></span> <span class='ocrx_word' id='word_1_662' title='bbox 1492 2678 1658 2726; x_wconf 85' lang='lat' dir='ltr'><strong>priscum</strong></span> <span class='ocrx_word' id='word_1_663' title='bbox 1676 2677 1847 2715; x_wconf 86' lang='lat' dir='ltr'><strong>ordinem</strong></span> <span class='ocrx_word' id='word_1_664' title='bbox 1867 2678 1985 2715; x_wconf 88' lang='lat' dir='ltr'><strong>resti-</strong></span> 
     </span>
     <span class='ocr_line' id='line_1_109' title="bbox 1051 2729 1990 2779; baseline 0.003 -14"><span class='ocrx_word' id='word_1_665' title='bbox 1051 2729 1270 2773; x_wconf 85' lang='lat' dir='ltr'><strong>tuerentur,</strong></span> <span class='ocrx_word' id='word_1_666' title='bbox 1290 2730 1329 2765; x_wconf 90' lang='lat' dir='ltr'><strong>et</strong></span> <span class='ocrx_word' id='word_1_667' title='bbox 1349 2741 1479 2767; x_wconf 88' lang='lat' dir='ltr'><strong>eorum</strong></span> <span class='ocrx_word' id='word_1_668' title='bbox 1501 2742 1599 2778; x_wconf 85' lang='lat' dir='ltr'><strong>quae</strong></span> <span class='ocrx_word' id='word_1_669' title='bbox 1619 2731 1847 2779; x_wconf 71' lang='lat' dir='ltr'><strong>corrigenda</strong></span> <span class='ocrx_word' id='word_1_670' title='bbox 1862 2732 1990 2776; x_wconf 87' lang='lat' dir='ltr'><strong>erant,</strong></span> 
     </span>
     <span class='ocr_line' id='line_1_110' title="bbox 1051 2780 1987 2833; baseline 0.005 -17"><span class='ocrx_word' id='word_1_671' title='bbox 1051 2780 1275 2818; x_wconf 84' lang='lat' dir='ltr'><strong>reformatio</strong></span> <span class='ocrx_word' id='word_1_672' title='bbox 1310 2782 1531 2820; x_wconf 83' lang='lat' dir='ltr'><strong>differretur</strong></span> <span class='ocrx_word' id='word_1_673' title='bbox 1565 2795 1683 2832; x_wconf 86' lang='lat' dir='ltr'><strong>usque</strong></span> <span class='ocrx_word' id='word_1_674' title='bbox 1719 2785 1765 2821; x_wconf 88' lang='lat' dir='ltr'><strong>ad</strong></span> <span class='ocrx_word' id='word_1_675' title='bbox 1803 2785 1987 2833; x_wconf 87' lang='lat' dir='ltr'><strong>generale</strong></span> 
     </span>
     <span class='ocr_line' id='line_1_111' title="bbox 1050 2834 1987 2882; baseline 0.006 -13"><span class='ocrx_word' id='word_1_676' title='bbox 1050 2834 1269 2879; x_wconf 90' lang='lat' dir='ltr'><strong>concilium,</strong></span> <span class='ocrx_word' id='word_1_677' title='bbox 1298 2836 1398 2882; x_wconf 87' lang='lat' dir='ltr'><strong>quod</strong></span> <span class='ocrx_word' id='word_1_678' title='bbox 1430 2837 1530 2872; x_wconf 87' lang='lat' dir='ltr'><strong>intra</strong></span> <span class='ocrx_word' id='word_1_679' title='bbox 1560 2849 1702 2873; x_wconf 86' lang='lat' dir='ltr'><strong>annum</strong></span> <span class='ocrx_word' id='word_1_680' title='bbox 1731 2850 1754 2874; x_wconf 87' lang='lat' dir='ltr'><strong>a</strong></span> <span class='ocrx_word' id='word_1_681' title='bbox 1774 2838 1821 2875; x_wconf 84' lang='lat' dir='ltr'><strong>R.</strong></span> <span class='ocrx_word' id='word_1_682' title='bbox 1839 2838 1987 2875; x_wconf 86' lang='lat' dir='ltr'><strong>Ponti-</strong></span> 
     </span>
     <span class='ocr_line' id='line_1_112' title="bbox 1052 2886 1439 2925; baseline 0.003 -2"><span class='ocrx_word' id='word_1_683' title='bbox 1052 2886 1123 2923; x_wconf 82' lang='lat' dir='ltr'><strong>fice</strong></span> <span class='ocrx_word' id='word_1_684' title='bbox 1145 2891 1439 2925; x_wconf 79' lang='lat' dir='ltr'><strong>convocaretur.</strong></span> 
     </span>
    </p>

    <p class='ocr_par' dir='ltr' id='par_1_11' title="bbox 1047 2940 2031 3152">
     <span class='ocr_line' id='line_1_113' title="bbox 1107 2940 1987 2981; baseline 0.007 -5"><span class='ocrx_word' id='word_1_685' title='bbox 1107 2941 1162 2977; x_wconf 81' lang='lat'><strong>17.</strong></span> <span class='ocrx_word' id='word_1_686' title='bbox 1185 2940 1342 2977; x_wconf 78' lang='lat' dir='ltr'><strong>Foedus</strong></span> <span class='ocrx_word' id='word_1_687' title='bbox 1371 2941 1788 2981; x_wconf 71' lang='lat' dir='ltr'><strong>Sclzmalcaldense—</strong></span> <span class='ocrx_word' id='word_1_688' title='bbox 1804 2944 1886 2981; x_wconf 92' lang='lat' dir='ltr'><strong>Hoc</strong></span> <span class='ocrx_word' id='word_1_689' title='bbox 1916 2945 1987 2981; x_wconf 93' lang='lat' dir='ltr'><strong>de-</strong></span> 
     </span>
     <span class='ocr_line' id='line_1_114' title="bbox 1050 2993 2031 3045; baseline 0.007 -17"><span class='ocrx_word' id='word_1_690' title='bbox 1050 2993 1369 3030; x_wconf 85' lang='lat' dir='ltr'><strong>cretumOrdines</strong></span> <span class='ocrx_word' id='word_1_691' title='bbox 1381 2994 1605 3032; x_wconf 88' lang='lat' dir='ltr'><strong>lutheranos</strong></span> <span class='ocrx_word' id='word_1_692' title='bbox 1617 2996 1662 3031; x_wconf 81' lang='lat' dir='ltr'><strong>ad</strong></span> <span class='ocrx_word' id='word_1_693' title='bbox 1678 2999 1919 3045; x_wconf 81' lang='lat' dir='ltr'><strong>pangendum</strong></span> <span class='ocrx_word' id='word_1_694' title='bbox 1933 2998 1990 3034; x_wconf 88' lang='lat' dir='ltr'><strong>in-</strong></span> <span class='ocrx_word' id='word_1_695' title='bbox 2026 3032 2031 3038; x_wconf 83' lang='lat'><strong>,</strong></span> 
     </span>
     <span class='ocr_line' id='line_1_115' title="bbox 1048 3046 1988 3088; baseline 0.005 -6"><span class='ocrx_word' id='word_1_696' title='bbox 1048 3049 1109 3082; x_wconf 92' lang='lat' dir='ltr'><strong>ter</strong></span> <span class='ocrx_word' id='word_1_697' title='bbox 1141 3057 1182 3082; x_wconf 90' lang='lat' dir='ltr'><strong>se</strong></span> <span class='ocrx_word' id='word_1_698' title='bbox 1216 3046 1347 3082; x_wconf 83' lang='lat' dir='ltr'><strong>foedus</strong></span> <span class='ocrx_word' id='word_1_699' title='bbox 1381 3047 1581 3084; x_wconf 80' lang='lat' dir='ltr'><strong>excitavit.</strong></span> <span class='ocrx_word' id='word_1_700' title='bbox 1612 3050 1682 3086; x_wconf 90' lang='lat' dir='ltr'><strong>An.</strong></span> <span class='ocrx_word' id='word_1_701' title='bbox 1718 3050 1813 3087; x_wconf 87' lang='grc'><strong>1531</strong></span> <span class='ocrx_word' id='word_1_702' title='bbox 1845 3051 1988 3088; x_wconf 88' lang='lat' dir='ltr'><strong>elector</strong></span> 
     </span>
     <span class='ocr_line' id='line_1_116' title="bbox 1047 3097 1984 3152; baseline 0.007 -18"><span class='ocrx_word' id='word_1_703' title='bbox 1047 3097 1272 3142; x_wconf 79' lang='lat' dir='ltr'><strong>Saxonieus‚</strong></span> <span class='ocrx_word' id='word_1_704' title='bbox 1312 3099 1390 3135; x_wconf 81' lang='lat' dir='ltr'><strong>dux</strong></span> <span class='ocrx_word' id='word_1_705' title='bbox 1427 3099 1760 3150; x_wconf 83' lang='lat' dir='ltr'><strong>Luneburgensis‚</strong></span> <span class='ocrx_word' id='word_1_706' title='bbox 1782 3103 1984 3152; x_wconf 87' lang='lat' dir='ltr'><strong>Philippus</strong></span> 
     </span>
    </p>
   </div>
   <div class='ocr_carea' id='block_1_8' title="bbox 1047 3203 1989 3289">
    <p class='ocr_par' dir='ltr' id='par_1_12' title="bbox 1047 3203 1989 3289">
     <span class='ocr_line' id='line_1_117' title="bbox 1088 3203 1989 3244; baseline 0.007 -11"><span class='ocrx_word' id='word_1_707' title='bbox 1088 3203 1098 3223; x_wconf 86' lang='lat'>¹</span> <span class='ocrx_word' id='word_1_708' title='bbox 1116 3204 1264 3242; x_wconf 79' lang='lat' dir='ltr'><strong>Raynald.</strong></span> <span class='ocrx_word' id='word_1_709' title='bbox 1283 3203 1321 3233; x_wconf 84' lang='lat' dir='ltr'><strong>ad</strong></span> <span class='ocrx_word' id='word_1_710' title='bbox 1338 3211 1386 3235; x_wconf 83' lang='lat' dir='ltr'><strong>an.</strong></span> <span class='ocrx_word' id='word_1_711' title='bbox 1399 3203 1488 3242; x_wconf 68' lang='lat'><strong>15293</strong></span> <span class='ocrx_word' id='word_1_712' title='bbox 1503 3205 1610 3244; x_wconf 82' lang='lat' dir='ltr'><strong>Audin,</strong></span> <span class='ocrx_word' id='word_1_713' title='bbox 1621 3206 1677 3237; x_wconf 83' lang='lat' dir='ltr'><strong>loc.</strong></span> <span class='ocrx_word' id='word_1_714' title='bbox 1688 3206 1740 3238; x_wconf 80' lang='lat' dir='ltr'><strong>cit.</strong></span> <span class='ocrx_word' id='word_1_715' title='bbox 1756 3217 1781 3238; x_wconf 89' lang='lat' dir='ltr'><strong>c.</strong></span> <span class='ocrx_word' id='word_1_716' title='bbox 1797 3207 1849 3240; x_wconf 76' lang='lat'><strong>23:</strong></span> <span class='ocrx_word' id='word_1_717' title='bbox 1865 3207 1989 3239; x_wconf 83' lang='lat' dir='ltr'><strong>CfBos-</strong></span> 
     </span>
     <span class='ocr_line' id='line_1_118' title="bbox 1047 3244 1857 3289; baseline 0.009 -14"><span class='ocrx_word' id='word_1_718' title='bbox 1047 3249 1122 3284; x_wconf 74' lang='lat' dir='ltr'><strong>suet,</strong></span> <span class='ocrx_word' id='word_1_719' title='bbox 1139 3244 1220 3276; x_wconf 81' lang='lat' dir='ltr'><strong>Hist.</strong></span> <span class='ocrx_word' id='word_1_720' title='bbox 1237 3245 1290 3276; x_wconf 85' lang='lat' dir='ltr'><strong>cil.</strong></span> <span class='ocrx_word' id='word_1_721' title='bbox 1309 3249 1330 3276; x_wconf 81' lang='lat' dir='ltr'><strong>t.</strong></span> <span class='ocrx_word' id='word_1_722' title='bbox 1347 3246 1376 3283; x_wconf 89' lang='lat' dir='ltr'><strong>l;</strong></span> <span class='ocrx_word' id='word_1_723' title='bbox 1392 3247 1536 3283; x_wconf 79' lang='lat' dir='ltr'><strong>Moehler,</strong></span> <span class='ocrx_word' id='word_1_724' title='bbox 1553 3245 1773 3289; x_wconf 68' lang='lat' dir='ltr'><strong>Symbohque,</strong></span> <span class='ocrx_word' id='word_1_725' title='bbox 1790 3260 1816 3280; x_wconf 89' lang='lat' dir='ltr'><strong>c.</strong></span> <span class='ocrx_word' id='word_1_726' title='bbox 1828 3249 1857 3283; x_wconf 72' lang='lat'><strong>4.</strong></span> 
     </span>
    </p>
   </div>
  </div>
 </body>
</html>
