2241 3473
727 164 834 195 SQVE
855 165 909 193 AD
930 163 1215 192 PRAESENTEM
1238 164 1442 191 ΑΕΤΑΤΕΜ

100 248 169 275 eos
186 239 347 275 omnino
374 240 541 288 subegit,
561 242 695 278 omnia
722 242 808 279 iura
821 242 932 278 huius
958 243 1042 278 Sta-

101 296 162 328 tus
177 292 392 337 obtinuere,
413 295 514 332 inter
539 307 637 343 quae
670 295 760 331 illud
787 296 832 332 de
862 296 1042 332 libertate

101 345 368 383 ecclesiastica
394 359 589 396 nunquam
618 349 879 396 perturbanda
901 379 908 392 ,
938 350 1044 385 iuxta

103 398 223 446 leges.

152 452 296 497 Dania,
317 460 478 501 praeter
499 455 748 492 Praefectum
769 456 1043 503 apostolicum,

104 506 166 553 qui
187 507 392 544 islandiam
421 515 459 546 et
477 509 782 546 Gronelandiam
818 510 930 546 simul
966 520 1044 545 mo-

99 559 275 604 deratur,
304 562 439 609 viginti
468 568 555 598 octo
583 563 853 599 missionarios
887 567 927 599 et
953 574 1044 610 qua-

101 616 189 649 tuor
227 615 392 652 clericos
430 616 559 652 habet.
588 617 636 652 Hi
668 628 782 653 curas
827 616 1044 664 pastorales

100 673 288 704 exercent
319 680 438 714 penes
465 675 552 705 octo
581 671 765 717 regiones
791 676 829 706 et
847 669 1043 706 sexdecim

100 721 462 769 ecclesiis,quarum
482 728 635 771 septem
651 724 699 760 ad
718 724 941 771 Haphniam
961 735 1044 770 per-

108 774 242 811 tinent.
272 777 312 812 ln
340 778 412 813 hac
446 779 541 814 urbe
572 783 679 815 extat
710 779 957 825 gymnasium
994 778 1045 813 iu-

102 829 259 865 ventuti
287 831 538 874 erudiendae,
566 838 605 868 et
631 832 731 868 duae
751 832 908 867 scholae
935 843 1046 877 supc-

102 875 230 912 riores
256 889 326 924 pro
359 879 508 925 puellis.
546 880 604 914 Ad
635 880 743 916 urbis
781 880 921 926 capitis
954 879 1047 914 finia

105 938 268 976 operam
289 930 471 967 insudant
500 932 577 966 PP.
607 933 773 968 Iesuitae
802 944 850 969 ex
876 932 1047 978 Collegio

103 982 350 1027 S.Andreae‚
379 985 478 1032 quod
505 985 552 1021 ad
579 986 920 1021 Missioi‘iariorum
936 985 1047 1021 semi-

105 1036 260 1072 narium
295 1037 578 1075 Scandinaviac
607 1051 757 1086 quoque
785 1039 960 1074 inservit.
996 1038 1048 1073 Ibi

103 1088 287 1125 catholici
307 1091 451 1128 habent
468 1092 854 1137 nosocomium,satis
872 1092 1050 1139 frequen-

103 1142 239 1187 tatum,
255 1146 355 1192 quod
383 1158 407 1183 a
433 1147 643 1183 Sororibus
661 1158 684 1183 a
703 1147 742 1183 S.
763 1147 923 1193 losepho
949 1157 1044 1180 nun-

101 1199 254 1245 cupatis
280 1201 444 1247 regitur.
469 1222 507 1228 —-
530 1202 570 1236 In
597 1202 724 1236 Dania
750 1200 824 1236 huc
851 1211 970 1247 usque
986 1210 1048 1235 ca-

104 1253 335 1291 tholicorum
356 1255 463 1298 2500
481 1255 807 1292 adnumerantur.

149 1308 206 1344 91.
236 1309 285 1345 In
319 1309 465 1346 suecia
499 1313 534 1346 et
561 1309 778 1357 Norzceyia
797 1332 833 1336 —
852 1309 1050 1357 Tempore

103 1372 176 1408 quo
202 1362 276 1400 hae
296 1365 479 1411 regiones
497 1365 567 1400 sub
589 1365 737 1400 Daniae
757 1363 900 1399 ditione
921 1367 1049 1406 erant,

102 1414 282 1452 duritiem
303 1418 431 1465 legum
452 1419 655 1454 Ecclesiae
675 1418 931 1461 infensarum,
952 1428 1050 1464 quae

103 1469 253 1507 Daniae
280 1472 356 1518 vim
388 1472 620 1515 habuerant,
642 1483 781 1519 passae
807 1476 896 1507 sunt
921 1478 944 1504 1.
973 1472 1052 1506 Res

102 1524 157 1559 ita
182 1530 381 1562 steterunt
404 1537 526 1573 usque
553 1526 601 1562 ad
627 1537 772 1561 annum
794 1526 898 1567 1814,
920 1526 958 1561 in
978 1537 1050 1572 quo

103 1577 406 1625 independentia
425 1580 633 1615 nationalis
652 1591 740 1615 cum
761 1581 874 1626 regni
892 1579 1052 1615 Norwe-

104 1632 194 1677 giae
222 1643 245 1668 a
272 1633 398 1669 Dania
425 1634 702 1680 segregatione
731 1634 906 1669 invaluit.
937 1635 1051 1668 Anno

105 1685 197 1722 1845
224 1688 435 1734 ampliores
456 1689 583 1723 cultus
610 1688 816 1723 libertates
837 1698 1051 1723 concessae

102 1737 226 1782 fuere,
253 1740 323 1776 sed
349 1752 507 1788 semper
534 1741 597 1777 lex
623 1741 782 1787 vigebat
803 1752 903 1788 quae
935 1741 1050 1777 exilio

102 1790 314 1828 damnabat
347 1805 435 1829 eum
464 1795 525 1841 qui
555 1794 784 1841 religionem
813 1794 1050 1830 catholicam

102 1846 345 1892 susciperet,
374 1853 413 1883 et
441 1859 567 1895 poena
594 1849 808 1884 mulctabat
852 1848 1050 1895 presbyte—

104 1909 190 1933 rum
225 1900 458 1937 catholicum
491 1902 554 1949 qui
582 1902 631 1937 ad
659 1902 892 1948 religionem
921 1901 1051 1937 catho—

103 1951 218 1988 licam
246 1955 413 2002 aliquem
441 1966 461 1991 e
483 1956 804 2002 protestantismo
823 1955 1047 1991 adduceret.

106 2005 323 2044 Ann01856
343 2009 502 2045 libertas
523 2010 722 2057 religiosa,
739 2009 968 2044 solemniter
987 2020 1050 2056 po-

105 2060 274 2105 stulata,
303 2073 491 2099 concessa
518 2064 590 2098 fuit
617 2074 639 2098 a
666 2074 760 2110 rege
795 2062 843 2097 ad
871 2073 1050 2097 normam

106 2115 382 2162 promulgatae
410 2117 710 2153 constitutionis.
741 2117 907 2151 Demum
930 2116 991 2152 die
1009 2116 1052 2152 12

106 2169 253 2205 mensis
279 2170 410 2206 martii
441 2181 502 2206 an.
526 2171 615 2208 1878
636 2170 804 2205 facultas
823 2170 1052 2206 officialibus

110 2221 242 2258 Status
277 2224 382 2260 facta
413 2229 498 2268 est,
533 2224 710 2271 exceptis
742 2223 1065 2273 magistratibus,

109 2276 216 2311 illam
244 2277 478 2324 religionem
498 2277 700 2326 sequendi,
726 2287 828 2324 quae
855 2277 947 2324 ipsis
966 2290 1052 2325 per-

111 2329 340 2375 placuisset.

154 2383 268 2419 Nunc
295 2389 426 2421 autem
454 2386 490 2420 in
511 2386 572 2421 his
590 2385 769 2421 omnibus
788 2385 883 2421 locis
911 2387 1053 2434 religio

115 2436 311 2473 catholica
345 2439 495 2475 celeres
510 2451 742 2486 progressus
762 2444 880 2475 nacta
898 2445 972 2485 est;
1000 2442 1055 2477 ita

108 2494 151 2526 ut
168 2497 336 2528 exeunte
355 2504 458 2528 anno
475 2493 566 2530 1882
581 2505 719 2529 census
735 2493 941 2540 religiosus
956 2495 1054 2531 haec

111 2544 229 2581 dabat
243 2546 438 2582 elementa
449 2559 519 2594 pro
539 2547 662 2583 tribus
681 2547 907 2583 missionum
929 2549 1054 2595 regio-

111 2599 222 2635 nibus
242 2600 512 2643 Scandiliavis,
541 2601 691 2637 scilicet
708 2601 933 2637 Vicariatus
952 2603 1054 2650 Apo-

112 2654 237 2689 stolici
256 2655 435 2691 Holmiae
452 2655 577 2703 quoad
593 2656 774 2691 Sueciam
796 2668 804 2698 ;
833 2656 1053 2702 praefectu—

112 2718 179 2743 rae
200 2709 450 2755 Apostolicae
483 2709 608 2756 quoad
633 2709 877 2755 Norvegiam
903 2724 909 2751 ;
944 2722 1054 2756 prae-

110 2760 290 2798 fecturae
309 2764 558 2809 Apostolicae
578 2763 703 2811 quoad
728 2764 908 2808 Daniam,
937 2765 1052 2800 Islan-

112 2815 216 2852 diam
250 2822 288 2853 et
307 2817 625 2853 Gronelandiam.
646 2818 732 2853 Hae
749 2817 977 2853 missionum
994 2831 1052 2855 re—

112 2871 247 2918 giones
282 2872 456 2918 octogies
488 2872 718 2919 quinquiens
745 2876 913 2907 centena
933 2873 1054 2909 millia

113 2925 310 2961 hominum
337 2926 663 2973 complectuntur.
685 2925 850 2961 Sueciae
878 2925 1054 2962 Vicaria-

112 2984 172 3017 tus
212 2981 437 3022 Vicarium‚
471 2979 672 3015 duodecim
708 2979 978 3016 missionarios
1017 2985 1056 3017 et

111 3049 178 3074 sex
212 3036 401 3073 ecclesias
435 3033 646 3070 catholicas
672 3032 934 3076 adnumerat,
965 3045 1054 3080 qua-

113 3103 199 3127 rum
226 3091 324 3126 duae
368 3089 548 3125 Holmiae
592 3086 751 3133 degunt.
796 3085 1052 3124 Praefectura

158 3201 168 3222 1
197 3200 316 3239 Legere
344 3207 472 3240 quoque
499 3197 586 3228 iuvat
612 3203 693 3236 quae
711 3193 796 3226 dicta
814 3196 889 3226 sunt
915 3194 1053 3236 pp.152‚

115 3243 194 3285 183,
222 3243 300 3283 270,
331 3244 392 3277 307
421 3243 484 3276 308
510 3240 684 3274 voluminis
710 3239 819 3272 huius.

1907 148 1985 185 411

1094 235 1319 282 Apostolica
1345 245 1415 282 pro
1449 232 1673 280 Norvegia,
1702 233 1861 278 praeter
1886 228 2044 276 praefe-

1093 294 1197 324 ctum
1233 288 1427 325 sexdecim
1473 285 1740 322 missionarios
1766 313 1774 329 ,
1800 286 1888 319 octo
1930 293 2041 328 paro-

1095 342 1202 378 chias
1229 342 1444 378 catholicas
1475 351 1562 376 cum
1583 339 1743 375 totidem
1774 335 1952 374 ecclesiis
1977 335 2044 370 ha-

1097 396 1173 432 bet.
1201 397 1371 432 Sorores
1390 407 1439 432 ex
1458 394 1589 430 habitu
1609 393 1816 429 cineraceo
1834 420 1842 435 ‚
1877 393 1917 427 et
1942 399 2042 437 quae

1096 461 1118 486 a
1145 451 1184 486 S.
1213 449 1375 497 Iosepho
1409 448 1671 496 appellantur,
1700 457 1814 493 opem
1842 443 2043 480 missiona—

1097 504 1164 540 riis
1198 505 1331 540 ferunt
1358 503 1396 538 in
1414 501 1557 538 auxilio
1589 500 1754 536 infirmis
1786 495 2044 546 impendendo

1096 561 1135 593 ct
1160 557 1197 592 in
1226 567 1369 604 pueros
1395 554 1606 592 edocendo.
1629 574 1667 581 —
1686 552 1745 589 De
1775 550 1913 588 Dania
1939 548 2044 585 dixi-

1098 621 1181 646 mus
1208 621 1343 658 supr-a.

1146 664 1256 699 Haec
1276 663 1454 699 recensio
1473 673 1616 709 magno
1636 663 1766 709 potest
1784 670 1869 696 esse
1889 657 2043 700 solatio,

1100 717 1190 763 quia
1215 717 1352 762 paucis
1378 716 1516 752 abhinc
1543 715 1657 751 annis
1684 713 1824 760 religio
1851 710 2045 748 catholica

1100 770 1138 805 in
1177 770 1399 817 regionibus
1419 770 1585 807 Sueciae
1620 774 1660 805 et
1692 766 1929 814 Norwegiae
1957 775 2042 812 pro·

1101 834 1239 871 gressa
1265 829 1325 860 est
1343 853 1350 867 ,
1370 828 1409 860 et
1436 825 1512 860 iam
1540 823 1646 865 1200
1673 821 1958 858 catholicorum
1990 817 2040 853 ibi

1101 877 1641 924 commorantur-,dumusque
1661 876 1710 911 ad
1729 885 1851 910 annos
1865 869 2046 921 proxime

1101 932 1325 978 superiores
1359 931 1454 966 nulli
1480 943 1529 967 ex
1548 928 1855 978 protestantibus
1874 927 1933 962 fas
1960 928 2049 961 erat

1102 983 1148 1019 ad
1175 985 1407 1021 catholicam
1439 985 1671 1031 religionem
1712 993 1753 1019 se
1785 983 2047 1022 convertere,

1102 1039 1191 1085 quin
1210 1039 1561 1082 exilium,mulctas
1579 1042 1618 1075 et
1635 1039 1761 1084 ipsam
1779 1046 1930 1084 quoque
1948 1044 2050 1069 mor-

1104 1097 1182 1127 tem
1209 1094 1473 1139 experiretur.

1148 1145 1205 1181 92⁴
1234 1145 1313 1181 Res
1339 1146 1565 1182 catholicae
1583 1144 1623 1181 in
1642 1142 1778 1191 Bclyio
1803 1165 1839 1170 -
1865 1142 1974 1183 Quae
2001 1141 2048 1178 de

1102 1199 1258 1235 florenti
1273 1200 1489 1236 catholicae
1504 1198 1708 1235 Ecclesiae
1736 1200 1841 1233 statu
1854 1197 1894 1232 in
1910 1195 2050 1242 Belgio

1101 1253 1378 1300 descripsimus
1397 1258 1423 1299 1,
1449 1254 1636 1289 invidiam
1663 1253 1699 1288 in
1728 1264 1770 1289 se
1797 1252 2051 1288 concitarunt

1103 1308 1455 1355 perditissimorum
1474 1308 1693 1350 hominum,
1714 1306 1777 1354 qui
1803 1306 1951 1342 nullum
1971 1315 2048 1340 non

1104 1366 1265 1398 movent
1291 1363 1481 1410 lapidem,
1500 1367 1544 1398 ut
1571 1360 1804 1398 abalienatis
1829 1371 1853 1396 a
1879 1359 1980 1396 Sede
2000 1360 2050 1396 A·

1105 1416 1295 1462 postolica
1314 1417 1548 1464 populorum
1575 1416 1731 1459 animis,
1750 1426 1817 1451 eos
1835 1424 2051 1461 pravarum

1103 1470 1340 1506 societatum
1357 1471 1524 1517 imperio
1543 1481 1589 1506 ac
1610 1469 1809 1518 tyrannidi
1828 1467 2051 1505 subiiciant·

1103 1523 1382 1567 Quamobrem,
1400 1524 1492 1560 data
1507 1524 1816 1571 opportunitate,
1832 1523 1870 1558 in
1888 1521 2053 1569 publicis

1104 1578 1411 1624 legumlatorum
1431 1578 1605 1614 coetibus
1621 1577 1768 1624 pluries
1784 1576 2050 1617 elamitarum,

1103 1633 1320 1679 exspoliato
1354 1633 1534 1668 Romano
1562 1631 1756 1667 Pontifice
1782 1630 2052 1667 dominatione

1104 1686 1219 1730 civili,
1253 1687 1457 1732 Belgicam
1477 1685 1737 1733 Legationem
1757 1685 1805 1721 ad
1825 1685 1951 1732 ipsum
1971 1684 2051 1720 inu-

1104 1740 1210 1775 tilem
1239 1740 1456 1787 impensam
1483 1739 1669 1783 evadere,
1698 1750 1746 1775 ac
1773 1738 1936 1786 proinde
1963 1749 2051 1774 esse

1104 1792 1331 1829 tollendam.
1358 1794 1518 1829 Revera
1544 1794 1609 1829 vix
1635 1792 1724 1828 dum
1752 1803 1854 1828 anno
1883 1791 1975 1829 1878
2002 1790 2065 1827 ad.

1104 1846 1160 1882 rei
1188 1846 1365 1893 publicae
1391 1847 1661 1893 gubernacula
1686 1845 1863 1882 homines
1891 1846 2049 1881 illarum

1103 1900 1272 1945 partium
1311 1905 1597 1944 accesserunt,
1632 1899 1830 1936 revocatio
1866 1898 2051 1935 Oratoris

1103 1953 1230 2000 Belgii
1251 1953 1350 2000 apud
1384 1954 1425 1989 S.
1453 1954 1595 1990 Sedem
1628 1957 1778 1989 statuta
1804 1956 1844 1989 et
1870 1952 2050 1987 nuntiata

1103 2011 1173 2042 est.
1210 2006 1411 2042 Eiusmodi
1454 2007 1644 2054 propositi
1671 2005 1901 2053 perficiendi
1937 2016 2052 2040 occa-

1102 2061 1253 2096 sionem
1273 2061 1343 2107 ipsi
1378 2060 1483 2097 nacti
1502 2064 1593 2097 sunt
1622 2061 1711 2106 lege
1730 2060 1885 2107 perlata
1917 2059 1976 2095 die
2005 2059 2051 2096 20

1104 2114 1268 2150 ianuarii
1307 2115 1421 2157 1879,
1450 2115 1669 2163 insequenti
1697 2126 1831 2150 mense
1856 2113 1950 2149 iunii
1986 2112 2051 2149 ad-

1105 2168 1269 2214 probata
1300 2168 1340 2203 in
1371 2168 1535 2216 publicis
1562 2168 1762 2213 Consiliis,
1798 2174 1837 2203 et
1871 2167 2052 2214 proxima

1106 2221 1143 2257 1a
1163 2221 1223 2258 die
1241 2222 1323 2257 iulii
1341 2223 1508 2267 sancita,
1523 2222 1570 2259 de
1591 2221 1814 2270 primordiis
1833 2221 2051 2268 disciplina-

1104 2287 1189 2311 rum
1218 2277 1370 2323 publice
1390 2276 1606 2313 tradendis.
1627 2277 1712 2312 Hoc
1731 2287 1852 2312 unum
1879 2276 2050 2311 maxime

1105 2330 1167 2366 lex
1190 2330 1254 2366 illa
1270 2336 1452 2377 spectare
1471 2335 1596 2379 patet,
1614 2336 1658 2366 ut
1675 2330 1818 2366 animis
1836 2329 1899 2365 vel
1918 2340 1942 2365 a
1960 2341 2049 2377 pue-

1105 2385 1196 2420 ritia
1237 2385 1285 2421 ab
1319 2386 1555 2422 auctoritate
1595 2384 1812 2420 catholicae
1846 2383 2050 2419 Ecclesiae

1104 2439 1316 2475 abstractis
1339 2469 1347 2483 ,
1373 2440 1477 2476 civili
1504 2440 1685 2486 potestati
1713 2439 1876 2474 iuvenes
1902 2438 2047 2473 manci-

1106 2498 1262 2541 pentur.
1283 2507 1302 2528 «
1321 2494 1476 2530 Etenim
1493 2504 1541 2529 ea
1560 2493 1661 2539 lege,
1677 2491 1730 2528 uti
1747 2492 1949 2538 sapienter
1967 2491 2047 2527 ani-

1106 2547 1316 2584 madvertit
1350 2549 1428 2584 Leo
1456 2547 1526 2594 Pp.
1556 2547 1644 2582 XIII
1671 2548 1697 2589 2,
1727 2545 1955 2582 decernitur
1973 2574 1981 2589 ,
2009 2545 2049 2581 in

1105 2601 1337 2638 educatione
1375 2601 1512 2649 puerili
1544 2600 1669 2636 nullas
1696 2611 1782 2636 esse
1817 2599 1961 2635 debere
1989 2610 2050 2635 sa-

1106 2667 1262 2691 crorum
1278 2656 1488 2691 Pastorum
1511 2658 1657 2701 partes,
1680 2654 1827 2689 nullam
1846 2653 2048 2689 Ecclesiae

1105 2710 1375 2756 vigilantiam,
1401 2709 1698 2755 dissociatisque
1725 2708 1880 2753 penitus
1914 2718 1936 2742 a
1964 2707 2048 2743 reli-

1106 2765 1220 2809 gione
1248 2763 1411 2807 litteris,
1441 2762 1486 2797 ab
1514 2762 1732 2798 eruditione
1763 2772 1989 2807 puerorum,
2017 2761 2048 2796 si

1106 2818 1191 2865 ipsa
1202 2817 1443 2864 publicarum
1455 2816 1676 2851 scholarum
1688 2815 1786 2850 ratio
1798 2818 1837 2850 et
1847 2814 2050 2861 disciplina

1106 2875 1323 2918 spectetur,
1350 2881 1508 2905 omnem
1536 2869 1583 2905 de
1612 2868 1803 2914 religione
1830 2868 2050 2904 doctrinam

1107 2927 1243 2962 abesse
1265 2923 1518 2971 praecipitur:
1539 2923 1638 2970 quod
1666 2923 1855 2969 perfacile
1875 2922 2051 2958 cernitur

1106 2991 1221 3027 quam
1249 2979 1300 3014 sit
1324 2978 1412 3014 fidei
1440 2982 1480 3013 et
1508 2978 1684 3015 moribus
1711 2977 1882 3013 ineuntis
1909 2975 2050 3012 aetatis

1108 3032 1382 3080 periculosum.
1398 3031 1532 3078 quue
1547 3030 1709 3077 gravius
1727 3041 1814 3067 esse
1830 3029 2047 3077 periculum

1150 3152 1163 3218 Ξ
1190 3149 1226 3224 ih
1245 3147 1355 3224 ἒυῗῖιᾱ
1374 3188 1560 3222 cardinales
1580 3189 1787 3223 Allocutione
1805 3188 1910 3221 habita
1938 3189 1967 3221 in
1989 3186 2045 3219 Va-

1109 3241 1214 3272 ticano
1241 3237 1290 3269 die
1316 3235 1358 3267 20
1383 3235 1511 3275 augusti
1539 3233 1639 3269 1880.
