2241 3473
769 162 893 194 VSQVE
921 162 974 190 An
1003 161 1279 190 INNOCENTIVM
1301 163 1358 189 111.

102 230 162 268 vel
181 229 342 267 abbates
361 227 564 273 habeatur,
579 239 650 266 nec
670 227 749 266 ulla
768 228 802 265 ei
825 231 869 266 ut
888 227 1036 277 episco-

102 295 150 332 po
171 282 231 320 vel
251 281 381 319 abbati
403 281 620 318 obedientia
641 281 886 319 concedatur.
921 281 1035 318 Insu-

102 347 170 385 per
188 334 223 372 ei
243 334 407 383 gratiam
430 334 471 371 B.
495 334 598 371 Petri
620 337 659 371 et
679 334 880 371 introitum
911 334 1036 371 eccle-

102 388 180 426 siae
199 388 478 432 interdicimus,
498 387 748 450 quoadusque
768 387 908 430 locum,
925 398 1036 434 quem

102 441 172 479 sub
186 441 345 478 crimine
361 445 439 478 tam
456 440 676 477 ambitionis
695 451 810 488 quani
822 440 1039 476 inobedien-

102 493 193 539 tiae,
212 494 313 542 quod
335 498 389 531 cst
407 493 532 530 scelus
555 492 817 537 idololatriae,
839 493 951 540 cepit,
973 493 1037 529 de-

101 547 280 584 seruerit.
303 547 490 583 Similiter
510 546 627 583 etiam
647 546 692 582 de
714 545 962 582 inferioribus
982 557 1039 581 ec-

103 600 330 637 clesiasticis
349 599 604 648 dignitatibus
625 598 908 636 constituimus.
941 598 1039 634 Item

104 653 135 690 si
155 653 240 702 quis
260 653 551 702 imperatorum,
571 652 725 695 ducum,
747 650 1013 687 marchionum
1032 679 1040 695 ,

105 706 288 743 comitum
311 706 371 742 vel
393 705 554 753 quilibet
583 704 843 741 saecularium
867 708 1039 751 potesta-

106 764 187 796 tum
208 759 479 796 investituram
509 757 753 806 episcopatus
783 756 846 793 vel
875 756 1042 793 alicuius

106 812 390 849 ecclesiasticae
408 810 607 859 dignitatis
621 810 712 846 dare
731 809 1041 859 praesumpserit,

107 865 279 902 eiusdem
309 864 525 901 sententiae
554 863 710 900 vinculo
739 875 779 900 se
808 863 1044 900 adstrictum

106 919 203 955 sciat
224 916 232 937 ¹
254 929 289 954 ».

162 970 373 1018 Utriusque
402 969 539 1018 synodi
570 969 725 1006 decreta
751 968 936 1006 Pontifex
964 978 1042 1005 om-

111 1024 223 1061 nibus
253 1024 394 1070 ubique
423 1022 614 1071 episcopis
643 1025 682 1058 et
711 1021 949 1070 principibus
977 1032 1044 1069 per

108 1076 257 1114 litteras
276 1075 528 1123 significavit,
546 1075 773 1123 legatosque
796 1075 841 1111 ·in
869 1075 1042 1111 diversas

109 1130 288 1178 regiones
316 1129 431 1173 misit,
460 1129 524 1176 qui
544 1129 767 1165 eorumdem
798 1128 1043 1164 decretorum

109 1182 378 1220 executionem
398 1181 646 1229 imperarent.
677 1181 820 1218 Contra
850 1181 944 1217 haec
974 1180 1044 1216 de-

109 1239 217 1272 creta
235 1235 274 1272 in
296 1234 505 1271 Germania
524 1233 723 1271 infremuit
744 1233 1042 1271 simoniacorum

108 1292 147 1326 et
167 1287 486 1325 incontinentium
507 1287 737 1324 clericorum
767 1286 883 1324 factio
902 1316 910 1331 ,
941 1286 1042 1323 Gre-

109 1342 262 1389 gorium
284 1341 522 1378 haereticum
543 1352 641 1385 esse,
661 1352 702 1378 se
719 1352 811 1377 vero
832 1340 949 1377 malle
977 1351 1043 1376 sa-

109 1394 323 1431 cerdotium
345 1394 522 1430 deserere
543 1405 659 1442 quam
690 1394 848 1431 decreta
876 1393 957 1430 eius
977 1404 1044 1429 su-

109 1447 279 1496 scipere,
299 1447 510 1484 inclamans
532 1446 557 1484 2.
581 1447 707 1488 Quum
736 1446 952 1495 Sigefridus
983 1457 1046 1482 ar-

111 1501 377 1548 chiepiscopus
397 1499 650 1548 Moguntinus
669 1500 708 1537 in
743 1500 890 1549 synodo
912 1498 1046 1537 Erfor-

111 1553 230 1591 diensi
246 1557 285 1590 et
300 1553 542 1601 Mogunffina,
553 1554 762 1590 seeundum
775 1553 975 1590 Romanae
990 1564 1050 1601 sy-

112 1606 200 1644 nodi
216 1606 424 1651 decretum,
437 1605 590 1643 clericis
602 1607 819 1651 mandaret,
830 1610 872 1642 ut
888 1605 950 1642 vel
965 1617 1050 1642 con-

112 1660 283 1697 tinenter
317 1660 495 1695 viverent
513 1688 522 1704 ,
556 1658 620 1695 vel
648 1671 671 1696 a
701 1658 918 1696 ministerio
939 1669 1049 1695 sacro

114 1712 365 1757 abstinerent,
384 1714 517 1749 tantus
537 1712 733 1749 excitatus
753 1714 811 1749 est
829 1712 1026 1749 tumultus
1043 1740 1052 1756 ,

115 1768 158 1803 ut
177 1765 486 1813 archiepiscopus
506 1765 577 1802 sibi
594 1769 791 1811 metuens,
811 1765 859 1802 ab
881 1765 1054 1814 urgenda

114 1819 259 1856 decreti
288 1818 538 1855 observantia
558 1820 725 1856 cessaret
745 1816 771 1856 ³.
794 1818 935 1855 Maiori
965 1830 1053 1854 con-

113 1871 256 1910 stantia
276 1871 506 1920 apostolicas
527 1871 822 1909 constitutiones
842 1872 1053 1908 observan-

114 1925 182 1962 das
202 1924 356 1961 curavit
376 1936 403 1961 s.
421 1924 652 1962 Altmannus
681 1925 884 1973 episcopus
910 1924 1054 1964 Passa-

114 1978 272 2024 viensis,
287 1978 353 2026 qui
367 1978 526 2025 proinde
541 1982 580 2014 et
595 1989 808 2026 pravorum
825 1977 1056 2014 clericorum

114 2030 273 2068 insidias
301 2034 340 2067 et
369 2031 527 2068 Henrici
557 2031 677 2080 regis,
698 2031 762 2080 qui
786 2031 861 2068 illis
882 2030 1055 2075 favebat,

115 2095 236 2122 vexas
255 2090 438 2133 expertus
453 2082 478 2121 ⁴.

168 2139 204 2175 4.
225 2137 297 2174 Lis
318 2139 427 2174 inter
450 2137 697 2185 Greyorz'um
737 2137 818 2174 VII
841 2143 879 2175 et
904 2136 1057 2174 Henri-

116 2202 208 2228 cum
231 2191 257 2228 I
264 2191 302 2227 V
310 2211 358 2219 —
375 2190 542 2228 Tantam
563 2190 793 2228 clericorum
822 2191 860 2227 in
891 2190 1058 2227 Germa-

117 2243 182 2280 nia
201 2244 402 2281 audaciam
426 2255 537 2281 nemo
554 2244 775 2290 mirabitur,
793 2244 857 2292 qui
877 2243 1059 2292 pessimos

117 2296 237 2345 ipsius
265 2297 369 2346 regis
405 2296 565 2334 Henrici
595 2297 650 2334 IV
678 2309 806 2334 mores
846 2297 996 2334 noverit
1033 2295 1058 2332 5.

119 2350 332 2398 Gregorius
353 2349 420 2398 Pp.
452 2361 587 2398 regem
615 2350 772 2398 saepius
793 2350 973 2398 hortatus
1002 2352 1061 2386 est

119 2402 165 2439 ad
190 2403 292 2439 vitae
313 2403 639 2447 emendationem,
671 2404 720 2440 ad
751 2403 957 2440 eiiciendos
976 2413 1063 2451 pra-

122 2467 189 2493 vos
208 2455 445 2493 consiliarios
458 2485 467 2501 ,
487 2457 535 2492 ad
555 2456 836 2493 restituendam
866 2455 1061 2492 Ecclesiae

120 2508 351 2546 libertatem.
369 2508 558 2555 Henricus
587 2513 628 2546 ut
649 2513 691 2546 ut
704 2509 881 2546 Pontifici
905 2511 1062 2557 propter

122 2561 322 2599 decretum
341 2561 387 2598 de
407 2561 652 2599 investituris
673 2561 853 2607 infensus,
874 2562 966 2609 quia
988 2562 1062 2598 bel-

122 2614 158 2651 lo
179 2614 371 2652 Saxonico
391 2614 612 2662 implicitus,
632 2615 756 2652 multa
771 2615 961 2664 Gregorio
982 2625 1066 2662 pro-

122 2667 242 2713 misit,
262 2669 329 2705 sed
351 2667 443 2704 nihil
465 2667 611 2707 effecit:
633 2680 755 2716 neque
771 2668 952 2705 immunis
971 2667 1062 2704 fuis-

123 2733 163 2758 se
184 2721 357 2758 creditur
378 2732 400 2756 a
419 2720 698 2766 coniuratione,
716 2733 777 2758 an.
798 2720 899 2759 1075
916 2722 1063 2758 Romae

124 2776 261 2811 contra
282 2772 513 2810 Pontificem
534 2773 631 2810 inita
651 2786 674 2810 a
692 2774 830 2811 Cencio
858 2774 942 2811 viro
962 2773 1061 2811 faci-

123 2838 274 2872 norOSO,
295 2827 443 2864 Romae
464 2829 738 2864 commorante.
768 2827 805 2864 Is
819 2856 828 2872 ,
856 2830 1060 2875 postquam

124 2891 145 2917 e
174 2880 348 2918 Lucania
368 2884 406 2917 et
425 2879 580 2928 Apulia,
602 2890 695 2928 quos
723 2880 870 2928 potuit,
889 2880 1062 2917 eiusdem

167 3018 177 3039 ¹
196 3018 311 3056 Labbe,
327 3019 382 3049 loc.
401 3018 452 3050 cit.
469 3028 496 3057 p.
517 3016 584 3048 tlt-2.

167 3058 184 3080 ²
199 3061 325 3108 Mai-ian
340 3061 458 3098 Scotus,
475 3063 505 3090 et
523 3058 672 3089 Lamberi.
689 3058 932 3099 Schal'naburg.‚
950 3057 1069 3090 Clu-on.

129 3100 343 3173 adssalilariigeiit.
361 3142 595 3181 schafnaburg„
615 3141 652 3171 ad
668 3150 716 3172 an.
737 3140 822 3171 1075.

169 3183 182 3204 ⁴
200 3184 336 3214 Bolland.
353 3185 432 3215 Acta
445 3181 502 3214 SS.
518 3184 536 3214 8
552 3187 672 3223 august.

170 3225 186 3246 ⁵
200 3224 237 3255 Cf
255 3229 274 3256 t.
290 3224 314 3263 1,
330 3235 359 3265 p.
377 3224 448 3256 228.

1945 149 1971 187 5

1077 226 1243 264 furfuris
1272 226 1446 265 homines
1476 226 1772 276 congregasset,
1791 225 1831 262 in
1852 223 2020 262 Pontifi-

1078 292 1160 318 cem
1181 280 1486 318 coniurationem
1504 279 1664 317 molivit.
1689 278 1844 316 Pluries
1866 279 2023 326 propter
2046 317 2051 323 ,

1079 346 1148 371 sua
1169 333 1342 371 facinora
1363 346 1385 370 a
1414 334 1562 370 Romae
1590 331 1786 381 praefecto
1817 331 2022 368 damnatus

1081 392 1120 424 et
1140 387 1284 435 pluries
1305 399 1327 423 a
1350 385 1537 424 Pontifice
1566 385 1770 427 liberatus,
1800 383 1867 433 qui
1890 386 2024 432 postea

1083 451 1172 476 vero
1186 442 1339 488 propter
1350 451 1419 476 sua
1430 439 1578 476 scelera
1589 436 1955 482 excommunicavit,
1968 447 2024 472 ar-

1082 495 1188 529 mata
1208 503 1320 529 manu
1342 492 1380 528 in
1400 491 1631 540 Gregorium
1653 490 1773 528 saeris
1800 492 2024 539 operantem

1081 545 1117 581 in
1155 544 1298 582 sacello
1328 544 1365 581 S.
1396 544 1447 581 M.
1479 545 1526 581 ad
1556 544 1748 593 Praesepe
1786 543 1821 580 in
1860 541 2026 579 ecclesia

1082 598 1118 634 S.
1144 598 1294 635 Mariae
1324 597 1480 635 maioris
1510 597 1635 634 media
1664 599 1773 634 nocte
1794 594 2027 634 Nativitatis

1084 651 1233 687 Domini
1255 650 1412 698 irripuit
1441 654 1479 687 et
1509 650 1752 687 contumeliis
1773 648 2025 686 verberibus-

1082 715 1155 751 que
1186 703 1369 741 affectum
1398 703 1498 740 turri
1527 703 1696 740 inclusit.
1719 701 1901 740 Pontifex
1922 712 1945 738 a
1966 712 2027 749 po-

1083 757 1174 804 pulo
1204 756 1380 794 Rom'ano
1417 756 1629 801 liberatus,
1663 755 1812 804 insigne
1849 755 2026 792 modera-

1083 809 1198 846 tionis
1226 810 1462 846 christianae
1489 808 1711 857 exemplum
1741 808 1858 854 dedit,
1889 807 2028 844 Cencio

1084 863 1238 899 veniam
1266 864 1306 899 et
1335 861 1613 910 poenitentiam
1636 861 1779 909 petenti
1801 862 2002 910 ignoscens
2019 888 2029 904 ,

1085 915 1196 952 modo
1230 915 1539 964 peregrinatione
1575 914 1930 962 Hierosolymitana
1962 924 2030 950 sa-

1085 968 1290 1017 crilegium
1315 969 1491 1016 expiaret
1510 968 1533 1006 ¹.
1565 967 1756 1005 Henricus
1785 979 1877 1004 vero
1915 977 2031 1014 supe-

1086 1022 1179 1058 ratis
1199 1033 1260 1058 an.
1284 1021 1384 1059 1075
1403 1020 1635 1065 Saxonibus,
1657 1019 1886 1057 Pontificem
1905 1022 1944 1056 et
1964 1018 2033 1055 Ec—

1085 1074 1241 1111 clesiam
1263 1074 1442 1123 graviter
1461 1085 1607 1111 vexare
1627 1073 1764 1120 coepit.
1796 1073 1839 1109 In
1860 1073 2034 1109 Saxones

1085 1131 1125 1165 et
1141 1127 1363 1175 Thuringos
1379 1127 1593 1164 terribilem
1614 1126 1827 1163 vindictam
1844 1124 2033 1170 exercuit,

1086 1180 1264 1218 civitates
1285 1181 1558 1228 depraedatae,
1571 1179 1646 1216 viri
1663 1179 1790 1216 necati
1811 1182 1880 1216 aut
1896 1177 2034 1226 fugati,

1087 1233 1268 1271 mulieres
1289 1234 1327 1270 in
1346 1234 1438 1282 ipsis
1456 1233 1628 1271 ecclesiis
1645 1243 1850 1281 oppressae
1863 1261 1873 1277 ,
1891 1231 2036 1280 episco-

1088 1289 1123 1336 pi
1145 1290 1185 1324 et
1203 1287 1424 1324 sacerdotes
1445 1287 1561 1335 capti,
1579 1297 1711 1324 omnes
1731 1285 1769 1322 in
1786 1285 2034 1322 durissimam

1086 1340 1319 1377 servitutem
1341 1340 1488 1377 redacti
1510 1341 1610 1377 sunt.
1632 1339 1776 1376 Contra
1795 1340 1946 1375 tantam
1966 1340 2035 1386 ty-

1087 1393 1289 1431 rannidem
1298 1393 1473 1430 Saxones
1484 1391 2037 1430 communemChristianorum

1088 1451 1252 1496 patrem,
1274 1447 1321 1483 R.
1340 1446 1582 1492 Pontificem,
1599 1444 1909 1494 interpellarunt,
1925 1443 2037 1491 eique

1089 1500 1249 1537 Henrici
1279 1500 1382 1548 regis
1412 1499 1646 1545 saevitiam,
1680 1497 1842 1535 infamia
1875 1496 2039 1533 crimina

1090 1557 1129 1591 et
1144 1553 1410 1602 turpissimum
1427 1554 1645 1600 quaestum,
1663 1563 1738 1600 quo
1755 1551 1968 1599 dignitates
1982 1561 2039 1586 ec-

1091 1606 1330 1644 clesiasticas
1346 1605 1565 1643 hominibus
1580 1604 1747 1654 indignis
1763 1603 1940 1641 conferre
1956 1614 2039 1651 per-

1091 1661 1221 1709 gebat,
1241 1658 1522 1708 significarunt.
1545 1658 1755 1707 Gregorius
1784 1657 1860 1694 VII
1888 1656 2040 1705 legatos

1092 1725 1179 1751 cum
1195 1711 1335 1749 litteris
1355 1713 1401 1749 ad
1433 1711 1644 1749 Henricum
1664 1711 1719 1748 IV
1737 1710 1968 1754 destinavit,
1998 1710 2041 1745 ut

1092 1765 1218 1804 missis
1237 1764 1493 1810 investituris,
1512 1765 1734 1802 libertatem
1756 1763 1954 1800 Ecclesiae
1974 1773 2040 1798 re-

1094 1820 1292 1863 stitueret,
1303 1820 1343 1855 et
1356 1819 1521 1856 Romam
1542 1818 1591 1855 ad
1610 1817 1799 1866 synodum
1821 1815 1973 1853 veniret
1993 1815 2041 1851 de

1095 1872 1342 1917 criminibus,
1363 1883 1528 1919 quorum
1550 1871 1809 1908 accusabatur
1823 1898 1832 1915 ,
1852 1869 2041 1906 rationem

1096 1925 1332 1971 redditurus,
1342 1925 1410 1962 sub
1422 1922 1839 1966 excommunicationis
1854 1920 2041 1971 periculo.

1149 1979 1238 2016 Rex
1258 1978 1318 2015 ira
1338 1978 1520 2026 percitus,
1540 1977 1690 2026 legatos
1720 1975 1922 2013 Pontificis
1952 1986 2043 2011 cum

1097 2031 1339 2070 contumeliis
1359 2031 1487 2076 eiecit,
1500 2033 1540 2067 et
1559 2042 1608 2068 ex
1630 2029 1734 2066 omni
1749 2040 1870 2077 regno
1886 2039 1956 2066 suo
1973 2039 2043 2075 sy-

1099 2085 1242 2122 nodum
1271 2083 1670 2121 indixitwormatiae
1692 2094 1753 2120 an.
1778 2082 1888 2119 1076.
1910 2081 1952 2118 In
1974 2080 2046 2117 hoc

1098 2138 1357 2176 conciliabulo
1377 2137 1587 2174 cardinalis
1607 2136 1722 2184 Hugo
1752 2135 1932 2180 Blaneus,
1953 2145 2045 2181 pro-

1100 2195 1184 2240 pter
1204 2202 1354 2228 morum
1376 2202 1535 2227 suorum
1557 2189 1791 2238 pravitatem
1819 2200 1843 2226 a
1871 2188 1918 2224 R.
1941 2187 2045 2224 Pon-
2085 2193 2087 2195 ’

1099 2245 1203 2282 tifice
1226 2243 1433 2292 depositus,
1454 2242 1552 2292 regi,
1572 2242 1761 2291 episcopis
1781 2243 1821 2278 et
1842 2239 2046 2278 abbatibus

1100 2297 1240 2335 obtulit
1263 2296 1438 2334 libellum
1459 2295 1752 2334 accusationum
1774 2294 1874 2331 idest
1893 2292 2045 2330 calum-

1101 2351 1251 2388 niarum
1261 2353 1398 2387 contra
1407 2349 1639 2398 Gregorium
1651 2349 1734 2397 Pp.;
1745 2347 1920 2385 exhibuit
1928 2345 2046 2383 etiam

1101 2404 1268 2449 litteras,
1290 2403 1442 2440 nomine
1463 2401 1732 2446 cardinalium,
1752 2403 1906 2438 senatus
1935 2410 2048 2447 popu·

1100 2457 1206 2505 lique
1227 2456 1393 2493 Romani
1422 2454 1626 2501 confictas,
1650 2454 1789 2503 quibus
1816 2453 1842 2490 ii
1870 2450 2048 2500 Gregorii

1103 2510 1388 2559 depositionem
1411 2508 1607 2558 postulare
1637 2507 1875 2544 viderentur.
1897 2505 2047 2542 Secun-

1103 2564 1195 2601 dum
1216 2563 1313 2600 haec
1346 2561 1508 2611 praelati
1529 2559 1766 2609 congregati,
1786 2569 1950 2606 quorum
1979 2556 2047 2593 alii

1103 2620 1216 2654 erant
1244 2616 1408 2653 simonia
1437 2615 1572 2652 aliisve
1603 2613 1706 2650 vitiis
1733 2611 1951 2660 inquinati,
1980 2609 2046 2646 alii

1104 2670 1210 2718 regis
1231 2669 1268 2705 vi
1289 2671 1327 2706 et
1356 2668 1470 2705 minis
1498 2665 1713 2716 perterriti,
1742 2663 1976 2702 sententiam
2006 2662 2048 2698 in

1107 2722 1337 2771 Gregorium
1358 2721 1459 2758 ferre
1479 2720 1562 2758 ausi
1581 2721 1689 2763 sunt,
1709 2729 1798 2754 eum
1819 2715 2048 2765 pontificatu

1105 2775 1307 2824 indignum
1335 2779 1374 2811 et
1401 2774 1599 2822 privatum
1631 2771 1885 2808 declarantes.
1916 2767 2050 2806 Confe-

1106 2829 1195 2866 stim
1214 2840 1281 2865 rex
1298 2828 1373 2864 ista
1387 2824 1621 2874 significavit
1635 2823 1820 2872 episcopis
1836 2822 2052 2870 Longobar-

1107 2881 1178 2926 dis,
1197 2881 1264 2929 qui
1285 2891 1427 2928 magna
1442 2890 1490 2915 ex
1509 2880 1619 2927 parte
1639 2889 1667 2914 s.
1686 2876 1872 2925 Gregorio
1892 2876 2052 2923 propter

1107 2933 1395 2972 reformationis
1415 2932 1571 2968 decreta
1582 2929 1733 2975 infensi,
1745 2929 1783 2966 in
1799 2927 2050 2966 conciliabulo

1109 2986 1290 3035 Papiensi
1307 2986 1390 3022 eius
1411 2983 1635 3032 depositioni
1649 2982 1969 3030 subscripserunt.
1982 2979 2054 3016 Eo-

1109 3041 1194 3076 dem
1228 3043 1398 3086 tempore
1434 3048 1501 3074 rex
1535 3036 1680 3073 clerum
1693 3065 1702 3081 ,
1722 3038 1898 3073 senatum
1933 3045 2054 3082 popu-

1086 3124 1088 3142 ,
1108 3094 1264 3140 lumque
1284 3092 1504 3128 Romanum
1533 3089 1580 3127 ad
1610 3087 1940 3127 exauctorandum
1961 3086 2052 3122 Gre-

1150 3222 1159 3242 ¹
1178 3221 1259 3252 Paul.
1278 3219 1518 3263 Bernriedensis,
1539 3218 1607 3252 Vita
1623 3219 1656 3252 S.
1672 3217 1819 3258 Greqorit
1841 3216 1896 3250 VII
