2241 3473
242 143 322 182 432

188 227 305 263 butae
338 227 510 262 fuerunt.
543 225 815 262 Veruntamen
846 227 1005 262 favente
1036 226 1131 260 Leo-

189 292 239 317 ne
256 280 345 316 XIII
362 280 459 314 haec
480 278 567 313 iura
583 282 669 313 rata
686 279 820 315 habita
845 283 948 321 sunt,
975 278 1132 319 litteris,

188 334 326 381 quibus
344 331 527 367 Pontifex
546 332 958 379 Austriae-Ungariae
977 337 1018 368 et
1042 331 1132 367 Gal-

186 387 328 422 liarum
352 385 542 431 gubernia
559 384 607 420 ad
627 385 792 421 tuendas
811 387 985 421 rationes
1005 386 1045 421 S.
1066 386 1133 420 Se-

189 441 247 476 dis
277 440 315 474 in
349 439 544 475 Consessu
578 439 825 475 Berolinensi
853 439 915 474 hoi
929 444 1033 475 tatus
1059 442 1129 474 est.

186 492 404 531 Conventio
424 492 492 527 S.²i
513 492 701 538 Stephani
721 493 887 529 reddidit
905 492 1133 539 Bulgariam

188 547 447 594 principatum
467 550 738 587 antonomum,
754 547 944 592 gubernio
960 547 1133 582 othoma-

185 600 273 636 nieo
293 600 525 635 subiectum.
545 600 659 634 Anno
676 599 764 637 1881
785 612 973 636 numerus
992 600 1134 646 Bulga⁴

190 665 324 688 rorum
343 653 541 694 2,000,000
560 658 835 700 eratzquorum
850 653 896 690 68
909 664 1029 700 supra
1047 665 1135 688 cen-

190 711 270 743 tum
297 706 345 742 ad
371 707 591 741 Ecclesiam
619 717 806 753 graecam
841 707 1132 743 schismaticam

188 760 401 808 pertinent.
413 759 577 807 Bulgari
594 760 690 795 ritus
704 760 841 807 graeci
854 760 1000 796 habent
1016 772 1132 804 nune,

189 814 305 850 sicuti
319 813 498 857 diximus,
527 814 844 850 tresVicariatos
870 815 1129 861 apostolicos:

186 879 305 904 unum
322 867 674 914 Constantinopoli,
696 868 815 904 alium
834 868 1132 910 Thraciae‚ter-

190 921 287 957 tium
307 921 591 965 Macedoniae3
619 927 796 958 ceterum
814 951 822 965 ,
853 922 1133 958 conversiones

186 975 328 1010 indies
355 974 483 1020 magis
509 980 720 1021 augentur.

232 1027 468 1065 102-Serbia
478 1029 608 1064 —Hoc
623 1029 662 1064 in
677 1040 801 1075 regno
817 1029 931 1077 pauci
948 1040 1050 1064 nunc
1069 1028 1133 1064 ad-

191 1087 452 1118 numerantur
479 1083 659 1119 catholici
684 1083 814 1127 (4160),
834 1088 871 1119 at
899 1083 938 1118 in
965 1083 1061 1129 ipso,
1090 1088 1132 1118 ut

187 1138 225 1172 in
245 1140 327 1172 tota
342 1137 544 1173 balcanica
559 1137 779 1185 peninsula,
797 1137 992 1173 uberioris
1010 1148 1130 1173 verae

185 1191 387 1237 religionis
414 1202 649 1238 progressus
675 1203 765 1238 spes
791 1192 926 1227 arrisit
956 1203 1027 1238 per
1053 1203 1130 1227 me-

185 1249 379 1281 moratam
396 1245 570 1281 Berolini
590 1246 915 1289 conventionem,
937 1245 1044 1281 cuius
1062 1256 1134 1292 ope

183 1299 306 1334 cultus
325 1299 486 1334 libertas
505 1299 545 1334 in
564 1310 611 1335 eo
638 1300 884 1345 proclamata
910 1299 995 1335 fuit.
1023 1300 1135 1335 Iuvat

182 1357 314 1388 tamen
332 1352 393 1387 hic
420 1353 562 1400 aliquid
590 1354 755 1389 innuere
770 1353 817 1389 de
834 1353 907 1389 hoc
923 1353 1013 1389 olim
1035 1353 1134 1389 cele-

181 1407 250 1443 bre
269 1408 653 1453 regno‚praesertim
664 1408 710 1443 de
726 1408 812 1444 eius
824 1408 1011 1454 religiosa
1037 1408 1130 1443 vita.

181 1461 318 1497 Serbia
333 1460 527 1507 quondam
554 1466 707 1508 partem
728 1462 965 1497 efformabat
984 1462 1134 1498 Mesiae

181 1515 396 1562 superioris
408 1520 447 1552 et
462 1515 748 1559 Dardaniae3in
765 1526 847 1551 eaa
861 1515 1009 1557 Tit0,s.
1022 1514 1135 1551 Pauli

182 1569 358 1616 Apostoli
374 1568 846 1617 discipul0‚Evangelium
865 1568 1135 1615 praedicatum

181 1622 264 1658 fuit.
293 1625 346 1658 At
372 1625 484 1671 lapsu
513 1623 665 1659 romani
692 1622 847 1669 imperii
874 1623 914 1657 in
946 1622 1048 1658 hanc
1076 1634 1135 1658 re-

181 1677 339 1723 gionem
369 1678 484 1714 irruit
503 1678 628 1713 tribus
653 1677 811 1712 nomine
831 1676 964 1713 Ser-bis
978 1705 986 1720 ,
1007 1676 1132 1715 Ser-bi,

180 1731 242 1766 vel
268 1731 382 1768 Serui
409 1743 431 1767 a
458 1731 656 1768 Sarmatia
687 1731 852 1767 asiatica
881 1730 1133 1778 proveniens,

178 1796 276 1832 quae
304 1785 417 1822 hodie
457 1797 547 1822 eam
587 1785 771 1832 possidet.
802 1785 975 1832 Populus
1016 1785 1136 1832 igitur

179 1839 325 1876 Serbus
340 1845 400 1876 est
415 1841 650 1888 conspicuus
666 1850 836 1886 magnae
852 1839 1027 1875 familiae
1049 1840 1133 1875 Sla-

177 1904 319 1929 vorum
353 1905 511 1937 ramus,
541 1905 638 1941 quae
678 1904 701 1929 a
740 1893 868 1940 plagis
898 1893 1020 1929 maris
1047 1894 1135 1929 Albi

178 1958 301 1994 usque
342 1947 390 1983 ad
427 1948 675 1983 Adriaticum
711 1959 752 1983 se
780 1946 967 1983 extendit.
1006 1947 1133 1988 Quum

183 2000 294 2036 Serbi
316 2011 404 2037 eam
423 2006 682 2048 occuparunt,
710 2001 786 2036 iam
808 2001 1008 2036 christiani
1045 2001 1134 2037 esl'e-

181 2054 233 2089 cti
261 2054 428 2091 fuerant.
450 2055 546 2091 Urbi
565 2054 1026 2102 Constantinopolitanae
1048 2066 1132 2101 pro-

180 2108 314 2155 pinqui
341 2109 576 2145 catholicam
616 2109 731 2144 fidem
765 2113 977 2144 servarunt
1009 2108 1133 2144 donec

176 2163 274 2209 Cpni
303 2163 556 2209 patriarchae
585 2163 630 2198 R.
653 2163 834 2198 Pontifici
860 2162 1026 2198 subiecti
1050 2163 1131 2198 fue<

175 2221 296 2260 runt,
328 2216 395 2252 sed
427 2217 602 2264 subrepti
640 2218 702 2253 isti
738 2217 941 2264 praesules
969 2228 990 2252 a
1025 2216 1126 2252 Sede

174 2271 403 2317 Apostolica
430 2271 550 2307 etiam
569 2271 682 2307 Serbi
703 2272 739 2306 in
758 2271 931 2307 schisma
959 2270 1129 2306 traducti

177 2323 348 2360 fuerunt.
387 2325 466 2361 Sub
501 2325 725 2361 Innocentio
761 2325 808 2360 Ill
842 2336 930 2360 cuin
958 2335 1129 2371 magnus

180 2378 346 2415 Serbiae
374 2379 543 2427 iupccnus
575 2379 799 2425 Stephanus
823 2378 1061 2415 desiderium
1092 2390 1129 2414 o-

173 2432 387 2469 stendisset
428 2445 470 2469 se
508 2432 737 2469 subiiciendi
769 2434 973 2468 Romanae
1007 2432 1128 2475 Sedi,

175 2484 354 2523 Pontifex
382 2487 430 2522 ad
457 2498 546 2523 eum
573 2487 668 2523 duos
696 2487 848 2533 legatos
877 2486 993 2528 misit,
1017 2487 1079 2532 qui
1107 2497 1129 2522 a

175 2539 376 2587 Stephano
388 2541 558 2588 amplam
576 2540 793 2576 libertatem
805 2540 1033 2586 consequuti
1050 2540 1128 2575 fue-

176 2598 265 2628 rant
297 2595 430 2630 omnia
463 2594 692 2637 statuendi,
722 2605 820 2640 quae
854 2593 1021 2639 gloriam
1059 2593 1126 2630 Dei

172 2647 441 2693 exquirerent.
458 2648 596 2695 Legati
613 2658 674 2683 an.
699 2648 788 2683 1199
807 2647 991 2682 Diocleae
1018 2658 1129 2693 syno-

173 2700 262 2735 dum
290 2706 522 2748 eoegerunt‚
548 2703 608 2738 eui
637 2702 902 2738 interfuerunt
937 2706 1024 2736 octo
1052 2701 1131 2747 epi-

176 2755 281 2801 scopi
301 2758 325 2788 ¹.
354 2757 428 2790 An.
451 2756 542 2794 1220
562 2757 683 2792 refert
705 2754 945 2804 1ἰᾶὶίῑᾶἰάυῆ
967 2754 1129 2800 Stepha—

175 2819 266 2843 num
303 2820 437 2857 regem
472 2811 634 2847 Serbiae
674 2811 886 2856 primatum
926 2809 1129 2844 Romanae

174 2863 377 2899 Ecclesiae
407 2866 628 2900 confessum
657 2876 758 2906 esse,
778 2869 818 2900 et
844 2863 891 2898 ad
912 2862 1128 2898 Honoriuni

177 2916 246 2962 l'p.
282 2917 327 2952 Ill
363 2918 515 2953 misisse
550 2930 641 2954 suos
676 2920 840 2965 legatos.
876 2916 952 2952 Sed
987 2916 1127 2951 iterum

177 2970 320 3016 relapsi
351 2972 461 3007 Sei-bi
491 2973 526 3007 in
554 2971 946 3015 schisma,Nicolaus
973 2969 1042 3016 Pp.
1082 2970 1129 3005 lv

176 3023 221 3058 ad
253 3036 320 3059 eos
338 3024 483 3061 direxit
504 3027 702 3061 Marinum
723 3031 761 3062 et
779 3025 1017 3072 cyprianum
1039 3024 1132 3059 Fra·

236 3150 241 3169 ¹
272 3149 388 3186 Mami,
421 3150 550 3183 Concil.
580 3157 603 3183 t.
624 3152 727 3187 xxll,
747 3162 764 3193 p
797 3151 872 3188 70(1;
894 3149 1129 3185 ΙΙιιΓῑοιηδῚον.

177 3191 210 3222 αι’
240 3193 333 3234 Papa
369 3196 552 3230 Innocenzo
582 3198 643 3237 111,
665 3198 731 3230 vol.
753 3199 785 3236 l,
807 3197 828 3228 l.
848 3197 890 3229 111
921 3195 1056 3239 (rers.),
1077 3196 1132 3227 Mi-

174 3236 260 3271 lano
292 3240 389 3271 1857.

526 153 692 181 EPOCHA
711 153 801 181 XIII.
826 156 853 180 A
874 151 1058 180 PVBLICA
1080 150 1229 177 RERVM
1252 149 1294 176 IN
1319 150 1491 180 GALLIIS
1511 153 1801 181 SVBVERSIONE

1184 226 1265 259 tres
1291 224 1465 261 minores
1490 237 1562 272 per
1580 225 1788 272 epistolam
1815 226 1942 263 Reate
1969 226 2103 262 datam
2121 227 2145 266 8

1184 281 1338 323 august.
1369 278 1473 321 1288,
1511 279 1727 315 exhortans
1753 279 1947 315 Helenam
1982 279 2144 316 catholi-

1184 341 1272 365 cam
1294 336 1466 368 matrem
1484 333 1619 368 Urosii
1651 336 1692 368 et
1720 332 1926 378 Stephani,
1959 334 2024 381 qui
2050 338 2145 371 tunc

1186 385 1374 430 temporis
1400 397 1586 432 supremo
1604 385 1777 420 dominio
1802 385 1843 420 in
1870 386 1946 422 illis
1970 386 2141 433 regioni-

1185 437 1253 473 bus
1274 439 1540 484 pollebant‚ut
1555 439 1639 475 eius
1656 439 1725 474 filii
1743 439 1945 485 religionis
1962 451 2146 487 progres-

1184 490 1242 525 sui
1275 492 1469 528 faverent.
1497 493 1586 528 Rex
1609 492 1776 528 Urosius
1807 503 1869 528 an.
1894 493 1982 530 1308
2008 504 2032 529 a
2057 494 2145 531 Cle·

1185 548 1316 581 mente
1344 545 1413 593 Pp.
1447 546 1482 579 V
1510 545 1623 593 petiit
1657 557 1727 593 pro
1762 557 1832 581 suo
1861 547 2001 594 populo
2027 547 2139 583 mini-

1184 602 1288 634 stros
1323 610 1444 635 verae
1475 600 1566 635 fidei
1604 604 1643 636 et
1680 600 1869 636 vexillum
1904 603 2043 636 contra
2076 600 2142 636 ho-

1184 655 1265 687 stes
1292 652 1498 688 christiani
1514 653 1681 689 nominis
1696 653 1924 690 tollendum·
1938 653 2010 691 Cui
2025 665 2142 700 expo—

1183 706 1385 742 stulationi
1414 707 1597 743 Pontifex
1617 707 1753 743 annuit
1771 709 1932 743 mittens
1957 707 2138 744 Serbiam

1184 759 1391 806 Aegidium
1412 761 1687 796 Patriarcham
1715 760 1961 797 Gradensem
1994 764 2036 797 et
2067 762 2144 797 Lu-

1186 824 1273 859 pum
1289 818 1405 860 atque
1417 814 1659 850 Artanisium
1672 814 1875 850 Romanae
1895 814 2030 850 curiae
2050 826 2136 861 pro-

1184 871 1401 909 curatores,
1421 879 1541 903 unum
1560 879 1609 903 ex
1628 867 1777 904 Ordine
1796 867 2141 913 Praedicatorum,

1183 919 1543 957 Franciscanorum
1561 933 1657 957 vero
1677 921 1862 957 alterum.
1877 921 2021 968 Legati
2038 933 2144 957 sum-

1184 984 1246 1008 mo
1281 974 1430 1010 honore
1464 974 1619 1021 excepti
1662 975 1823 1011 fuerunt
1840 1003 1848 1019 ,
1892 975 1959 1011 sed
2002 979 2141 1022 optata

1183 1027 1273 1063 unio
1308 1028 1435 1064 locum
1477 1040 1554 1063 non
1594 1028 1743 1065 habuit.
1771 1030 1886 1064 Anno
1925 1039 2020 1065 vero
2050 1029 2142 1067 1320

1184 1081 1349 1118 Urosius
1376 1082 1550 1118 submitti
1568 1082 1702 1118 debuit
1720 1093 1909 1119 romanae
1936 1082 2142 1125 Ecclesiae

1184 1146 1254 1181 per
1278 1136 1488 1172 victoriam
1516 1142 1674 1184 captam
1700 1147 1724 1172 a
1741 1137 1884 1173 Carolo
1903 1137 1916 1172 I
1934 1136 2140 1183 Ungariae

1185 1200 1305 1236 rege,
1332 1201 1408 1237 qua
1435 1190 1576 1226 Serbia
1603 1190 1778 1227 subiecta
1804 1190 1877 1226 fuit
1902 1190 2073 1226 dominio
2099 1191 2142 1226 il-

1184 1243 1269 1287 lius;
1286 1248 1327 1279 at
1344 1256 1433 1279 cum
1449 1244 1657 1290 subreptus
1676 1244 1812 1280 fuisset
1827 1244 1937 1280 istius
1953 1243 2142 1288 dominio,

1183 1298 1296 1333 annis
1316 1298 1408 1334 1322
1435 1303 1474 1334 et
1495 1298 1584 1334 1323
1604 1298 1746 1334 iterum
1766 1298 1933 1335 Carolus
1959 1298 2031 1334 sibi
2050 1309 2141 1334 eum

1186 1352 1365 1387 subiecit.
1388 1352 1553 1387 Ioannes
1585 1351 1653 1399 Pp.
1683 1352 1812 1395 XXII,
1845 1363 1964 1398 quum
1997 1363 2142 1399 cogno-

1188 1404 1326 1448 visset,
1364 1417 1524 1452 regem,
1556 1405 1796 1452 optimates,
1831 1410 1948 1452 atque
1978 1405 2139 1442 Clerum

1189 1458 1344 1494 sincere
1370 1470 1413 1494 se
1440 1469 1463 1493 a
1492 1458 1664 1494 schisma
1693 1458 1962 1505 demigrasse,
1998 1463 2038 1495 et
2069 1460 2144 1495 Ec-

1187 1512 1331 1548 clesiae
1359 1512 1580 1547 catholicae
1608 1512 1794 1558 coniungi
1814 1512 2007 1556 voluisse,
2035 1513 2143 1549 misit

1187 1566 1328 1602 Urosio
1357 1566 1605 1601 Ber-nardum
1630 1565 1983 1613 Archiepiscopum
2015 1567 2144 1603 Brun-

1187 1620 1300 1660 dusii,
1322 1619 1571 1656 Bernardum
1591 1631 1613 1655 a
1631 1620 1780 1655 Parma
1805 1620 2043 1656 canonicum
2062 1621 2145 1656 An-

1188 1685 1332 1710 versae
1360 1679 1399 1710 et
1427 1675 1613 1711 Ioannem
1633 1675 1801 1710 fratrem
1833 1674 1995 1711 Ordinis
2021 1675 2144 1712 Prae-

1188 1729 1413 1764 dicatorum
1433 1740 1510 1763 una
1529 1740 1617 1764 cum
1638 1729 1818 1776 epistola,
1838 1729 1876 1764 in
1895 1740 1971 1776 qua
1989 1740 2143 1766 summe

1189 1782 1236 1818 de
1264 1782 1339 1818 hac
1360 1782 1620 1818 conversione
1640 1782 1864 1818 laetabatur
1884 1788 1924 1818 et
1941 1782 2031 1819 fidei
2056 1794 2144 1830 pro-

1186 1836 1402 1872 fessionem
1430 1847 1453 1871 a
1480 1836 1683 1872 Clemente
1711 1836 1763 1872 IV
1791 1835 1940 1872 editam
1967 1848 2038 1884 pro
2069 1838 2143 1873 Ar-

1186 1890 1312 1925 menis
1339 1890 1375 1926 ei
1411 1890 1605 1925 mittebat.
1635 1890 1716 1926 Sub
1748 1890 1821 1925 hoe
1855 1890 2032 1938 principe
2061 1902 2143 1928 ma-

1185 1955 1302 1990 gnam
1332 1943 1474 1990 adepta
1501 1948 1562 1979 est
1589 1943 1757 1990 gloriam
1785 1944 1940 1988 Serbia‚
1958 1944 2025 1981 sed
2053 1945 2138 1982 eius

1185 1998 1405 2034 successori
1425 1997 1546 2034 defuit
1564 1998 1623 2033 vis
1641 1998 2140 2035 hostibusChristianorum

1186 2052 1406 2095 resistendi,
1436 2056 1679 2099 quapropter
1706 2063 1769 2087 an.
1791 2053 1882 2089 1365
1900 2052 1939 2088 in
1957 2053 2137 2089 Serbiam

1183 2106 1358 2153 aliasque
1386 2106 1575 2141 finitimas
1610 2106 1798 2152 regiones
1825 2106 2046 2142 Turcarum
2077 2117 2139 2143 co-

1183 2160 1268 2205 piae
1298 2161 1510 2196 irruerunt.
1531 2162 1584 2195 At
1603 2160 1782 2196 Ecclesia
1801 2159 2037 2196 christianos
2055 2171 2140 2197 ser-

1183 2214 1249 2249 bos
1276 2225 1351 2250 non
1387 2214 1608 2261 dereliquit.
1643 2213 1832 2250 Nicolaus
1868 2213 1939 2261 Pp.
1968 2215 2002 2248 V
2030 2215 2139 2251 Ioan-

1187 2279 1275 2304 nem
1303 2268 1516 2304 Unniatem
1539 2268 1662 2303 movit
1688 2267 1734 2303 ad
1756 2267 1980 2304 liberandas
2009 2267 2140 2305 balca—

1185 2322 1292 2358 nieas
1333 2321 1518 2369 regiones
1555 2321 1818 2357 aTurcarum
1853 2322 2108 2369 oppressione
2130 2349 2139 2366 ,

1183 2382 1223 2412 et
1241 2376 1429 2412 auxilium
1445 2375 1565 2411 etiam
1585 2375 1696 2422 petiit
1715 2375 1984 2423 Seandebergi
2000 2376 2141 2423 prinei-

1185 2431 1242 2477 pis
1268 2429 1527 2466 Macedoniae
1547 2436 1587 2465 et
1602 2429 1723 2474 Epiri.
1741 2429 1800 2464 Ad
1814 2429 2137 2467 Catholicismum

1185 2483 1438 2520 reficiendum
1473 2483 1656 2519 zur-1449
1693 2482 1876 2519 Pontifex
1911 2483 2018 2519 misit
2047 2484 2138 2520 Ser-

1185 2538 1285 2573 biam
1303 2539 1350 2573 sr.
1364 2537 1578 2573 Antonium
1591 2537 1968 2580 Franciseanum,et
1985 2537 2023 2572 in
2037 2537 2137 2574 bello

1183 2592 1275 2627 anni
1297 2592 1383 2628 1451
1406 2591 1623 2638 Eugenium
1643 2592 1806 2626 Somma
1822 2590 1998 2627 eiusdem
2022 2590 2133 2628 Ordi-

1185 2646 1255 2688 nis,
1278 2646 1409 2681 multis
1448 2644 1701 2680 facultatibus
1726 2644 1994 2691 spiritualibus
2021 2655 2134 2691 prae-

1183 2700 1319 2742 ditum,
1352 2699 1522 2735 maxime
1550 2698 1789 2735 concedendi
1820 2698 2039 2746 plenariam
2074 2698 2131 2734 In-

1183 2753 1424 2800 dulgentiam
1453 2753 1488 2787 in
1520 2752 1658 2788 mortis
1686 2753 1854 2788 articulo
1881 2753 1942 2795 iis,
1963 2752 2025 2800 qui
2045 2762 2135 2788 con-

1186 2812 1246 2843 tra
1274 2807 1449 2842 infideles
1478 2810 1730 2853 pugnassent.
1762 2807 1888 2854 Capta
1914 2817 2008 2842 vero
2035 2806 2133 2843 Con-

1182 2861 1435 2906 stantinopoli
1463 2870 1526 2894 an.
1554 2859 1645 2895 1453
1672 2859 1813 2894 Serbia
1838 2870 1996 2896 omnem
2023 2870 2134 2906 spem

1185 2914 1311 2949 amisit
1334 2926 1375 2949 se
1395 2913 1617 2949 subtracndi
1647 2923 1670 2948 a
1690 2918 1894 2948 turcarum
1916 2911 2135 2961 tyrannide.

1185 2969 1368 3003 Attamen
1382 2968 1647 3012 Alba-graeca
1658 2965 1970 3013 (Bellogyradam)
1983 2964 2137 3012 magnis

1183 3022 1330 3059 Callisti
1350 3022 1394 3056 lll
1413 3022 1587 3063 auxiliis,
1603 3021 1664 3067 qui
1684 3020 1802 3058 Card.
1819 3020 2002 3057 Carvaial
2024 3031 2137 3055 suum

1184 3076 1360 3121 legatum
1397 3075 1472 3110 illic
1511 3075 1639 3116 misit,
1667 3085 1690 3109 a
1716 3075 1857 3110 Turcis
1884 3085 1947 3110 an.
1978 3073 2069 3110 1456
2097 3073 2136 3108 li-

1185 3130 1321 3164 berata
1347 3129 1428 3164 suit.
1467 3129 1577 3163 Ilaec
1603 3134 1735 3164 autem
1765 3128 1935 3164 victoria
1968 3138 2043 3163 non
2071 3136 2137 3162 va-

1185 3184 1253 3219 luit
1280 3189 1321 3219 ut
1349 3184 1492 3219 multas
1518 3182 1740 3219 obsidiones
1759 3187 1799 3219 et
1823 3180 2137 3229 expugnationes

1184 3249 1300 3284 passa
1327 3249 1402 3273 non
1430 3238 1481 3273 sit
1517 3237 1583 3273 illa
1610 3237 1720 3284 regio
1756 3248 1876 3284 usque
1911 3235 1960 3273 ad
1993 3245 2138 3272 annum
