2241 3473
279 93 331 131 78

226 168 321 207 illud
350 169 587 208 contendens
602 198 612 214 ,
632 169 783 207 Siculos
808 169 945 219 iugum
964 171 1168 209 Gallorum

227 234 345 272 aegre
360 223 540 268 ferentes,
552 223 600 260 ad
616 222 867 261 rebellionem
883 224 1168 263 excitavit.An-

226 288 275 313 no
294 277 393 314 1282
417 277 541 326 pridie
569 275 718 314 calend.
740 277 852 325 april.
866 307 874 323 ,
896 277 996 316 feria
1015 278 1063 316 3²²
1083 281 1168 327 post

226 329 398 376 Pascha,
427 329 698 368 Panormitani
727 342 1005 380 campanarum
1039 332 1166 370 sonitu

225 383 274 419 ad
294 395 474 432 vesperas
494 383 791 422 convocantium
811 385 1000 434 templum
1021 386 1167 423 Cister-

224 435 408 474 ciensium
441 440 552 476 extra
580 437 731 475 moenia
752 439 980 486 adiverant3
1001 451 1167 489 eumque

221 489 326 526 inter
344 489 506 529 festivas
534 492 696 529 choreas
724 491 840 530 simul
869 496 1167 531 reverterentur

222 554 245 579 a
273 543 461 582 militibus
490 545 845 594 andegavensibus,
868 547 933 596 qui
961 548 1076 595 porta
1097 559 1166 585 ur-

222 596 279 634 bis
299 598 582 647 custodiebant,
608 598 900 647 inquisitionem
922 601 1040 650 aliqui
1062 601 1164 650 passi

221 652 323 688 sunt.
344 652 438 689 Inde
457 652 560 700 irae,
581 664 684 702 quae
704 654 916 692 maximam
938 658 1024 704 post
1043 655 1164 693 homi-

221 715 314 741 num
345 707 572 744 memoriam
609 707 856 745 rebellionem
885 710 1164 754 incenderunt,

220 757 308 795 hine
337 759 552 798 coniuratis
583 760 795 799 factionum
824 763 1022 811 pactibus,
1042 764 1165 802 Siculi

219 823 330 850 arma
350 814 665 862 capessiverunt,
685 817 724 852 et
742 816 777 852 in
801 817 968 854 inermes
993 818 1164 868 nihilque

218 866 311 903 mali
340 867 580 917 suspicantes
601 868 736 907 Gallos
764 869 982 917 irruenteS,
1016 883 1163 919 omnes,

218 919 345 968 viros,
364 921 568 969 mulieres,
594 934 734 972 pueros
762 923 1028 963 internecione
1057 927 1163 965 dele-

217 978 372 1013 verunt.
402 976 446 1013 Id
475 977 599 1025 primo
619 977 823 1024 Panormi,
843 978 981 1016 deinde
1009 979 1048 1016 in
1078 980 1164 1019 aliis

216 1026 443 1067 civitatibus
462 1032 731 1080 perpetratum
753 1034 823 1069 est.
844 1032 1023 1070 Duarum
1046 1035 1165 1072 hora-

217 1092 305 1119 rum
324 1083 448 1132 spatio
460 1114 470 1129 ,
488 1086 530 1122 ut
549 1084 671 1122 refert
689 1084 891 1124 Frazellus
919 1099 1012 1125 mox
1035 1088 1164 1126 citan-

216 1135 310 1181 dus,
329 1140 414 1174 octo
435 1137 679 1176 Francorum
701 1139 823 1177 millia
849 1140 975 1178 occisa
995 1141 1162 1181 fuerunt.

268 1190 413 1229 Martin
421 1203 465 1229 us
473 1192 504 1229 P
509 1192 602 1241 p.IV
611 1192 737 1229 Caroli
754 1193 869 1242 regis,
881 1194 946 1243 qui
962 1208 1050 1233 cum
1064 1197 1164 1234 Pon—

214 1243 319 1282 tifice
334 1245 374 1282 in
388 1245 574 1283 Hetruria
588 1258 708 1295 agens
729 1259 752 1284 a
772 1248 890 1285 caede
909 1248 1040 1287 fuerat
1059 1262 1163 1299 prae-

214 1301 407 1345 servatus,
436 1299 523 1337 iura
543 1299 771 1347 vindicavit,
791 1301 932 1340 Siculis
948 1304 1019 1341 sub
1040 1316 1163 1353 poena

215 1353 629 1391 excommunicationis
644 1353 682 1390 in
703 1366 890 1403 personas
906 1358 945 1394 et
961 1357 1162 1397 interdicti

214 1405 255 1443 in
282 1405 368 1444 loca
396 1406 626 1456 imperavit,
651 1411 694 1446 ut
719 1408 767 1446 ad
797 1409 846 1447 R.
877 1410 1097 1458 Ecclesiae,
1122 1413 1161 1450 in

212 1459 322 1498 cuius
341 1460 418 1498 fide
435 1463 522 1499 erat
538 1461 696 1499 Siciliae
713 1473 891 1511 regnum,
907 1466 946 1501 et
963 1465 1091 1503 Caroli
1108 1478 1161 1504 re-

211 1513 271 1562 gis
307 1514 537 1564 obsequium
576 1516 751 1553 redirent
774 1530 783 1563 ;
823 1517 986 1555 Petrum
1027 1531 1158 1569 regem

210 1568 433 1617 Aragoniae
463 1569 510 1606 ab
541 1568 766 1607 invadenda
788 1570 924 1609 Sicilia
944 1572 1160 1622 deterruit3

210 1622 326 1671 copiis
347 1634 370 1660 a
391 1622 572 1673 Philippo
587 1623 645 1661 III
665 1635 758 1673 rege
778 1624 1022 1663 Francorum
1042 1627 1081 1664 in
1102 1628 1157 1665 Si-

209 1675 340 1714 ciliam
378 1676 586 1714 destinatis
604 1707 613 1724 ,
652 1677 830 1715 eamdem
868 1679 1154 1730 indulgentiam

210 1730 421 1777 concessit,
442 1742 542 1778 quae
562 1743 631 1780 pro
653 1731 802 1769 Terrae
830 1736 991 1772 sanctae
1020 1735 1156 1773 defen-

208 1784 315 1821 sione
344 1784 621 1823 dimicantibus
655 1786 957 1826 coneedebatur.
979 1790 1074 1827 Cum
1096 1790 1156 1827 ni-

209 1837 418 1876 hilominus
448 1838 592 1876 Petrus
619 1839 668 1876 ad
695 1841 960 1889 occupandam
982 1843 1153 1881 Siciliam

208 1891 372 1930 classem
405 1892 441 1929 in
477 1904 563 1930 eam
580 1893 835 1942 destinasset,
853 1895 1038 1935 Pontifex
1067 1910 1155 1936 eum

208 1946 332 1993 primo
348 1946 705 1985 excommunicavit
725 1947 886 1998 eiusque
913 1962 1077 1999 regnum
1098 1964 1154 1990 sa-

207 1999 282 2037 cris
302 2000 524 2043 interdixit,
545 2000 682 2038 deinde
709 2001 931 2051 Aragoniae
961 2017 1081 2055 regno
1111 2019 1156 2045 ac

207 2053 490 2102 principatibus
511 2054 720 2092 Valentiae
747 2058 788 2093 et
807 2057 1061 2098 Catalauniae
1082 2061 1155 2109 pri-

207 2110 346 2144 vatum
368 2107 604 2152 declaravit,
625 2109 800 2147 subditos
821 2122 844 2147 a
864 2111 1085 2152 iuramento
1105 2115 1152 2152 fi-

206 2160 266 2198 dei
288 2161 467 2207 absolvit,
483 2164 521 2199 et
534 2162 711 2212 Philippo
728 2163 969 2203 Francorum
992 2169 1075 2217 regi
1096 2181 1156 2206 oe·

206 2215 372 2263 cupandi
392 2214 475 2253 eius
495 2215 658 2253 ditiones
680 2219 911 2264 potestatem
934 2220 1037 2258 feeit.
1059 2223 1152 2260 Rei-

205 2279 275 2317 psa
295 2268 496 2317 Philippus
517 2269 650 2307 varias
671 2270 779 2307 Petri
799 2272 913 2310 urbes
933 2276 1152 2324 occupavit,

205 2322 271 2359 sed
292 2325 451 2372 propter
471 2322 717 2372 ingruentem
739 2325 858 2372 copiis
878 2327 955 2365 suis
979 2330 1153 2377 pestilen-

206 2376 300 2414 tiam
327 2375 365 2412 in
387 2375 555 2414 Galliam
578 2377 705 2414 redire
732 2384 904 2426 coactus,
927 2394 1027 2419 anno
1052 2383 1153 2421 1285

207 2429 434 2479 Perpiniani
456 2430 634 2468 decessit.
659 2432 701 2469 In
723 2431 857 2469 Sicilia
886 2446 979 2471 vero
1009 2437 1149 2474 bellum

203 2483 305 2521 inter
325 2495 437 2533 reges
457 2483 738 2534 Neapolitanos
756 2487 795 2523 et
815 2487 1032 2537 Alagonios
1052 2491 1150 2528 mul-

205 2537 255 2575 tis
275 2538 386 2575 annis
404 2538 637 2587 perduravit
658 2537 681 2577 ¹.

247 2655 254 2676 ¹
275 2657 402 2688 Frazell.
420 2656 464 2688 In»
482 2657 574 2688 rebvs
590 2656 716 2696 Siculis,
733 2658 797 2689 dec.
813 2657 842 2697 ⁶2,
859 2658 876 2689 1.
891 2660 964 2695 wll,
983 2670 1009 2690 c.
1026 2659 1052 2697 -i;
1073 2662 1151 2700 ltay·

204 2699 314 2729 uanius
337 2704 366 2730 ct
381 2700 583 2739 spondanus,
596 2701 635 2731 :nl
653 2709 704 2732 an.
715 2700 1149 2733 12824283.-111Ι“ι·11515511111

203 2739 360 2771 Ecclesiae
377 2742 548 2772 catholicae
565 2742 684 2777 hostes,
703 2743 764 2782 qui,
781 2743 927 2773 historiae
953 2749 1147 2775 monumenta

203 2783 337 2821 propriis
354 2783 475 2822 placitis
494 2784 663 2823 tingentes,
683 2785 881 2824 praecipuam
907 2785 997 2822 iurgii
1023 2795 1147 2816 cansam

202 2824 316 2854 int’erre
334 2829 496 2862 conantur,
511 2829 647 2857 extremo
664 2835 769 2857 mense
786 2828 896 2858 martio
912 2826 991 2857 1882
1006 2828 1146 2858 Panormi

209 2865 424 2906 Vesper-arum
440 2866 631 2898 Sicularum
646 2872 764 2898 sextum
778 2869 989 2900 centenarium
1012 2870 1147 2900 ech-bra-

202 2912 287 2945 rnnt,
305 2913 334 2938 et
351 2914 475 2947 praeter
491 2908 614 2939 niodum
638 2910 667 2939 in
692 2911 845 2941 nonianus
863 2911 1026 2942 Pontifices
1043 2916 1071 2942 ct
1089 2913 1147 2941 lic-

202 2950 328 2980 clesiam
346 2951 561 2981 contumeliam
586 2952 773 2989 iniiciernnt,
792 2957 823 2983 nt
844 2954 896 2992 qui
921 2962 955 2983 ex
979 2954 1145 2984 constituto

202 2991 240 3020 ibi
259 2996 476 3029 convenerant,
493 2993 693 3023 coniiuicndis
711 2995 849 3024 certatim
869 2994 991 3034 probris
1016 2995 1044 3025 in
1065 2996 1145 3025 t'on-

203 3033 298 3063 titices
315 3035 470 3064 Romanos
487 3034 542 3064 visi
557 3035 819 3066 sinteonrenisse.
840 3037 1046 3075 Episcopatus
1057 3037 1142 3067 Sicu-

202 3074 248 3103 lns
264 3075 444 3106 solemniter
462 3079 651 3115 protestatus
669 3082 765 3114 estet
781 3077 831 3108 (lie
847 3078 865 3107 (3
880 3078 970 3118 april.
984 3078 1061 3110 1882
1076 3079 1144 3109 sub-

202 3117 296 3146 missa
315 3117 405 3148 Leoni
425 3118 475 3156 Pp.
496 3117 559 3148 xiil
585 3119 716 3156 epistota
740 3120 843 3149 omnia
870 3121 1046 3152 eorumdem
1070 3129 1143 3151 eon-

203 3157 279 3187 ricia
306 3167 424 3189 sumnia
453 3159 644 3190 voluntatum
661 3161 829 3192 concordia
847 3162 1071 3201 deplorarunt3
1093 3163 1140 3193 cui

200 3199 337 3230 i‘ontit'cx
356 3205 385 3230 ut
402 3200 439 3232 ate
457 3204 500 3232 tot
517 3202 671 3241 tantisque
688 3202 807 3234 iniuriis
821 3204 978 3236 Ecclesiae
995 3208 1025 3236 et
1038 3204 1139 3236 ronti-

700 100 861 133 EPOCHA
888 106 974 133 VIII.
1003 107 1031 133 Α
1058 107 1327 134 PONTIFICATV
1355 109 1588 137 INNOCENTH
1617 111 1662 139 111

1265 173 1327 211 47.
1348 174 1563 212 Honorius
1577 175 1643 212 IV
1654 177 1851 226 Pontifex
1871 177 1954 228 (an.
1973 177 2090 228 1285)
2102 199 2151 208 —

1213 227 1385 264 Martino
1406 230 1575 274 mortuo,
1595 230 1925 269 consentientibus
1944 231 2155 283 suffragiis,

1211 279 1271 316 1v⁰
1287 292 1407 318 nonas
1439 281 1572 330 aprilis
1591 294 1652 320 an.
1676 283 1777 321 1285
1796 284 1984 324 Perusiae
2004 285 2153 324 electus

1212 332 1286 370 fuit
1301 334 1463 372 lacobus
1483 335 1660 374 Sabellus
1675 365 1684 382 ,
1705 337 1925 386 Romanus,
1945 339 2155 379 cardinalis

1212 387 1396 425 diaconus
1412 419 1422 436 ,
1438 388 1504 436 qui
1523 400 1661 426 nomen
1679 390 1908 429 HonoriiIV
1929 393 2154 441 assumpsit,

1209 443 1249 477 ct
1264 441 1414 479 Romae
1433 442 1692 491 inauguratus
1712 446 1782 481 est.
1804 444 1914 483 Iussu
1943 446 2028 484 eius
2047 447 2153 485 Ara-

1211 493 1295 531 bica
1322 498 1361 532 et
1386 495 1486 533 aliae
1513 496 1690 534 exotieae
1716 497 1896 546 linguae,
1923 500 1967 536 ut
1994 501 2042 537 ad
2071 500 2150 539 Sa-

1210 559 1373 587 racenos
1399 552 1439 586 et
1467 549 1688 588 Orientales
1716 550 1984 590 schismaticos
2012 553 2052 590 in
2080 565 2152 592 ca-

1207 601 1354 640 tholica
1386 602 1462 640 fide
1491 603 1723 641 erudiendos
1744 604 1931 653 perutiles
1958 608 2074 655 atque
2107 619 2152 646 a-

1209 655 1280 692 deo
1309 657 1574 701 necessariae,
1597 657 1761 695 Parisiis
1787 658 1891 696 tradi
1920 663 2091 709 coeptae.
2112 661 2151 699 Is

1207 709 1333 747 Caroli
1362 710 1399 747 II
1434 711 1536 760 regis
1564 710 1750 759 Neapolis
1788 713 1827 749 ct
1863 712 1912 750 R.
1949 713 2150 752 Ecclesiae

1206 763 1292 800 iura
1312 763 1499 802 adversus
1519 765 1703 802 Iacobum
1717 765 1959 814 Aragonium
1979 766 2148 806 vindica-

1206 817 1285 864 vit,
1308 817 1459 855 Siculos
1479 818 1526 855 ad
1547 818 1714 856 officium
1734 820 1941 858 redeuntes
1961 832 1984 858 a
2003 832 2148 860 censu-

1207 871 1258 908 ris
1288 870 1440 908 absolvi
1467 871 1599 918 iussit,
1627 874 1667 909 et
1695 872 1917 911 durioribus
1945 875 2150 923 oneribus,

1208 924 1346 972 quibus
1375 937 1398 962 a
1425 925 1646 971 Friderieo,
1667 925 1844 964 Conrado
1873 930 1914 964 et
1941 927 2150 967 Manfredo

1209 977 1365 1016 fuerant
1379 979 1550 1028 gravati,
1565 978 1736 1026 levavit,
1747 979 1934 1026 Venetos,
1949 993 2044 1030 quos
2059 982 2154 1020 Ber-

1210 1032 1366 1079 nardus,
1383 1033 1587 1082 episeopus
1609 1033 1839 1071 Portuensis
1858 1036 1898 1072 et
1915 1034 2080 1073 Martini
2093 1036 2150 1074 IV

1206 1085 1382 1135 legatus,
1411 1089 1570 1135 propter
1597 1086 1772 1124 favorem
1803 1087 1921 1126 Petro
1949 1089 2149 1139 A'ragonio

1209 1141 1440 1188 praestitum
1460 1140 1582 1178 sacris
1601 1141 1875 1189 interdixerat,
1895 1143 2152 1191 spondentes,

1207 1205 1247 1231 se
1269 1206 1466 1242 nunquam
1486 1194 1697 1232 rebellibus
1717 1194 1859 1233 Siculis
1879 1207 1994 1245 opem
2013 1196 2150 1236 tulisse

1207 1250 1275 1285 aut
1290 1248 1451 1294 laturos,
1464 1248 1643 1295 absolvit3
1656 1248 1883 1287 Ladislaum
1898 1256 2031 1299 regem
2044 1250 2149 1288 Hun-

1206 1300 1353 1349 gariae,
1368 1301 1432 1350 qui
1454 1302 1661 1351 repudiata
1680 1302 1858 1351 legitima
1877 1304 2055 1353 coniuge,
2070 1304 2152 1353 pel-

1205 1355 1301 1393 lices
1321 1355 1492 1402 fovebat,
1508 1358 1548 1393 et
1567 1356 1758 1393 Tartaros
1777 1356 1952 1405 aliosque
1970 1357 2148 1396 infideles

1206 1408 1390 1447 familiari
1411 1409 1604 1448 consortio
1626 1421 1716 1447 cum
1736 1410 1954 1459 Religionis
1973 1411 2147 1460 periculo

1205 1463 1456 1512 dignabatur,
1476 1463 1654 1512 graviter
1673 1464 1876 1512 corripuit,
1891 1466 1931 1502 et
1949 1465 2146 1514 archiepi-

1203 1528 1317 1564 scopo
1353 1517 1612 1566 Strigoniensi
1641 1517 1863 1563 mandavit,
1885 1521 1929 1555 ut
1956 1530 2046 1556 eum
2079 1531 2148 1557 ec-

1203 1569 1432 1608 elesiasticis
1449 1570 1624 1608 censuris
1643 1571 1682 1607 in
1703 1571 1876 1608 ordinem
1898 1571 2106 1611 reduceret
2122 1572 2148 1611 ¹.

1254 1624 1356 1662 Ordo
1384 1624 1706 1662 Cio-melitarum
1719 1653 1729 1669 ,
1749 1625 1814 1674 qui
1832 1626 1953 1673 prius
1972 1627 2018 1663 in
2039 1626 2147 1665 Con-

1201 1679 1294 1715 cilio
1315 1678 1567 1727 Lugdunensi
1587 1678 1646 1724 II,
1667 1678 1916 1717 oecumenico
1935 1679 2054 1728 XIV,
2081 1692 2149 1719 re-

1202 1738 1418 1770 manserat
1436 1734 1482 1770 z'n
1502 1744 1698 1781 suspenso
1720 1730 1756 1778 ²,
1781 1744 1851 1782 per
1879 1745 1969 1770 eum
1996 1733 2144 1772 confir-

1201 1790 1328 1824 matus
1358 1789 1438 1833 est,
1468 1790 1507 1824 et
1536 1786 1657 1824 vestis
1677 1786 1899 1832 decentior,
1917 1798 1996 1836 qua
2023 1787 2145 1826 etiam

1202 1852 1302 1877 nune
1331 1840 1357 1876 ii
1386 1840 1576 1890 Religiosi
1609 1843 1793 1885 utuntur,
1830 1840 1965 1878 iisdem
1996 1841 2146 1880 tradita

1199 1901 1257 1931 est
1276 1891 1304 1932 ³.
1325 1894 1568 1942 Approbavit
1586 1906 1739 1943 quoque
1759 1894 1958 1932 Honorius
1969 1895 2026 1933 IV
2037 1894 2145 1933 Ordi-

1201 1959 1288 1984 nem
1318 1948 1582 1986 Ereniitarum
1609 1960 1638 1985 s.
1668 1948 1906 1997 Augustini,
1933 1950 1973 1986 et
2001 1960 2142 1986 novam

1199 2001 1506 2039 Mendieantium
1522 2006 1680 2050 sectam,
1701 2003 1774 2040 sub
1800 2002 1953 2039 nomine
1973 2002 2138 2040 Ordinis

1199 2056 1508 2104 Apostolorum,
1533 2055 1818 2094 condemnavit.
1839 2055 2031 2104 Suprema
2049 2059 2139 2105 post

1198 2161 1302 2192 ficatui
1332 2162 1470 2192 Romano
1493 2161 1646 2200 impositis
1669 2161 1833 2201 quaerelas
1856 2159 1979 2201 publice
2004 2163 2142 2193 testare-

1198 2208 1265 2241 tur,
1283 2212 1339 2243 per
1354 2203 1522 2242 Epistulam
1540 2203 1733 2242 Eneyclicam
1751 2203 1800 2234 die
1815 2201 1855 2234 22
1871 2203 1959 2242 april.
1978 2202 2058 2234 1882
2074 2202 2143 2241 (Si-

1196 2247 1251 2276 cul
1268 2244 1382 2280 multu)
1398 2245 1560 2284 Episcopis
1576 2244 1697 2276 Siculae
1715 2245 1852 2284 regionis
1869 2245 1984 2282 datam,
2002 2253 2143 2276 summo-

1196 2296 1261 2317 rum
1280 2287 1459 2316 Pontificum
1484 2288 1662 2317 memoriam
1685 2287 1724 2316 ab
1748 2287 1958 2326 improborum
1982 2287 2141 2319 hominum

1196 2327 1476 2366 contemptionibus
1493 2328 1667 2359 vindicavit.
1687 2328 1750 2358 Vid.
1765 2327 1807 2360 La
1819 2327 1956 2360 Scienza
1971 2337 1988 2359 e
2005 2327 2036 2359 la
2049 2327 2142 2366 Ferte,

1197 2371 1254 2402 vol.
1271 2370 1398 2407 cxxxi,
1413 2368 1513 2407 1›.253
1525 2379 1583 2410 sqq
1607 2371 1722 2410 tegere
1738 2379 1860 2410 quoque
1878 2370 2018 2410 interest,
2031 2369 2142 2412 [Papi

1195 2411 1258 2442 edi
1280 2411 1394 2451 Vei-pri
1411 2410 1560 2442 Siciliam
1584 2420 1643 2442 con
1666 2411 1853 2443 documenti
1875 2410 1991 2443 inediti
2015 2419 2033 2443 ο
2056 2412 2140 2452 rari,

1195 2455 1301 2492 Roma,
1317 2454 1369 2492 tip.
1389 2454 1420 2483 G.
1441 2453 1502 2490 Via,
1522 2453 1610 2491 1882,
1628 2453 1721 2485 iii-8⁰.

1235 2496 1244 2516 ¹
1263 2495 1410 2534 ltaynald.
1429 2499 1457 2525 et
1473 2495 1629 2534 Spondan.
1646 2496 1684 2525 ad
1702 2505 1750 2526 an.
1774 2494 1920 2527 1285-87.

1234 2536 1249 2558 ἰ)
1266 2538 1344 2574 tege
1358 2538 1500 2577 Gregorii
1514 2538 1537 2567 X
1555 2536 1723 2568 Constitui.
1736 2537 1825 2576 ⁶23‚in
1837 2539 2006 2568 memorato
2020 2536 2141 2578 Lugdu-

1195 2579 1281 2610 nensi
1295 2579 1430 2609 Concilio
1447 2580 1665 2619 sancitam,ap.
1680 2579 1791 2617 habbe,
1805 2578 1922 2611 Concil.
1938 2578 2008 2618 t.11,
2020 2583 2102 2618 part.
2118 2580 2142 2620 l,

1194 2631 1220 2661 p.
1237 2620 1296 2651 9ss)
1313 2624 1342 2650 et
1358 2620 1504 2651 llarduin.
1523 2624 1542 2652 t.
1559 2621 1620 2655 VII,
1640 2631 1668 2659 p.
1687 2621 1755 2651 715.

1233 2663 1248 2684 3
1263 2663 1290 2692 S.
1309 2661 1482 2692 Antoninus
1499 2663 1541 2701 (in
1561 2661 1677 2694 Chron.
1694 2667 1772 2702 part.
1788 2663 1834 2699 ΙΙΙ,
1851 2663 1895 2694 ΙΙΙ.
1907 2660 1958 2699 20,
1971 2670 1997 2692 c.
2011 2661 2052 2698 5),
2073 2673 2086 2691 ι
2098 2663 2139 2694 Eo

1193 2708 1339 2743 tempore,
1354 2703 1472 2742 scribit,
1486 2713 1553 2735 cum
1571 2706 1684 2735 tratres
1697 2705 1821 2735 Ordinis
1835 2703 2070 2735 carmelitarum
2087 2704 2139 2736 de-

1194 2747 1307 2776 terrent
1325 2745 1484 2783 militium,
1501 2747 1551 2786 qui
1569 2747 1669 2776 minos
1692 2747 1858 2777 convenire
1882 2745 2045 2776 videbatur
2062 2745 2137 2777 viris

1193 2788 1377 2826 religiosis...
1395 2797 1488 2828 cluent
1511 2788 1695 2819 asserebant
1718 2789 1813 2818 fnisse
1838 2787 1939 2818 ileliae
1963 2787 2138 2824 Prophetae

1192 2829 1361 2859 habitantis
1376 2830 1403 2860 in
1421 2833 1522 2859 monte
1538 2830 1723 2867 Carmclo...,
1736 2830 1816 2869 l‘apa
1829 2828 1980 2859 Honorius
1996 2828 2033 2859 v1
2049 2837 2139 2860 man-

1191 2872 1284 2909 dax-it,
1300 2872 1436 2902 habitum
1453 2872 1536 2902 ittum
1553 2871 1717 2911 dimittere,
1730 2876 1760 2902 et
1776 2870 1896 2901 deferre
1911 2869 2047 2909 desuper
2064 2880 2140 2911 cap·

1191 2922 1246 2950 pas
1262 2922 1296 2943 ex
1316 2918 1377 2943 toto
1394 2913 1530 2949 albus-,et
1543 2914 1665 2944 tunicas
1677 2913 1786 2944 subtus
1800 2912 1921 2951 griseus
1938 2920 2006 2942 cum
2022 2921 2137 2952 scapu-

1191 2955 1338 2985 laribus...
1353 2955 1385 2985 lli
1403 2955 1577 2985 habuerunt
1594 2955 1710 2986 initium
1727 2955 1783 2985 sub
1799 2953 1936 2994 quodam
1954 2953 2139 2986 Pan-taretia

1190 2997 1549 3035 ltieri›s=›lv1nit:inO‚011m
1562 2997 1688 3036 insyria
1701 2995 1882 3027 habitabant
1895 2993 2059 3026 Christiani
2073 2995 2140 3027 ttic-

1189 3039 1362 3077 rosolyniis,
1378 3042 1405 3070 et
1423 3038 1491 3069 aliis
1508 3038 1610 3068 multis
1627 3038 1801 3069 civitatibus
1820 3048 1832 3065 u
1849 3037 1930 3077 (esp.
1943 3035 1985 3068 40
1997 3045 2035 3077 sq
2048 3037 2136 3068 volu-

1188 3080 1275 3110 ininis¹
1292 3081 1401 3116 tinius).
1421 3080 1511 3110 Addit
1527 3081 1669 3117 Sanctus,
1685 3089 1738 3110 eos
1762 3089 1779 3109 a
1802 3077 1968 3109 Saracenis
1985 3079 2132 3118 expulsos

1186 3122 1223 3150 ‹ti-
1240 3127 1341 3152 monto
1359 3122 1517 3158 carmelo,
1541 3121 1625 3152 mule
1650 3120 1841 3153 Carmeliiae
1863 3119 2034 3159 (licuntur,
2068 3128 2135 3152 non

1184 3163 1268 3199 quoii
1283 3163 1321 3194 uh
1338 3163 1428 3195 Helio
1446 3163 1616 3194 habuerint
1632 3162 1974 3202 initimn.Vid.quoque
1991 3161 2136 3203 Sandini,

1185 3204 1305 3236 llislor.
1322 3205 1463 3246 Apus-tol.
1481 3205 1517 3235 in
1533 3215 1556 3235 s.
1575 3204 1698 3236 Ioanne
1714 3203 1851 3245 Baptisl.
1867 3206 1969 3235 annot.
1987 3201 2016 3234 5.
