2241 3473
696 197 821 228 VSQVE
849 197 901 224 ΑΙ)
929 195 1258 224 IANSENisTARVM
1288 195 1465 223 ExoRDIA

102 265 184 303 tani
197 275 289 302 occu
296 263 627 313 paverant,fuerat
637 264 905 314 praedicatum
917 263 1035 308 Goae‚

103 329 203 367 quae
236 322 322 354 erat
355 316 486 354 Indiae
530 318 759 355 lusitanicae
800 316 1034 365 metropolis.

103 370 356 409 Franciscani
371 370 536 408 ethnicis
551 374 590 408 et
605 370 888 408 mahometanis
902 370 1035 406 Evan-

102 423 247 474 gelium
264 424 542 461 annuntiarant
557 436 601 461 eo
616 435 811 469 successu,
829 428 873 459 ut
889 423 1032 470 episco-

102 478 137 526 pi
161 487 312 524 quoque
333 476 532 514 constituti
553 476 700 514 fuerint
730 479 767 513 et
787 475 1035 513 seminarium

102 530 210 566 Goae
239 533 434 573 erectum,
463 529 500 566 in
532 541 607 578 quo
636 530 799 566 iuvenes
826 540 846 565 e
875 527 1039 565 diversis

101 582 281 631 gentibus
302 582 443 620 Indicis
464 582 502 618 in
523 582 736 619 christiana
763 581 838 618 fide
867 580 1038 617 instrue-

103 641 261 681 rentur,
291 641 330 672 et
363 636 410 672 ad
445 635 697 684 apostolicum
731 638 770 671 et
803 632 1040 671 sacerdotale

103 699 245 726 munus
274 688 376 726 inter
405 699 496 725 suos
520 687 738 725 obeundum
766 685 1038 724 formarentur.

104 742 318 779 Praeterea
337 753 357 778 e
377 744 492 789 gente
512 740 754 778 Paravoriim
777 739 814 776 in
845 738 1042 776 Piscariae

105 805 174 832 ora
201 793 249 831 ad
277 793 504 831 orientalem
526 791 680 842 plagam
707 791 960 841 promontorii
979 791 1046 828 Co·

105 847 258 892 morini,
286 857 400 894 quam
438 846 616 882 Lusitani
652 857 675 883 a
709 844 917 894 tyrannide
948 844 1045 893 prin·

106 900 199 948 cipis
242 898 502 936 mahometani
543 899 780 943 liberarant,
812 897 956 944 2Ο,ΟΟΟ
975 897 1045 934 cir-

105 953 205 990 citer
233 951 431 988 hominum
454 952 685 1000 baptismum
709 954 970 999 susceperant.
992 950 1046 987 Ε-

105 1006 202 1042 tiam
231 1004 429 1042 Malaccae
460 1008 499 1041 et
522 1006 561 1042 in
581 1005 668 1042 aliis
698 1005 791 1042 lociS
813 1003 1048 1041 Peninsulae

108 1057 289 1103 nominis,
310 1058 348 1094 in
380 1058 518 1106 quibus
545 1058 692 1106 pariter
713 1057 888 1095 Lusitani
909 1068 1049 1094 conse-

107 1111 263 1156 derant,
283 1111 499 1158 complures
519 1110 786 1159 indigenarum
809 1111 856 1148 ad
878 1109 1050 1148 christia-

108 1175 158 1202 na
177 1175 288 1201 sacra
306 1164 538 1212 transgressi
558 1163 714 1201 fuerant
736 1161 760 1202 ¹.

160 1217 222 1255 33.
255 1216 495 1265 Iaponensz's
523 1219 701 1255 ecclesia.
731 1217 770 1254 S.
802 1217 1050 1254 Franciscus

108 1271 311 1308 Xaverius
324 1291 373 1297 —
386 1269 423 1307 S.
444 1269 673 1308 Franciscus
688 1269 894 1316 Xaverius,
912 1272 1050 1318 postu-

109 1323 213 1360 lante
242 1323 386 1360 Ioanne
416 1323 471 1360 III
492 1335 582 1372 rege
611 1323 860 1368 Lusitaniae,
881 1335 903 1360 a
924 1322 1046 1359 Paulo

110 1376 180 1425 Pp.
203 1375 258 1413 ΙΙΙ
278 1379 317 1413 et
337 1388 366 1413 s.
387 1375 539 1424 Ignatio
565 1376 771 1414 Societatis
791 1376 879 1413 Iesu
909 1375 1050 1413 funda-

110 1432 209 1474 tore,
229 1440 316 1466 cum
335 1429 360 1466 2
380 1429 493 1467 sociis
512 1430 550 1466 in
572 1430 720 1467 Indiam
743 1429 970 1474 destinatus,
987 1439 1048 1465 an.

114 1482 214 1520 1542
233 1481 355 1519 Goam
373 1484 562 1530 pervenit.
581 1483 791 1532 Postquam
809 1482 914 1519 urbis
934 1481 1047 1518 huius

109 1535 300 1583 indigenis
328 1536 602 1573 convertendis
630 1536 857 1584 aliquandiu
888 1546 1047 1583 operam

112 1588 290 1634 dedisset,
310 1588 444 1626 eodem
465 1589 590 1626 adhuc
610 1601 710 1627 anno
738 1589 894 1626 transiit
912 1589 960 1625 ad
982 1589 1051 1624 Pa-

113 1653 241 1687 ravos,
258 1641 323 1678 ubi
342 1641 535 1690 integram
556 1643 728 1691 stirpem,
745 1654 843 1690 quae
864 1642 1053 1678 hactenus

115 1695 304 1732 idolorum
325 1694 446 1731 cultui
468 1696 719 1744 pertinaciter
741 1695 985 1740 adhaeserat,
1005 1694 1052 1731 ad

114 1748 198 1785 ve'ri
220 1747 292 1785 Dei
311 1748 460 1784 cultum
478 1749 670 1796 perduxit.
692 1749 785 1786 Post
805 1749 901 1785 haec
918 1748 1054 1785 Evan-

115 1800 207 1850 gelii
229 1800 557 1849 praedicationem
576 1802 822 1839 continuavit
842 1801 944 1838 felici
964 1812 1057 1837 suc-

116 1865 225 1891 cessu
265 1854 365 1891 inter
394 1855 650 1892 Punicalenos
687 1855 727 1891 in
758 1855 892 1893 iisdem
924 1854 1055 1891 Indiae

116 1907 383 1945 meridionalis
399 1907 648 1956 plagis.Anno
663 1908 763 1946 1543
778 1909 815 1945 in
834 1910 1051 1956 promonto-

119 1961 179 1998 rio
218 1960 423 1998 Comorino
453 1961 742 1999 multitudinem
771 1962 970 2010 ingentem
1008 1960 1055 1997 ad

118 2012 312 2051 Christum
333 2015 536 2052 convertit.
559 2015 601 2052 In
623 2026 746 2064 regno
762 2015 1057 2052 Travancoren-

117 2067 147 2104 si
167 2079 188 2104 e
216 2067 316 2115 regis
344 2079 504 2105 assensu
524 2068 782 2116 Evangelium
811 2066 1057 2104 annuntiavit

118 2122 230 2157 tanto
249 2119 392 2166 fructu,
410 2123 453 2157 ut
472 2133 532 2158 an.
557 2122 657 2159 1544
677 2121 783 2158 intra
804 2132 922 2158 unum
945 2131 1056 2157 men-

120 2184 204 2210 sem
222 2173 361 2219 l0,000
381 2174 536 2211 circiter
555 2175 753 2212 hominum
773 2175 820 2211 ad
841 2173 1058 2223 suscipien-

123 2226 213 2263 dum
234 2226 466 2274 baptismum
489 2228 734 2275 permoverit.
756 2232 868 2265 Anno
889 2239 1055 2276 sequen-

119 2279 151 2316 ti
171 2279 326 2316 traiecit
343 2280 384 2316 in
405 2281 642 2327 Malaccam‚
664 2282 728 2318 ubi
749 2281 987 2318 Christianos
1009 2280 1056 2317 ad

126 2331 320 2368 fervorem
348 2336 388 2369 et
417 2335 603 2382 pietatem
631 2334 841 2380 excitavit,
869 2334 1057 2382 novisque

123 2385 437 2423 conversionibus
457 2399 590 2424 eorum
610 2399 816 2425 numerum
837 2388 961 2425 auxit.
984 2390 1055 2423 An.

127 2436 228 2474 1546
247 2437 284 2473 in
306 2437 441 2477 insulis
459 2440 790 2487 Moluccensibus‚
813 2441 1005 2478 Amboina
1021 2443 1059 2477 et

125 2490 308 2535 Ternata,
326 2491 518 2540 integram
539 2496 691 2543 gentem
706 2523 716 2540 ‚
737 2494 944 2531 admodum
964 2494 1057 2530 bar-

125 2543 273 2589 baram,
293 2543 413 2582 divini
433 2547 541 2584 verbi
562 2547 846 2595 praedicatione
866 2546 1058 2584 emollivit

126 2598 166 2633 et
193 2596 242 2633 ad
269 2596 481 2635 christiana
508 2611 620 2637 sacra
648 2600 840 2649 perduxit.
870 2599 1059 2637 Similiter

126 2661 188 2686 an.
212 2649 311 2686 1548
331 2660 461 2698 regem
477 2652 741 2702 Candyensem
762 2653 800 2690 in
820 2653 947 2691 insula
962 2653 1059 2701 Cey-

126 2701 216 2739 iana
244 2701 438 2751 Religioni
465 2703 706 2744 Christianae
739 2706 974 2744 conciliavit.
1003 2706 1058 2743 Ο-

127 2755 346 2814 mnipotens
355 2756 460 2794 Deus
476 2758 703 2806 apostolicos
717 2760 800 2796 eius
814 2759 966 2797 labores
981 2758 1060 2796 lin-

129 2820 293 2857 guarum
330 2813 369 2846 et
398 2810 668 2849 miraculorum
697 2812 804 2850 donis
839 2813 1058 2849 roborabat.

128 2864 239 2899 Anno
258 2861 357 2899 1549
376 2874 404 2900 s.
421 2863 652 2902 Franciscus
671 2865 873 2914 navigavit
891 2865 930 2902 in
951 2865 1058 2913 Iapo-

76 2927 81 2930 ·
128 2914 246 2960 niam,
261 2915 353 2962 quia
367 2926 390 2952 a
409 2916 493 2953 viro
512 2917 727 2965 Iaponensi,
743 2930 763 2955 e
784 2918 912 2966 patria
931 2917 1059 2966 profu-

131 2979 192 3017 go,
202 2979 315 3016 quem
331 2968 380 3005 ad
396 2969 538 3007 Christi
554 2969 668 3007 fidem
684 2973 944 3017 converterat,
955 2981 1062 3019 spem

130 3021 367 3070 propagandi
396 3022 496 3060 inter
525 3023 607 3060 eius
635 3023 839 3072 populares
858 3023 973 3061 fidem
992 3035 1061 3061 ac-

131 3078 298 3123 ceperat.
337 3073 469 3113 Primo
506 3076 544 3112 in
573 3077 773 3124 provincia
801 3076 1035 3114 Saxumensi
1054 3105 1063 3122 ,

131 3126 377 3175 permittente
398 3128 548 3178 regulo,
569 3129 829 3178 Evangelium
848 3129 1064 3167 annuntia-

133 3179 192 3217 vit
209 3191 254 3217 eo
274 3184 433 3228 eventu,
453 3187 495 3220 ut
513 3182 616 3219 intra
633 3193 775 3230 paucos
796 3193 945 3221 menses
962 3182 1065 3220 ultra

176 3251 185 3272 ¹
204 3250 226 3281 1.
242 3252 273 3284 P.
288 3251 397 3291 maffei,
413 3250 530 3284 Hister.
547 3250 627 3283 delle
642 3250 760 3282 Indiar.
775 3250 811 3282 ll.
825 3249 891 3282 XII.

1888 182 1962 221 165

1081 262 1157 300 200
1195 263 1426 311 Iaponenses
1459 261 1506 298 ad
1536 258 1732 298 Christum
1760 259 2019 296 converterit3

1079 315 1182 353 inter
1198 327 1292 364 quos
1308 319 1419 353 erant
1432 314 1457 352 2
1474 313 1696 351 sacerdotes
1711 323 1777 349 seu
1795 311 2020 360 bonzi‚quos

1081 369 1128 406 ad
1168 369 1422 406 seminarium
1452 368 1628 405 Goanum
1659 365 1789 411 misit,
1824 367 1867 401 ut
1893 364 2020 402 idonei

1083 433 1150 470 pro
1166 433 1236 459 sua
1252 425 1370 470 gente
1391 419 1623 458 niissionarii
1645 419 1909 456 redderentur.
1922 418 2016 456 Post

1082 474 1242 523 aliquod.
1261 479 1411 521 tempus
1431 473 1601 511 tumultu
1622 484 1645 509 a
1664 471 1792 509 bonzis
1812 471 2018 517 concitato,

1083 528 1319 565 Franciscus
1339 537 1424 563 cum
1447 526 1560 563 sociis
1579 525 1658 562 suis
1677 524 1834 562 transiit
1861 524 1899 561 in
1928 535 2021 572 pro-

1084 580 1249 617 vinciam
1269 579 1568 624 Firandensem,
1589 578 1627 614 in
1648 589 1726 626 qua
1745 577 1881 614 maiori
1902 577 2021 614 etiam

1084 644 1262 670 successu
1284 631 1418 668 Fidem
1440 631 1692 680 praedicavit..
1707 633 1778 668 An.
1795 630 1891 668 1551
1910 630 2022 678 petiit

1085 685 1261 723 Meacum
1278 714 1287 730 ,
1316 684 1436 721 totius
1465 684 1645 733 Iaponiae
1671 683 1911 731 metropolim
1927 711 1936 728 ,
1955 682 2023 720 sed

1084 749 1170 775 cum
1201 737 1254 775 ibi
1289 737 1384 774 nihil
1413 736 1563 774 efficere
1592 737 1802 785 potuisset,
1822 747 2025 785 regressus

1085 794 1143 829 est
1170 790 1208 827 in
1240 790 1373 827 urbem
1403 789 1647 838 Amanguchi
1665 818 1674 834 ,
1701 790 1739 826 in
1769 800 1844 837 qua
1872 790 1977 826 intra
1996 788 2023 826 2

1087 855 1237 881 menses
1254 843 1575 891 5001ap0nenses
1595 842 1819 891 baptizavit.
1833 842 2025 879 Posthaec

1086 897 1160 934 ivit
1182 897 1220 934 in
1243 907 1402 945 regnum
1424 897 1618 944 Bungum,
1638 896 1686 932 ab
1706 895 1788 944 ipso
1808 906 1898 943 rege
1919 894 2024 931 invi-

1087 953 1216 995 tatus,
1238 950 1300 987 ubi
1321 961 1410 986 cum
1430 950 1536 986 bonzi
1557 948 1792 986 christianae
1812 946 2026 996 Religionis

1087 1002 1357 1053 propagationi
1379 1003 1616 1048 resisterent,
1637 1001 1736 1050 quod
1757 1001 1948 1049 sapientes
1969 1000 2026 1037 Si-

1090 1068 1224 1094 nenses
1250 1068 1336 1093 eam
1367 1056 1535 1093 nondum
1566 1054 1840 1102 suscepissent,
1860 1053 2027 1090 Franci-

1090 1122 1177 1147 scus
1197 1109 1400 1146 consilium
1421 1108 1596 1156 concepit
1615 1106 1789 1144 tentandi
1804 1106 2025 1143 Sinensium

1090 1163 1392 1200 conversionem.
1416 1163 1490 1200 An.
1516 1161 1615 1199 1552
1643 1161 1755 1198 Sinas
1784 1159 1938 1207 navigio
1969 1171 2028 1207 pe-

1091 1216 1173 1261 tiit,
1193 1216 1259 1253 sed
1279 1218 1489 1264 antequam
1511 1226 1576 1252 eas
1596 1214 1826 1262 attingeret,
1845 1212 1883 1249 in
1903 1212 2030 1248 insula

1093 1270 1260 1306 Sancino
1280 1269 1413 1305 morbo
1434 1271 1634 1317 correptus
1647 1297 1655 1313 ‚
1678 1267 1813 1304 eodem
1832 1277 1933 1302 anno
1954 1264 2033 1302 ani·

1091 1334 1194 1360 mam
1216 1321 1495 1367 Deo-reddidit,
1517 1324 1722 1370 postquam
1747 1318 1794 1357 10
1814 1319 1923 1355 annis
1943 1328 2030 1366 pro-

1093 1376 1292 1424 pagandae
1320 1375 1422 1412 inter
1451 1376 1627 1412 nationes
1646 1373 1839 1411 Asiaticas
1854 1371 1962 1409 Fidei
1984 1382 2030 1407 o-

1092 1441 1226 1479 peram
1255 1427 1488 1466 indefessam
1517 1427 1696 1464 dedisset.
1723 1426 1819 1464 Eius
1839 1427 1971 1462 autem
1992 1427 2032 1460 et

1093 1482 1284 1519 sociorum
1299 1511 1308 1528 ,
1329 1493 1424 1530 quos
1446 1484 1531 1530 post
1549 1491 1637 1518 eum
1657 1492 1685 1517 s.
1708 1478 1883 1528 Ignatius
1902 1477 1941 1514 in
1962 1477 2031 1513 In-

1094 1536 1195 1573 diam
1213 1534 1436 1580 destinavit,
1448 1538 1565 1582 atque
1581 1533 2033 1578 missionariorum,quos

1094 1588 1345 1626 seminarium
1361 1588 1537 1625 Goanum
1553 1586 1718 1631 aluerat,
1732 1584 1929 1622 laboribus
1944 1584 2030 1620 Re-

1093 1642 1185 1691 ligio
1205 1641 1414 1678 christiana
1434 1641 1471 1677 in
1493 1640 1602 1678 India
1622 1640 1677 1678 ita
1701 1639 1916 1688 propagata
1934 1636 2030 1681 fuit,

1096 1701 1139 1732 ut
1156 1695 1193 1732 in
1214 1695 1390 1744 pluribus
1411 1694 1578 1739 urbibus,
1594 1692 1701 1730 velut
1720 1690 1879 1730 Cochini
1898 1692 1938 1727 et
1953 1689 2032 1727 Me-

1096 1748 1255 1797 liapuri,
1276 1748 1388 1785 sedes
1417 1747 1671 1796 episcopales,
1693 1746 1799 1783 Goae
1828 1754 1921 1786 vero
1949 1754 2034 1780 me-

1095 1801 1322 1850 tropolitica
1342 1800 1420 1838 sint
1439 1803 1593 1837 erectae
1615 1798 1639 1837 ¹.

1151 1856 1213 1892 34.
1244 1854 1381 1891 Iulius
1409 1853 1480 1890 III
1503 1853 1700 1900 Pontz‘feoe
1726 1847 1966 1902 (an.1550)
1984 1868 2031 1876 -

1099 1909 1194 1946 Post
1214 1911 1379 1945 mortem
1397 1907 1508 1944 Pauli
1526 1907 1595 1955 Pp.
1613 1906 1682 1951 III,
1695 1905 1814 1942 Sedes
1833 1901 2033 1952 Apostoli*—

1098 1974 1141 1999 ca
1163 1963 1318 2010 propter
1339 1960 1510 1997 diversas
1530 1958 1798 1997 Cardinalium
1818 1955 2035 1994 sententias

1100 2016 1255 2052 vacavit
1276 2025 1395 2062 usque
1425 2013 1473 2050 ad
1502 2019 1573 2050 Vlm
1600 2012 1687 2049 idus
1714 2010 1899 2049 februarii
1922 2007 2036 2054 1550,

1098 2080 1174 2117 qua
1194 2097 1204 2113 ,
1232 2071 1369 2104 contra
1406 2078 1512 2115 spem
1552 2065 1721 2103 omnium
1737 2094 1745 2110 ,
1780 2064 1926 2100 electus
1964 2060 2038 2098 fuit

1099 2122 1259 2158 Ioannes
1278 2119 1404 2157 Maria
1424 2120 1470 2156 de
1489 2118 1635 2164 Monte,
1645 2119 1842 2162 Aretinus,
1853 2114 2036 2153 cardina-

1099 2175 1145 2212 lis
1167 2174 1366 2223 episcopus
1387 2172 1688 2217 Praenestinus,
1708 2172 1773 2220 qui
1798 2170 1870 2207 sibi
1898 2178 2037 2205 nomen

1100 2228 1187 2265 Iulii
1208 2227 1263 2264 III
1284 2226 1459 2264 adscivit.
1481 2226 1535 2262 Ut
1554 2226 1591 2262 id
1613 2228 1830 2273 praestaret
1849 2221 1950 2270 quod
1970 2220 2036 2257 in-

1098 2284 1160 2319 ter
1179 2279 1405 2318 Cardinales
1425 2281 1663 2316 convenerat
1682 2279 1720 2315 in
1743 2278 1824 2326 ipso
1842 2273 2036 2318 Conclavi,

1098 2337 1188 2371 ante
1202 2333 1405 2371 Pontificis
1419 2331 1663 2377 electionem,
1676 2331 1861 2368 Parmam
1878 2326 2039 2364 Octavio

1099 2387 1284 2425 Farnensi
1308 2386 1490 2423 restituit.
1512 2386 1549 2423 Is
1569 2384 1719 2422 concilii
1740 2379 1956 2420 Tridentini
1976 2390 2040 2416 ce-

1099 2440 1367 2485 lebrationem,
1388 2450 1485 2487 quae
1507 2441 1593 2476 erat
1612 2447 1820 2485 suspensa,
1839 2435 2038 2471 instaura-

1101 2495 1179 2541 vit3
1209 2493 1358 2542 Anglos
1390 2493 1460 2530 sub
1489 2491 1616 2530 Maria
1642 2490 1800 2538 regina,
1826 2498 1926 2535 quae
1956 2485 2042 2533 post

1100 2548 1325 2585 Ecluardum
1341 2546 1397 2583 VI
1415 2556 1580 2595 regnum
1601 2543 1758 2591 accepit,
1780 2541 1826 2577 ad
1845 2538 2040 2596 Ecclesiae

1102 2601 1282 2638 unionem
1316 2599 1503 2636 reducere
1543 2597 1695 2635 studuit
1716 2608 1725 2642 3
1766 2591 1967 2631 Thalmud
1994 2590 2038 2627 li-

1101 2655 1214 2691 brum
1243 2653 1517 2691 Hebraeorum
1548 2649 1576 2696 ²,
1611 2652 1651 2687 et
1678 2646 1962 2686 haereticorum
1990 2643 2042 2680 Ii-

1143 2756 1152 2778 ¹
1168 2757 1196 2787 S.
1212 2755 1370 2788 Francisci
1385 2754 1507 2785 xaverii
1524 2751 1744 2793 Epistularum
1762 2749 1794 2781 ll.
1815 2747 1856 2786 V;
1874 2748 1908 2778 H.
1924 2744 2042 2793 Tursel-

1101 2794 1199 2834 IInus‚'
1214 2796 1283 2828 Vita
1299 2806 1322 2827 s.
1339 2795 1502 2828 Franctsci·
1518 2793 1664 2831 Xiiverii3
1681 2794 1698 2823 1.
1718 2793 1749 2822 P.
1767 2789 1878 2827 iilaffei,
1897 2789 1955 2818 Ioc.
1973 2790 2021 2834 cit.

1142 2838 1156 2860 2
1174 2838 1237 2868 Vid.
1257 2837 1400 2870 Batiai-ii
1416 2840 1434 2867 t.
1453 2837 1475 2872 Ι,
1492 2835 1648 2866 Constitui.
1665 2833 1715 2871 ⁹24,
1735 2833 1784 2863 ubi
1808 2832 1898 2862 eiiam
1915 2828 2044 2859 addicit:

1103 2879 1261 2912 Hebraeos
1278 2880 1309 2909 iii
1333 2877 1523 2908 memoriam
1541 2875 1702 2906 Passionis
1719 2872 1908 2905 Dominicae
1932 2879 1950 2900 a
1965 2877 2044 2899 stm-

1103 2925 1153 2953 σία
1172 2920 1274 2952 Matre
1289 2919 1430 2951 Ecclesia
1448 2916 1593 2953 tolerari,
1611 2919 1646 2946 ut
1669 2913 1839 2955 aliquando
1856 2911 2044 2955 mansuetu-

1104 2963 1177 2993 dine
1201 2965 1309 2992 nostra
1333 2959 1440 2991 allecti
1457 2958 1497 2989 ad
1514 2966 1625 2988 verum
1645 2955 1765 2988 Christi
1791 2956 1898 2986 lumen
1912 2977 1919 2989 ,
1936 2951 2044 2981 (livlno

1106 3002 1238 3044 afflante
1254 3001 1390 3042 Spiritu,
1408 3002 1651 3030 convertantur.
1668 3000 1806 3029 Clemens
1833 2991 2045 3038 quoque—VIII,

1106 3047 1204 3076 Consi.
1220 3043 1269 3080 ΞΟ,
1283 3047 1300 3077 ἑ
1319 3043 1345 3080 i,
1360 3046 1378 3072 i.
1394 3041 1429 3071 iii
1449 3039 1598 3079 Rullum,
1614 3039 1810 3079 approbavit,
1827 3036 2046 3072 iiinovawtque

1106 3087 1231 3117 Consiit.
1249 3083 1388 3122 Gregorii
1406 3082 1454 3115 IX,
1472 3082 1640 3112 innocentii
1657 3080 1712 3117 IV,
1729 3078 1892 3111 Clementis
1909 3076 1944 3106 iv
1956 3097 1965 3112 ‚
1983 3075 2046 3120 llo:

1106 3127 1183 3158 norii
1201 3126 1251 3163 iv,
1269 3124 1391 3155 Ioannis
1414 3123 1508 3160 xxii,
1528 3123 1593 3153 Iulii
1617 3122 1666 3160 III,
1685 3120 1768 3152 Pauli
1786 3120 1831 3157 IV,
1851 3122 1880 3148 et
1907 3117 2046 3154 Gregorii

1105 3167 1183 3203 XIII,
1200 3166 1253 3206 qui
1268 3166 1395 3204 saepius
1411 3164 1538 3203 impium
1556 3163 1631 3194 illud
1652 3160 1810 3194 Thalmuct
1832 3160 2042 3196 nuncupatum

1105 3214 1136 3240 et
1153 3209 1213 3239 alia
1230 3206 1341 3237 similia
1359 3205 1524 3245 reprobata
1542 3207 1572 3235 et
1588 3203 1768 3235 detestanda
1786 3200 1903 3240 scripta
1918 3203 1947 3230 et
1963 3195 2046 3229 volu-

1107 3251 1191 3281 mina
1207 3248 1392 3279 damnarunt
1406 3249 1435 3278 et
1451 3247 1575 3277 retineri
1592 3246 1824 3286 prohibuerunt.
