2241 3473
235 115 317 157 320

180 196 398 245 spiratione
423 198 462 232 et
487 194 676 231 seditione
695 204 766 242 pro
783 192 1032 230 restituenda
1050 203 1131 228 mo-

181 250 359 292 narchia,
380 253 420 285 et
438 251 576 284 contra
594 248 892 295 rempublicam,
909 257 1009 294 quae
1025 258 1130 292 nune

180 302 504 352 imperat30dium
524 301 996 346 anarchiae,fidelitatem
1014 305 1130 348 atque

179 357 456 394 adhaesionem
493 356 735 403 reipublicae
769 358 810 391 et
836 354 1129 396 constitutioni,

180 412 291 448 salva
305 409 352 446 de
364 412 524 447 caetero
535 410 742 457 Religione
754 409 992 446 catholica».
1003 408 1130 449 Quum

181 465 242 501 his
259 476 336 500 non
353 464 595 500 obstantibus
610 464 857 512 professores
872 463 1040 510 Collegii
1054 463 1132 498 Ro-

177 518 284 555 mani
317 522 357 554 et
386 518 615 566 Sapientiae
642 519 907 555 iuramentum
934 517 1010 553 odii
1039 518 1133 553 emi-

176 573 322 609 sissent
339 583 428 608 cum
445 573 597 608 verbali
613 572 883 609 declaratione
899 582 1036 609 coram
1051 581 1133 607 ma-

177 627 372 674 gistratu,
406 626 455 662 ad
481 637 618 662 eorum
647 627 912 663 iuramentum
941 625 1132 672 recipien-

176 681 268 717 dum
283 680 483 727 delegato,
500 680 614 728 idque
631 681 1133 730 archiepiscopusNazian-

177 747 296 772 zenus
334 735 427 771 data
466 735 729 772 Instructione
764 736 973 784 probasset
994 748 1003 779 ς
1041 735 1133 770 Pius

176 789 250 837 Pp.
281 789 333 824 VI
361 788 409 825 ad
436 799 526 824 eum
555 790 617 825 111⁰
644 789 796 826 calend.
826 789 1021 826 februarii
1040 788 1132 825 1799

176 843 345 879 alteram
371 842 478 879 dedit
503 842 730 888 epistolam,
758 854 835 891 qua
861 844 908 880 de
934 854 1074 879 eorum
1094 853 1133 877 a-

176 897 294 945 gendi
321 896 476 933 ratione
504 901 544 933 et
570 899 810 946 contemptis
837 898 877 934 S.
907 896 1020 934 Sedis
1046 908 1132 933 sen-

177 951 309 988 tentiis
335 951 515 998 graviter
541 952 828 999 expostulavit,
858 952 1129 988 iuramentum

176 1017 276 1053 pure
311 1008 352 1042 et
385 1005 630 1053 simpliciter,
659 1007 837 1054 quamvis
863 1017 952 1042 cum
983 1004 1134 1042 verbali

177 1059 462 1104 declaratione,
484 1061 717 1107 praestitum
735 1060 980 1108 reprobavit,
1003 1062 1044 1096 et
1062 1059 1137 1094 Ar-

177 1113 468 1161 chiepiscopum
487 1114 785 1151 Nazianzenum
802 1114 851 1151 ad
868 1113 1133 1151 revocandam

177 1178 289 1204 suam
319 1167 624 1204 instructionem
652 1172 692 1205 et
718 1168 766 1205 ad
786 1167 1061 1216 publicandum
1090 1168 1131 1203 S.

178 1221 291 1258 Sedis
318 1222 364 1258 de
391 1223 592 1269 praesenti
618 1223 778 1270 negotio
806 1222 993 1259 iudicium
1011 1232 1133 1269 supra

179 1275 218 1311 in
238 1276 407 1324 epistola
422 1277 525 1312 xvu⁰
540 1277 729 1314 calendas
743 1276 932 1314 februarii
948 1277 1132 1318 relatum,

178 1330 323 1377 coegit.
347 1330 684 1380 Archiepiscopus
702 1332 979 1368 Nazianzenus
996 1331 1034 1366 in
1052 1342 1131 1366 om-

179 1385 290 1422 nibus
317 1384 499 1423 Pontifici
525 1386 621 1423 satis
648 1386 786 1424 fecitl.

225 1443 258 1480 9.
275 1443 761 1494 Theophilanthroporum
777 1442 1136 1490 secta—«Irreligio-

177 1508 229 1535 ne
254 1509 334 1535 una
358 1511 447 1535 cum
466 1500 659 1537 anarchia
678 1501 716 1536 in
733 1499 871 1537 Galliis
891 1498 1134 1543 dominante,

178 1552 438 1601 scriptoribus
456 1554 544 1591 aliis
564 1554 817 1599 atheismum‚
837 1554 924 1590 aliis
940 1553 1133 1590 deismum

178 1608 534 1656 propugnantibus,
564 1609 730 1646 Parisiis
757 1610 780 1647 5
807 1606 1134 1656 patres-familias

175 1672 321 1699 novam
362 1663 697 1702 consociationem
738 1664 968 1712 religiosam
988 1692 996 1707 ,
1034 1673 1133 1711 quae

177 1716 663 1765 Theophilanthroporum
690 1718 795 1756 dicta
822 1722 897 1764 est,
922 1718 1134 1754 constitue-

177 1775 282 1807 runt.
305 1772 420 1808 Anno
440 1773 531 1810 1797
550 1784 688 1809 eorum
709 1773 963 1817 consociatio,
982 1771 1052 1808 sub
1072 1782 1137 1808 au-

177 1825 311 1873 spiciis
335 1827 450 1863 unius
478 1838 499 1863 e
525 1827 788 1864 directoribus
812 1826 1055 1875 reipublicae
1078 1826 1136 1862 La

178 1879 598 1930 Reveillere-Lepaux‚
627 1883 907 1919 auctoritatem
937 1881 1134 1930 publicam

179 1937 219 1970 et
234 1935 438 1982 proprium
458 1937 730 1983 organismum
751 1937 921 1985 accepit3
941 1935 1136 1982 Theophi-

179 1987 378 2036 lanthropi
405 1990 617 2037 quamdam
644 1991 880 2038 religionem
908 1989 1134 2026 naturalem

181 2042 462 2088 sectabantur,
490 2055 588 2091 quae
617 2044 864 2092 potissimum
893 2043 1136 2080 consistebat

179 2093 219 2130 in
249 2095 432 2132 doctrina
458 2096 506 2134 de
533 2098 747 2134 existentia
772 2098 844 2135 Dei
867 2127 875 2142 ‚
901 2097 948 2134 de
976 2097 1134 2133 animae

178 2148 495 2194 immortalitate,
524 2151 571 2188 de
600 2152 801 2188 adorando
819 2152 918 2195 Deo,
936 2150 1135 2198 diligendo

180 2203 382 2250 proximo,
411 2204 663 2251 procuranda
692 2205 846 2253 patriae
873 2205 1068 2249 utilitate,
1097 2208 1137 2241 et

180 2258 218 2293 in
247 2257 369 2293 certis
396 2258 535 2295 ritibus
561 2259 772 2306 religiosis,
792 2271 888 2307 quos
906 2259 946 2294 in
967 2270 1134 2295 conven-

181 2311 284 2348 tibus
309 2311 390 2348 suis
416 2313 674 2357 exercebant,
703 2314 842 2362 quique
862 2313 1136 2350 consistebant

181 2365 220 2402 in
248 2366 598 2414 praelectionibus,
625 2369 866 2404 orationibus
893 2368 1134 2416 canticisque

181 2420 409 2465 moralibus,
438 2426 479 2459 et
505 2423 542 2458 in
563 2423 790 2471 quibusdam
812 2423 965 2459 actibus
984 2423 1135 2471 symbo-

181 2474 267 2511 licis
294 2476 432 2525 peragi
457 2478 582 2515 solitis
610 2478 648 2514 in
677 2478 907 2522 nativitate,
936 2478 975 2514 in
1002 2478 1136 2514 matri-

182 2531 302 2566 monii
322 2536 530 2570 contractu
550 2538 591 2570 et
607 2535 812 2582 sepultura
831 2534 1043 2570 sociorum.
1064 2534 1138 2571 Ini-

183 2585 238 2620 tio
263 2589 374 2623 secta
400 2599 584 2626 creseere
604 2589 691 2626 visa
709 2592 783 2634 est3
802 2589 982 2638 plurimis
1001 2589 1137 2626 deistis

184 2642 226 2675 ct
247 2641 518 2679 sacerdotibus
537 2644 729 2691 apostatis
748 2655 795 2680 ac
813 2643 1037 2691 coniugatis
1057 2645 1136 2692 pla-

185 2694 284 2739 cuit;
310 2696 476 2735 Parisiis
501 2700 523 2735 7
550 2700 698 2746 templa
724 2699 772 2736 ad
800 2698 1040 2736 celebranda
1065 2711 1138 2735 sua

184 2758 301 2786 sacra
315 2753 483 2800 accepit;
503 2753 541 2789 in
561 2754 648 2790 aliis
667 2753 786 2791 etiam
801 2753 968 2790 diversis
984 2754 1136 2790 Galliac

184 2803 346 2840 urbibus
377 2807 506 2844 socios
539 2812 657 2845 nacta
691 2812 767 2845 est.
804 2807 881 2845 Sed
913 2808 1023 2844 brevi
1052 2813 1138 2855 post

186 2857 296 2893 multi
330 2865 481 2898 sectam
515 2863 803 2908 deseruerunt;
839 2867 880 2900 et
904 2866 1108 2910 postquam
1129 2892 1137 2907 ‚

187 2909 410 2950 Directorio
437 2928 578 2954 versus
603 2918 722 2955 finem
755 2918 845 2953 anni
867 2917 956 2954 1799
975 2917 1137 2961 abolito,

188 2964 246 3000 La
275 2966 500 3008 Reveillere
527 2973 681 3020 publica
709 2973 948 3009 auctoritate
976 2972 1138 3009 excidis-

187 3022 262 3063 set,
278 3021 759 3080 'J'lieopliilantliroporum
775 3027 995 3064 institutum
1014 3027 1140 3075 magis

189 3081 392 3124 magtsquc
420 3080 631 3118 intercidit.
652 3082 767 3117 Anno
787 3085 920 3118 autem
941 3081 1033 3119 1802
1052 3092 1141 3117 con—

190 3127 351 3166 cordato
372 3132 472 3171 inter
490 3135 774 3184 rempublicam
795 3136 986 3173 Gallicam
1007 3141 1047 3173 et
1065 3136 1139 3172 Ro-

189 3196 398 3212 Ἣ,-

240 3235 247 3256 ¹
271 3236 428 3273 Collectio
457 3240 619 3274 [ir-evium
647 3241 702 3274 Pii
734 3243 791 3275 VI.

514 126 790 156 EPOCHA'XIU·
817 129 844 154 A
863 124 1050 154 PVBLICA
1069 125 1220 154 RERVM
1241 125 1284 152 IN
1307 125 1478 154 GALLIIS
1497 125 1789 154 SVBVERSIONE

1181 203 1341 229 manum
1359 192 1594 229 Pontificem
1612 192 1708 229 inito
1722 193 1772 230 ad
1789 193 2055 230 restauranda
2070 205 2130 231 re-

1181 247 1338 293 ligionis
1370 247 1590 284 catholicae
1624 248 1840 293 exercitia,
1876 251 1916 285 et
1943 247 2137 296 Theophi-

1182 301 1484 349 lanthroporum
1515 305 1556 339 et
1587 301 1971 339 Constitutionalium
2000 305 2136 340 sectae

1181 359 1448 392 evanuerunt.

1233 409 1688 447 10 Constitationctliam
1703 410 2138 447 statas-Schisma've-

1183 474 1226 499 ro
1255 464 1645 501 Constitutionalium
1673 464 1906 512 probrosam
1929 469 2141 502 metamor-

1185 517 1337 564 phosim
1359 518 1490 555 subiit.
1516 519 1668 562 Plures,
1689 518 1754 565 qui
1772 518 1998 565 aliquandiu
2020 519 2057 554 ei
2075 518 2141 555 ad-

1185 571 1415 617 haeserant,
1427 572 1567 609 deinde
1582 572 1754 608 Romani
1766 571 1968 608 Pontificis
1982 571 2140 608 monitis

1184 626 1347 674 aliisque
1366 627 1497 663 causis
1516 626 1694 670 excitati,
1709 626 1837 663 eidem
1853 625 2139 663 renunciarunt

1184 684 1223 717 et
1250 693 1411 718 errores
1426 693 1517 717 suos
1533 684 1810 717 correxerunt.
1823 680 2000 724 Multi‚ut
2019 691 2140 728 supra

1185 735 1374 780 vidimus,
1402 736 1569 772 terroris
1596 739 1775 783 tempore
1804 735 2047 784 episcopalia
2071 737 2147 786 aut⁴

1185 789 1449 826 sacerdotalia
1464 790 1636 837 insignia
1652 789 2140 837 abiecerunt,religionem

1187 843 1443 880 christianam
1464 845 1711 889 abiurarunt,
1730 844 1914 891 coniugia
1932 848 2140 880 contraxe-

1188 901 1291 933 runt.
1321 898 1437 933 Anno
1467 898 1559 934 1795
1586 903 1754 945 quatuor
1780 896 2135 945 pseudo—episcopi,

1186 951 1374 996 Desbois,
1402 952 1591 997 Saurine,
1617 951 1815 999 Gregoire
1841 961 1883 988 et
1908 952 2062 1000 Royer,
2089 949 2138 986 ad

1186 1005 1486 1042 instaurandam
1512 1006 1725 1042 eeclesiam
1751 1006 1808 1042 sic
1834 1005 1979 1042 dictam
1994 1004 2136 1041 consti-

1188 1059 1436 1104 tutionalem‚
1463 1071 1562 1107 quae
1580 1061 1658 1096 iam
1680 1060 1920 1108 reipublicae
1939 1058 2136 1108 praesidio

1185 1114 1325 1150 orbata
1344 1142 1352 1158 ‚
1383 1114 1512 1160 magis
1539 1114 1745 1162 magisque
1773 1114 2070 1158 collabebatur,
2097 1124 2141 1149 se

1187 1167 1354 1203 Parisiis
1373 1172 1684 1214 congregarunt,
1707 1171 1746 1204 et
1765 1167 1890 1203 idibus
1909 1166 2043 1204 martii
2060 1165 2141 1214 epi-

1187 1222 1331 1258 stolam
1358 1222 1604 1270 encyclicam
1631 1222 1880 1270 scripserunt
1897 1220 1945 1258 ad
1965 1221 2138 1268 reliquos

1187 1277 1395 1324 episcopos
1414 1277 1772 1321 constitutIOnales‚
1793 1277 1830 1312 in
1850 1287 1926 1324 qua
1945 1280 2032 1324 post
2046 1274 2139 1311 fidei

1187 1341 1281 1366 suae
1301 1330 1630 1375 declarationem,
1646 1331 1835 1367 nonnulla
1851 1330 1899 1367 ad
1916 1330 2140 1366 instauran-

1186 1385 1257 1422 das
1283 1397 1376 1423 suas
1403 1398 1468 1423 res
1496 1387 1800 1424 constituerunt.
1819 1384 2022 1434 Epistolae
2050 1383 2138 1421 sub-

1187 1442 1433 1490 scripserunt
1467 1443 1512 1480 33
1546 1442 1884 1492 pseudo-episcopi
1915 1442 2019 1478 inter
2045 1449 2141 1489 quos

1187 1501 1277 1534 erat
1301 1497 1491 1541 Gratien‚
1520 1498 1775 1546 metropolita
1800 1499 2032 1546 Sequanae,
2060 1494 2140 1544 epi·

1187 1552 1298 1601 scopi
1325 1552 1431 1589 enim
1450 1552 1515 1589 isti
1533 1553 1877 1600 praefecturarum
1899 1552 2056 1589 nomine
2075 1561 2141 1598 ap-

1189 1606 1452 1654 pellabantur.
1487 1607 1670 1644 Alteram
1697 1606 1903 1655 epistolam
1933 1605 2143 1643 ediderunt

1188 1661 1313 1698 idibus
1346 1661 1588 1706 decembris,
1617 1673 1694 1710 qua
1720 1664 1881 1710 praeter
1915 1660 1995 1698 alia
2029 1670 2141 1708 prae·

1188 1716 1433 1764 scripserunt
1472 1728 1617 1753 novam
1661 1716 1903 1754 electionum
1940 1716 2110 1752 formam
2134 1742 2143 1759 ,

1189 1771 1518 1819 mandaruntque,
1546 1774 1589 1808 ut
1614 1771 1653 1807 in
1681 1771 1854 1819 qualibet
1879 1769 2051 1808 ecclesia
2080 1779 2144 1806 ca-

1191 1824 1359 1862 thedrali
1389 1825 1635 1862 formaretur
1661 1825 1950 1874 presbyterium
1972 1852 1981 1869 ,
2008 1822 2109 1872 quod
2131 1851 2140 1868 ,

1191 1878 1282 1916 sede
1311 1883 1494 1924 vacante,
1515 1879 1727 1916 ecclesiam
1746 1880 2001 1927 gubernaret.
2016 1877 2135 1914 Prae-

1189 1938 1300 1970 terea
1327 1933 1477 1970 libellos
1503 1934 1574 1970 sub
1602 1934 1782 1982 specioso
1811 1932 2024 1969 Annalium
2051 1931 2140 1968 reli-

1188 1987 1346 2034 ligionis
1373 1987 1562 2031 (Annales
1587 1987 1635 2024 dc
1661 1987 1704 2024 la
1730 1986 1913 2034 religion)
1934 1990 1975 2024 et
1992 1985 2079 2022 aliis
2097 1985 2142 2022 ti-

1189 2041 1280 2078 tulis
1305 2042 1520 2089 vulgarunt
1545 2041 1594 2078 ad
1617 2041 1841 2078 schismatis
1861 2039 2142 2089 propugnatio-

1188 2107 1293 2132 nem.
1322 2096 1375 2132 At
1401 2095 1460 2132 his
1487 2107 1564 2132 non
1583 2096 1841 2141 obstantibus,
1860 2105 1999 2132 eorum
2018 2104 2082 2130 res
2101 2092 2141 2130 in

1189 2149 1271 2186 dies
1295 2149 1560 2187 declinabant.
1884 2172 1895 2176 -

1237 2203 1366 2244 Quum
1399 2215 1496 2240 vero
1531 2203 1707 2251 episcopi
1732 2201 2074 2240 constit-utionales
2098 2213 2141 2239 se

1190 2258 1375 2293 continuo
1395 2268 1418 2294 a
1437 2257 1518 2293 suis
1536 2257 1694 2294 clericis
1707 2268 1874 2304 quorum
1893 2255 2004 2293 multi
2022 2255 2142 2292 schis-

1190 2311 1284 2347 mati
1312 2311 1617 2355 renunciabant,
1638 2310 1769 2347 deseri
1790 2315 2016 2354 cernerent,
2037 2320 2141 2346 anno

1191 2366 1282 2402 1797
1325 2365 1491 2401 Parisiis
1533 2365 1833 2402 conciliabulum
1873 2365 2141 2402 celebrarunt.

1188 2421 1475 2457 Convenerunt
1499 2420 1545 2457 26
1571 2419 1744 2468 episcopi
1772 2424 1812 2457 et
1836 2420 1882 2457 46
1903 2419 2140 2468 presbyteri,

1190 2475 1326 2523 quibus
1352 2474 1490 2511 eadem
1519 2485 1566 2511 ac
1592 2475 1667 2511 illis
1693 2475 1783 2511 iura
1810 2475 1848 2511 in
1880 2473 2140 2511 conciliabulo

1190 2540 1379 2566 concessa
1404 2532 1507 2566 sunt.
1538 2529 1781 2567 Praestituto
1810 2530 2033 2566 iuramento
2061 2527 2140 2565 odii

1190 2584 1226 2620 in
1253 2584 1405 2632 regiam
1434 2584 1701 2629 maiestatem,
1721 2584 1991 2622 deliberarunt
2007 2583 2055 2621 de
2076 2594 2137 2620 ra.-

1191 2639 1294 2675 tione
1327 2639 1625 2686 componendae
1661 2640 1769 2687 pacis
1803 2650 1891 2676 cum
1918 2638 2140 2676 dissidenti-

1190 2693 1286 2738 bus,
1311 2696 1353 2729 ut
1386 2694 1611 2739 vocabant,
1647 2694 1877 2742 litterasque
1912 2692 2140 2730 scribendas

1188 2747 1453 2786 decreverunt
1478 2748 1527 2784 ad
1553 2760 1690 2786 omnes
1710 2748 1902 2786 territorii
1920 2747 2062 2785 Gallici
2077 2758 2140 2785 ec-

1189 2803 1330 2839 clesias
1348 2831 1357 2847 ,
1383 2807 1427 2839 ut
1463 2803 1538 2839 hae
1566 2803 1718 2851 aliquos
1744 2803 1792 2840 ad
1828 2803 2035 2840 concilium
2068 2813 2140 2850 pro

1191 2857 1463 2905 componenda
1504 2858 1650 2896 unione
1692 2858 1944 2906 deputarunt.
1988 2856 2139 2894 Deinde

1191 2912 1563 2960 pseudo-episcopus
1579 2913 1776 2960 Gregoire
1794 2912 1978 2960 exposuit
1995 2915 2141 2948 statum

1191 2968 1387 3005 ecclesiae
1415 2969 1758 3012 constitutionalis,
1779 2969 2005 3016 acriterque
2033 2966 2139 3002 inve-

1193 3025 1277 3057 ctus
1303 3027 1363 3059 cst
1391 3023 1428 3059 in
1456 3024 1638 3069 clericos,
1666 3024 1728 3072 qui
1757 3023 2005 3072 praescripta
2032 3031 2056 3057 a
2082 3031 2142 3057 re-

1194 3077 1347 3122 publica
1381 3077 1608 3115 iuramcnta
1632 3079 1695 3115 vel
1724 3090 1799 3114 non
1829 3076 2142 3125 praestiterant,

1193 3131 1252 3166 vel
1274 3135 1560 3175 retractarunt,
1580 3133 1617 3168 in
1639 3133 1782 3169 bullam
1802 3132 2012 3169 Auctor-em
2022 3127 2140 3176 fidei,

1194 3184 1228 3219 in
1265 3186 1557 3233 Inquisitionem
1589 3190 1628 3224 ct
1659 3187 1697 3222 in
1725 3189 1962 3235 potestatem
1989 3187 2141 3232 ternpo-

1193 3239 1315 3276 ralcm
1334 3240 1605 3277 Romanorum
1625 3241 1876 3279 Pontificum.
1896 3241 2066 3278 Demum
2085 3237 2140 3276 in-
