2241 3473
766 137 893 169 VSQVE
912 138 966 165 An
985 138 1179 166 AETATEM
1197 137 1344 165 CAROLI
1361 138 1406 165 M.

119 206 160 242 et
187 201 403 240 eruditione
423 201 598 248 celebris,
629 203 710 251 qui,
730 203 833 240 inter
864 202 942 240 alia
969 213 1070 250 quae

119 255 272 305 scripsit
297 265 426 303 opera,
451 254 592 292 librum
623 255 670 293 de
700 256 812 293 rebus
833 255 952 304 gestis
967 255 1071 303 regis

121 308 315 346 W'ambae
330 306 501 344 condidit
519 305 543 344 ¹.

172 360 234 398 33.
256 358 505 396 Benedictus
532 360 600 404 II,
626 361 803 398 Ioannes
833 360 882 404 V,
909 360 1072 403 Conon,

119 412 289 459 Sergius
310 411 355 455 I,
376 412 710 461 Pontifices—S.
724 412 843 450 Leoni
861 412 896 449 II
917 415 1001 459 post.
1026 411 1072 448 10

120 463 371 513 pontificatus
382 475 534 501 menses
548 465 743 509 defuncto,
752 465 990 512 subrogatus
998 463 1073 500 fuit

120 529 150 554 s.
173 516 407 553 Benedictus
430 517 478 562 ΙΙ,
499 518 710 562 Romanus,
727 516 786 553 vi⁰
801 516 881 553 kal.
899 515 965 553 iul.
982 516 1070 552 684.

122 568 237 606 Hunc
273 569 504 606 Pontificem
544 570 644 606 tanti
674 569 768 606 fecit
795 568 1073 606 Constantinus

120 622 350 669 imperator,
373 624 413 658 ut
435 622 468 658 ei
490 624 677 669 tanquam
700 622 852 669 parenti
870 620 969 657 filios
985 632 1074 657 suos

121 673 386 711 Iustinianum
408 677 446 710 et
468 673 692 710 Heraclium
712 673 1005 717 commendarit,
1022 675 1073 715 et,

120 726 448 774 quemadmodum
468 725 547 762 iam
568 738 596 762 s.
618 726 817 774 Agathoni
835 726 1075 762 condonarat

123 779 329 827 pecuniam
351 790 375 815 a
394 778 649 815 Pontificibus
671 778 785 815 modo
805 778 941 815 elect-is
957 789 1024 826 pro
1041 789 1075 813 e-

120 831 300 868 lectionis
321 829 616 867 confirmatione
637 831 747 878 pendi
763 830 931 876 solitam,
951 842 980 867 s.
994 830 1073 867 Be-

122 883 275 920 nedicto
295 882 424 930 gratia
443 883 634 920 concessit
650 882 678 928 ²,
701 886 743 919 ut
769 882 971 920 Pontificis
995 882 1075 919 ele-

122 935 175 972 cti
204 934 446 972 consecratio
471 935 554 972 sine
575 947 683 972 mora
703 938 980 984 perageretur,
1005 947 1076 972 nec

120 990 398 1036 expectaret-ur
417 987 665 1036 imperatoris
683 999 861 1025 assensus
882 986 909 1034 ³3
922 989 1074 1036 —quod

122 1040 251 1078 locum
271 1040 409 1077 habuit
427 1040 466 1076 in
483 1040 671 1078 electione
692 1040 860 1078 Ioannis.

172 1092 311 1129 Brevis
340 1092 416 1129 fuit
444 1104 474 1129 s.
495 1092 698 1130 Benedicti
717 1092 991 1141 pontificatus,
1011 1093 1074 1141 qui

121 1147 207 1194 post
235 1156 390 1182 menses
412 1145 461 1181 10
488 1146 539 1182 ad
560 1145 758 1182 meliorem
788 1146 911 1182 vitam
937 1147 1074 1183 trans-

122 1199 168 1234 iit
185 1196 213 1234 ⁴.
235 1197 328 1234 Eius
349 1209 548 1235 successor
567 1198 732 1235 Ioannes
750 1198 800 1243 V,
819 1198 864 1234 x⁰
885 1197 965 1235 kal.
987 1209 1074 1246 aug.

118 1249 209 1295 685,
229 1249 404 1298 pontifex
424 1253 578 1287 creatus
603 1250 673 1287 fuit
692 1254 732 1287 et
751 1251 853 1288 sedit
872 1263 974 1288 anno
998 1251 1016 1287 1
1039 1255 1077 1287 et

119 1302 287 1340 diebus9
298 1301 323 1339 ⁵.
334 1302 426 1340 Fuit
442 1303 474 1340 is
490 1303 647 1340 natione
660 1303 1076 1352 SyruspatriaAntio-

123 1355 282 1400 chenus,
303 1358 342 1392 et
362 1355 410 1392 ab
432 1356 639 1404 Agathone
659 1356 708 1392 ad
730 1356 923 1404 synodum
951 1356 1077 1392 Oecu-

122 1407 310 1445 menicam
339 1407 395 1444 VI
415 1407 555 1456 Legati
582 1420 746 1445 munere
768 1409 908 1446 missus
933 1408 1075 1446 fuerat.

120 1459 402 1497 Commendant
410 1471 460 1497 ur
475 1462 557 1498 eius
571 1461 708 1509 pietas,
727 1461 896 1498 eruditio
912 1461 1004 1498 etin
1021 1472 1077 1497 re-

119 1513 190 1549 bus
218 1512 398 1560 gerendis
428 1514 645 1561 prudentia.
666 1514 831 1550 Diutino
857 1514 991 1550 morbo
1015 1513 1076 1551 la-

121 1565 280 1610 borato,
300 1565 459 1602 ineunte
480 1577 611 1604 mense
630 1568 797 1615 augusto
818 1578 879 1604 an.
900 1566 999 1613 686,
1019 1578 1077 1603 su-

120 1628 295 1666 premum
315 1618 417 1654 diem
437 1619 541 1656 obiit.

173 1670 269 1707 Post
284 1670 434 1707 obitum
452 1671 608 1708 Ioannis
623 1672 660 1709 V
679 1671 836 1708 vacavit
850 1671 1075 1719 Apostolica

119 1722 238 1759 Sedes
265 1723 462 1760 mensibus
495 1724 578 1760 fere
606 1724 630 1760 3
651 1724 699 1760 ob
719 1724 1008 1760 contentionem
1028 1724 1074 1760 dc

120 1786 343 1812 successore
360 1778 498 1814 ortam.
512 1776 647 1814 Clerus
663 1776 768 1813 enim
783 1776 1075 1824 suffragabatur

119 1827 239 1865 Petro
266 1828 619 1878 archipresbytero,
639 1829 806 1877 populus
828 1840 920 1866 vero
940 1829 1073 1865 Theo-

120 1881 215 1917 doro
236 1881 477 1929 presbytero.
499 1882 666 1918 Demum
686 1881 791 1930 pacis
811 1881 937 1919 studio
952 1893 976 1918 a
991 1882 1074 1918 cle—

121 1944 165 1970 ro
185 1930 332 1970 electus
352 1934 428 1970 fuit
449 1934 592 1977 Conon,
610 1945 752 1983 genere
772 1934 880 1971 Trax
893 1964 901 1980 ‚
922 1934 961 1970 in
982 1934 1076 1971 Sici-

122 1985 179 2023 lia
203 1986 412 2032 educatus,
434 1988 474 2023 et
492 1987 539 2024 R.
561 1987 666 2023 Eccl.
684 1987 902 2035 presbyter.
925 1986 997 2023 Vir
1017 1998 1076 2023 ae-

121 2040 225 2083 tate,
255 2038 431 2076 moribus
451 2041 490 2075 et
508 2040 727 2076 eruditione
751 2039 1075 2087 spectatissimus,

121 2091 232 2128 cuius
254 2091 431 2128 electioni
453 2094 540 2140 post
556 2092 638 2129 dies
653 2103 796 2140 paucos
816 2092 933 2129 etiam
951 2092 1076 2129 altera

120 2155 209 2192 pars
228 2143 392 2181 assensit
402 2142 428 2182 ⁶.
442 2144 479 2181 Is
496 2145 694 2182 mensibus
710 2147 864 2182 tantum
883 2145 927 2182 11
948 2145 1077 2182 Eccle-

163 2270 174 2290 ¹
192 2271 280 2301 Extat
295 2272 324 2302 iu
341 2270 424 2301 Bibl.
449 2270 507 2302 ΡΡ.
525 2271 653 2311 Lugdun
667 2296 674 2309 ,
691 2275 712 2303 t.
728 2272 794 2302 XII.

162 2310 178 2331 ²
193 2312 257 2342 Vid.
274 2321 303 2350 p.
318 2311 386 2342 180.

164 2352 179 2373 3
194 2353 298 2383 Anast.
321 2354 352 2383 in
376 2352 432 2384 l't't.
449 2361 473 2383 s.
489 2351 654 2384 Benedicti
668 2352 706 2391 II,
728 2357 757 2383 et
780 2352 913 2383 Ioannis
932 2351 962 2384 V.
980 2353 1076 2390 Quum

124 2396 225 2423 tamen
243 2396 351 2431 postea
369 2394 501 2424 Cononis
519 2394 628 2424 electio
645 2395 741 2423 missa
754 2395 845 2425 fuerit
858 2394 896 2423 ad
911 2395 1076 2424 exarchum

124 2433 332 2471 Theodorum,
349 2434 496 2464 observat
513 2435 621 2465 Petrus
638 2435 675 2464 de
698 2436 803 2465 Marca
821 2434 876 2472 (De
891 2435 1039 2465 concord.
1058 2435 1075 2464 1.

123 2474 204 2511 VIII,
219 2483 244 2505 c.
261 2473 306 2512 9),
321 2475 368 2504 vel
384 2475 585 2506 Ius‘tinianum
608 2475 636 2505 11
662 2475 818 2506 decretum
843 2476 940 2514 patris
968 2477 1078 2515 negte-

123 2516 222 2552 xisse,
237 2516 284 2546 vel
301 2515 481 2546 electionem
505 2525 627 2555 semper
650 2516 895 2547 confirmandam
918 2516 1014 2546 fuisse
1039 2517 1077 2546 ab

125 2556 280 2593 exarchis,
298 2557 337 2586 ita
354 2560 396 2594 ut,
413 2556 545 2587 libertati
560 2557 688 2587 fuissent
700 2558 830 2588 Romani
847 2557 886 2587 ab
904 2566 996 2587 onere
1013 2557 1079 2587 mit-

125 2596 206 2627 tendi
226 2596 342 2627 decreti
359 2597 665 2636 Constantinopolim,
683 2598 736 2628 sed
754 2598 877 2628 obnoxii
895 2598 1028 2628 fuissent
1043 2607 1079 2628 e-

125 2638 310 2668 xarchorum
336 2638 477 2668 examini.
501 2640 556 2668 Ast
578 2639 729 2668 Bai-onius
754 2639 811 2677 (ad
837 2648 884 2668 an.
910 2638 986 2675 686,
1009 2638 1025 2679 ἕ
1049 2638 1078 2675 3)

125 2678 249 2708 scribit:
271 2690 283 2706 a
308 2678 399 2709 Tunc
411 2679 490 2708 enim
508 2684 637 2708 tantum
658 2682 770 2718 coepta
792 2680 840 2710 vel
863 2679 1018 2710 innovata
1041 2689 1077 2710 ea

125 2720 172 2750 est
183 2718 388 2755 consuetudo,
406 2722 438 2749 ut
455 2727 514 2749 non
531 2725 690 2750 crearetur
707 2721 845 2750 Pontifex
862 2721 979 2760 absque
993 2729 1077 2750 exar-

127 2760 175 2790 chi
192 2768 355 2796 consensu,
373 2761 443 2789 dum
460 2760 577 2790 scilicet
593 2769 647 2798 per
662 2761 810 2791 militares
828 2762 937 2800 copias
955 2763 1021 2800 ipse
1039 2761 1079 2791 sa-

126 2803 221 2837 meret,
238 2804 271 2831 ut
288 2809 348 2831 non
363 2800 451 2838 alius,
467 2809 558 2839 quam
573 2801 624 2839 qui
640 2800 699 2831 sibi
713 2802 799 2832 cordi
815 2806 909 2840 esset,
922 2803 1078 2833 Romanus

126 2841 264 2871 Pontifex
283 2846 442 2872 crearetur
458 2853 485 2871 n.

165 2881 179 2903 ⁴
196 2882 308 2919 Butler,
330 2881 396 2913 Vtes
413 2882 466 2912 des
482 2882 541 2912 SS.
557 2881 596 2911 26
612 2881 685 2912 iuin.

166 2922 181 2944 5
203 2933 214 2950 ι
230 2923 277 2961 Is,
293 2925 488 2962 inexpectata
505 2924 578 2961 Cpni
603 2923 800 2960 Imperatoris
823 2923 1023 2962 auctoritate,
1047 2925 1077 2954 in

128 2962 296 2994 Romanum
321 2964 497 2994 Pontificem
523 2966 722 2993 consecratus
739 2968 786 2994 est
802 2976 814 2991 »
836 2965 948 2995 scribit
962 2965 1077 3001 Binius,

291 3006 297 3011 ¹
365 3005 372 3020 ἲ
497 3005 501 3008 ”
618 3004 633 3020 υ)

129 3011 182 3065 3ρᾶ
196 3004 306 3075 1ξῖἓέῐῖ
315 3004 586 3083 ιὲῑᾍειῖᾕῗῗιιι1Ἶῃῗι..
602 3004 686 3073 'tl-8563.
705 3045 746 3073 De
770 3045 902 3075 Cononis
929 3046 1078 3076 electione

127 3084 204 3114 haec
219 3090 437 3116 commemorat
453 3086 644 3116 Anastasius:
662 3093 729 3114 eum
744 3094 854 3123 nempe
871 3094 889 3115 a
904 3087 1076 3116 sacerdoti-

127 3123 186 3154 bus
202 3129 231 3156 et
247 3126 333 3157 Clero
351 3127 535 3157 unanimiter
548 3125 629 3164 apud
650 3126 832 3155 Lateranum
850 3126 980 3156 electum
999 3127 1077 3157 suis-

129 3173 172 3203 se;
188 3174 257 3197 mox
274 3175 380 3198 omnes
393 3167 514 3198 iudices
532 3176 593 3197 una
616 3175 683 3197 cum
706 3166 891 3204 primatibus
914 3168 1076 3205 exercitus,

1937 125 2012 163 183

1112 202 1192 240 siae
1212 202 1388 251 regimen
1409 201 1542 250 gessit,
1558 202 1598 239 et
1613 201 1697 250 post
1713 199 1796 237 eius
1815 200 1963 237 obitum
1983 212 2066 238 rur-

1113 267 1178 292 sus
1197 255 1236 291 in
1259 254 1400 303 populo
1416 255 1462 291 lis
1481 256 1568 291 orta
1587 256 1656 300 est,
1677 253 1763 290 aliis
1782 264 1976 290 summum
1998 265 2066 290 sa-

1114 308 1331 345 cerdotium
1359 307 1565 344 Theodoro
1595 306 1844 355 presbytero,
1870 305 1956 342 aliis
1982 306 2065 342 Pa-

1115 359 1236 397 schali
1264 359 1538 397 archidiacono
1558 358 1810 396 deferendum
1830 358 2064 407 petentibus.

1116 412 1170 449 Ut
1196 414 1329 449 autem
1350 412 1551 449 schismati
1570 412 1726 448 obviam
1746 411 1890 457 iretur,
1911 410 2006 448 cleri
2027 414 2067 448 et

1115 475 1320 512 procerum
1339 464 1591 501 consensione
1608 464 1754 502 electus
1770 463 1844 501 fuit
1858 463 2020 511 Sergius
2038 463 2067 509 Ι,

1116 527 1260 565 genere
1280 516 1565 562 Antiochcnus,
1585 517 1652 553 sed
1673 516 1857 553 Panormi
1875 516 1914 553 in
1934 515 2067 553 Sicilia

1116 569 1304 606 educatus
1327 567 1336 589 ¹
1357 597 1366 613 ,
1395 568 1460 616 qui
1490 580 1550 606 an.
1582 569 1658 606 687
1671 598 1680 615 ,
1710 569 1832 606 xvm⁰
1869 568 1949 606 kal.
1987 568 2065 606 ian.

1117 620 1301 658 Pontifex
1322 621 1581 668 inauguratus
1603 624 1674 658 est.
1696 622 1732 659 Is
1754 621 1960 659 Iustiniani
1989 621 2067 658 mi-

1118 673 1177 709 nis
1196 673 1361 718 restitit3
1378 673 1590 721 Episcopor
1600 674 1758 722 Hispan.
1771 673 2068 722 explanationes

1117 738 1139 763 a
1159 726 1371 762 Benedicto
1391 726 1427 762 II
1449 726 1682 763 reclamatas
1710 727 1995 776 comprobavit,
2029 728 2070 763 et

1116 779 1314 816 schismati
1332 777 1503 815 Istriensi
1522 777 1634 815 finem
1650 779 1799 826 posuit,
1817 782 1860 817 ut
1878 779 1958 817 suis
1978 778 2069 816 locis

1118 831 1346 868 videbimus.
1359 830 1533 867 Instituit
1548 831 1706 878 pariter,
1723 834 1896 880 tempore
1915 831 2069 869 confra-

1118 884 1256 921 ctionis
1276 882 1470 920 Dominici
1495 884 1666 931 corporis
1680 913 1688 929 ,
1709 887 1858 932 Agymcs
1882 885 1972 928 Dei,
1997 885 2074 933 qui

1121 937 1230 973 tollis
1251 940 1422 985 peccata
1450 936 1617 980 mundi,
1646 938 1840 974 miserere
1871 938 2014 981 nobis,
2048 948 2071 974 a

1119 989 1222 1026 clero
1243 992 1282 1025 et
1302 988 1442 1036 populo
1463 988 1707 1026 caneretur?

1174 1043 1236 1079 34.
1257 1041 1486 1089 Scrzptores
1496 1041 2071 1081 Ecclesz'astz'ci—-Eruditionis

1121 1095 1247 1139 laude,
1257 1096 1416 1142 praeter
1428 1093 1506 1130 iam
1518 1094 1808 1133 commendatos
1827 1095 2069 1133 ss.Isidorum

1122 1148 1342 1196 episcopum
1362 1146 1629 1194 Hispalensem
1644 1177 1653 1192 ,
1674 1147 1847 1186 Fructuo
1864 1160 1951 1185 sum
1967 1149 2070 1187 Bra-

1122 1211 1340 1244 carensem,
1356 1198 1629 1247 Ildephonsum
1646 1200 1893 1247 Toletanum,
1908 1201 2072 1249 Sophro-

1122 1253 1234 1289 nium
1273 1251 1670 1300 Hierosolymitanum
1686 1251 1713 1298 ³,
1729 1254 1802 1290 hoc
1830 1255 1981 1291 saeculo
2001 1255 2073 1292 fio-

1124 1309 1291 1343 ruerunt
1310 1306 1528 1352 sequentes:
1548 1305 1586 1342 S.
1603 1305 1814 1352 Maximus,
1834 1308 1944 1344 cuius
1960 1310 2073 1357 gesta

1122 1369 1239 1407 supra
1260 1357 1465 1394 retulimus
1479 1356 1507 1403 ⁴,
1522 1357 1681 1406 reliquit
1696 1358 1809 1407 plura
1824 1371 1954 1408 opera,
1971 1362 2074 1398 inter

1124 1422 1221 1459 quae
1248 1410 1457 1458 praecipua
1483 1409 1652 1448 diximus
1678 1423 1763 1448 esse
1783 1413 2073 1450 Commentaria

1122 1463 1285 1512 mystico
1302 1462 1519 1511 allegorica
1534 1463 1573 1500 in
1589 1464 1721 1512 plures
1737 1476 1766 1502 s.
1779 1465 2004 1514 Scripturae
2021 1466 2071 1502 li-

1123 1570 1245 1600 adeius
1263 1569 1479 1599 salutationem
1501 1568 1669 1606 venientes,
1693 1569 1722 1599 in
1747 1569 1812 1599 eius
1836 1570 1942 1601 laudes
1967 1571 2072 1602 accla-

1122 1620 1233 1641 masse.
1250 1611 1422 1641 Exercitum
1439 1617 1513 1639 vero
1529 1609 1607 1639 Cleri
1625 1614 1652 1640 et
1668 1611 1770 1649 populi
1788 1612 1989 1642 unanimitate
2006 1621 2074 1652 per-

1122 1656 1246 1691 spectas
1262 1651 1404 1682 electioni
1420 1650 1521 1680 factae
1533 1652 1742 1688 consensisse,
1758 1656 1849 1691 atque
1866 1654 1931 1684 eius
1948 1654 2074 1685 decreto

1120 1702 1189 1723 cum
1205 1692 1313 1722 iisdem
1330 1691 1567 1729 subscripsisse:
1584 1692 1694 1722 deinde
1712 1702 1772 1723 una
1787 1702 1856 1724 cum
1873 1694 1960 1725 Clero
1977 1699 2006 1725 et
2022 1704 2073 1733 po-

1120 1734 1191 1773 pulo
1208 1734 1322 1763 missos
1339 1741 1411 1762 suos
1428 1732 1467 1762 ad
1481 1733 1647 1763 exarchum
1664 1733 1824 1765 dii-exisse.
1840 1736 1883 1765 Ex
1902 1744 1962 1774 quo
1982 1736 2074 1766 insert

1121 1775 1316 1805 mabillonius
1340 1773 1528 1810 (Commeat.
1553 1773 1586 1804 in
1611 1773 1825 1806 01·cl.130m.c.
1845 1776 1902 1814 18,
1920 1780 1937 1806 t.
1956 1775 1986 1814 ⁶2,
2003 1776 2075 1808 Mu-

1119 1816 1185 1846 saei
1195 1815 1326 1854 Italici),
1341 1814 1424 1854 quod
1436 1814 1546 1844 electio
1563 1816 1660 1853 primo
1677 1815 1769 1846 fiebat
1781 1825 1837 1855 per
1849 1818 1979 1854 Clerum,
1993 1817 2074 1848 dein-

1120 1858 1157 1887 de
1173 1856 1319 1887 salutatio
1337 1859 1366 1886 et
1381 1855 1563 1885 acclamatio
1578 1865 1634 1894 per
1650 1856 1770 1887 Iudices
1787 1862 1815 1887 et
1832 1859 2001 1896 Primates;
2019 1867 2076 1889 se-

1119 1897 1272 1937 quebatur
1291 1905 1463 1927 consensus
1481 1898 1649 1926 exercitus:
1674 1898 1809 1928 omniurn
1834 1899 1970 1939 denique
1994 1900 2075 1929 sub-

1120 1938 1250 1977 scriptio
1272 1938 1303 1968 in
1333 1938 1462 1967 Decreto
1476 1962 1483 1975 ,
1510 1937 1592 1976 quod
1623 1937 1662 1967 ad
1686 1940 1855 1970 exarchum
1885 1940 2075 1971 mittebatur.

1120 1981 1277 2017 Quaenam
1295 1978 1384 2008 fuerit
1401 1985 1479 2008 novo
1495 1978 1633 2008 Pontifici
1651 1979 1732 2009 facta
1756 1981 1901 2011 salutatio
1919 1983 2021 2012 elucet
2037 1991 2072 2012 ex

1120 2021 1272 2051 Valentini
1287 2019 1438 2050 electione
1453 2019 1483 2049 in
1501 2019 1617 2049 Palatio
1634 2020 1833 2051 Latet-anensi
1851 2021 1985 2061 impleta.
2005 2023 2074 2053 Ele-

1119 2066 1187 2093 ctus
1204 2061 1368 2101 condignis
1385 2060 1505 2100 gloriae
1520 2060 1664 2090 laudibus
1677 2064 1706 2091 et
1723 2062 1850 2092 honoris
1873 2064 2073 2102 amplitudine

1121 2103 1159 2133 ad
1176 2104 1381 2133 Lateranense
1398 2101 1622 2131 Paniai-chium
1639 2101 1790 2132 deductus
1808 2104 1881 2141 fuit,
1900 2108 1931 2134 et
1948 2105 1977 2134 in
1996 2106 2075 2135 Pon-

1120 2143 1225 2174 tificali
1241 2144 1353 2173 throno
1377 2143 1443 2172 eius
1467 2142 1562 2180 pedes
1585 2144 1685 2173 omnis
1710 2144 1918 2175 Romanorum
1942 2145 2073 2176 Senatus

1120 2185 1278 2215 osculatus
1292 2188 1355 2220 est;
1374 2183 1456 2222 quod
1473 2182 1565 2213 etiam
1589 2183 1616 2213 in
1636 2184 1735 2215 Leone
1752 2185 1791 2215 tv
1815 2189 1974 2217 Servatum
1990 2188 2075 2217 iuxta

1120 2235 1235 2258 morem
1251 2226 1419 2264 antiquum.

1163 2268 1171 2288 ¹
1189 2268 1302 2298 Baron.
1317 2267 1357 2296 ad
1373 2275 1421 2296 an.
1439 2264 1508 2296 687.

1160 2308 1175 2330 2
1191 2308 1357 2339 walfridus
1373 2306 1494 2343 suabe,
1511 2306 1550 2337 de
1567 2306 1661 2337 rebus
1677 2306 1761 2339 Eccl.
1777 2308 1850 2340 022
1864 2333 1871 2347 ,
1882 2309 1913 2339 in
1927 2308 2075 2340 Biblioth.

1121 2350 1211 2382 Patr.
1223 2353 1242 2379 t.
1260 2350 1312 2379 KV
1329 2349 1441 2386 inquit:
1465 2358 1477 2375 ι(
1494 2349 1600 2386 Agnus
1618 2349 1671 2378 Dei
1688 2350 1719 2379 in
1736 2351 1948 2380 confractione
1965 2351 2076 2389 Corpo-

1122 2392 1165 2422 ris
1182 2390 1300 2420 Domini
1317 2398 1334 2419 a
1349 2390 1436 2419 Clero
1453 2393 1483 2418 et
1499 2389 1614 2427 populo
1631 2389 1790 2421 decantari
1807 2391 1934 2430 Sergius
1958 2392 2076 2421 consti-

1123 2433 1187 2469 tuit,
1206 2435 1238 2461 ut
1253 2430 1323 2460 dum
1339 2434 1546 2469 praeparatur
1562 2429 1600 2459 ad
1618 2430 1857 2469 dispensandum
1883 2434 1999 2470 Corpus
2013 2432 2075 2461 Do-

1122 2474 1265 2503 minicum
1288 2476 1399 2510 rogent
1420 2471 1590 2509 accepturi,
1614 2474 1766 2509 quatenus
1790 2473 1850 2509 illc,
1874 2473 1924 2511 qui
1948 2481 2003 2510 pro
2028 2473 2076 2502 eis

1122 2514 1242 2543 oblatus
1260 2516 1306 2542 est
1321 2513 1481 2549 innocens,
1504 2512 1597 2541 factat
1613 2521 1666 2541 eos
1683 2513 1848 2543 sulubriter
1871 2514 2002 2552 pignora
2018 2522 2073 2542 sa-

1121 2555 1192 2585 lutis
1210 2558 1354 2583 aeternae
1371 2553 1531 2591 percipere
1548 2553 1944 2592 »›.—130na‚Rer.licurqtc.
1962 2553 2029 2591 1.ΙΙ,
2047 2563 2073 2584 c.

1126 2594 1168 2631 16,
1186 2594 1240 2635 25,
1258 2594 1404 2624 advertit:
1428 2604 1439 2621 «ι
1457 2593 1587 2632 Sergius
1606 2594 1727 2632 quidem
1745 2595 1871 2624 instituit
1884 2598 1930 2624 ter
1944 2594 2003 2624 dici
2020 2594 2074 2625 Mi-

1120 2645 1225 2666 serere
1242 2634 1338 2672 nobis,
1357 2634 1411 2664 sed
1429 2634 1532 2664 multis
1551 2640 1657 2672 postea
1678 2634 1894 2674 ingruentibus
1911 2635 2071 2665 Ecclesiae

1122 2675 1371 2712 adversitatibus,
1395 2680 1425 2705 ut
1448 2676 1489 2705 ait
1510 2675 1708 2704 Innocentius
1731 2675 1769 2713 (l.
1793 2676 1827 2705 Vl
1853 2674 2074 2714 IJeMysleriis

1121 2717 1234 2750 Missae
1247 2727 1271 2747 c.
1289 2716 1329 2752 6),
1339 2717 1403 2746 sive
1421 2716 1460 2746 ad
1476 2715 1644 2746 tollendum
1657 2715 1802 2753 schisma,
1817 2719 1847 2746 ut
1859 2716 1908 2746 alii
1927 2717 2078 2754 scribunt,

1121 2762 1267 2789 statutum
1284 2758 1348 2794 tuit,
1366 2762 1396 2787 ut
1411 2758 1440 2786 in
1456 2757 1544 2787 tertio
1562 2756 1715 2786 diceretur
1729 2757 1824 2786 Dona
1841 2756 1929 2787 nobis
1943 2765 2071 2796 pacem:

1121 2801 1174 2839 qui
1188 2801 1265 2829 ritus
1283 2798 1395 2837 ubique
1415 2800 1559 2836 receptus
1572 2800 1629 2833 cst,
1645 2801 1772 2835 excepta
1790 2797 1925 2828 Basilica
1944 2801 2072 2828 Latera-

1120 2839 1259 2877 nensi,in
1275 2848 1335 2878 qua
1353 2839 1470 2868 servari
1487 2839 1552 2868 visa
1569 2841 1617 2867 est
1633 2838 1759 2875 antiqua
1772 2838 1871 2868 forma
1885 2839 2008 2868 dicendi
2028 2843 2073 2869 ter

1121 2881 1271 2912 Miserere
1289 2879 1385 2910 uobis.
1403 2880 1433 2909 In
1452 2879 1586 2917 antiquis
1599 2878 1775 2908 Missalibus
1792 2882 1863 2909 ante
1880 2888 1994 2910 annum
2010 2881 2074 2910 mil-

1119 2923 1260 2953 lesimum
1284 2920 1407 2958 scriptis
1431 2920 1506 2949 haec
1530 2920 1628 2949 oratio
1652 2918 1741 2949 tertio
1758 2921 1911 2959 reperitur
1926 2929 1995 2950 cum
2012 2921 2077 2950 cla-

1121 2963 1202 2993 sula:
1227 2961 1375 2993 Miserere
1398 2959 1499 2996 nobis,-
1523 2969 1557 2990 ex
1577 2968 1637 2999 quo
1654 2963 1784 2997 apparet
1800 2961 1990 3001 praedit-tam
2007 2970 2070 2991 mu-

1121 3005 1265 3034 tationem
1283 3005 1351 3039 post
1366 3010 1433 3030 eum
1451 3010 1563 3030 annum
1579 3001 1742 3040 contigisse
1759 3012 1787 3031 υ.
1891 3036 1898 3040 ⁶

1160 3044 1174 3064 3
1190 3043 1263 3072 Vide
1281 3053 1308 3079 p.
1330 3040 1395 3076 165,
1421 3041 1488 3077 170,
1512 3042 1579 3071 177.
1602 3042 1705 3080 Opera
1728 3042 1891 3080 Sophronii
1906 3042 2073 3072 ediderunt

1121 3084 1208 3115 Cartl.
1232 3083 1288 3113 Mai
1306 3082 1335 3111 in
1349 3080 1463 3120 Scrtpt.
1480 3084 1574 3113 veter.
1591 3082 1712 3113 collect.
1731 3086 1748 3113 t.
1769 3084 1814 3121 111,
1832 3092 1860 3122 p.
1877 3082 1947 3121 ⁶202,
1965 3086 1993 3113 et
2012 3083 2068 3113 Mt*

1121 3134 1192 3165 gne,
1211 3122 1325 3154 Patrol.
1343 3130 1446 3159 qraec.
1465 3126 1484 3152 t.
1502 3123 1639 3154 LXXVII.

1162 3166 1175 3187 ⁴
1194 3164 1265 3194 Vide
1281 3172 1309 3202 p.
1328 3162 1396 3193 176.
