2241 3473
727 131 865 162 VSQVE
886 131 942 160 AD
961 129 1249 162 PRAESENTEM
1272 133 1479 164 AETATEM

134 202 478 250 metropolitanae,
499 203 760 250 creabantur;
775 205 1082 244 declarabantur

133 255 207 293 hae
233 255 346 293 sedes
364 256 412 293 ab
431 258 534 294 omni
554 260 791 296 auctoritate
811 266 1005 298 extranea
1026 261 1079 296 in-

131 310 408 358 dependentes.
446 313 650 350 Ecclesiae
683 314 958 358 cathedrales,
993 327 1080 362 sup-

130 365 276 410 pressis
289 365 480 412 Capitulis
495 371 534 404 et
549 367 762 410 benefieiis,
783 369 1082 405 commutaban—

129 421 194 454 tur
209 418 248 454 in
267 420 485 466 paroecias,
504 421 641 468 quibus
659 427 891 467 praeessent
906 423 1079 470 episcopi

128 481 218 507 cum
237 477 348 508 certo
367 473 609 510 vicariorum
626 486 804 511 numero.
827 474 1081 513 Praescribe-

129 523 242 562 batur
267 537 370 563 nova
388 527 663 574 parochiarum
682 528 1011 576 circumscriptio.
1030 530 1080 565 E-

126 577 378 626 piscoporum
397 584 435 617 et
455 581 717 627 parochorum
737 581 953 618 electiones
974 593 1080 618 com—

126 632 382 670 mittebantur
396 634 441 670 iis
456 635 564 682 ipsis,
575 635 714 682 quibus
728 635 788 671 ius
804 639 893 671 erat
908 635 1078 683 eligendi

127 687 384 734 magistratus
409 688 567 728 civiles,
594 687 810 736 eademque
843 700 891 725 ac
917 700 990 737 pro
1019 689 1078 726 his

126 741 468 786 praescribebatur
484 742 690 779 electionis
704 742 845 778 forma.
868 743 1078 791 Episcopo-

127 804 215 830 rum
251 795 468 832 electorum
503 796 752 832 confirmatio
785 808 853 833 scu
888 797 1079 833 institutio

128 848 364 894 postulanda
389 854 477 885 erat
503 860 527 886 a
551 850 805 897 metropolita
831 851 894 886 vel
920 851 1077 888 seniore

128 901 327 950 episcopo.
354 903 534 940 Vacante
565 903 657 940 sede
677 903 906 951 episcopali,
926 904 1079 940 iurisdi-

129 955 206 991 ctio
241 955 495 994 deferebatur
530 957 719 1004 primario
751 958 902 995 vicario
932 958 1076 1003 episco-

124 1009 217 1056 pali.
247 1009 437 1048 Parochis
455 1012 513 1047 ins
536 1011 656 1048 fiebat
673 1011 845 1059 eligendi
863 1023 954 1049 suos
972 1014 1078 1049 vica-

124 1063 205 1100 rios
231 1075 252 1100 e
283 1066 528 1113 presbyteris
552 1065 780 1102 dioeceseos
798 1067 881 1103 sine
899 1067 980 1102 ulla
998 1066 1077 1114 epi-

122 1128 330 1165 scoporum
342 1120 641 1167 approbatione.
653 1121 838 1168 Episcopi
850 1121 966 1157 electi
981 1125 1075 1157 ante

121 1182 234 1208 suam
263 1175 604 1211 consecrationem
636 1174 891 1211 iureiurando
912 1175 1072 1223 promit-

122 1229 207 1263 tere
233 1228 478 1275 cogebantur
498 1228 732 1265 fidelitatem
751 1229 901 1265 nationi
921 1233 961 1266 et
979 1229 1072 1276 legi,

122 1284 162 1317 et
187 1280 466 1319 adhaesionem
494 1282 543 1318 ad
569 1283 916 1328 Constitutionem,
941 1294 964 1319 a
983 1295 1073 1319 con-

121 1336 357 1382 gregatione
375 1338 566 1373 nationali
584 1336 786 1374 decretam
805 1340 845 1373 et
859 1348 881 1373 a
895 1348 991 1384 rege
1008 1348 1072 1374 ac-

120 1394 335 1436 ceptatam;
362 1390 465 1428 idem
484 1391 750 1428 iuramentum
770 1391 1073 1439 praescribeba-

119 1445 183 1478 tur
209 1444 394 1491 parochis
416 1445 565 1482 electis.
587 1445 678 1481 Alia
695 1445 808 1492 plura
826 1449 908 1481 tum
928 1445 1074 1481 doctri-

120 1506 196 1533 nae
224 1501 304 1534 tum
322 1498 550 1545 disciplinae
569 1499 773 1535 Ecclesiae
793 1499 1010 1543 contraria,
1032 1499 1069 1534 in

121 1549 261 1588 eadem
289 1553 579 1590 Constitutione
597 1553 886 1589 statuebantur.
902 1553 1069 1589 Ludovi-

122 1614 190 1640 cus
215 1604 327 1650 XVI,
353 1605 531 1652 quamvis
550 1606 709 1650 invitus,
728 1606 788 1642 κιο
807 1607 992 1643 calendas
1014 1618 1071 1643 se-

122 1657 313 1704 ptembris
340 1658 430 1696 1790
448 1658 777 1697 Constitutionem
797 1659 954 1696 civilem
973 1660 1069 1697 cleri

121 1711 368 1758 approbavit.

169 1764 440 1812 Congregatio
466 1764 679 1802 nationalis
698 1765 756 1801 1v⁰
775 1766 850 1802 cal.
870 1765 1069 1803 decembr.

119 1817 310 1863 decrevit,
327 1823 371 1855 ut
389 1831 526 1856 omnes
543 1820 731 1868 episcopi,
748 1821 910 1868 parochi
926 1825 966 1857 et
981 1833 1069 1869 pre-

118 1872 268 1921 sbyteri
293 1873 401 1910 intra
421 1877 544 1910 statos
563 1874 647 1910 dies
664 1885 786 1922 supra
802 1880 1067 1912 memoratum

123 1926 404 1972 iuramentum,
431 1928 488 1964 sic
513 1927 658 1964 dictum
689 1928 871 1973 civicum,
891 1933 1067 1977 praesta-

117 1984 209 2017 rent
234 1981 297 2017 vel
323 1992 348 2017 a
373 1982 601 2018 muneribus
626 1981 705 2019 suis
724 1982 980 2028 abstinerent;
1000 1984 1063 2031 qui

116 2045 214 2071 vero
244 2039 385 2071 contra
410 2035 621 2080 facerent,
648 2039 836 2083 tanquam
865 2039 1067 2084 perturba-

117 2091 225 2125 tores
253 2092 379 2126 status
406 2089 550 2137 publici
577 2090 812 2138 punirentur
838 2090 1063 2139 iuribusque

116 2141 296 2179 civilibus
323 2143 588 2190 privarentur.
618 2144 678 2180 Ex
695 2143 766 2181 290
785 2145 1068 2182 ecclesiasticis

115 2195 226 2241 viris,
253 2197 316 2244 qui
343 2197 381 2233 in
408 2198 721 2244 congregatione
747 2199 940 2234 nationali
959 2200 1066 2237 sede-

114 2249 230 2294 bant,
257 2251 417 2288 circiter
443 2253 488 2289 70
515 2251 618 2288 inter
643 2263 738 2299 quos
764 2252 839 2288 duo
871 2253 1064 2301 episcopi,

116 2301 355 2352 Talleyrand
377 2305 747 2352 Augustodunensis
765 2311 805 2343 et
822 2307 945 2344 Gobel
965 2307 1064 2356 Lyd-

116 2355 248 2394 densis
280 2357 321 2394 in
345 2359 526 2406 partibus
548 2389 556 2405 ,
593 2360 860 2397 iuramentum
893 2362 1062 2399 civicum

113 2411 410 2457 praestiterunt;
435 2415 597 2458 caeteri,
615 2425 692 2450 non
711 2415 955 2452 obstantibus
974 2427 1060 2453 sae-

114 2464 174 2501 vis
206 2465 443 2502 clamoribus
467 2471 508 2504 et
534 2468 669 2513 minis,
698 2469 922 2516 praefatum
955 2470 1064 2507 iura-

113 2523 291 2556 mentum
317 2525 524 2568 praestare
554 2526 805 2559 recusarunt.
841 2524 994 2560 Horum
1025 2537 1063 2562 e-

114 2574 316 2622 xemplum
337 2575 462 2611 secuti
479 2581 569 2612 sunt
587 2577 761 2625 episcopi
780 2577 817 2612 in
836 2578 1063 2625 provinciis,

112 2633 153 2665 et
177 2640 199 2665 e
227 2629 295 2666 135
320 2630 515 2677 episcopis
541 2631 691 2668 Galliae
717 2634 869 2668 tantum
893 2637 1062 2680 quatuor

112 2684 380 2721 constitutioni
413 2685 517 2720 civili
551 2685 847 2730 adhaeserunt,
874 2686 1059 2727 nimirum

113 2738 326 2775 cardinalis
356 2738 402 2775 de
429 2740 619 2777 Lomenie
644 2739 692 2777 de
719 2741 890 2778 Brienne
913 2743 1062 2781 archie-

112 2794 297 2842 piscopus
322 2795 575 2839 Senonensis‚
600 2795 647 2833 de
670 2796 837 2832 Savines
855 2796 1061 2846 episcopus

110 2850 371 2896 vivariensis,
387 2851 548 2888 Jarente
566 2852 866 2889 Aurelianensis
888 2858 929 2890 et
941 2865 1061 2902 supra

110 2904 236 2942 dictus
249 2905 491 2954 Talleyrand
506 2905 884 2952 Augustodunensis.
902 2908 933 2943 E
951 2908 1057 2945 clero

109 2958 270 2995 secundi
297 2959 446 2995 ordinis
473 2959 584 2995 multi
613 2959 770 3006 quidem
790 2960 1056 2999 iuramentum

109 3013 408 3060 praestiterunt;
421 3012 489 3049 sed
507 3013 627 3049 multo
638 3013 783 3060 plures,
795 3014 874 3050 imo
885 3016 1059 3054 maxima

109 3076 218 3113 pars,
245 3067 292 3103 ab
319 3078 365 3103 eo
392 3066 707 3103 abstinueruntl-

155 3180 167 3202 1
184 3177 286 3217 Picot,
301 3177 402 3211 Me'm.
423 3179 479 3212 cit.
499 3188 552 3211 an.
571 3178 674 3220 179ος
693 3177 841 3211 Histoire
860 3177 999 3222 ahre'ye'e
1016 3180 1055 3214 de

108 3222 144 3254 la
171 3221 400 3259 constitution
424 3224 523 3258 civile
547 3224 593 3258 clu
622 3223 740 3266 Clerqe'
763 3223 803 3258 cle
830 3224 973 3260 France.

1947 125 2027 166 315

1178 207 1212 244 3.
1249 207 1642 246 Constitutionalium
1673 207 1849 245 schisma
1864 210 2080 248 —Interea

1132 262 1392 299 ecclesiarum
1426 266 1552 300 status
1578 262 1792 300 secundum
1817 273 1962 300 novam
1989 275 2080 301 con-

1133 315 1377 353 stitutionem
1405 317 1597 353 formatus
1623 320 1696 360 est;
1715 316 1891 365 episcopi
1909 321 1950 354 et
1967 327 2080 365 paro-

1135 368 1195 404 chi
1223 380 1299 405 non
1327 369 1466 412 iurati,
1494 374 1538 407 ut
1563 370 1821 414 vocabantur,
1847 371 1972 408 sacris
1999 371 2082 407 fun-

1133 422 1326 458 ctionibus
1346 423 1542 460 interdicti
1561 423 1761 471 variisque
1776 424 1930 461 iniuriis
1947 427 1988 461 et
2001 424 2081 460 vio-

1135 475 1280 521 lentiis,
1307 487 1406 524 quae
1437 481 1552 513 erant
1578 477 1881 516 cruentissimae
1900 489 2084 526 persecu-

1133 528 1250 565 tionis
1276 529 1495 577 praeludia,
1522 530 1654 566 affecti
1681 535 1786 575 sunt,
1811 536 1850 568 et
1876 532 1913 568 in
1941 543 2080 569 eorum

1134 582 1264 618 locum
1290 582 1357 619 alii
1383 583 1598 619 secundum
1625 585 1894 633 praescriptas
1919 585 1959 621 in
1978 596 2080 622 nova

1132 635 1414 672 constitutione
1433 637 1583 672 formas
1601 637 1731 682 electi,
1748 638 1912 686 ideoque
1926 639 2079 677 Consti-

1131 688 1343 726 tutionales
1361 689 1468 726 dicti.
1488 690 1548 726 Ad
1567 701 1690 727 novas
1704 691 1818 728 sedes
1832 692 2077 740 episcopales

1131 752 1226 788 prae
1254 743 1342 779 aliis
1368 743 1483 780 electi
1502 748 1593 780 sunt
1611 744 1634 780 ii
1657 745 1890 793 presbyteri,
1908 746 1972 793 qui
1992 746 2076 782 sive

1130 795 1168 830 in
1195 798 1507 845 congregatione
1535 798 1725 834 nationali
1750 800 1833 836 sive
1859 800 1899 835 in
1919 800 2075 847 provin-

1129 849 1199 885 ciis
1225 851 1472 888 ardentiores
1499 852 1790 889 constitutionis
1810 857 1850 890 et
1868 853 1959 889 novi
1977 853 2078 900 regi-

1132 904 1248 941 minis
1274 905 1450 942 fautores
1477 916 1520 942 se
1547 906 1824 952 praebuerant.
1854 907 2011 944 Primos
2029 917 2079 944 ex

1131 957 1190 994 his
1216 958 1579 1008 pseudo-episcopis
1607 960 1697 997 Vl11⁰
1715 960 1867 998 calend.
1887 961 2078 998 februarii

1133 1013 1221 1050 1791
1251 1025 1489 1051 consecrare
1517 1025 1634 1051 ausus
1660 1018 1720 1052 est
1745 1015 1982 1065 Talleyrand
1999 1016 2079 1063 epi-

1130 1078 1273 1116 scopus
1301 1069 1683 1116 Augustodunensis,
1711 1069 1983 1106 assistentibus
2006 1070 2079 1106 Mi-

1130 1121 1272 1158 raudot
1296 1123 1563 1171 Babylonensi
1581 1128 1620 1160 et
1638 1124 1761 1160 Gobel
1788 1124 1984 1171 Lyddensi
1999 1124 2080 1171 epi-

1128 1176 1257 1223 scopis
1272 1175 1312 1212 in
1322 1177 1520 1225 partibus.
1538 1177 1595 1213 Illi
1609 1177 1749 1214 deinde
1765 1178 1852 1214 aliis
1862 1179 2079 1225 sacrilegas

1129 1240 1270 1266 manus
1297 1230 1583 1277 imposuerunt·
1610 1231 1669 1267 Ita
1695 1231 1834 1268 eiectis
1859 1232 2000 1279 ubique
2028 1232 2078 1268 le-

1129 1283 1277 1329 gitimis
1303 1283 1527 1331 pastoribus
1553 1284 1789 1321 dominicum
1809 1296 1977 1333 gregem
1997 1285 2074 1333 lupi

1129 1337 1372 1374 invaserunt.

1174 1391 1267 1428 Pius
1294 1392 1367 1440 Pp.
1396 1392 1464 1436 VI,
1491 1392 1636 1429 auditis
1662 1393 1733 1437 iis,
1761 1404 1862 1441 quae
1881 1394 1920 1430 in
1949 1393 2080 1430 Gallia

1125 1448 1266 1481 contra
1291 1445 1541 1492 Religionem
1572 1447 1882 1491 attentabantur‚
1905 1446 1996 1484 v111⁰
2015 1457 2080 1483 ca-

1125 1497 1226 1534 lend.
1248 1499 1384 1547 aprilis
1404 1500 1495 1537 1790
1514 1500 1737 1538 cardinales
1754 1502 1795 1537 in
1812 1504 1968 1538 secreto
1989 1512 2079 1537 con-

1125 1551 1281 1588 sistorio
1308 1553 1503 1590 allocutus
1521 1558 1595 1598 est,
1616 1554 1748 1602 eisque
1767 1554 1944 1592 dolorem
1962 1566 2075 1592 suum

1124 1617 1173 1641 ex
1200 1606 1430 1654 perturbato
1447 1608 1708 1644 ecclesiarum
1735 1609 1776 1645 in
1791 1609 1939 1646 Galliis
1956 1612 2075 1653 statu,

1126 1660 1330 1707 occupatis
1358 1660 1639 1698 ecclesiasticis
1665 1662 1797 1706 bonis,
1823 1661 2075 1711 depraedatis

1121 1713 1302 1750 ecclesiis
1321 1742 1330 1758 ‚
1357 1716 1580 1762 suppressis
1607 1715 1859 1753 monasteriis
1876 1744 1885 1759 ‚
1913 1716 2075 1753 calcatis

1123 1767 1378 1814 Apostolicae
1395 1768 1507 1805 Sedis
1526 1769 1943 1816 iuribus‚conceptum‚
1958 1769 2075 1817 signi-

1122 1820 1268 1857 ficavit.
1291 1822 1464 1858 Litteras
1484 1822 1644 1870 scripsit
1661 1827 1745 1859 tum
1762 1823 1812 1859 ad
1833 1822 2073 1860 Ludovicutn

1121 1885 1257 1922 regem
1275 1875 1369 1911 XVI
1391 1879 1472 1912 tum
1491 1876 1539 1912 ad
1553 1877 1759 1924 praesules
1773 1877 1922 1921 Gallos,
1938 1878 1978 1913 in
1993 1877 2074 1924 qui-

1120 1927 1190 1964 bus
1223 1939 1360 1966 amare
1391 1933 1552 1977 questus
1584 1934 1645 1967 est
1669 1930 1716 1967 de
1749 1931 2073 1979 congregationis

1119 1982 1335 2019 nationalis
1360 1982 1533 2020 decretis
1559 1988 1598 2020 et
1617 1984 1730 2028 actis,
1749 1996 1895 2033 eosque
1914 1984 1963 2021 ad
1981 1996 2071 2021 con-

1119 2036 1323 2081 stantiam,
1351 2037 1400 2074 ad
1427 2037 1674 2075 defendenda
1703 2039 1908 2075 Ecclesiae
1927 2038 2015 2075 iura
2032 2043 2071 2076 et

1121 2089 1170 2126 ad
1197 2090 1372 2138 legitime
1399 2091 1633 2128 certandum
1661 2104 1732 2140 pro
1759 2092 1872 2129 domo
1891 2092 1965 2129 Dei
1982 2092 2069 2129 hor-

1120 2147 1224 2180 tatus
1254 2149 1327 2181 est.
1356 2144 1483 2181 Idibus
1509 2145 1647 2193 aprilis
1675 2147 1764 2184 1791
1792 2147 1890 2183 alias
1914 2146 2069 2184 litteras

1117 2197 1223 2235 dedit
1241 2198 1290 2235 ad
1309 2198 1547 2244 cardinales,
1567 2200 1900 2249 archiepiscopos,
1916 2201 2067 2248 episco-

1119 2262 1202 2298 pos,
1222 2253 1410 2300 capitula,
1426 2253 1577 2290 clerum
1592 2259 1632 2291 et
1646 2255 1831 2302 populum
1847 2255 2065 2291 Galliarum

1117 2306 1157 2342 in
1187 2308 1325 2355 quibus
1350 2319 1493 2345 novam
1522 2309 1617 2345 cleri
1643 2309 1971 2346 Constitutionem
1998 2309 2063 2346 de-

1117 2361 1284 2398 claravit
1310 2375 1330 2398 «
1349 2374 1398 2399 ex
1425 2362 1628 2410 principiis
1657 2363 1884 2399 coalescere
1905 2363 1952 2399 ab
1971 2363 2063 2400 hae-

1116 2415 1196 2451 resi
1226 2415 1429 2463 profectis,
1448 2417 1620 2465 adeoque
1640 2417 1677 2452 in
1697 2417 1869 2463 pluribus
1888 2417 2062 2455 decretis

1116 2468 1360 2506 haereticam
1393 2482 1481 2507 esse
1508 2475 1548 2507 et
1573 2471 1766 2507 catholico
1792 2470 1968 2518 dogmati
1997 2472 2062 2509 ad-

1115 2527 1359 2567 versantem,
1386 2525 1425 2560 in
1453 2525 1539 2561 aliis
1565 2536 1660 2561 vero
1691 2524 1943 2571 sacrilegam,
1963 2527 2064 2563 schi-

1115 2578 1336 2622 smaticam,
1353 2578 1443 2615 iura
1461 2578 1654 2626 primatus
1673 2583 1712 2615 et
1729 2579 1934 2616 Ecclesiae
1949 2590 2061 2617 ever-

1116 2636 1280 2677 tentem,
1308 2633 1539 2680 disciplinae
1566 2644 1654 2669 cum
1679 2633 1807 2670 veteri
1833 2637 1917 2670 tum
1936 2645 2061 2672 novae

1115 2686 1380 2730 contrariam,
1408 2698 1483 2722 non
1511 2687 1588 2722 alio
1615 2686 1780 2734 denique
1807 2687 1970 2723 consilio
1996 2700 2063 2725 ex-

1114 2741 1327 2788 cogitatam
1356 2744 1471 2787 atque
1497 2740 1701 2787 vulgatam
1729 2741 1804 2777 nisi
1831 2741 1880 2777 ad
1899 2742 2063 2778 catholi-

1113 2805 1200 2832 cam
1227 2795 1460 2841 religionem
1488 2805 1650 2841 prorsus
1668 2794 1899 2832 abolendam
1918 2809 1951 2831 υ.
1973 2797 2061 2833 Ele-

1114 2849 1266 2886 ctiones
1291 2849 1567 2895 episcoporum
1595 2849 1970 2887 constitutionalium
1997 2850 2061 2888 de-

1112 2903 1280 2939 claravit
1306 2901 1546 2948 illegitimas,
1574 2903 1808 2951 sacrilegas,
1840 2907 1880 2941 et
1897 2915 2060 2952 prorsus

1111 2957 1250 3000 nullas,
1266 2965 1479 3002 eorumque
1500 2959 1820 2995 consecrationes
1837 2959 1996 2995 omnino
2015 2958 2059 2995 il-

1111 3010 1238 3046 licitas
1264 3012 1304 3045 et
1329 3008 1559 3055 sacrilegas.
1584 3011 1850 3049 consecratos
1867 3011 1973 3048 omni
1993 3023 2057 3050 ec·

1110 3062 1332 3100 clesiastica
1347 3065 1387 3099 et
1403 3062 1596 3110 spirituali
1616 3065 1882 3103 iurisdictione
1899 3076 2054 3110 carere,

1109 3127 1250 3164 eosque
1277 3119 1316 3152 et
1342 3127 1479 3152 eorum
1507 3124 1809 3158 consecratores
1835 3124 1876 3156 et
1900 3130 2051 3163 omnes,

1107 3170 1170 3217 qui
1204 3170 1242 3204 in
1277 3169 1509 3206 execrandis
1542 3174 1904 3211 consecrationibus
1935 3184 2051 3220 opem

1108 3227 1147 3260 et
1172 3222 1376 3260 consilium
1395 3224 1693 3273 praestiterant,
1711 3228 1760 3265 ab
1778 3226 1885 3264 omni
1903 3227 2051 3274 episco-
