<?xml version="1.0" encoding="UTF-8"?>
<!DOCTYPE html PUBLIC "-//W3C//DTD XHTML 1.0 Transitional//EN"
    "http://www.w3.org/TR/xhtml1/DTD/xhtml1-transitional.dtd">
<html xmlns="http://www.w3.org/1999/xhtml" xml:lang="en" lang="en">
 <head>
  <title>
</title>
<meta http-equiv="Content-Type" content="text/html;charset=utf-8" />
  <meta name='ocr-system' content='tesseract 3.04.00' />
  <meta name='ocr-capabilities' content='ocr_page ocr_carea ocr_par ocr_line ocrx_word'/>
</head>
<body>
  <div class='ocr_page' id='page_1' title='image "./historiaeecclesi01wout_0253.png"; bbox 0 0 2241 3473; ppageno 0'>
   <div class='ocr_carea' id='block_1_1' title="bbox 613 159 1521 192">
    <p class='ocr_par' dir='ltr' id='par_1_1' title="bbox 613 159 1521 192">
     <span class='ocr_line' id='line_1_1' title="bbox 613 159 1521 192; baseline 0.001 -5"><span class='ocrx_word' id='word_1_1' title='bbox 613 161 740 192; x_wconf 82' lang='lat' dir='ltr'>stVE</span> <span class='ocrx_word' id='word_1_2' title='bbox 767 161 821 188; x_wconf 74' lang='lat' dir='ltr'>An</span> <span class='ocrx_word' id='word_1_3' title='bbox 850 159 1148 188; x_wconf 81' lang='lat' dir='ltr'>PONTIFICATVM</span> <span class='ocrx_word' id='word_1_4' title='bbox 1175 159 1207 188; x_wconf 83' lang='lat' dir='ltr'>S.</span> <span class='ocrx_word' id='word_1_5' title='bbox 1227 160 1420 188; x_wconf 83' lang='lat' dir='ltr'>GREGORH</span> <span class='ocrx_word' id='word_1_6' title='bbox 1448 161 1521 189; x_wconf 84' lang='lat' dir='ltr'>vn.</span> 
     </span>
    </p>
   </div>
   <div class='ocr_carea' id='block_1_2' title="bbox 99 223 1049 2080">
    <p class='ocr_par' dir='ltr' id='par_1_2' title="bbox 99 223 1049 2080">
     <span class='ocr_line' id='line_1_2' title="bbox 101 223 1041 274; baseline -0.005 -9"><span class='ocrx_word' id='word_1_7' title='bbox 101 227 364 265; x_wconf 84' lang='lat' dir='ltr'>Romanorum</span> <span class='ocrx_word' id='word_1_8' title='bbox 380 254 389 270; x_wconf 91' lang='lat'>,</span> <span class='ocrx_word' id='word_1_9' title='bbox 422 224 623 274; x_wconf 81' lang='lat' dir='ltr'>ipsumque</span> <span class='ocrx_word' id='word_1_10' title='bbox 656 224 874 274; x_wconf 80' lang='lat' dir='ltr'>Eugenium</span> <span class='ocrx_word' id='word_1_11' title='bbox 895 224 967 274; x_wconf 91' lang='lat' dir='ltr'>Pp.</span> <span class='ocrx_word' id='word_1_12' title='bbox 1003 223 1041 261; x_wconf 92' lang='lat' dir='ltr'>in</span> 
     </span>
     <span class='ocr_line' id='line_1_3' title="bbox 101 278 1041 328; baseline -0.003 -11"><span class='ocrx_word' id='word_1_13' title='bbox 101 283 232 328; x_wconf 83' lang='lat' dir='ltr'>partes</span> <span class='ocrx_word' id='word_1_14' title='bbox 251 289 340 315; x_wconf 87' lang='lat' dir='ltr'>suas</span> <span class='ocrx_word' id='word_1_15' title='bbox 360 279 586 326; x_wconf 72' lang='lat' dir='ltr'>pertrahere</span> <span class='ocrx_word' id='word_1_16' title='bbox 607 282 767 316; x_wconf 76' lang='lat' dir='ltr'>conatus</span> <span class='ocrx_word' id='word_1_17' title='bbox 787 278 926 315; x_wconf 83' lang='lat' dir='ltr'>fuerat.</span> <span class='ocrx_word' id='word_1_18' title='bbox 955 279 1041 316; x_wconf 91' lang='lat' dir='ltr'>An-</span> 
     </span>
     <span class='ocr_line' id='line_1_4' title="bbox 101 331 1043 380; baseline -0.002 -11"><span class='ocrx_word' id='word_1_19' title='bbox 101 344 149 369; x_wconf 92' lang='lat' dir='ltr'>no</span> <span class='ocrx_word' id='word_1_20' title='bbox 167 331 306 380; x_wconf 89' lang='lat' dir='ltr'>quippe</span> <span class='ocrx_word' id='word_1_21' title='bbox 343 332 417 368; x_wconf 68' lang='lat'>82³4</span> <span class='ocrx_word' id='word_1_22' title='bbox 448 332 529 369; x_wconf 83' lang='lat' dir='ltr'>eius</span> <span class='ocrx_word' id='word_1_23' title='bbox 549 331 665 379; x_wconf 77' lang='lat' dir='ltr'>legati</span> <span class='ocrx_word' id='word_1_24' title='bbox 686 332 723 368; x_wconf 92' lang='lat' dir='ltr'>in</span> <span class='ocrx_word' id='word_1_25' title='bbox 744 331 908 368; x_wconf 78' lang='lat' dir='ltr'>Galliam</span> <span class='ocrx_word' id='word_1_26' title='bbox 925 342 1043 367; x_wconf 88' lang='lat' dir='ltr'>vene—</span> 
     </span>
     <span class='ocr_line' id='line_1_5' title="bbox 100 384 1043 433; baseline -0.002 -12"><span class='ocrx_word' id='word_1_27' title='bbox 100 390 206 429; x_wconf 82' lang='lat' dir='ltr'>runt,</span> <span class='ocrx_word' id='word_1_28' title='bbox 226 396 388 421; x_wconf 84' lang='lat' dir='ltr'>munera</span> <span class='ocrx_word' id='word_1_29' title='bbox 408 384 636 433; x_wconf 81' lang='lat' dir='ltr'>litterasque</span> <span class='ocrx_word' id='word_1_30' title='bbox 658 386 824 422; x_wconf 81' lang='lat' dir='ltr'>ferentes</span> <span class='ocrx_word' id='word_1_31' title='bbox 852 384 899 420; x_wconf 86' lang='lat' dir='ltr'>ad</span> <span class='ocrx_word' id='word_1_32' title='bbox 921 384 1043 421; x_wconf 88' lang='lat' dir='ltr'>Ludo-</span> 
     </span>
     <span class='ocr_line' id='line_1_6' title="bbox 100 436 1043 485; baseline 0.001 -13"><span class='ocrx_word' id='word_1_33' title='bbox 100 437 228 474; x_wconf 87' lang='lat' dir='ltr'>vicum</span> <span class='ocrx_word' id='word_1_34' title='bbox 249 437 518 485; x_wconf 79' lang='lat' dir='ltr'>imperatorem</span> <span class='ocrx_word' id='word_1_35' title='bbox 541 447 580 475; x_wconf 80' lang='lat' dir='ltr'>et</span> <span class='ocrx_word' id='word_1_36' title='bbox 605 438 653 475; x_wconf 88' lang='lat' dir='ltr'>ad</span> <span class='ocrx_word' id='word_1_37' title='bbox 675 438 720 474; x_wconf 92' lang='lat' dir='ltr'>R.</span> <span class='ocrx_word' id='word_1_38' title='bbox 743 436 979 474; x_wconf 79' lang='lat' dir='ltr'>Pontificem.</span> <span class='ocrx_word' id='word_1_39' title='bbox 1002 437 1043 473; x_wconf 93' lang='lat' dir='ltr'>In</span> 
     </span>
     <span class='ocr_line' id='line_1_7' title="bbox 99 489 1045 538; baseline 0 -12"><span class='ocrx_word' id='word_1_40' title='bbox 99 490 160 527; x_wconf 89' lang='lat' dir='ltr'>his</span> <span class='ocrx_word' id='word_1_41' title='bbox 193 489 333 527; x_wconf 85' lang='lat' dir='ltr'>litteris</span> <span class='ocrx_word' id='word_1_42' title='bbox 365 490 533 528; x_wconf 75' lang='lat' dir='ltr'>Michael</span> <span class='ocrx_word' id='word_1_43' title='bbox 554 502 693 538; x_wconf 86' lang='lat' dir='ltr'>magna</span> <span class='ocrx_word' id='word_1_44' title='bbox 721 500 810 526; x_wconf 90' lang='lat' dir='ltr'>eum</span> <span class='ocrx_word' id='word_1_45' title='bbox 831 489 1045 526; x_wconf 85' lang='lat' dir='ltr'>calliditate</span> 
     </span>
     <span class='ocr_line' id='line_1_8' title="bbox 100 541 1047 592; baseline -0.003 -12"><span class='ocrx_word' id='word_1_46' title='bbox 100 542 346 592; x_wconf 81' lang='lat' dir='ltr'>significabat</span> <span class='ocrx_word' id='word_1_47' title='bbox 367 549 458 581; x_wconf 77' lang='lat' dir='ltr'>vota</span> <span class='ocrx_word' id='word_1_48' title='bbox 477 556 546 581; x_wconf 85' lang='lat' dir='ltr'>sua</span> <span class='ocrx_word' id='word_1_49' title='bbox 567 541 906 580; x_wconf 82' lang='lat' dir='ltr'>instaurandicum</span> <span class='ocrx_word' id='word_1_50' title='bbox 926 542 1047 578; x_wconf 93' lang='lat' dir='ltr'>Ludo-</span> 
     </span>
     <span class='ocr_line' id='line_1_9' title="bbox 99 594 1043 642; baseline -0.003 -9"><span class='ocrx_word' id='word_1_51' title='bbox 99 596 185 633; x_wconf 89' lang='lat' dir='ltr'>vico</span> <span class='ocrx_word' id='word_1_52' title='bbox 214 599 355 633; x_wconf 86' lang='lat' dir='ltr'>etcum</span> <span class='ocrx_word' id='word_1_53' title='bbox 376 598 424 634; x_wconf 88' lang='lat' dir='ltr'>R.</span> <span class='ocrx_word' id='word_1_54' title='bbox 443 596 629 633; x_wconf 85' lang='lat' dir='ltr'>Pontifice</span> <span class='ocrx_word' id='word_1_55' title='bbox 647 594 903 640; x_wconf 61' lang='lat' dir='ltr'>concordiann</span> <span class='ocrx_word' id='word_1_56' title='bbox 925 594 1043 642; x_wconf 87' lang='lat' dir='ltr'>perfi-</span> 
     </span>
     <span class='ocr_line' id='line_1_10' title="bbox 101 647 1043 697; baseline -0.003 -11"><span class='ocrx_word' id='word_1_57' title='bbox 101 648 148 686; x_wconf 90' lang='lat' dir='ltr'>de</span> <span class='ocrx_word' id='word_1_58' title='bbox 179 650 415 697; x_wconf 78' lang='lat' dir='ltr'>querebatur</span> <span class='ocrx_word' id='word_1_59' title='bbox 443 650 490 686; x_wconf 91' lang='lat' dir='ltr'>de</span> <span class='ocrx_word' id='word_1_60' title='bbox 518 649 766 686; x_wconf 77' lang='lat' dir='ltr'>ecclesiarum</span> <span class='ocrx_word' id='word_1_61' title='bbox 796 647 899 684; x_wconf 87' lang='lat' dir='ltr'>circa</span> <span class='ocrx_word' id='word_1_62' title='bbox 927 647 1043 695; x_wconf 84' lang='lat' dir='ltr'>imagi</span> 
     </span>
     <span class='ocr_line' id='line_1_11' title="bbox 102 700 1045 750; baseline -0.001 -12"><span class='ocrx_word' id='word_1_63' title='bbox 102 714 170 739; x_wconf 88' lang='lat' dir='ltr'>nes</span> <span class='ocrx_word' id='word_1_64' title='bbox 202 702 413 747; x_wconf 79' lang='lat' dir='ltr'>discordia,</span> <span class='ocrx_word' id='word_1_65' title='bbox 443 703 564 750; x_wconf 89' lang='lat' dir='ltr'>deque</span> <span class='ocrx_word' id='word_1_66' title='bbox 590 700 865 750; x_wconf 77' lang='lat' dir='ltr'>superstitiosis</span> <span class='ocrx_word' id='word_1_67' title='bbox 892 700 1045 745; x_wconf 86' lang='lat' dir='ltr'>ritibus,</span> 
     </span>
     <span class='ocr_line' id='line_1_12' title="bbox 101 753 1046 804; baseline -0.002 -12"><span class='ocrx_word' id='word_1_68' title='bbox 101 767 195 803; x_wconf 89' lang='lat' dir='ltr'>quos</span> <span class='ocrx_word' id='word_1_69' title='bbox 215 757 264 792; x_wconf 86' lang='lat' dir='ltr'>ab</span> <span class='ocrx_word' id='word_1_70' title='bbox 279 756 489 804; x_wconf 74' lang='lat' dir='ltr'>imaginum</span> <span class='ocrx_word' id='word_1_71' title='bbox 512 754 734 798; x_wconf 86' lang='lat' dir='ltr'>cultoribus,</span> <span class='ocrx_word' id='word_1_72' title='bbox 755 753 792 790; x_wconf 92' lang='lat' dir='ltr'>id</span> <span class='ocrx_word' id='word_1_73' title='bbox 812 755 869 791; x_wconf 90' lang='lat' dir='ltr'>est</span> <span class='ocrx_word' id='word_1_74' title='bbox 889 753 1046 790; x_wconf 88' lang='lat' dir='ltr'>Graecis</span> 
     </span>
     <span class='ocr_line' id='line_1_13' title="bbox 101 806 1047 854; baseline -0.002 -10"><span class='ocrx_word' id='word_1_75' title='bbox 101 809 339 852; x_wconf 79' lang='lat' dir='ltr'>orthodoxis,</span> <span class='ocrx_word' id='word_1_76' title='bbox 360 807 564 851; x_wconf 83' lang='lat' dir='ltr'>exserceri,</span> <span class='ocrx_word' id='word_1_77' title='bbox 584 807 679 844; x_wconf 85' lang='lat' dir='ltr'>falso</span> <span class='ocrx_word' id='word_1_78' title='bbox 699 807 909 851; x_wconf 81' lang='lat' dir='ltr'>asserebat3</span> <span class='ocrx_word' id='word_1_79' title='bbox 924 806 1047 854; x_wconf 88' lang='lat' dir='ltr'>proin-</span> 
     </span>
     <span class='ocr_line' id='line_1_14' title="bbox 102 859 1046 908; baseline -0.002 -10"><span class='ocrx_word' id='word_1_80' title='bbox 102 862 150 898; x_wconf 93' lang='lat' dir='ltr'>de</span> <span class='ocrx_word' id='word_1_81' title='bbox 171 861 412 898; x_wconf 85' lang='lat' dir='ltr'>Ludovicum</span> <span class='ocrx_word' id='word_1_82' title='bbox 429 861 773 908; x_wconf 83' lang='lat' dir='ltr'>deprecabatur,ut</span> <span class='ocrx_word' id='word_1_83' title='bbox 787 859 936 907; x_wconf 84' lang='lat' dir='ltr'>legatos</span> <span class='ocrx_word' id='word_1_84' title='bbox 956 871 1046 896; x_wconf 87' lang='lat' dir='ltr'>suos</span> 
     </span>
     <span class='ocr_line' id='line_1_15' title="bbox 102 912 1046 961; baseline -0.003 -10"><span class='ocrx_word' id='word_1_85' title='bbox 102 925 257 951; x_wconf 84' lang='lat' dir='ltr'>securos</span> <span class='ocrx_word' id='word_1_86' title='bbox 278 915 440 951; x_wconf 83' lang='lat' dir='ltr'>Romam</span> <span class='ocrx_word' id='word_1_87' title='bbox 461 913 681 958; x_wconf 84' lang='lat' dir='ltr'>deduceret,</span> <span class='ocrx_word' id='word_1_88' title='bbox 694 913 739 950; x_wconf 91' lang='lat' dir='ltr'>ed</span> <span class='ocrx_word' id='word_1_89' title='bbox 758 913 858 961; x_wconf 85' lang='lat' dir='ltr'>apud</span> <span class='ocrx_word' id='word_1_90' title='bbox 881 913 926 949; x_wconf 90' lang='lat' dir='ltr'>R.</span> <span class='ocrx_word' id='word_1_91' title='bbox 943 912 1046 949; x_wconf 89' lang='lat' dir='ltr'>Pon-</span> 
     </span>
     <span class='ocr_line' id='line_1_16' title="bbox 101 965 1047 1014; baseline -0.001 -11"><span class='ocrx_word' id='word_1_92' title='bbox 101 966 249 1004; x_wconf 85' lang='lat' dir='ltr'>tificem</span> <span class='ocrx_word' id='word_1_93' title='bbox 269 968 308 1004; x_wconf 92' lang='lat' dir='ltr'>in</span> <span class='ocrx_word' id='word_1_94' title='bbox 328 967 559 1003; x_wconf 84' lang='lat' dir='ltr'>demandato</span> <span class='ocrx_word' id='word_1_95' title='bbox 580 966 635 1004; x_wconf 90' lang='lat' dir='ltr'>eis</span> <span class='ocrx_word' id='word_1_96' title='bbox 656 966 808 1014; x_wconf 86' lang='lat' dir='ltr'>negotio</span> <span class='ocrx_word' id='word_1_97' title='bbox 829 965 1047 1011; x_wconf 86' lang='lat' dir='ltr'>adiuvaret,</span> 
     </span>
     <span class='ocr_line' id='line_1_17' title="bbox 104 1019 844 1068; baseline -0.001 -12"><span class='ocrx_word' id='word_1_98' title='bbox 104 1031 178 1068; x_wconf 87' lang='lat' dir='ltr'>quo</span> <span class='ocrx_word' id='word_1_99' title='bbox 197 1020 408 1057; x_wconf 84' lang='lat' dir='ltr'>discordiae</span> <span class='ocrx_word' id='word_1_100' title='bbox 428 1019 513 1056; x_wconf 89' lang='lat' dir='ltr'>finis</span> <span class='ocrx_word' id='word_1_101' title='bbox 533 1019 844 1057; x_wconf 80' lang='lat' dir='ltr'>constitueretur.</span> 
     </span>
     <span class='ocr_line' id='line_1_18' title="bbox 158 1071 1049 1120; baseline -0.002 -10"><span class='ocrx_word' id='word_1_102' title='bbox 158 1073 375 1110; x_wconf 86' lang='lat' dir='ltr'>Ludovicus</span> <span class='ocrx_word' id='word_1_103' title='bbox 396 1072 490 1109; x_wconf 89' lang='lat' dir='ltr'>Pius</span> <span class='ocrx_word' id='word_1_104' title='bbox 509 1071 652 1110; x_wconf 86' lang='lat' dir='ltr'>fucatis</span> <span class='ocrx_word' id='word_1_105' title='bbox 666 1073 912 1120; x_wconf 87' lang='lat' dir='ltr'>imperatoris</span> <span class='ocrx_word' id='word_1_106' title='bbox 931 1072 1049 1109; x_wconf 87' lang='lat' dir='ltr'>Grae-</span> 
     </span>
     <span class='ocr_line' id='line_1_19' title="bbox 102 1125 1049 1174; baseline 0 -12"><span class='ocrx_word' id='word_1_107' title='bbox 102 1126 135 1162; x_wconf 92' lang='lat' dir='ltr'>ci</span> <span class='ocrx_word' id='word_1_108' title='bbox 170 1125 542 1174; x_wconf 81' lang='lat' dir='ltr'>expostulationibus</span> <span class='ocrx_word' id='word_1_109' title='bbox 575 1128 613 1163; x_wconf 90' lang='lat' dir='ltr'>et</span> <span class='ocrx_word' id='word_1_110' title='bbox 639 1125 788 1162; x_wconf 88' lang='lat' dir='ltr'>callidis</span> <span class='ocrx_word' id='word_1_111' title='bbox 807 1125 1049 1174; x_wconf 76' lang='lat' dir='ltr'>argumentis</span> 
     </span>
     <span class='ocr_line' id='line_1_20' title="bbox 102 1178 1048 1227; baseline 0.001 -12"><span class='ocrx_word' id='word_1_112' title='bbox 102 1190 215 1217; x_wconf 86' lang='lat' dir='ltr'>aures</span> <span class='ocrx_word' id='word_1_113' title='bbox 234 1178 384 1216; x_wconf 83' lang='lat' dir='ltr'>facilius</span> <span class='ocrx_word' id='word_1_114' title='bbox 411 1179 615 1227; x_wconf 80' lang='lat' dir='ltr'>praebens,</span> <span class='ocrx_word' id='word_1_115' title='bbox 635 1191 722 1215; x_wconf 91' lang='lat' dir='ltr'>cum</span> <span class='ocrx_word' id='word_1_116' title='bbox 744 1179 978 1216; x_wconf 87' lang='lat' dir='ltr'>Graecorum</span> <span class='ocrx_word' id='word_1_117' title='bbox 999 1178 1048 1216; x_wconf 90' lang='lat' dir='ltr'>le-</span> 
     </span>
     <span class='ocr_line' id='line_1_21' title="bbox 102 1232 1044 1280; baseline 0 -12"><span class='ocrx_word' id='word_1_118' title='bbox 102 1233 202 1278; x_wconf 70' lang='lat' dir='ltr'>garis</span> <span class='ocrx_word' id='word_1_119' title='bbox 220 1232 386 1269; x_wconf 83' lang='lat' dir='ltr'>Romam</span> <span class='ocrx_word' id='word_1_120' title='bbox 406 1232 551 1269; x_wconf 77' lang='lat' dir='ltr'>direxit</span> <span class='ocrx_word' id='word_1_121' title='bbox 567 1232 803 1275; x_wconf 84' lang='lat' dir='ltr'>Freculfum,</span> <span class='ocrx_word' id='word_1_122' title='bbox 826 1232 1044 1280; x_wconf 88' lang='lat' dir='ltr'>episcopum</span> 
     </span>
     <span class='ocr_line' id='line_1_22' title="bbox 103 1285 1046 1334; baseline 0 -12"><span class='ocrx_word' id='word_1_123' title='bbox 103 1285 382 1323; x_wconf 87' lang='lat' dir='ltr'>Lexoviensem</span> <span class='ocrx_word' id='word_1_124' title='bbox 398 1285 697 1333; x_wconf 76' lang='lat' dir='ltr'>et.Adega1·ium‚</span> <span class='ocrx_word' id='word_1_125' title='bbox 710 1285 897 1334; x_wconf 88' lang='lat' dir='ltr'>petiitque</span> <span class='ocrx_word' id='word_1_126' title='bbox 911 1286 957 1322; x_wconf 88' lang='lat' dir='ltr'>ab</span> <span class='ocrx_word' id='word_1_127' title='bbox 974 1285 1046 1322; x_wconf 90' lang='lat' dir='ltr'>Eu-</span> 
     </span>
     <span class='ocr_line' id='line_1_23' title="bbox 101 1337 1047 1387; baseline 0 -12"><span class='ocrx_word' id='word_1_128' title='bbox 101 1337 213 1385; x_wconf 84' lang='lat' dir='ltr'>genio</span> <span class='ocrx_word' id='word_1_129' title='bbox 241 1337 311 1387; x_wconf 94' lang='lat' dir='ltr'>Pp.</span> <span class='ocrx_word' id='word_1_130' title='bbox 341 1340 573 1386; x_wconf 88' lang='lat' dir='ltr'>potestatem</span> <span class='ocrx_word' id='word_1_131' title='bbox 611 1338 871 1387; x_wconf 87' lang='lat' dir='ltr'>congregandi</span> <span class='ocrx_word' id='word_1_132' title='bbox 900 1340 1047 1376; x_wconf 88' lang='lat' dir='ltr'>doctio-</span> 
     </span>
     <span class='ocr_line' id='line_1_24' title="bbox 100 1390 1046 1440; baseline 0 -12"><span class='ocrx_word' id='word_1_133' title='bbox 100 1401 162 1428; x_wconf 84' lang='lat' dir='ltr'>res</span> <span class='ocrx_word' id='word_1_134' title='bbox 181 1390 282 1428; x_wconf 90' lang='lat' dir='ltr'>inter</span> <span class='ocrx_word' id='word_1_135' title='bbox 300 1391 508 1440; x_wconf 87' lang='lat' dir='ltr'>episcopos,</span> <span class='ocrx_word' id='word_1_136' title='bbox 523 1392 588 1439; x_wconf 87' lang='lat' dir='ltr'>qui</span> <span class='ocrx_word' id='word_1_137' title='bbox 606 1396 782 1428; x_wconf 87' lang='lat' dir='ltr'>veterum</span> <span class='ocrx_word' id='word_1_138' title='bbox 800 1392 961 1429; x_wconf 88' lang='lat' dir='ltr'>Patrum</span> <span class='ocrx_word' id='word_1_139' title='bbox 983 1395 1046 1428; x_wconf 90' lang='lat' dir='ltr'>te-</span> 
     </span>
     <span class='ocr_line' id='line_1_25' title="bbox 101 1443 1046 1493; baseline 0.002 -13"><span class='ocrx_word' id='word_1_140' title='bbox 101 1443 281 1481; x_wconf 88' lang='lat' dir='ltr'>stimonia</span> <span class='ocrx_word' id='word_1_141' title='bbox 313 1444 360 1481; x_wconf 89' lang='lat' dir='ltr'>de</span> <span class='ocrx_word' id='word_1_142' title='bbox 380 1444 614 1493; x_wconf 89' lang='lat' dir='ltr'>imaginibus</span> <span class='ocrx_word' id='word_1_143' title='bbox 636 1446 873 1482; x_wconf 86' lang='lat' dir='ltr'>Sanctorum</span> <span class='ocrx_word' id='word_1_144' title='bbox 889 1445 1046 1493; x_wconf 80' lang='lat' dir='ltr'>collige·</span> 
     </span>
     <span class='ocr_line' id='line_1_26' title="bbox 99 1498 1048 1546; baseline 0.001 -13"><span class='ocrx_word' id='word_1_145' title='bbox 99 1500 203 1540; x_wconf 87' lang='lat' dir='ltr'>rent,</span> <span class='ocrx_word' id='word_1_146' title='bbox 221 1499 260 1534; x_wconf 89' lang='lat' dir='ltr'>et</span> <span class='ocrx_word' id='word_1_147' title='bbox 280 1509 348 1546; x_wconf 91' lang='lat' dir='ltr'>pro</span> <span class='ocrx_word' id='word_1_148' title='bbox 363 1499 627 1546; x_wconf 88' lang='lat' dir='ltr'>componenda</span> <span class='ocrx_word' id='word_1_149' title='bbox 641 1498 890 1536; x_wconf 88' lang='lat' dir='ltr'>ecclesiarum</span> <span class='ocrx_word' id='word_1_150' title='bbox 909 1499 1048 1535; x_wconf 84' lang='lat' dir='ltr'>discor-</span> 
     </span>
     <span class='ocr_line' id='line_1_27' title="bbox 100 1551 1045 1589; baseline 0.001 -2"><span class='ocrx_word' id='word_1_151' title='bbox 100 1551 162 1587; x_wconf 89' lang='lat' dir='ltr'>dia</span> <span class='ocrx_word' id='word_1_152' title='bbox 173 1551 340 1587; x_wconf 86' lang='lat' dir='ltr'>Romam</span> <span class='ocrx_word' id='word_1_153' title='bbox 359 1552 682 1589; x_wconf 83' lang='lat' dir='ltr'>transmitterent.</span> <span class='ocrx_word' id='word_1_154' title='bbox 702 1551 848 1589; x_wconf 80' lang='lat' dir='ltr'>Annuit</span> <span class='ocrx_word' id='word_1_155' title='bbox 863 1551 1045 1589; x_wconf 72' lang='lat' dir='ltr'>Pontifex</span> 
     </span>
     <span class='ocr_line' id='line_1_28' title="bbox 99 1604 1046 1654; baseline 0.002 -14"><span class='ocrx_word' id='word_1_156' title='bbox 99 1606 139 1641; x_wconf 87' lang='lat' dir='ltr'>et</span> <span class='ocrx_word' id='word_1_157' title='bbox 158 1604 378 1641; x_wconf 86' lang='lat' dir='ltr'>Ludovicus</span> <span class='ocrx_word' id='word_1_158' title='bbox 399 1616 501 1641; x_wconf 89' lang='lat' dir='ltr'>anno</span> <span class='ocrx_word' id='word_1_159' title='bbox 521 1604 599 1642; x_wconf 78' lang='lat'>825</span> <span class='ocrx_word' id='word_1_160' title='bbox 622 1605 768 1653; x_wconf 77' lang='lat' dir='ltr'>aliquot</span> <span class='ocrx_word' id='word_1_161' title='bbox 792 1605 987 1654; x_wconf 88' lang='lat' dir='ltr'>episcopos</span> <span class='ocrx_word' id='word_1_162' title='bbox 1008 1608 1046 1642; x_wconf 87' lang='lat' dir='ltr'>et</span> 
     </span>
     <span class='ocr_line' id='line_1_29' title="bbox 99 1656 1044 1707; baseline 0.003 -14"><span class='ocrx_word' id='word_1_163' title='bbox 99 1656 204 1694; x_wconf 89' lang='lat' dir='ltr'>viros</span> <span class='ocrx_word' id='word_1_164' title='bbox 237 1657 368 1695; x_wconf 86' lang='lat' dir='ltr'>doctos</span> <span class='ocrx_word' id='word_1_165' title='bbox 388 1657 548 1695; x_wconf 89' lang='lat' dir='ltr'>Parisiis</span> <span class='ocrx_word' id='word_1_166' title='bbox 569 1658 836 1707; x_wconf 80' lang='lat' dir='ltr'>congregavit.</span> <span class='ocrx_word' id='word_1_167' title='bbox 858 1659 907 1695; x_wconf 91' lang='lat' dir='ltr'>Hi</span> <span class='ocrx_word' id='word_1_168' title='bbox 928 1670 1044 1706; x_wconf 86' lang='lat' dir='ltr'>prae-</span> 
     </span>
     <span class='ocr_line' id='line_1_30' title="bbox 99 1710 1046 1749; baseline 0.002 -2"><span class='ocrx_word' id='word_1_169' title='bbox 99 1710 200 1748; x_wconf 91' lang='lat' dir='ltr'>sules</span> <span class='ocrx_word' id='word_1_170' title='bbox 229 1710 334 1747; x_wconf 87' lang='lat' dir='ltr'>ducti</span> <span class='ocrx_word' id='word_1_171' title='bbox 359 1711 483 1747; x_wconf 86' lang='lat' dir='ltr'>veteri</span> <span class='ocrx_word' id='word_1_172' title='bbox 504 1722 635 1748; x_wconf 88' lang='lat' dir='ltr'>errore</span> <span class='ocrx_word' id='word_1_173' title='bbox 656 1711 702 1748; x_wconf 86' lang='lat' dir='ltr'>de</span> <span class='ocrx_word' id='word_1_174' title='bbox 722 1711 880 1748; x_wconf 87' lang='lat' dir='ltr'>concilio</span> <span class='ocrx_word' id='word_1_175' title='bbox 900 1712 1046 1749; x_wconf 84' lang='lat' dir='ltr'>Nicae-</span> 
     </span>
     <span class='ocr_line' id='line_1_31' title="bbox 100 1763 1043 1811; baseline 0.002 -11"><span class='ocrx_word' id='word_1_176' title='bbox 100 1775 167 1810; x_wconf 93' lang='lat' dir='ltr'>no,</span> <span class='ocrx_word' id='word_1_177' title='bbox 187 1775 233 1800; x_wconf 89' lang='lat' dir='ltr'>ac</span> <span class='ocrx_word' id='word_1_178' title='bbox 261 1764 293 1801; x_wconf 90' lang='lat' dir='ltr'>si</span> <span class='ocrx_word' id='word_1_179' title='bbox 311 1763 350 1800; x_wconf 91' lang='lat' dir='ltr'>in</span> <span class='ocrx_word' id='word_1_180' title='bbox 371 1775 415 1800; x_wconf 91' lang='lat' dir='ltr'>eo</span> <span class='ocrx_word' id='word_1_181' title='bbox 435 1764 671 1811; x_wconf 83' lang='lat' dir='ltr'>imaginibus</span> <span class='ocrx_word' id='word_1_182' title='bbox 691 1765 923 1802; x_wconf 85' lang='lat' dir='ltr'>Sanctorum</span> <span class='ocrx_word' id='word_1_183' title='bbox 943 1765 1043 1802; x_wconf 88' lang='lat' dir='ltr'>idem</span> 
     </span>
     <span class='ocr_line' id='line_1_32' title="bbox 100 1816 1045 1855; baseline 0.001 -1"><span class='ocrx_word' id='word_1_184' title='bbox 100 1829 146 1853; x_wconf 84' lang='lat' dir='ltr'>ac</span> <span class='ocrx_word' id='word_1_185' title='bbox 175 1816 343 1854; x_wconf 86' lang='lat' dir='ltr'>Deificae</span> <span class='ocrx_word' id='word_1_186' title='bbox 363 1817 548 1854; x_wconf 89' lang='lat' dir='ltr'>Trinitati</span> <span class='ocrx_word' id='word_1_187' title='bbox 569 1818 699 1855; x_wconf 91' lang='lat' dir='ltr'>cultus</span> <span class='ocrx_word' id='word_1_188' title='bbox 714 1818 857 1855; x_wconf 76' lang='lat' dir='ltr'>fuisset</span> <span class='ocrx_word' id='word_1_189' title='bbox 877 1818 1045 1855; x_wconf 86' lang='lat' dir='ltr'>attribu-</span> 
     </span>
     <span class='ocr_line' id='line_1_33' title="bbox 99 1869 1046 1918; baseline 0.002 -12"><span class='ocrx_word' id='word_1_190' title='bbox 99 1874 177 1915; x_wconf 88' lang='lat' dir='ltr'>tus,</span> <span class='ocrx_word' id='word_1_191' title='bbox 214 1869 404 1918; x_wconf 88' lang='lat' dir='ltr'>fidemque</span> <span class='ocrx_word' id='word_1_192' title='bbox 441 1871 628 1908; x_wconf 82' lang='lat' dir='ltr'>habentes</span> <span class='ocrx_word' id='word_1_193' title='bbox 668 1869 810 1909; x_wconf 90' lang='lat' dir='ltr'>litteris</span> <span class='ocrx_word' id='word_1_194' title='bbox 844 1871 1046 1910; x_wconf 73' lang='lat' dir='ltr'>Michaelis</span> 
     </span>
     <span class='ocr_line' id='line_1_34' title="bbox 99 1923 1046 1973; baseline 0.002 -13"><span class='ocrx_word' id='word_1_195' title='bbox 99 1923 215 1960; x_wconf 88' lang='lat' dir='ltr'>Balbi</span> <span class='ocrx_word' id='word_1_196' title='bbox 240 1924 287 1961; x_wconf 89' lang='lat' dir='ltr'>de</span> <span class='ocrx_word' id='word_1_197' title='bbox 315 1923 498 1961; x_wconf 86' lang='lat' dir='ltr'>abusibus</span> <span class='ocrx_word' id='word_1_198' title='bbox 519 1924 557 1960; x_wconf 91' lang='lat' dir='ltr'>in</span> <span class='ocrx_word' id='word_1_199' title='bbox 578 1924 794 1973; x_wconf 83' lang='lat' dir='ltr'>imaginum</span> <span class='ocrx_word' id='word_1_200' title='bbox 816 1925 962 1962; x_wconf 88' lang='lat' dir='ltr'>cultum</span> <span class='ocrx_word' id='word_1_201' title='bbox 987 1927 1046 1962; x_wconf 91' lang='lat' dir='ltr'>in-</span> 
     </span>
     <span class='ocr_line' id='line_1_35' title="bbox 102 1977 1046 2021; baseline 0.003 -9"><span class='ocrx_word' id='word_1_202' title='bbox 102 1977 236 2021; x_wconf 90' lang='lat' dir='ltr'>vectis,</span> <span class='ocrx_word' id='word_1_203' title='bbox 272 1988 347 2013; x_wconf 92' lang='lat' dir='ltr'>non</span> <span class='ocrx_word' id='word_1_204' title='bbox 371 1979 524 2014; x_wconf 87' lang='lat' dir='ltr'>tantum</span> <span class='ocrx_word' id='word_1_205' title='bbox 567 1989 739 2015; x_wconf 89' lang='lat' dir='ltr'>errorem</span> <span class='ocrx_word' id='word_1_206' title='bbox 769 1978 1046 2015; x_wconf 85' lang='lat' dir='ltr'>Iconomaebo-</span> 
     </span>
     <span class='ocr_line' id='line_1_36' title="bbox 99 2030 1049 2080; baseline 0.002 -14"><span class='ocrx_word' id='word_1_207' title='bbox 99 2041 201 2076; x_wconf 87' lang='lat' dir='ltr'>rum,</span> <span class='ocrx_word' id='word_1_208' title='bbox 216 2030 282 2078; x_wconf 91' lang='lat' dir='ltr'>qui</span> <span class='ocrx_word' id='word_1_209' title='bbox 300 2030 489 2078; x_wconf 78' lang='lat' dir='ltr'>imagines</span> <span class='ocrx_word' id='word_1_210' title='bbox 509 2030 769 2079; x_wconf 87' lang='lat' dir='ltr'>despiciebant</span> <span class='ocrx_word' id='word_1_211' title='bbox 784 2035 822 2068; x_wconf 90' lang='lat' dir='ltr'>et</span> <span class='ocrx_word' id='word_1_212' title='bbox 837 2031 1049 2080; x_wconf 87' lang='lat' dir='ltr'>confringe-</span> 
     </span>
    </p>
   </div>
   <div class='ocr_carea' id='block_1_3' title="bbox 100 2083 1073 2132">
    <p class='ocr_par' dir='ltr' id='par_1_3' title="bbox 100 2083 1073 2132">
     <span class='ocr_line' id='line_1_37' title="bbox 100 2083 1073 2132; baseline 0.003 -13"><span class='ocrx_word' id='word_1_213' title='bbox 100 2083 206 2128; x_wconf 87' lang='lat' dir='ltr'>bant,</span> <span class='ocrx_word' id='word_1_214' title='bbox 227 2086 266 2120; x_wconf 90' lang='lat' dir='ltr'>et</span> <span class='ocrx_word' id='word_1_215' title='bbox 294 2083 608 2132; x_wconf 86' lang='lat' dir='ltr'>superstitionem</span> <span class='ocrx_word' id='word_1_216' title='bbox 635 2084 721 2121; x_wconf 88' lang='lat' dir='ltr'>illas</span> <span class='ocrx_word' id='word_1_217' title='bbox 740 2084 874 2122; x_wconf 88' lang='lat' dir='ltr'>illicito</span> <span class='ocrx_word' id='word_1_218' title='bbox 895 2086 972 2122; x_wconf 86' lang='lat' dir='ltr'>ritu</span> <span class='ocrx_word' id='word_1_219' title='bbox 993 2097 1051 2122; x_wconf 91' lang='lat' dir='ltr'>co·</span> <span class='ocrx_word' id='word_1_220' title='bbox 1070 2093 1073 2114; x_wconf 71' lang='lat'>²</span> 
     </span>
    </p>
   </div>
   <div class='ocr_carea' id='block_1_4' title="bbox 100 2135 1052 2559">
    <p class='ocr_par' dir='ltr' id='par_1_4' title="bbox 100 2135 1052 2559">
     <span class='ocr_line' id='line_1_38' title="bbox 100 2135 1048 2185; baseline 0.003 -13"><span class='ocrx_word' id='word_1_221' title='bbox 100 2135 276 2182; x_wconf 90' lang='lat' dir='ltr'>lentium,</span> <span class='ocrx_word' id='word_1_222' title='bbox 306 2137 574 2185; x_wconf 86' lang='lat' dir='ltr'>reprobarunt,</span> <span class='ocrx_word' id='word_1_223' title='bbox 600 2138 666 2174; x_wconf 89' lang='lat' dir='ltr'>sed</span> <span class='ocrx_word' id='word_1_224' title='bbox 698 2138 816 2174; x_wconf 87' lang='lat' dir='ltr'>etiam</span> <span class='ocrx_word' id='word_1_225' title='bbox 846 2138 1048 2175; x_wconf 87' lang='lat' dir='ltr'>concilium</span> 
     </span>
     <span class='ocr_line' id='line_1_39' title="bbox 100 2188 1047 2239; baseline 0.003 -14"><span class='ocrx_word' id='word_1_226' title='bbox 100 2188 321 2226; x_wconf 86' lang='lat' dir='ltr'>Nicaenum</span> <span class='ocrx_word' id='word_1_227' title='bbox 341 2192 380 2227; x_wconf 90' lang='lat' dir='ltr'>et</span> <span class='ocrx_word' id='word_1_228' title='bbox 409 2189 598 2227; x_wconf 89' lang='lat' dir='ltr'>Hadriani</span> <span class='ocrx_word' id='word_1_229' title='bbox 618 2191 689 2239; x_wconf 90' lang='lat' dir='ltr'>Pp.</span> <span class='ocrx_word' id='word_1_230' title='bbox 711 2191 874 2237; x_wconf 84' lang='lat' dir='ltr'>litteras,</span> <span class='ocrx_word' id='word_1_231' title='bbox 894 2203 940 2229; x_wconf 90' lang='lat' dir='ltr'>ac</span> <span class='ocrx_word' id='word_1_232' title='bbox 959 2192 990 2229; x_wconf 91' lang='lat' dir='ltr'>si</span> <span class='ocrx_word' id='word_1_233' title='bbox 1008 2192 1047 2228; x_wconf 88' lang='lat' dir='ltr'>in</span> 
     </span>
     <span class='ocr_line' id='line_1_40' title="bbox 101 2241 1048 2294; baseline 0.004 -16"><span class='ocrx_word' id='word_1_234' title='bbox 101 2241 148 2279; x_wconf 91' lang='lat' dir='ltr'>iis</span> <span class='ocrx_word' id='word_1_235' title='bbox 181 2242 373 2280; x_wconf 89' lang='lat' dir='ltr'>indebitus</span> <span class='ocrx_word' id='word_1_236' title='bbox 407 2243 622 2291; x_wconf 82' lang='lat' dir='ltr'>imaginum</span> <span class='ocrx_word' id='word_1_237' title='bbox 655 2244 783 2282; x_wconf 88' lang='lat' dir='ltr'>cultus</span> <span class='ocrx_word' id='word_1_238' title='bbox 810 2244 950 2282; x_wconf 86' lang='lat' dir='ltr'>fuisset</span> <span class='ocrx_word' id='word_1_239' title='bbox 977 2257 1048 2294; x_wconf 89' lang='lat' dir='ltr'>ap-</span> 
     </span>
     <span class='ocr_line' id='line_1_41' title="bbox 102 2295 1049 2347; baseline 0.005 -17"><span class='ocrx_word' id='word_1_240' title='bbox 102 2295 288 2343; x_wconf 89' lang='lat' dir='ltr'>probatus</span> <span class='ocrx_word' id='word_1_241' title='bbox 305 2325 314 2342; x_wconf 89' lang='lat'>‚</span> <span class='ocrx_word' id='word_1_242' title='bbox 349 2297 706 2345; x_wconf 87' lang='lat' dir='ltr'>reprehenderunt,</span> <span class='ocrx_word' id='word_1_243' title='bbox 743 2301 1049 2347; x_wconf 84' lang='lat' dir='ltr'>statueruntque</span> 
     </span>
     <span class='ocr_line' id='line_1_42' title="bbox 105 2348 1050 2399; baseline 0.004 -15"><span class='ocrx_word' id='word_1_244' title='bbox 105 2359 127 2384; x_wconf 86' lang='lat'>«</span> <span class='ocrx_word' id='word_1_245' title='bbox 148 2348 246 2395; x_wconf 83' lang='lat' dir='ltr'>quod</span> <span class='ocrx_word' id='word_1_246' title='bbox 266 2349 454 2398; x_wconf 86' lang='lat' dir='ltr'>imagines</span> <span class='ocrx_word' id='word_1_247' title='bbox 475 2350 706 2387; x_wconf 82' lang='lat' dir='ltr'>Sanctorum</span> <span class='ocrx_word' id='word_1_248' title='bbox 722 2352 843 2388; x_wconf 91' lang='lat' dir='ltr'>stulta</span> <span class='ocrx_word' id='word_1_249' title='bbox 859 2363 1050 2399; x_wconf 85' lang='lat' dir='ltr'>praesum-</span> 
     </span>
     <span class='ocr_line' id='line_1_43' title="bbox 105 2401 1050 2453; baseline 0.005 -17"><span class='ocrx_word' id='word_1_250' title='bbox 105 2411 128 2436; x_wconf 85' lang='lat'>«</span> <span class='ocrx_word' id='word_1_251' title='bbox 149 2401 276 2448; x_wconf 86' lang='lat' dir='ltr'>ptione</span> <span class='ocrx_word' id='word_1_252' title='bbox 297 2413 371 2439; x_wconf 91' lang='lat' dir='ltr'>non</span> <span class='ocrx_word' id='word_1_253' title='bbox 390 2407 483 2440; x_wconf 90' lang='lat' dir='ltr'>sunt</span> <span class='ocrx_word' id='word_1_254' title='bbox 502 2403 811 2453; x_wconf 84' lang='lat' dir='ltr'>confringendae,</span> <span class='ocrx_word' id='word_1_255' title='bbox 832 2412 871 2441; x_wconf 87' lang='lat' dir='ltr'>et</span> <span class='ocrx_word' id='word_1_256' title='bbox 882 2405 929 2441; x_wconf 87' lang='lat' dir='ltr'>ad</span> <span class='ocrx_word' id='word_1_257' title='bbox 944 2405 1050 2441; x_wconf 90' lang='lat' dir='ltr'>iniu-</span> 
     </span>
     <span class='ocr_line' id='line_1_44' title="bbox 105 2453 1051 2506; baseline 0.006 -17"><span class='ocrx_word' id='word_1_258' title='bbox 105 2464 128 2490; x_wconf 91' lang='lat'>«</span> <span class='ocrx_word' id='word_1_259' title='bbox 148 2453 246 2490; x_wconf 86' lang='lat' dir='ltr'>riam</span> <span class='ocrx_word' id='word_1_260' title='bbox 271 2454 506 2492; x_wconf 84' lang='lat' dir='ltr'>Sanctorum</span> <span class='ocrx_word' id='word_1_261' title='bbox 527 2457 739 2494; x_wconf 84' lang='lat' dir='ltr'>abolendae</span> <span class='ocrx_word' id='word_1_262' title='bbox 761 2464 799 2494; x_wconf 85' lang='lat' dir='ltr'>et</span> <span class='ocrx_word' id='word_1_263' title='bbox 810 2459 962 2506; x_wconf 79' lang='lat' dir='ltr'>penitus</span> <span class='ocrx_word' id='word_1_264' title='bbox 983 2459 1051 2495; x_wconf 87' lang='lat' dir='ltr'>de-</span> 
     </span>
     <span class='ocr_line' id='line_1_45' title="bbox 104 2506 1052 2559; baseline 0.007 -17"><span class='ocrx_word' id='word_1_265' title='bbox 104 2518 127 2543; x_wconf 86' lang='lat'>«</span> <span class='ocrx_word' id='word_1_266' title='bbox 147 2506 454 2554; x_wconf 87' lang='lat' dir='ltr'>spiciendae,nec</span> <span class='ocrx_word' id='word_1_267' title='bbox 469 2510 683 2547; x_wconf 80' lang='lat' dir='ltr'>assertione</span> <span class='ocrx_word' id='word_1_268' title='bbox 702 2511 968 2559; x_wconf 88' lang='lat' dir='ltr'>superstitiosa</span> <span class='ocrx_word' id='word_1_269' title='bbox 985 2524 1052 2548; x_wconf 87' lang='lat' dir='ltr'>co-</span> 
     </span>
    </p>
   </div>
   <div class='ocr_carea' id='block_1_5' title="bbox 107 2559 1054 2612">
    <p class='ocr_par' dir='ltr' id='par_1_5' title="bbox 107 2559 1054 2612">
     <span class='ocr_line' id='line_1_46' title="bbox 107 2559 1054 2612; baseline 0.007 -17"><span class='ocrx_word' id='word_1_270' title='bbox 107 2571 129 2596; x_wconf 93' lang='lat'>«</span> <span class='ocrx_word' id='word_1_271' title='bbox 149 2559 286 2597; x_wconf 90' lang='lat' dir='ltr'>lendae</span> <span class='ocrx_word' id='word_1_272' title='bbox 307 2564 374 2597; x_wconf 86' lang='lat' dir='ltr'>aut</span> <span class='ocrx_word' id='word_1_273' title='bbox 394 2562 626 2609; x_wconf 80' lang='lat' dir='ltr'>adorandae3</span> <span class='ocrx_word' id='word_1_274' title='bbox 647 2564 711 2600; x_wconf 91' lang='lat' dir='ltr'>sed</span> <span class='ocrx_word' id='word_1_275' title='bbox 724 2564 849 2612; x_wconf 83' lang='lat' dir='ltr'>potius</span> <span class='ocrx_word' id='word_1_276' title='bbox 862 2565 1054 2602; x_wconf 87' lang='lat' dir='ltr'>huiusmo-</span> 
     </span>
    </p>
   </div>
   <div class='ocr_carea' id='block_1_6' title="bbox 103 2612 1052 3245">
    <p class='ocr_par' dir='ltr' id='par_1_6' title="bbox 103 2612 1052 3245">
     <span class='ocr_line' id='line_1_47' title="bbox 105 2612 1050 2663; baseline 0.008 -15"><span class='ocrx_word' id='word_1_277' title='bbox 105 2623 128 2649; x_wconf 82' lang='lat'>«</span> <span class='ocrx_word' id='word_1_278' title='bbox 147 2612 184 2649; x_wconf 91' lang='lat' dir='ltr'>di</span> <span class='ocrx_word' id='word_1_279' title='bbox 218 2613 491 2661; x_wconf 86' lang='lat' dir='ltr'>superstitione</span> <span class='ocrx_word' id='word_1_280' title='bbox 518 2619 680 2663; x_wconf 88' lang='lat' dir='ltr'>remota,</span> <span class='ocrx_word' id='word_1_281' title='bbox 700 2617 812 2654; x_wconf 70' lang='lat' dir='ltr'>iuxta</span> <span class='ocrx_word' id='word_1_282' title='bbox 834 2629 966 2656; x_wconf 83' lang='lat' dir='ltr'>veram</span> <span class='ocrx_word' id='word_1_283' title='bbox 986 2631 1050 2656; x_wconf 83' lang='lat' dir='ltr'>re-</span> 
     </span>
     <span class='ocr_line' id='line_1_48' title="bbox 105 2665 1050 2717; baseline 0.008 -16"><span class='ocrx_word' id='word_1_284' title='bbox 105 2677 128 2702; x_wconf 89' lang='lat'>«</span> <span class='ocrx_word' id='word_1_285' title='bbox 147 2665 342 2713; x_wconf 85' lang='lat' dir='ltr'>ligionem,</span> <span class='ocrx_word' id='word_1_286' title='bbox 377 2668 585 2705; x_wconf 87' lang='lat' dir='ltr'>memoriae</span> <span class='ocrx_word' id='word_1_287' title='bbox 619 2674 658 2706; x_wconf 84' lang='lat' dir='ltr'>et</span> <span class='ocrx_word' id='word_1_288' title='bbox 691 2670 833 2708; x_wconf 88' lang='lat' dir='ltr'>amoris</span> <span class='ocrx_word' id='word_1_289' title='bbox 852 2683 982 2717; x_wconf 87' lang='lat' dir='ltr'>causa,</span> <span class='ocrx_word' id='word_1_290' title='bbox 1004 2673 1050 2709; x_wconf 91' lang='lat' dir='ltr'>ob</span> 
     </span>
     <span class='ocr_line' id='line_1_49' title="bbox 103 2719 1049 2770; baseline 0.008 -15"><span class='ocrx_word' id='word_1_291' title='bbox 103 2729 126 2755; x_wconf 87' lang='lat'>«</span> <span class='ocrx_word' id='word_1_292' title='bbox 146 2719 454 2756; x_wconf 85' lang='lat' dir='ltr'>recordationem</span> <span class='ocrx_word' id='word_1_293' title='bbox 483 2732 628 2767; x_wconf 89' lang='lat' dir='ltr'>eorum,</span> <span class='ocrx_word' id='word_1_294' title='bbox 658 2734 822 2770; x_wconf 90' lang='lat' dir='ltr'>quorum</span> <span class='ocrx_word' id='word_1_295' title='bbox 838 2728 928 2762; x_wconf 86' lang='lat' dir='ltr'>sunt</span> <span class='ocrx_word' id='word_1_296' title='bbox 948 2725 1049 2762; x_wconf 84' lang='lat' dir='ltr'>ima-</span> 
     </span>
     <span class='ocr_line' id='line_1_50' title="bbox 104 2772 1049 2826; baseline 0.011 -19"><span class='ocrx_word' id='word_1_297' title='bbox 104 2783 126 2808; x_wconf 90' lang='lat'>‹&lt;</span> <span class='ocrx_word' id='word_1_298' title='bbox 145 2772 268 2818; x_wconf 87' lang='lat' dir='ltr'>gines,</span> <span class='ocrx_word' id='word_1_299' title='bbox 302 2772 518 2818; x_wconf 83' lang='lat' dir='ltr'>habendae,</span> <span class='ocrx_word' id='word_1_300' title='bbox 549 2774 650 2811; x_wconf 88' lang='lat' dir='ltr'>sicut</span> <span class='ocrx_word' id='word_1_301' title='bbox 669 2787 692 2812; x_wconf 92' lang='lat' dir='ltr'>a</span> <span class='ocrx_word' id='word_1_302' title='bbox 711 2776 753 2813; x_wconf 89' lang='lat' dir='ltr'>B.</span> <span class='ocrx_word' id='word_1_303' title='bbox 776 2778 962 2826; x_wconf 83' lang='lat' dir='ltr'>Gregorio</span> <span class='ocrx_word' id='word_1_304' title='bbox 983 2791 1049 2816; x_wconf 85' lang='lat' dir='ltr'>sa-</span> 
     </span>
     <span class='ocr_line' id='line_1_51' title="bbox 105 2825 1050 2876; baseline 0.01 -15"><span class='ocrx_word' id='word_1_305' title='bbox 105 2836 127 2861; x_wconf 85' lang='lat'>«</span> <span class='ocrx_word' id='word_1_306' title='bbox 146 2825 195 2861; x_wconf 89' lang='lat' dir='ltr'>tis</span> <span class='ocrx_word' id='word_1_307' title='bbox 213 2825 427 2862; x_wconf 84' lang='lat' dir='ltr'>catholicae</span> <span class='ocrx_word' id='word_1_308' title='bbox 447 2827 724 2876; x_wconf 85' lang='lat' dir='ltr'>perspicueque</span> <span class='ocrx_word' id='word_1_309' title='bbox 753 2830 896 2868; x_wconf 89' lang='lat' dir='ltr'>dictum</span> <span class='ocrx_word' id='word_1_310' title='bbox 918 2831 1050 2869; x_wconf 88' lang='lat' dir='ltr'>decla-</span> 
     </span>
     <span class='ocr_line' id='line_1_52' title="bbox 104 2878 1052 2922; baseline 0.009 -8"><span class='ocrx_word' id='word_1_311' title='bbox 104 2889 127 2914; x_wconf 86' lang='lat'><strong>«</strong></span> <span class='ocrx_word' id='word_1_312' title='bbox 145 2880 257 2915; x_wconf 90' lang='lat' dir='ltr'>ratur</span> <span class='ocrx_word' id='word_1_313' title='bbox 289 2891 323 2915; x_wconf 89' lang='lat'>».</span> <span class='ocrx_word' id='word_1_314' title='bbox 360 2878 480 2915; x_wconf 90' lang='lat' dir='ltr'>Plura</span> <span class='ocrx_word' id='word_1_315' title='bbox 501 2879 668 2917; x_wconf 87' lang='lat' dir='ltr'>Patrum</span> <span class='ocrx_word' id='word_1_316' title='bbox 703 2882 922 2922; x_wconf 88' lang='lat' dir='ltr'>testimonia</span> <span class='ocrx_word' id='word_1_317' title='bbox 941 2885 1052 2922; x_wconf 85' lang='lat' dir='ltr'>colle-</span> 
     </span>
     <span class='ocr_line' id='line_1_53' title="bbox 103 2934 1049 2985; baseline 0.01 -18"><span class='ocrx_word' id='word_1_318' title='bbox 103 2935 257 2978; x_wconf 86' lang='lat' dir='ltr'>gerunt,</span> <span class='ocrx_word' id='word_1_319' title='bbox 290 2935 373 2968; x_wconf 88' lang='lat' dir='ltr'>tum</span> <span class='ocrx_word' id='word_1_320' title='bbox 400 2938 533 2968; x_wconf 82' lang='lat' dir='ltr'>contra</span> <span class='ocrx_word' id='word_1_321' title='bbox 562 2944 637 2977; x_wconf 90' lang='lat' dir='ltr'>eos,</span> <span class='ocrx_word' id='word_1_322' title='bbox 657 2934 720 2981; x_wconf 88' lang='lat' dir='ltr'>qui</span> <span class='ocrx_word' id='word_1_323' title='bbox 741 2935 928 2985; x_wconf 87' lang='lat' dir='ltr'>imagines</span> <span class='ocrx_word' id='word_1_324' title='bbox 948 2938 1049 2975; x_wconf 83' lang='lat' dir='ltr'>San-</span> 
     </span>
     <span class='ocr_line' id='line_1_54' title="bbox 104 2984 1051 3031; baseline 0.012 -12"><span class='ocrx_word' id='word_1_325' title='bbox 104 2986 253 3020; x_wconf 84' lang='lat' dir='ltr'>ctorum</span> <span class='ocrx_word' id='word_1_326' title='bbox 287 2984 586 3031; x_wconf 77' lang='lat' dir='ltr'>eonfringendas</span> <span class='ocrx_word' id='word_1_327' title='bbox 612 2988 651 3021; x_wconf 91' lang='lat' dir='ltr'>et</span> <span class='ocrx_word' id='word_1_328' title='bbox 671 2986 879 3026; x_wconf 87' lang='lat' dir='ltr'>abolendas</span> <span class='ocrx_word' id='word_1_329' title='bbox 897 3003 979 3029; x_wconf 89' lang='lat' dir='ltr'>esse</span> <span class='ocrx_word' id='word_1_330' title='bbox 999 2993 1051 3029; x_wconf 88' lang='lat' dir='ltr'>di-</span> 
     </span>
     <span class='ocr_line' id='line_1_55' title="bbox 104 3039 1050 3087; baseline 0.011 -14"><span class='ocrx_word' id='word_1_331' title='bbox 104 3040 247 3081; x_wconf 84' lang='lat' dir='ltr'>cerent,</span> <span class='ocrx_word' id='word_1_332' title='bbox 281 3040 364 3074; x_wconf 87' lang='lat' dir='ltr'>tum</span> <span class='ocrx_word' id='word_1_333' title='bbox 398 3042 532 3074; x_wconf 85' lang='lat' dir='ltr'>contra</span> <span class='ocrx_word' id='word_1_334' title='bbox 554 3049 627 3083; x_wconf 87' lang='lat' dir='ltr'>eos,</span> <span class='ocrx_word' id='word_1_335' title='bbox 648 3039 711 3087; x_wconf 84' lang='lat' dir='ltr'>qui</span> <span class='ocrx_word' id='word_1_336' title='bbox 740 3040 825 3078; x_wconf 89' lang='lat' dir='ltr'>illas</span> <span class='ocrx_word' id='word_1_337' title='bbox 844 3043 1050 3083; x_wconf 86' lang='lat' dir='ltr'>adorarent</span> 
     </span>
     <span class='ocr_line' id='line_1_56' title="bbox 104 3091 1047 3138; baseline 0.012 -13"><span class='ocrx_word' id='word_1_338' title='bbox 104 3092 173 3125; x_wconf 89' lang='lat' dir='ltr'>aut</span> <span class='ocrx_word' id='word_1_339' title='bbox 213 3091 477 3138; x_wconf 87' lang='lat' dir='ltr'>superstitiose</span> <span class='ocrx_word' id='word_1_340' title='bbox 518 3091 580 3128; x_wconf 85' lang='lat' dir='ltr'>vel</span> <span class='ocrx_word' id='word_1_341' title='bbox 618 3092 827 3130; x_wconf 87' lang='lat' dir='ltr'>indiscrete</span> <span class='ocrx_word' id='word_1_342' title='bbox 865 3096 1047 3136; x_wconf 90' lang='lat' dir='ltr'>colerent.</span> 
     </span>
     <span class='ocr_line' id='line_1_57' title="bbox 105 3141 1049 3193; baseline 0.011 -15"><span class='ocrx_word' id='word_1_343' title='bbox 105 3141 228 3181; x_wconf 89' lang='lat' dir='ltr'>Quam</span> <span class='ocrx_word' id='word_1_344' title='bbox 259 3143 524 3181; x_wconf 85' lang='lat' dir='ltr'>collectionem</span> <span class='ocrx_word' id='word_1_345' title='bbox 553 3157 640 3181; x_wconf 87' lang='lat' dir='ltr'>cum</span> <span class='ocrx_word' id='word_1_346' title='bbox 667 3146 831 3193; x_wconf 87' lang='lat' dir='ltr'>epistola</span> <span class='ocrx_word' id='word_1_347' title='bbox 849 3148 897 3185; x_wconf 80' lang='lat' dir='ltr'>ad</span> <span class='ocrx_word' id='word_1_348' title='bbox 927 3150 1049 3188; x_wconf 91' lang='lat' dir='ltr'>Ludo-</span> 
     </span>
     <span class='ocr_line' id='line_1_58' title="bbox 104 3192 1050 3245; baseline 0.013 -15"><span class='ocrx_word' id='word_1_349' title='bbox 104 3192 232 3232; x_wconf 83' lang='lat' dir='ltr'>vicum</span> <span class='ocrx_word' id='word_1_350' title='bbox 259 3195 530 3245; x_wconf 85' lang='lat' dir='ltr'>imperatorem</span> <span class='ocrx_word' id='word_1_351' title='bbox 550 3198 789 3237; x_wconf 72' lang='lat' dir='ltr'>direxerunt.</span> <span class='ocrx_word' id='word_1_352' title='bbox 810 3201 1050 3242; x_wconf 79' lang='lat' dir='ltr'>Addiderunt</span> 
     </span>
    </p>
   </div>
   <div class='ocr_carea' id='block_1_7' title="bbox 1071 1788 1078 3242">
    <p class='ocr_par' dir='ltr' id='par_1_7' title="bbox 1071 1788 1078 3242">
     <span class='ocr_line' id='line_1_59' title="bbox 1071 1788 1078 3242; baseline 0 0"><span class='ocrx_word' id='word_1_353' title='bbox 1071 1788 1078 3242; x_wconf 95' lang='lat' dir='ltr'> </span> 
     </span>
    </p>
   </div>
   <div class='ocr_carea' id='block_1_8' title="bbox 1903 152 1981 190">
    <p class='ocr_par' dir='ltr' id='par_1_8' title="bbox 1903 152 1981 190">
     <span class='ocr_line' id='line_1_60' title="bbox 1903 152 1981 190; baseline 0.013 -1"><span class='ocrx_word' id='word_1_354' title='bbox 1903 152 1981 190; x_wconf 79' lang='lat'>223</span> 
     </span>
    </p>
   </div>
   <div class='ocr_carea' id='block_1_9' title="bbox 1085 224 2037 3035">
    <p class='ocr_par' dir='ltr' id='par_1_9' title="bbox 1085 224 2036 852">
     <span class='ocr_line' id='line_1_61' title="bbox 1086 224 2032 275; baseline 0.006 -16"><span class='ocrx_word' id='word_1_355' title='bbox 1086 225 1288 272; x_wconf 83' lang='lat' dir='ltr'>praeterea</span> <span class='ocrx_word' id='word_1_356' title='bbox 1321 224 1542 274; x_wconf 84' lang='lat' dir='ltr'>exemplum</span> <span class='ocrx_word' id='word_1_357' title='bbox 1563 225 1749 275; x_wconf 85' lang='lat' dir='ltr'>epistolae</span> <span class='ocrx_word' id='word_1_358' title='bbox 1762 255 1772 273; x_wconf 94' lang='lat'>,</span> <span class='ocrx_word' id='word_1_359' title='bbox 1791 237 1815 263; x_wconf 88' lang='lat' dir='ltr'>a</span> <span class='ocrx_word' id='word_1_360' title='bbox 1834 225 2032 265; x_wconf 87' lang='lat' dir='ltr'>Ludovico</span> 
     </span>
     <span class='ocr_line' id='line_1_62' title="bbox 1085 277 2033 328; baseline 0.004 -15"><span class='ocrx_word' id='word_1_361' title='bbox 1085 277 1132 313; x_wconf 86' lang='lat' dir='ltr'>ad</span> <span class='ocrx_word' id='word_1_362' title='bbox 1164 277 1393 315; x_wconf 86' lang='lat' dir='ltr'>Pontificem</span> <span class='ocrx_word' id='word_1_363' title='bbox 1408 277 1646 323; x_wconf 88' lang='lat' dir='ltr'>scribendae,</span> <span class='ocrx_word' id='word_1_364' title='bbox 1665 291 1752 316; x_wconf 90' lang='lat' dir='ltr'>cum</span> <span class='ocrx_word' id='word_1_365' title='bbox 1774 280 1951 328; x_wconf 82' lang='lat' dir='ltr'>exemplo</span> <span class='ocrx_word' id='word_1_366' title='bbox 1971 280 2033 317; x_wconf 93' lang='lat' dir='ltr'>al-</span> 
     </span>
     <span class='ocr_line' id='line_1_63' title="bbox 1087 330 2033 380; baseline 0.004 -14"><span class='ocrx_word' id='word_1_367' title='bbox 1087 330 1207 367; x_wconf 82' lang='lat' dir='ltr'>terius</span> <span class='ocrx_word' id='word_1_368' title='bbox 1227 331 1427 379; x_wconf 85' lang='lat' dir='ltr'>epistolae,</span> <span class='ocrx_word' id='word_1_369' title='bbox 1448 342 1564 380; x_wconf 87' lang='lat' dir='ltr'>quam</span> <span class='ocrx_word' id='word_1_370' title='bbox 1586 343 1609 369; x_wconf 91' lang='lat' dir='ltr'>a</span> <span class='ocrx_word' id='word_1_371' title='bbox 1630 331 1818 370; x_wconf 89' lang='lat' dir='ltr'>Pontifice</span> <span class='ocrx_word' id='word_1_372' title='bbox 1839 333 1886 369; x_wconf 88' lang='lat' dir='ltr'>ad</span> <span class='ocrx_word' id='word_1_373' title='bbox 1906 333 2033 370; x_wconf 88' lang='lat' dir='ltr'>Grae-</span> 
     </span>
     <span class='ocr_line' id='line_1_64' title="bbox 1086 384 2036 434; baseline 0.004 -15"><span class='ocrx_word' id='word_1_374' title='bbox 1086 394 1219 420; x_wconf 91' lang='lat' dir='ltr'>corum</span> <span class='ocrx_word' id='word_1_375' title='bbox 1235 384 1505 432; x_wconf 84' lang='lat' dir='ltr'>imperatorem</span> <span class='ocrx_word' id='word_1_376' title='bbox 1527 386 1643 422; x_wconf 89' lang='lat' dir='ltr'>scribi</span> <span class='ocrx_word' id='word_1_377' title='bbox 1664 385 1879 434; x_wconf 90' lang='lat' dir='ltr'>cupiebant,</span> <span class='ocrx_word' id='word_1_378' title='bbox 1899 385 1937 422; x_wconf 92' lang='lat' dir='ltr'>in</span> <span class='ocrx_word' id='word_1_379' title='bbox 1959 398 2036 434; x_wconf 87' lang='lat' dir='ltr'>qua</span> 
     </span>
     <span class='ocr_line' id='line_1_65' title="bbox 1088 436 2036 488; baseline 0.005 -17"><span class='ocrx_word' id='word_1_380' title='bbox 1088 436 1187 472; x_wconf 81' lang='lat' dir='ltr'>lianc</span> <span class='ocrx_word' id='word_1_381' title='bbox 1215 436 1481 474; x_wconf 86' lang='lat' dir='ltr'>restituendae</span> <span class='ocrx_word' id='word_1_382' title='bbox 1502 438 1541 474; x_wconf 93' lang='lat' dir='ltr'>in</span> <span class='ocrx_word' id='word_1_383' title='bbox 1555 438 1725 476; x_wconf 84' lang='lat' dir='ltr'>ccelesiis</span> <span class='ocrx_word' id='word_1_384' title='bbox 1745 438 1912 476; x_wconf 87' lang='lat' dir='ltr'>Orientis</span> <span class='ocrx_word' id='word_1_385' title='bbox 1932 439 2036 488; x_wconf 90' lang='lat' dir='ltr'>pacis</span> 
     </span>
     <span class='ocr_line' id='line_1_66' title="bbox 1089 489 2036 541; baseline 0.006 -18"><span class='ocrx_word' id='word_1_386' title='bbox 1089 489 1191 524; x_wconf 87' lang='lat' dir='ltr'>viam</span> <span class='ocrx_word' id='word_1_387' title='bbox 1213 493 1497 536; x_wconf 88' lang='lat' dir='ltr'>proposuerunt</span> <span class='ocrx_word' id='word_1_388' title='bbox 1519 502 1541 526; x_wconf 91' lang='lat'>‹&lt;</span> <span class='ocrx_word' id='word_1_389' title='bbox 1563 496 1605 528; x_wconf 88' lang='lat' dir='ltr'>ut</span> <span class='ocrx_word' id='word_1_390' title='bbox 1625 493 1689 539; x_wconf 90' lang='lat' dir='ltr'>qui</span> <span class='ocrx_word' id='word_1_391' title='bbox 1710 491 1865 537; x_wconf 83' lang='lat' dir='ltr'>volunt,</span> <span class='ocrx_word' id='word_1_392' title='bbox 1886 502 1953 540; x_wconf 88' lang='lat' dir='ltr'>pro</span> <span class='ocrx_word' id='word_1_393' title='bbox 1973 492 2036 541; x_wconf 89' lang='lat' dir='ltr'>pia</span> 
     </span>
     <span class='ocr_line' id='line_1_67' title="bbox 1089 541 2034 594; baseline 0.006 -17"><span class='ocrx_word' id='word_1_394' title='bbox 1089 552 1111 577; x_wconf 89' lang='lat'>‹&lt;</span> <span class='ocrx_word' id='word_1_395' title='bbox 1131 541 1316 578; x_wconf 85' lang='lat' dir='ltr'>memoria</span> <span class='ocrx_word' id='word_1_396' title='bbox 1332 542 1394 579; x_wconf 81' lang='lat' dir='ltr'>vel</span> <span class='ocrx_word' id='word_1_397' title='bbox 1414 554 1507 580; x_wconf 85' lang='lat' dir='ltr'>sana</span> <span class='ocrx_word' id='word_1_398' title='bbox 1524 543 1698 581; x_wconf 90' lang='lat' dir='ltr'>doctrina</span> <span class='ocrx_word' id='word_1_399' title='bbox 1713 545 1751 581; x_wconf 94' lang='lat' dir='ltr'>in</span> <span class='ocrx_word' id='word_1_400' title='bbox 1768 545 1860 582; x_wconf 88' lang='lat' dir='ltr'>locis</span> <span class='ocrx_word' id='word_1_401' title='bbox 1876 556 2034 594; x_wconf 87' lang='lat' dir='ltr'>compe-</span> 
     </span>
     <span class='ocr_line' id='line_1_68' title="bbox 1089 593 2034 647; baseline 0.007 -18"><span class='ocrx_word' id='word_1_402' title='bbox 1089 604 1110 629; x_wconf 81' lang='lat'>«</span> <span class='ocrx_word' id='word_1_403' title='bbox 1130 593 1315 639; x_wconf 86' lang='lat' dir='ltr'>tentibus,</span> <span class='ocrx_word' id='word_1_404' title='bbox 1343 595 1488 642; x_wconf 87' lang='lat' dir='ltr'>absque</span> <span class='ocrx_word' id='word_1_405' title='bbox 1519 595 1583 633; x_wconf 87' lang='lat' dir='ltr'>illo</span> <span class='ocrx_word' id='word_1_406' title='bbox 1613 597 1748 634; x_wconf 88' lang='lat' dir='ltr'>illicito</span> <span class='ocrx_word' id='word_1_407' title='bbox 1767 598 1891 642; x_wconf 89' lang='lat' dir='ltr'>cultu,</span> <span class='ocrx_word' id='word_1_408' title='bbox 1912 598 2034 647; x_wconf 85' lang='lat' dir='ltr'>pictas</span> 
     </span>
     <span class='ocr_line' id='line_1_69' title="bbox 1090 646 2035 699; baseline 0.008 -18"><span class='ocrx_word' id='word_1_409' title='bbox 1090 657 1111 681; x_wconf 88' lang='grc'>&lt;&lt;</span> <span class='ocrx_word' id='word_1_410' title='bbox 1134 646 1195 682; x_wconf 89' lang='lat' dir='ltr'>vel</span> <span class='ocrx_word' id='word_1_411' title='bbox 1215 647 1324 684; x_wconf 81' lang='lat' dir='ltr'>fictas</span> <span class='ocrx_word' id='word_1_412' title='bbox 1343 647 1512 685; x_wconf 87' lang='lat' dir='ltr'>habeant</span> <span class='ocrx_word' id='word_1_413' title='bbox 1529 649 1727 698; x_wconf 84' lang='lat' dir='ltr'>imagines3</span> <span class='ocrx_word' id='word_1_414' title='bbox 1743 651 1807 699; x_wconf 92' lang='lat' dir='ltr'>qui</span> <span class='ocrx_word' id='word_1_415' title='bbox 1824 655 1954 688; x_wconf 89' lang='lat' dir='ltr'>autem</span> <span class='ocrx_word' id='word_1_416' title='bbox 1973 664 2035 689; x_wconf 92' lang='lat' dir='ltr'>no-</span> 
     </span>
     <span class='ocr_line' id='line_1_70' title="bbox 1089 698 2035 752; baseline 0.006 -16"><span class='ocrx_word' id='word_1_417' title='bbox 1089 710 1110 736; x_wconf 90' lang='lat'>«</span> <span class='ocrx_word' id='word_1_418' title='bbox 1131 698 1228 745; x_wconf 86' lang='lat' dir='ltr'>lunt,</span> <span class='ocrx_word' id='word_1_419' title='bbox 1241 699 1386 748; x_wconf 84' lang='lat' dir='ltr'>absque</span> <span class='ocrx_word' id='word_1_420' title='bbox 1409 700 1485 737; x_wconf 91' lang='lat' dir='ltr'>ullo</span> <span class='ocrx_word' id='word_1_421' title='bbox 1507 700 1637 739; x_wconf 87' lang='lat' dir='ltr'>illicito</span> <span class='ocrx_word' id='word_1_422' title='bbox 1653 704 2035 752; x_wconf 86' lang='lat' dir='ltr'>contemptu,taliter</span> 
     </span>
     <span class='ocr_line' id='line_1_71' title="bbox 1089 751 2034 804; baseline 0.008 -16"><span class='ocrx_word' id='word_1_423' title='bbox 1089 763 1110 788; x_wconf 87' lang='lat'>«</span> <span class='ocrx_word' id='word_1_424' title='bbox 1131 751 1318 789; x_wconf 84' lang='lat' dir='ltr'>babentes</span> <span class='ocrx_word' id='word_1_425' title='bbox 1348 753 1408 790; x_wconf 90' lang='lat' dir='ltr'>vel</span> <span class='ocrx_word' id='word_1_426' title='bbox 1428 754 1580 792; x_wconf 87' lang='lat' dir='ltr'>habitas</span> <span class='ocrx_word' id='word_1_427' title='bbox 1601 755 1790 804; x_wconf 87' lang='lat' dir='ltr'>imagines</span> <span class='ocrx_word' id='word_1_428' title='bbox 1811 756 2034 797; x_wconf 82' lang='lat' dir='ltr'>nullatenus</span> 
     </span>
     <span class='ocr_line' id='line_1_72' title="bbox 1089 808 1368 852; baseline 0.004 -10"><span class='ocrx_word' id='word_1_429' title='bbox 1089 816 1111 842; x_wconf 86' lang='lat'>‹&lt;</span> <span class='ocrx_word' id='word_1_430' title='bbox 1131 808 1313 852; x_wconf 87' lang='lat' dir='ltr'>spernant</span> <span class='ocrx_word' id='word_1_431' title='bbox 1333 818 1368 843; x_wconf 90' lang='lat'>».</span> 
     </span>
    </p>

    <p class='ocr_par' dir='ltr' id='par_1_10' title="bbox 1087 858 2037 1869">
     <span class='ocr_line' id='line_1_73' title="bbox 1139 858 2037 908; baseline 0.009 -14"><span class='ocrx_word' id='word_1_432' title='bbox 1139 858 1363 896; x_wconf 85' lang='lat' dir='ltr'>Ludovicus</span> <span class='ocrx_word' id='word_1_433' title='bbox 1391 859 1602 908; x_wconf 88' lang='lat' dir='ltr'>imperator</span> <span class='ocrx_word' id='word_1_434' title='bbox 1621 862 1708 898; x_wconf 86' lang='lat' dir='ltr'>acta</span> <span class='ocrx_word' id='word_1_435' title='bbox 1727 866 1943 902; x_wconf 89' lang='lat' dir='ltr'>conventus</span> <span class='ocrx_word' id='word_1_436' title='bbox 1964 864 2037 902; x_wconf 85' lang='lat' dir='ltr'>Pa-</span> 
     </span>
     <span class='ocr_line' id='line_1_74' title="bbox 1089 910 2035 960; baseline 0.008 -13"><span class='ocrx_word' id='word_1_437' title='bbox 1089 910 1258 948; x_wconf 89' lang='lat' dir='ltr'>risiensis</span> <span class='ocrx_word' id='word_1_438' title='bbox 1291 923 1360 960; x_wconf 87' lang='lat' dir='ltr'>per</span> <span class='ocrx_word' id='word_1_439' title='bbox 1392 911 1596 950; x_wconf 89' lang='lat' dir='ltr'>Ieremiam</span> <span class='ocrx_word' id='word_1_440' title='bbox 1626 914 1886 953; x_wconf 87' lang='lat' dir='ltr'>Senonensem</span> <span class='ocrx_word' id='word_1_441' title='bbox 1906 921 1944 954; x_wconf 88' lang='lat' dir='ltr'>et</span> <span class='ocrx_word' id='word_1_442' title='bbox 1974 919 2035 954; x_wconf 93' lang='lat' dir='ltr'>Io-</span> 
     </span>
     <span class='ocr_line' id='line_1_75' title="bbox 1088 963 2036 1015; baseline 0.007 -15"><span class='ocrx_word' id='word_1_443' title='bbox 1088 975 1177 1000; x_wconf 87' lang='lat' dir='ltr'>nam</span> <span class='ocrx_word' id='word_1_444' title='bbox 1197 964 1517 1003; x_wconf 85' lang='lat' dir='ltr'>Aurelianenscm</span> <span class='ocrx_word' id='word_1_445' title='bbox 1537 966 1733 1015; x_wconf 88' lang='lat' dir='ltr'>episcopos</span> <span class='ocrx_word' id='word_1_446' title='bbox 1753 963 1917 1006; x_wconf 80' lang='lat' dir='ltr'>Romam</span> <span class='ocrx_word' id='word_1_447' title='bbox 1940 970 2036 1007; x_wconf 88' lang='lat' dir='ltr'>dire-</span> 
     </span>
     <span class='ocr_line' id='line_1_76' title="bbox 1089 1017 2033 1067; baseline 0.008 -14"><span class='ocrx_word' id='word_1_448' title='bbox 1089 1017 1159 1062; x_wconf 76' lang='lat' dir='ltr'>xit,</span> <span class='ocrx_word' id='word_1_449' title='bbox 1179 1017 1343 1066; x_wconf 87' lang='lat' dir='ltr'>Eugenii</span> <span class='ocrx_word' id='word_1_450' title='bbox 1373 1019 1442 1067; x_wconf 88' lang='lat' dir='ltr'>Pp.</span> <span class='ocrx_word' id='word_1_451' title='bbox 1474 1019 1616 1056; x_wconf 90' lang='lat' dir='ltr'>iudicio</span> <span class='ocrx_word' id='word_1_452' title='bbox 1642 1021 1912 1060; x_wconf 87' lang='lat' dir='ltr'>submittenda.</span> <span class='ocrx_word' id='word_1_453' title='bbox 1935 1023 2033 1064; x_wconf 90' lang='lat' dir='ltr'>Quid</span> 
     </span>
     <span class='ocr_line' id='line_1_77' title="bbox 1088 1070 2033 1122; baseline 0.007 -16"><span class='ocrx_word' id='word_1_454' title='bbox 1088 1070 1176 1107; x_wconf 92' lang='lat' dir='ltr'>inde</span> <span class='ocrx_word' id='word_1_455' title='bbox 1209 1073 1387 1108; x_wconf 85' lang='lat' dir='ltr'>secutum</span> <span class='ocrx_word' id='word_1_456' title='bbox 1417 1072 1478 1118; x_wconf 88' lang='lat' dir='ltr'>sit,</span> <span class='ocrx_word' id='word_1_457' title='bbox 1513 1073 1696 1111; x_wconf 86' lang='lat' dir='ltr'>nescitur.</span> <span class='ocrx_word' id='word_1_458' title='bbox 1730 1073 1772 1110; x_wconf 89' lang='lat' dir='ltr'>Id</span> <span class='ocrx_word' id='word_1_459' title='bbox 1793 1079 1941 1112; x_wconf 90' lang='lat' dir='ltr'>certum</span> <span class='ocrx_word' id='word_1_460' title='bbox 1962 1080 2033 1122; x_wconf 86' lang='lat' dir='ltr'>est,</span> 
     </span>
     <span class='ocr_line' id='line_1_78' title="bbox 1089 1123 2036 1173; baseline 0.007 -14"><span class='ocrx_word' id='word_1_461' title='bbox 1089 1123 1306 1171; x_wconf 85' lang='lat' dir='ltr'>Eugenium</span> <span class='ocrx_word' id='word_1_462' title='bbox 1340 1124 1410 1173; x_wconf 88' lang='lat' dir='ltr'>Pp.</span> <span class='ocrx_word' id='word_1_463' title='bbox 1449 1125 1487 1161; x_wconf 89' lang='lat' dir='ltr'>in</span> <span class='ocrx_word' id='word_1_464' title='bbox 1525 1125 1768 1163; x_wconf 89' lang='lat' dir='ltr'>decessorum</span> <span class='ocrx_word' id='word_1_465' title='bbox 1801 1139 1958 1165; x_wconf 89' lang='lat' dir='ltr'>suorum</span> <span class='ocrx_word' id='word_1_466' title='bbox 1996 1135 2036 1167; x_wconf 84' lang='lat' dir='ltr'>et</span> 
     </span>
     <span class='ocr_line' id='line_1_79' title="bbox 1089 1175 2033 1231; baseline 0.007 -19"><span class='ocrx_word' id='word_1_467' title='bbox 1089 1175 1241 1213; x_wconf 89' lang='lat' dir='ltr'>concilii</span> <span class='ocrx_word' id='word_1_468' title='bbox 1257 1177 1420 1215; x_wconf 89' lang='lat' dir='ltr'>Nicaeni</span> <span class='ocrx_word' id='word_1_469' title='bbox 1445 1178 1482 1215; x_wconf 91' lang='lat' dir='ltr'>II</span> <span class='ocrx_word' id='word_1_470' title='bbox 1503 1178 1675 1216; x_wconf 89' lang='lat' dir='ltr'>doctrina</span> <span class='ocrx_word' id='word_1_471' title='bbox 1691 1180 1736 1216; x_wconf 92' lang='lat' dir='ltr'>de</span> <span class='ocrx_word' id='word_1_472' title='bbox 1756 1181 1876 1218; x_wconf 88' lang='lat' dir='ltr'>sacris</span> <span class='ocrx_word' id='word_1_473' title='bbox 1897 1181 2033 1231; x_wconf 87' lang='lat' dir='ltr'>imagi-</span> 
     </span>
     <span class='ocr_line' id='line_1_80' title="bbox 1089 1229 2033 1278; baseline 0.007 -13"><span class='ocrx_word' id='word_1_474' title='bbox 1089 1229 1200 1266; x_wconf 88' lang='lat' dir='ltr'>nibus</span> <span class='ocrx_word' id='word_1_475' title='bbox 1228 1230 1452 1278; x_wconf 87' lang='lat' dir='ltr'>perstitisse;</span> <span class='ocrx_word' id='word_1_476' title='bbox 1482 1231 1710 1270; x_wconf 86' lang='lat' dir='ltr'>Miehaelem</span> <span class='ocrx_word' id='word_1_477' title='bbox 1731 1233 1896 1271; x_wconf 88' lang='lat' dir='ltr'>Balbum</span> <span class='ocrx_word' id='word_1_478' title='bbox 1918 1235 1955 1271; x_wconf 93' lang='lat' dir='ltr'>in</span> <span class='ocrx_word' id='word_1_479' title='bbox 1979 1236 2033 1272; x_wconf 90' lang='lat' dir='ltr'>O·</span> 
     </span>
     <span class='ocr_line' id='line_1_81' title="bbox 1089 1283 2035 1336; baseline 0.005 -17"><span class='ocrx_word' id='word_1_480' title='bbox 1089 1283 1205 1320; x_wconf 81' lang='lat' dir='ltr'>riente</span> <span class='ocrx_word' id='word_1_481' title='bbox 1243 1295 1362 1321; x_wconf 74' lang='lat' dir='ltr'>vexas</span> <span class='ocrx_word' id='word_1_482' title='bbox 1396 1295 1488 1321; x_wconf 86' lang='lat' dir='ltr'>suas</span> <span class='ocrx_word' id='word_1_483' title='bbox 1520 1288 1655 1323; x_wconf 86' lang='lat' dir='ltr'>eontra</span> <span class='ocrx_word' id='word_1_484' title='bbox 1692 1298 1757 1323; x_wconf 88' lang='lat' dir='ltr'>eas</span> <span class='ocrx_word' id='word_1_485' title='bbox 1790 1290 2035 1336; x_wconf 86' lang='lat' dir='ltr'>prosecutum</span> 
     </span>
     <span class='ocr_line' id='line_1_82' title="bbox 1089 1336 2037 1383; baseline 0.007 -11"><span class='ocrx_word' id='word_1_486' title='bbox 1089 1347 1183 1381; x_wconf 88' lang='lat' dir='ltr'>esse,</span> <span class='ocrx_word' id='word_1_487' title='bbox 1203 1337 1242 1372; x_wconf 85' lang='lat' dir='ltr'>et</span> <span class='ocrx_word' id='word_1_488' title='bbox 1261 1336 1444 1383; x_wconf 85' lang='lat' dir='ltr'>Francos,</span> <span class='ocrx_word' id='word_1_489' title='bbox 1460 1338 1547 1376; x_wconf 88' lang='lat' dir='ltr'>RR.</span> <span class='ocrx_word' id='word_1_490' title='bbox 1570 1339 1824 1377; x_wconf 86' lang='lat' dir='ltr'>Pontificibus</span> <span class='ocrx_word' id='word_1_491' title='bbox 1841 1341 1888 1378; x_wconf 92' lang='lat' dir='ltr'>ad</span> <span class='ocrx_word' id='word_1_492' title='bbox 1911 1353 2037 1379; x_wconf 83' lang='lat' dir='ltr'>exem·</span> 
     </span>
     <span class='ocr_line' id='line_1_83' title="bbox 1088 1389 2035 1440; baseline 0.006 -15"><span class='ocrx_word' id='word_1_493' title='bbox 1088 1390 1194 1437; x_wconf 87' lang='lat' dir='ltr'>plum</span> <span class='ocrx_word' id='word_1_494' title='bbox 1223 1389 1412 1427; x_wconf 88' lang='lat' dir='ltr'>Hadriani</span> <span class='ocrx_word' id='word_1_495' title='bbox 1446 1391 1657 1429; x_wconf 88' lang='lat' dir='ltr'>decessoris</span> <span class='ocrx_word' id='word_1_496' title='bbox 1686 1393 1747 1429; x_wconf 90' lang='lat' dir='ltr'>sui</span> <span class='ocrx_word' id='word_1_497' title='bbox 1760 1391 1784 1440; x_wconf 79' lang='lat'>¹,</span> <span class='ocrx_word' id='word_1_498' title='bbox 1813 1396 1920 1431; x_wconf 87' lang='lat' dir='ltr'>certa</span> <span class='ocrx_word' id='word_1_499' title='bbox 1948 1407 2035 1431; x_wconf 87' lang='lat' dir='ltr'>cum</span> 
     </span>
     <span class='ocr_line' id='line_1_84' title="bbox 1088 1442 2035 1491; baseline 0.007 -13"><span class='ocrx_word' id='word_1_500' title='bbox 1088 1442 1134 1479; x_wconf 91' lang='lat' dir='ltr'>iis</span> <span class='ocrx_word' id='word_1_501' title='bbox 1168 1443 1389 1480; x_wconf 87' lang='lat' dir='ltr'>oeconomia</span> <span class='ocrx_word' id='word_1_502' title='bbox 1422 1445 1631 1491; x_wconf 87' lang='lat' dir='ltr'>utentibus,</span> <span class='ocrx_word' id='word_1_503' title='bbox 1662 1445 1701 1482; x_wconf 92' lang='lat' dir='ltr'>in</span> <span class='ocrx_word' id='word_1_504' title='bbox 1722 1458 1791 1483; x_wconf 90' lang='lat' dir='ltr'>sua</span> <span class='ocrx_word' id='word_1_505' title='bbox 1811 1447 1856 1484; x_wconf 92' lang='lat' dir='ltr'>de</span> <span class='ocrx_word' id='word_1_506' title='bbox 1876 1448 2035 1485; x_wconf 88' lang='lat' dir='ltr'>concilio</span> 
     </span>
     <span class='ocr_line' id='line_1_85' title="bbox 1087 1495 2035 1548; baseline 0.006 -16"><span class='ocrx_word' id='word_1_507' title='bbox 1087 1495 1258 1533; x_wconf 83' lang='lat' dir='ltr'>Nicaeno</span> <span class='ocrx_word' id='word_1_508' title='bbox 1273 1498 1311 1533; x_wconf 88' lang='lat' dir='ltr'>et</span> <span class='ocrx_word' id='word_1_509' title='bbox 1325 1497 1557 1545; x_wconf 87' lang='lat' dir='ltr'>imaginibus</span> <span class='ocrx_word' id='word_1_510' title='bbox 1571 1499 1762 1537; x_wconf 88' lang='lat' dir='ltr'>sententia</span> <span class='ocrx_word' id='word_1_511' title='bbox 1781 1501 2035 1548; x_wconf 88' lang='lat' dir='ltr'>permansisse</span> 
     </span>
     <span class='ocr_line' id='line_1_86' title="bbox 1090 1549 2035 1601; baseline 0.007 -16"><span class='ocrx_word' id='word_1_512' title='bbox 1090 1561 1208 1597; x_wconf 89' lang='lat' dir='ltr'>usque</span> <span class='ocrx_word' id='word_1_513' title='bbox 1233 1549 1281 1586; x_wconf 86' lang='lat' dir='ltr'>ad</span> <span class='ocrx_word' id='word_1_514' title='bbox 1302 1549 1419 1587; x_wconf 89' lang='lat' dir='ltr'>finem</span> <span class='ocrx_word' id='word_1_515' title='bbox 1438 1551 1552 1588; x_wconf 89' lang='lat' dir='ltr'>huius</span> <span class='ocrx_word' id='word_1_516' title='bbox 1572 1552 1729 1598; x_wconf 88' lang='lat' dir='ltr'>saeculi,</span> <span class='ocrx_word' id='word_1_517' title='bbox 1749 1565 1822 1601; x_wconf 89' lang='lat' dir='ltr'>quo</span> <span class='ocrx_word' id='word_1_518' title='bbox 1837 1553 1923 1591; x_wconf 60' lang='lat' dir='ltr'>fere</span> <span class='ocrx_word' id='word_1_519' title='bbox 1942 1556 2035 1592; x_wconf 88' lang='lat' dir='ltr'>tem-</span> 
     </span>
     <span class='ocr_line' id='line_1_87' title="bbox 1089 1603 2035 1656; baseline 0.008 -18"><span class='ocrx_word' id='word_1_520' title='bbox 1089 1614 1192 1650; x_wconf 86' lang='lat' dir='ltr'>pore,</span> <span class='ocrx_word' id='word_1_521' title='bbox 1227 1603 1451 1650; x_wconf 90' lang='lat' dir='ltr'>quaestione</span> <span class='ocrx_word' id='word_1_522' title='bbox 1481 1605 1606 1653; x_wconf 89' lang='lat' dir='ltr'>magis</span> <span class='ocrx_word' id='word_1_523' title='bbox 1626 1605 1823 1654; x_wconf 82' lang='lat' dir='ltr'>explicata</span> <span class='ocrx_word' id='word_1_524' title='bbox 1843 1608 2035 1656; x_wconf 86' lang='lat' dir='ltr'>rebusque</span> 
     </span>
     <span class='ocr_line' id='line_1_88' title="bbox 1088 1655 2035 1705; baseline 0.007 -14"><span class='ocrx_word' id='word_1_525' title='bbox 1088 1655 1228 1693; x_wconf 89' lang='lat' dir='ltr'>melius</span> <span class='ocrx_word' id='word_1_526' title='bbox 1266 1656 1488 1705; x_wconf 88' lang='lat' dir='ltr'>perspectis,</span> <span class='ocrx_word' id='word_1_527' title='bbox 1508 1669 1680 1695; x_wconf 91' lang='lat' dir='ltr'>errorem</span> <span class='ocrx_word' id='word_1_528' title='bbox 1696 1659 1789 1697; x_wconf 86' lang='lat' dir='ltr'>facti</span> <span class='ocrx_word' id='word_1_529' title='bbox 1810 1661 1855 1697; x_wconf 90' lang='lat' dir='ltr'>de</span> <span class='ocrx_word' id='word_1_530' title='bbox 1875 1661 2035 1698; x_wconf 87' lang='lat' dir='ltr'>concilio</span> 
     </span>
     <span class='ocr_line' id='line_1_89' title="bbox 1090 1708 2034 1762; baseline 0.008 -18"><span class='ocrx_word' id='word_1_531' title='bbox 1090 1708 1260 1745; x_wconf 74' lang='lat' dir='ltr'>Nicaeno</span> <span class='ocrx_word' id='word_1_532' title='bbox 1298 1710 1501 1758; x_wconf 88' lang='lat' dir='ltr'>deponere,</span> <span class='ocrx_word' id='word_1_533' title='bbox 1529 1714 1570 1759; x_wconf 82' lang='lat' dir='ltr'>et</span> <span class='ocrx_word' id='word_1_534' title='bbox 1602 1723 1692 1748; x_wconf 88' lang='lat' dir='ltr'>cum</span> <span class='ocrx_word' id='word_1_535' title='bbox 1724 1713 1884 1751; x_wconf 86' lang='lat' dir='ltr'>Graecis</span> <span class='ocrx_word' id='word_1_536' title='bbox 1917 1717 2034 1762; x_wconf 87' lang='lat' dir='ltr'>atque</span> 
     </span>
     <span class='ocr_line' id='line_1_90' title="bbox 1089 1762 2032 1814; baseline 0.007 -16"><span class='ocrx_word' id='word_1_537' title='bbox 1089 1762 1266 1799; x_wconf 89' lang='lat' dir='ltr'>Romana</span> <span class='ocrx_word' id='word_1_538' title='bbox 1286 1764 1450 1800; x_wconf 85' lang='lat' dir='ltr'>ecelesia</span> <span class='ocrx_word' id='word_1_539' title='bbox 1469 1764 1563 1801; x_wconf 90' lang='lat' dir='ltr'>illud</span> <span class='ocrx_word' id='word_1_540' title='bbox 1586 1766 1780 1814; x_wconf 88' lang='lat' dir='ltr'>suscipere</span> <span class='ocrx_word' id='word_1_541' title='bbox 1801 1769 1841 1804; x_wconf 86' lang='lat' dir='ltr'>et</span> <span class='ocrx_word' id='word_1_542' title='bbox 1859 1767 1898 1803; x_wconf 90' lang='lat' dir='ltr'>in</span> <span class='ocrx_word' id='word_1_543' title='bbox 1919 1768 2032 1804; x_wconf 87' lang='lat' dir='ltr'>ratio-</span> 
     </span>
     <span class='ocr_line' id='line_1_91' title="bbox 1091 1815 2034 1869; baseline 0.008 -18"><span class='ocrx_word' id='word_1_544' title='bbox 1091 1827 1137 1852; x_wconf 87' lang='lat' dir='ltr'>ne</span> <span class='ocrx_word' id='word_1_545' title='bbox 1161 1815 1310 1852; x_wconf 88' lang='lat' dir='ltr'>colendi</span> <span class='ocrx_word' id='word_1_546' title='bbox 1329 1816 1517 1865; x_wconf 88' lang='lat' dir='ltr'>imagines</span> <span class='ocrx_word' id='word_1_547' title='bbox 1538 1819 1756 1856; x_wconf 87' lang='lat' dir='ltr'>consentire</span> <span class='ocrx_word' id='word_1_548' title='bbox 1777 1823 1989 1869; x_wconf 83' lang='lat' dir='ltr'>coeperunt</span> <span class='ocrx_word' id='word_1_549' title='bbox 2007 1819 2034 1859; x_wconf 77' lang='lat'>².</span> 
     </span>
    </p>

    <p class='ocr_par' dir='ltr' id='par_1_11' title="bbox 1090 1870 2037 2561">
     <span class='ocr_line' id='line_1_92' title="bbox 1141 1870 2036 1920; baseline 0.008 -16"><span class='ocrx_word' id='word_1_550' title='bbox 1141 1870 1342 1914; x_wconf 84' lang='lat' dir='ltr'>Attamen,</span> <span class='ocrx_word' id='word_1_551' title='bbox 1363 1881 1407 1906; x_wconf 88' lang='lat' dir='ltr'>eo</span> <span class='ocrx_word' id='word_1_552' title='bbox 1428 1874 1602 1919; x_wconf 88' lang='lat' dir='ltr'>tempore</span> <span class='ocrx_word' id='word_1_553' title='bbox 1617 1872 1862 1920; x_wconf 85' lang='lat' dir='ltr'>Agobardus,</span> <span class='ocrx_word' id='word_1_554' title='bbox 1883 1873 2036 1911; x_wconf 80' lang='lat' dir='ltr'>archie-</span> 
     </span>
     <span class='ocr_line' id='line_1_93' title="bbox 1090 1921 2035 1974; baseline 0.008 -17"><span class='ocrx_word' id='word_1_555' title='bbox 1090 1921 1267 1970; x_wconf 88' lang='lat' dir='ltr'>piscopus</span> <span class='ocrx_word' id='word_1_556' title='bbox 1279 1922 1564 1971; x_wconf 85' lang='lat' dir='ltr'>Lugdunensis,</span> <span class='ocrx_word' id='word_1_557' title='bbox 1579 1927 1842 1974; x_wconf 87' lang='lat' dir='ltr'>propugnavit</span> <span class='ocrx_word' id='word_1_558' title='bbox 1856 1927 2035 1964; x_wconf 90' lang='lat' dir='ltr'>modera-</span> 
     </span>
     <span class='ocr_line' id='line_1_94' title="bbox 1090 1974 2036 2028; baseline 0.008 -18"><span class='ocrx_word' id='word_1_559' title='bbox 1090 1980 1150 2012; x_wconf 88' lang='lat' dir='ltr'>tas</span> <span class='ocrx_word' id='word_1_560' title='bbox 1170 1974 1366 2023; x_wconf 87' lang='lat' dir='ltr'>opiniones</span> <span class='ocrx_word' id='word_1_561' title='bbox 1394 1976 1433 2012; x_wconf 89' lang='lat' dir='ltr'>in</span> <span class='ocrx_word' id='word_1_562' title='bbox 1458 1976 1558 2014; x_wconf 91' lang='lat' dir='ltr'>libro</span> <span class='ocrx_word' id='word_1_563' title='bbox 1587 1982 1722 2016; x_wconf 88' lang='lat' dir='ltr'>contra</span> <span class='ocrx_word' id='word_1_564' title='bbox 1741 1981 2036 2028; x_wconf 87' lang='lat' dir='ltr'>superstitiones</span> 
     </span>
     <span class='ocr_line' id='line_1_95' title="bbox 1091 2028 2036 2080; baseline 0.01 -17"><span class='ocrx_word' id='word_1_565' title='bbox 1091 2028 1312 2077; x_wconf 89' lang='lat' dir='ltr'>eorum,qui</span> <span class='ocrx_word' id='word_1_566' title='bbox 1328 2028 1487 2077; x_wconf 87' lang='lat' dir='ltr'>picturis</span> <span class='ocrx_word' id='word_1_567' title='bbox 1503 2032 1541 2067; x_wconf 88' lang='lat' dir='ltr'>et</span> <span class='ocrx_word' id='word_1_568' title='bbox 1555 2030 1789 2080; x_wconf 87' lang='lat' dir='ltr'>imaginibus</span> <span class='ocrx_word' id='word_1_569' title='bbox 1799 2030 1931 2073; x_wconf 85' lang='lat' dir='ltr'>Ssrum</span> <span class='ocrx_word' id='word_1_570' title='bbox 1951 2034 2036 2071; x_wconf 91' lang='lat' dir='ltr'>ado-</span> 
     </span>
     <span class='ocr_line' id='line_1_96' title="bbox 1090 2081 2035 2136; baseline 0.008 -19"><span class='ocrx_word' id='word_1_571' title='bbox 1090 2081 1254 2118; x_wconf 88' lang='lat' dir='ltr'>rationis</span> <span class='ocrx_word' id='word_1_572' title='bbox 1283 2082 1512 2131; x_wconf 86' lang='lat' dir='ltr'>obsequium</span> <span class='ocrx_word' id='word_1_573' title='bbox 1540 2083 1792 2123; x_wconf 88' lang='lat' dir='ltr'>deferendum</span> <span class='ocrx_word' id='word_1_574' title='bbox 1822 2087 2035 2136; x_wconf 77' lang='lat' dir='ltr'>putabant3</span> 
     </span>
     <span class='ocr_line' id='line_1_97' title="bbox 1091 2135 2036 2189; baseline 0.007 -18"><span class='ocrx_word' id='word_1_575' title='bbox 1091 2137 1205 2183; x_wconf 88' lang='lat' dir='ltr'>atque</span> <span class='ocrx_word' id='word_1_576' title='bbox 1233 2135 1467 2184; x_wconf 89' lang='lat' dir='ltr'>impugnans</span> <span class='ocrx_word' id='word_1_577' title='bbox 1486 2139 1571 2173; x_wconf 89' lang='lat' dir='ltr'>tum</span> <span class='ocrx_word' id='word_1_578' title='bbox 1591 2149 1773 2176; x_wconf 84' lang='lat' dir='ltr'>excessus</span> <span class='ocrx_word' id='word_1_579' title='bbox 1795 2152 1949 2187; x_wconf 90' lang='lat' dir='ltr'>eorum,</span> <span class='ocrx_word' id='word_1_580' title='bbox 1969 2141 2036 2189; x_wconf 87' lang='lat' dir='ltr'>qui</span> 
     </span>
     <span class='ocr_line' id='line_1_98' title="bbox 1091 2188 2036 2243; baseline 0.006 -19"><span class='ocrx_word' id='word_1_581' title='bbox 1091 2200 1138 2225; x_wconf 92' lang='lat' dir='ltr'>ss.</span> <span class='ocrx_word' id='word_1_582' title='bbox 1161 2188 1402 2236; x_wconf 86' lang='lat' dir='ltr'>Imaginibus</span> <span class='ocrx_word' id='word_1_583' title='bbox 1418 2190 1566 2227; x_wconf 86' lang='lat' dir='ltr'>cultum</span> <span class='ocrx_word' id='word_1_584' title='bbox 1587 2191 1828 2241; x_wconf 86' lang='lat' dir='ltr'>effusiorem,</span> <span class='ocrx_word' id='word_1_585' title='bbox 1848 2194 2036 2243; x_wconf 86' lang='lat' dir='ltr'>supersti-</span> 
     </span>
     <span class='ocr_line' id='line_1_99' title="bbox 1090 2241 2036 2294; baseline 0.008 -17"><span class='ocrx_word' id='word_1_586' title='bbox 1090 2241 1231 2278; x_wconf 89' lang='lat' dir='ltr'>tiosum</span> <span class='ocrx_word' id='word_1_587' title='bbox 1252 2244 1291 2278; x_wconf 89' lang='lat' dir='ltr'>et</span> <span class='ocrx_word' id='word_1_588' title='bbox 1309 2241 1558 2280; x_wconf 85' lang='lat' dir='ltr'>latreuticum</span> <span class='ocrx_word' id='word_1_589' title='bbox 1579 2244 1806 2284; x_wconf 84' lang='lat' dir='ltr'>deferebant</span> <span class='ocrx_word' id='word_1_590' title='bbox 1822 2277 1832 2294; x_wconf 87' lang='lat'><strong>‚</strong></span> <span class='ocrx_word' id='word_1_591' title='bbox 1850 2251 1934 2285; x_wconf 90' lang='lat' dir='ltr'>tum</span> <span class='ocrx_word' id='word_1_592' title='bbox 1962 2247 2036 2284; x_wconf 89' lang='lat' dir='ltr'>im-</span> 
     </span>
     <span class='ocr_line' id='line_1_100' title="bbox 1092 2294 2035 2349; baseline 0.008 -19"><span class='ocrx_word' id='word_1_593' title='bbox 1092 2294 1275 2342; x_wconf 86' lang='lat' dir='ltr'>pietatem</span> <span class='ocrx_word' id='word_1_594' title='bbox 1306 2295 1663 2344; x_wconf 87' lang='lat' dir='ltr'>Iconomaehorum,</span> <span class='ocrx_word' id='word_1_595' title='bbox 1683 2310 1731 2336; x_wconf 89' lang='lat' dir='ltr'>ss.</span> <span class='ocrx_word' id='word_1_596' title='bbox 1749 2300 1944 2349; x_wconf 88' lang='lat' dir='ltr'>Imagines</span> <span class='ocrx_word' id='word_1_597' title='bbox 1963 2301 2035 2337; x_wconf 90' lang='lat' dir='ltr'>de-</span> 
     </span>
     <span class='ocr_line' id='line_1_101' title="bbox 1091 2348 2037 2394; baseline 0.008 -11"><span class='ocrx_word' id='word_1_598' title='bbox 1091 2348 1337 2394; x_wconf 86' lang='lat' dir='ltr'>struentium,</span> <span class='ocrx_word' id='word_1_599' title='bbox 1359 2348 1522 2387; x_wconf 87' lang='lat' dir='ltr'>docebat</span> <span class='ocrx_word' id='word_1_600' title='bbox 1549 2362 1614 2388; x_wconf 86' lang='lat' dir='ltr'>eas</span> <span class='ocrx_word' id='word_1_601' title='bbox 1644 2363 1726 2389; x_wconf 90' lang='lat' dir='ltr'>esse</span> <span class='ocrx_word' id='word_1_602' title='bbox 1755 2354 1978 2391; x_wconf 86' lang='lat' dir='ltr'>retinendas</span> <span class='ocrx_word' id='word_1_603' title='bbox 1997 2356 2037 2391; x_wconf 87' lang='lat' dir='ltr'>et</span> 
     </span>
     <span class='ocr_line' id='line_1_102' title="bbox 1092 2401 2035 2449; baseline 0.006 -11"><span class='ocrx_word' id='word_1_604' title='bbox 1092 2401 1339 2449; x_wconf 76' lang='lat' dir='ltr'>exponendas</span> <span class='ocrx_word' id='word_1_605' title='bbox 1355 2402 1403 2439; x_wconf 89' lang='lat' dir='ltr'>ad</span> <span class='ocrx_word' id='word_1_606' title='bbox 1420 2405 1725 2442; x_wconf 88' lang='lat' dir='ltr'>conservandam</span> <span class='ocrx_word' id='word_1_607' title='bbox 1741 2406 1962 2444; x_wconf 83' lang='lat' dir='ltr'>divinorum</span> <span class='ocrx_word' id='word_1_608' title='bbox 1977 2407 2035 2444; x_wconf 88' lang='lat' dir='ltr'>be-</span> 
     </span>
     <span class='ocr_line' id='line_1_103' title="bbox 1093 2453 2036 2508; baseline 0.007 -18"><span class='ocrx_word' id='word_1_609' title='bbox 1093 2453 1322 2491; x_wconf 86' lang='lat' dir='ltr'>neficiorum</span> <span class='ocrx_word' id='word_1_610' title='bbox 1339 2456 1562 2494; x_wconf 86' lang='lat' dir='ltr'>memoriam</span> <span class='ocrx_word' id='word_1_611' title='bbox 1580 2460 1781 2505; x_wconf 89' lang='lat' dir='ltr'>eteorum,</span> <span class='ocrx_word' id='word_1_612' title='bbox 1798 2471 1964 2508; x_wconf 87' lang='lat' dir='ltr'>quorum</span> <span class='ocrx_word' id='word_1_613' title='bbox 1984 2459 2036 2497; x_wconf 89' lang='lat' dir='ltr'>ef-</span> 
     </span>
     <span class='ocr_line' id='line_1_104' title="bbox 1094 2508 2035 2561; baseline 0.007 -18"><span class='ocrx_word' id='word_1_614' title='bbox 1094 2508 1225 2556; x_wconf 86' lang='lat' dir='ltr'>figiem</span> <span class='ocrx_word' id='word_1_615' title='bbox 1241 2511 1709 2556; x_wconf 85' lang='lat' dir='ltr'>gerunt,recordationem</span> <span class='ocrx_word' id='word_1_616' title='bbox 1723 2516 1838 2561; x_wconf 88' lang='lat' dir='ltr'>atque</span> <span class='ocrx_word' id='word_1_617' title='bbox 1850 2524 2035 2551; x_wconf 87' lang='lat' dir='ltr'>amorem.</span> 
     </span>
    </p>

    <p class='ocr_par' dir='ltr' id='par_1_12' title="bbox 1092 2560 2037 3035">
     <span class='ocr_line' id='line_1_105' title="bbox 1146 2560 2035 2603; baseline 0.008 -7"><span class='ocrx_word' id='word_1_618' title='bbox 1146 2560 1331 2602; x_wconf 85' lang='lat' dir='ltr'>Quamvis</span> <span class='ocrx_word' id='word_1_619' title='bbox 1345 2564 1477 2599; x_wconf 87' lang='lat' dir='ltr'>autem</span> <span class='ocrx_word' id='word_1_620' title='bbox 1492 2563 1635 2601; x_wconf 87' lang='lat' dir='ltr'>Franci</span> <span class='ocrx_word' id='word_1_621' title='bbox 1651 2566 1721 2602; x_wconf 87' lang='lat' dir='ltr'>hac</span> <span class='ocrx_word' id='word_1_622' title='bbox 1736 2569 1863 2603; x_wconf 88' lang='lat' dir='ltr'>aetate</span> <span class='ocrx_word' id='word_1_623' title='bbox 1879 2577 1902 2603; x_wconf 88' lang='lat' dir='ltr'>a</span> <span class='ocrx_word' id='word_1_624' title='bbox 1917 2566 2035 2603; x_wconf 87' lang='lat' dir='ltr'>Grae-</span> 
     </span>
     <span class='ocr_line' id='line_1_106' title="bbox 1095 2614 2036 2668; baseline 0.006 -18"><span class='ocrx_word' id='word_1_625' title='bbox 1095 2614 1149 2651; x_wconf 88' lang='lat' dir='ltr'>cis</span> <span class='ocrx_word' id='word_1_626' title='bbox 1169 2614 1419 2653; x_wconf 85' lang='lat' dir='ltr'>dissentirent</span> <span class='ocrx_word' id='word_1_627' title='bbox 1438 2616 1477 2652; x_wconf 91' lang='lat' dir='ltr'>in</span> <span class='ocrx_word' id='word_1_628' title='bbox 1497 2617 1648 2654; x_wconf 86' lang='lat' dir='ltr'>ratione</span> <span class='ocrx_word' id='word_1_629' title='bbox 1668 2619 1816 2655; x_wconf 85' lang='lat' dir='ltr'>colendi</span> <span class='ocrx_word' id='word_1_630' title='bbox 1831 2619 2036 2668; x_wconf 87' lang='lat' dir='ltr'>imagines,</span> 
     </span>
     <span class='ocr_line' id='line_1_107' title="bbox 1095 2667 2036 2719; baseline 0.007 -16"><span class='ocrx_word' id='word_1_631' title='bbox 1095 2680 1114 2704; x_wconf 92' lang='lat' dir='ltr'>e</span> <span class='ocrx_word' id='word_1_632' title='bbox 1135 2667 1361 2705; x_wconf 86' lang='lat' dir='ltr'>certissimis</span> <span class='ocrx_word' id='word_1_633' title='bbox 1382 2674 1512 2705; x_wconf 88' lang='lat' dir='ltr'>tamen</span> <span class='ocrx_word' id='word_1_634' title='bbox 1533 2672 1788 2709; x_wconf 90' lang='lat' dir='ltr'>monumentis</span> <span class='ocrx_word' id='word_1_635' title='bbox 1809 2675 1978 2719; x_wconf 83' lang='lat' dir='ltr'>constat,</span> <span class='ocrx_word' id='word_1_636' title='bbox 1995 2673 2036 2710; x_wconf 89' lang='lat' dir='ltr'>il-</span> 
     </span>
     <span class='ocr_line' id='line_1_108' title="bbox 1092 2721 2035 2770; baseline 0.008 -14"><span class='ocrx_word' id='word_1_637' title='bbox 1092 2721 1150 2757; x_wconf 91' lang='lat' dir='ltr'>los</span> <span class='ocrx_word' id='word_1_638' title='bbox 1179 2732 1376 2769; x_wconf 83' lang='lat' dir='ltr'>nunquam</span> <span class='ocrx_word' id='word_1_639' title='bbox 1406 2723 1643 2770; x_wconf 87' lang='lat' dir='ltr'>improbasse</span> <span class='ocrx_word' id='word_1_640' title='bbox 1664 2725 1908 2763; x_wconf 88' lang='lat' dir='ltr'>moderatum</span> <span class='ocrx_word' id='word_1_641' title='bbox 1932 2726 2035 2763; x_wconf 84' lang='lat' dir='ltr'>ima-</span> 
     </span>
     <span class='ocr_line' id='line_1_109' title="bbox 1093 2774 2036 2823; baseline 0.008 -14"><span class='ocrx_word' id='word_1_642' title='bbox 1093 2774 1227 2823; x_wconf 88' lang='lat' dir='ltr'>ginum</span> <span class='ocrx_word' id='word_1_643' title='bbox 1264 2774 1430 2821; x_wconf 85' lang='lat' dir='ltr'>cultum,</span> <span class='ocrx_word' id='word_1_644' title='bbox 1460 2778 1498 2812; x_wconf 82' lang='lat' dir='ltr'>et</span> <span class='ocrx_word' id='word_1_645' title='bbox 1527 2776 1574 2812; x_wconf 90' lang='lat' dir='ltr'>ab</span> <span class='ocrx_word' id='word_1_646' title='bbox 1604 2787 1735 2814; x_wconf 86' lang='lat' dir='ltr'>errore</span> <span class='ocrx_word' id='word_1_647' title='bbox 1764 2778 2036 2817; x_wconf 84' lang='lat' dir='ltr'>iconoclastico</span> 
     </span>
     <span class='ocr_line' id='line_1_110' title="bbox 1095 2826 2037 2875; baseline 0.008 -12"><span class='ocrx_word' id='word_1_648' title='bbox 1095 2838 1247 2875; x_wconf 89' lang='lat' dir='ltr'>semper</span> <span class='ocrx_word' id='word_1_649' title='bbox 1275 2826 1390 2864; x_wconf 83' lang='lat' dir='ltr'>fuisse</span> <span class='ocrx_word' id='word_1_650' title='bbox 1411 2828 1567 2865; x_wconf 88' lang='lat' dir='ltr'>alienos.</span> <span class='ocrx_word' id='word_1_651' title='bbox 1589 2828 1702 2867; x_wconf 89' lang='lat' dir='ltr'>Certo</span> <span class='ocrx_word' id='word_1_652' title='bbox 1714 2831 1866 2869; x_wconf 72' lang='lat' dir='ltr'>certius</span> <span class='ocrx_word' id='word_1_653' title='bbox 1887 2833 2037 2870; x_wconf 88' lang='lat' dir='ltr'>erravit</span> 
     </span>
     <span class='ocr_line' id='line_1_111' title="bbox 1096 2880 2035 2934; baseline 0.005 -16"><span class='ocrx_word' id='word_1_654' title='bbox 1096 2880 1277 2918; x_wconf 88' lang='lat' dir='ltr'>Claudius</span> <span class='ocrx_word' id='word_1_655' title='bbox 1305 2881 1501 2929; x_wconf 86' lang='lat' dir='ltr'>episcopus</span> <span class='ocrx_word' id='word_1_656' title='bbox 1521 2881 1793 2931; x_wconf 84' lang='lat' dir='ltr'>Taurinensis,</span> <span class='ocrx_word' id='word_1_657' title='bbox 1813 2885 1877 2934; x_wconf 87' lang='lat' dir='ltr'>qui</span> <span class='ocrx_word' id='word_1_658' title='bbox 1899 2890 2035 2923; x_wconf 85' lang='lat' dir='ltr'>aucto-</span> 
     </span>
     <span class='ocr_line' id='line_1_112' title="bbox 1095 2934 2033 2987; baseline 0.009 -18"><span class='ocrx_word' id='word_1_659' title='bbox 1095 2934 1222 2979; x_wconf 84' lang='lat' dir='ltr'>ritate,</span> <span class='ocrx_word' id='word_1_660' title='bbox 1238 2944 1314 2980; x_wconf 83' lang='lat' dir='ltr'>qua</span> <span class='ocrx_word' id='word_1_661' title='bbox 1334 2934 1435 2981; x_wconf 87' lang='lat' dir='ltr'>apud</span> <span class='ocrx_word' id='word_1_662' title='bbox 1456 2934 1697 2973; x_wconf 87' lang='lat' dir='ltr'>Ludovicum</span> <span class='ocrx_word' id='word_1_663' title='bbox 1718 2943 1926 2987; x_wconf 89' lang='lat' dir='ltr'>augustum</span> <span class='ocrx_word' id='word_1_664' title='bbox 1948 2939 2033 2987; x_wconf 88' lang='lat' dir='ltr'>pol-</span> 
     </span>
     <span class='ocr_line' id='line_1_113' title="bbox 1096 2986 2035 3035; baseline 0.006 -11"><span class='ocrx_word' id='word_1_665' title='bbox 1096 2987 1220 3031; x_wconf 85' lang='lat' dir='ltr'>lebat,</span> <span class='ocrx_word' id='word_1_666' title='bbox 1241 2987 1365 3022; x_wconf 86' lang='lat' dir='ltr'>elatus</span> <span class='ocrx_word' id='word_1_667' title='bbox 1379 3015 1388 3031; x_wconf 90' lang='lat'>,</span> <span class='ocrx_word' id='word_1_668' title='bbox 1408 2986 1597 3035; x_wconf 89' lang='lat' dir='ltr'>imagines</span> <span class='ocrx_word' id='word_1_669' title='bbox 1626 2992 1664 3027; x_wconf 85' lang='lat' dir='ltr'>et</span> <span class='ocrx_word' id='word_1_670' title='bbox 1685 3002 1818 3029; x_wconf 88' lang='lat' dir='ltr'>cruces</span> <span class='ocrx_word' id='word_1_671' title='bbox 1839 3004 1887 3029; x_wconf 71' lang='lat' dir='ltr'>ex</span> <span class='ocrx_word' id='word_1_672' title='bbox 1908 2993 2035 3030; x_wconf 86' lang='lat' dir='ltr'>eccle-</span> 
     </span>
    </p>
   </div>
   <div class='ocr_carea' id='block_1_10' title="bbox 1134 3092 2034 3176">
    <p class='ocr_par' dir='ltr' id='par_1_13' title="bbox 1134 3092 2034 3176">
     <span class='ocr_line' id='line_1_114' title="bbox 1178 3092 1354 3111; baseline 0.011 -2"><span class='ocrx_word' id='word_1_673' title='bbox 1178 3094 1194 3109; x_wconf 67' lang='grc'>,·“</span> <span class='ocrx_word' id='word_1_674' title='bbox 1295 3092 1312 3111; x_wconf 60' lang='grc' dir='ltr'>ν)</span> <span class='ocrx_word' id='word_1_675' title='bbox 1337 3092 1354 3110; x_wconf 69' lang='grc' dir='ltr'><strong>θ</strong></span> 
     </span>
     <span class='ocr_line' id='line_1_115' title="bbox 1134 3093 2034 3176; baseline 0.006 -11"><span class='ocrx_word' id='word_1_676' title='bbox 1134 3094 1147 3156; x_wconf 56' lang='grc' dir='ltr'>Ξ</span> <span class='ocrx_word' id='word_1_677' title='bbox 1159 3094 1236 3166; x_wconf 50' lang='lat'>31111151</span> <span class='ocrx_word' id='word_1_678' title='bbox 1243 3103 1313 3170; x_wconf 38' lang='lat' dir='ltr'>libnt</span> <span class='ocrx_word' id='word_1_679' title='bbox 1322 3093 1452 3172; x_wconf 47' lang='grc' dir='ltr'>1Ιῖἰῖωβιί.</span> <span class='ocrx_word' id='word_1_680' title='bbox 1471 3133 1503 3163; x_wconf 83' lang='lat' dir='ltr'>in</span> <span class='ocrx_word' id='word_1_681' title='bbox 1519 3137 1601 3172; x_wconf 77' lang='lat' dir='ltr'>part.</span> <span class='ocrx_word' id='word_1_682' title='bbox 1615 3136 1630 3167; x_wconf 96' lang='lat' dir='ltr'><em>l</em></span> <span class='ocrx_word' id='word_1_683' title='bbox 1643 3145 1713 3168; x_wconf 78' lang='lat' dir='ltr'>scec.</span> <span class='ocrx_word' id='word_1_684' title='bbox 1726 3137 1742 3168; x_wconf 95' lang='lat' dir='ltr'><em>I</em></span> <span class='ocrx_word' id='word_1_685' title='bbox 1749 3136 1771 3168; x_wconf 91' lang='lat' dir='ltr'><em>V</em></span> <span class='ocrx_word' id='word_1_686' title='bbox 1782 3137 1958 3176; x_wconf 63' lang='lat' dir='ltr'>Boneclict.;</span> <span class='ocrx_word' id='word_1_687' title='bbox 1975 3139 2034 3169; x_wconf 84' lang='lat' dir='ltr'>Na-</span> 
     </span>
    </p>
   </div>
   <div class='ocr_carea' id='block_1_11' title="bbox 1095 3174 2034 3265">
    <p class='ocr_par' dir='ltr' id='par_1_14' title="bbox 1095 3174 2034 3265">
     <span class='ocr_line' id='line_1_116' title="bbox 1095 3174 2034 3219; baseline 0.005 -12"><span class='ocrx_word' id='word_1_688' title='bbox 1095 3177 1144 3207; x_wconf 72' lang='lat' dir='ltr'>tal.</span> <span class='ocrx_word' id='word_1_689' title='bbox 1165 3176 1311 3206; x_wconf 67' lang='lat' dir='ltr'>Alexand.</span> <span class='ocrx_word' id='word_1_690' title='bbox 1328 3175 1405 3206; x_wconf 64' lang='lat' dir='ltr'>llis-c.</span> <span class='ocrx_word' id='word_1_691' title='bbox 1422 3174 1494 3205; x_wconf 76' lang='lat' dir='ltr'>eccl.</span> <span class='ocrx_word' id='word_1_692' title='bbox 1513 3176 1589 3208; x_wconf 84' lang='lat' dir='ltr'>Diss.</span> <span class='ocrx_word' id='word_1_693' title='bbox 1607 3178 1625 3208; x_wconf 77' lang='lat'>6</span> <span class='ocrx_word' id='word_1_694' title='bbox 1649 3178 1681 3209; x_wconf 81' lang='lat' dir='ltr'>in</span> <span class='ocrx_word' id='word_1_695' title='bbox 1697 3188 1767 3210; x_wconf 78' lang='lat' dir='ltr'>swc.</span> <span class='ocrx_word' id='word_1_696' title='bbox 1784 3179 1866 3219; x_wconf 77' lang='lat' dir='ltr'>Vm3</span> <span class='ocrx_word' id='word_1_697' title='bbox 1883 3181 2034 3212; x_wconf 82' lang='lat' dir='ltr'>Baronius</span> 
     </span>
     <span class='ocr_line' id='line_1_117' title="bbox 1095 3216 1435 3265; baseline -0.006 -17"><span class='ocrx_word' id='word_1_698' title='bbox 1095 3222 1124 3249; x_wconf 83' lang='lat' dir='ltr'>et</span> <span class='ocrx_word' id='word_1_699' title='bbox 1140 3217 1226 3258; x_wconf 81' lang='lat' dir='ltr'>Pagi,</span> <span class='ocrx_word' id='word_1_700' title='bbox 1242 3217 1282 3248; x_wconf 78' lang='lat' dir='ltr'>ad</span> <span class='ocrx_word' id='word_1_701' title='bbox 1298 3226 1346 3265; x_wconf 67' lang='lat' dir='ltr'>an.</span> <span class='ocrx_word' id='word_1_702' title='bbox 1367 3216 1435 3247; x_wconf 71' lang='lat'>8:25.</span> 
     </span>
    </p>
   </div>
  </div>
 </body>
</html>
