2241 3473
229 135 308 174 436

517 148 680 174 EPOCHA
696 128 788 173 ¹XIII.
815 150 839 172 A
864 146 1044 172 PVBLICA
1067 142 1215 170 RERVM
1237 145 1278 170 IN
1301 145 1472 173 GALLHS
1492 147 1782 174 SVBVERSIONE

173 222 276 255 ctam
298 219 526 266 praecipue,
546 216 786 264 solidamque
806 217 1118 262 theologicarum
1174 213 1304 254 disset,
1325 216 1361 250 in
1382 228 1456 263 quo
1484 220 1601 252 erant
1627 216 1799 262 insignia
1823 219 1958 253 sectae
1985 216 2123 252 multo-

171 272 436 308 doctrinarum
459 300 466 314 ‚
496 271 804 306 Ecclesiasticae
831 269 1053 310 Historiae,
1082 272 1121 303 et
1178 268 1248 303 ties
1276 280 1298 304 a
1327 269 1366 304 S.
1396 269 1497 305 Sede
1525 270 1769 316 proscriptae
1791 272 1816 303 1.

168 336 372 362 sacrorum
389 326 594 361 Canonum
609 324 816 359 scientiam
832 327 872 359 et
891 322 1120 358 auctoribus

168 379 216 415 ab
244 379 473 426 Apostolica
499 377 603 413 Sede
633 377 809 424 probatis
843 379 1120 423 depromptam

167 431 349 478 consequi
377 431 587 466 valeant».
609 431 796 466 Summus
813 430 1010 472 Pontifex,
1030 429 1121 464 duo-

170 486 238 521 bus
256 485 341 520 aliis
362 484 553 520 Brevibus
568 486 593 526 1,
611 484 929 531 conquerebatur
947 482 1062 518 simul
1082 485 1122 517 et

171 538 381 574 damnabat
406 549 559 572 morem
591 537 792 572 inductum
829 548 901 584 quo
929 535 1120 583 patresfa-

172 591 300 626 milias
326 590 552 627 educandas
578 590 879 626 committebant
898 590 1048 636 puellas
1068 589 1120 624 lu-

171 645 415 692 dimagistris
444 644 676 680 recentioris
702 650 820 680 notae
850 644 1061 685 civilitatis,
1082 647 1122 678 et

172 699 331 746 insuper
345 698 513 734 studium
530 698 816 744 Episcoporum
829 697 980 733 Galliae
996 697 1034 731 in
1048 696 1122 732 hoc

171 752 274 788 malo
293 751 466 788 arcendo
495 751 673 787 laudibus
701 752 1028 798 prosequebatur.

216 806 300 841 Hoc
328 810 506 852 tempore
542 805 645 840 aliud
683 805 937 852 lacrymabile
971 806 1120 840 factum

169 860 337 895 Galliam
372 870 556 895 moerore
595 859 758 901 afflixit,
787 870 928 905 nempe
955 858 1122 906 Gallica-

167 913 283 949 nismi
303 913 502 949 excitatio.
523 912 767 948 Parisiorum
788 912 1120 959 Archiepiscopus

166 967 213 1002 D.
240 967 437 1013 Georgius
469 966 641 1013 Darboy,
672 972 808 1013 postea
828 977 923 1002 vero
944 970 1120 1002 mortuus

168 1022 222 1057 uti
242 1021 301 1057 sui
322 1023 497 1056 muneris
515 1027 684 1068 martyr,
701 1021 856 1067 signum
879 1020 965 1056 tulit
983 1020 1023 1055 in
1041 1020 1121 1066 gal-

167 1074 360 1111 licanismi
387 1075 543 1122 placitis
569 1074 813 1121 evulgandis,
831 1078 871 1111 et
894 1075 975 1110 vim
996 1075 1121 1111 inten-

167 1129 283 1165 debat
313 1133 355 1166 ut
383 1141 474 1165 suos
510 1129 683 1165 asseclas
716 1129 869 1165 faceret
900 1129 1119 1176 Episcopus

168 1186 414 1227 Galliarum,
452 1189 491 1220 et
526 1188 647 1220 totam
687 1185 887 1219 nationem
924 1195 993 1231 per
1036 1195 1118 1219 eos.

168 1241 244 1276 Hic
276 1239 470 1276 sentiebat
502 1239 549 1274 R.
587 1238 790 1274 Pontificis
818 1243 1056 1285 potestatem
1083 1238 1121 1272 in

169 1295 346 1341 singulas
373 1293 564 1330 ecclesias
592 1304 719 1339 neque
746 1303 833 1328 esse
861 1292 1120 1334 ordinariam,

170 1360 295 1396 neque
317 1348 544 1391 mediatam
557 1347 604 1382 R.
622 1346 858 1382 Pontificem
879 1347 917 1381 in
935 1358 1012 1382 uno
1029 1357 1122 1382 casu

171 1407 320 1439 tantum
348 1414 463 1450 posse
490 1412 609 1447 ,suam
638 1400 893 1447 interponere
912 1401 1122 1436 auctorita-

168 1461 244 1492 tem
284 1457 321 1492 in
362 1456 531 1504 aliquam
567 1455 850 1502 particularem
879 1455 1120 1498 ecclesiam,

165 1511 318 1558 quando
364 1521 504 1557 nempe
544 1509 595 1544 ibi
637 1520 699 1544 res
740 1508 795 1543 ita
837 1509 1121 1555 incompositae

164 1564 343 1607 fuissent,
373 1570 412 1599 ut
432 1563 650 1598 auctoritas
670 1562 717 1596 R.
739 1561 943 1597 Pontificis
962 1562 1119 1597 unicum

165 1622 270 1653 esset
296 1617 515 1653 remedium
551 1627 621 1663 pro
650 1615 871 1651 animarum
899 1616 1028 1651 salute
1059 1627 1123 1651 cu-

164 1671 288 1707 randa
315 1675 355 1707 et
383 1669 561 1706 Pastoris
597 1669 842 1716 negligentia
871 1669 1119 1716 rcparanda;

165 1724 378 1761 dioecesim
415 1724 536 1760 veluti
573 1724 780 1769 regionem
809 1723 1007 1759 missionis
1033 1735 1121 1760 eva-

164 1779 272 1823 dere,
296 1783 336 1815 et
354 1779 580 1826 episcopum
601 1776 843 1812 ordinarium
864 1777 987 1813 veluti
1006 1777 1122 1814 Vica-

166 1834 266 1869 rium
300 1833 571 1880 apostolicum.
610 1832 668 1866 Ex
702 1831 775 1867 hoc
810 1831 1003 1879 principio
1038 1833 1121 1880 ipse

167 1888 214 1923 D.
243 1885 400 1934 Darboy
428 1886 560 1921 omnia
580 1885 779 1933 possibilia
798 1886 1049 1922 consectaria
1067 1887 1123 1922 in-

166 1942 333 1978 serebat.
355 1941 419 1977 Ius
445 1940 754 1988 appellationum
781 1939 830 1975 ad
857 1939 1000 1976 Sedem
1019 1942 1123 1988 Apo-

168 1996 347 2032 stolicam
376 1995 532 2031 dicebat
558 2005 643 2030 esse
670 1996 833 2029 abusum
853 1994 917 2041 qui
936 1995 1120 2042 episcopo

169 2049 510 2098 impediebat,imo
532 2048 810 2094 impossibilem
833 2048 1001 2084 faciebat
1019 2049 1120 2085 dioe-

165 2106 267 2141 cesis
294 2103 688 2140 administrationem.
708 2102 972 2145 Nunciatura‚
991 2104 1122 2150 Regu-

166 2163 270 2196 lares
292 2187 301 2204 ‚
329 2158 512 2206 ipsaeque
541 2157 745 2192 Romanae
777 2158 1120 2203 Congregationes

163 2219 278 2251 erant
305 2213 426 2249 veluti
454 2223 597 2258 vepres
626 2211 661 2246 in
691 2212 775 2246 eius
801 2211 937 2253 oculis,
961 2212 1118 2258 quiadi-

164 2273 271 2305 recte
290 2267 555 2303 immittebant
571 2265 850 2301 auctoritatem
863 2264 1119 2302 R-Poiitilicis

162 2323 199 2358 in
219 2322 476 2370 parisiensem
493 2319 719 2356 ecclesiam.
732 2318 1117 2365 Regiumplacc'tum,

164 2388 349 2413 recursus
365 2375 413 2411 ad
429 2376 558 2409 forum
576 2373 732 2415 laicum,
750 2373 903 2408 articuli
922 2374 1117 2419 organici,

164 2431 324 2466 nullitas
351 2436 509 2465 actuum
532 2426 811 2475 pontificalium
832 2427 966 2473 quibus
985 2431 1119 2464 Status

162 2485 275 2520 venia
301 2484 472 2526 deesset,
498 2482 596 2518 baec
615 2481 748 2517 omnia
776 2481 880 2516 ultra
898 2493 1121 2528 propugna-

166 2541 242 2576 bat.
262 2539 450 2586 Religiosi
467 2538 528 2584 qui
545 2538 583 2572 in
602 2547 673 2572 sua
688 2535 858 2571 dioecesi
875 2541 1001 2577 erant,
1014 2537 1119 2572 nullo

167 2595 249 2631 iure
266 2593 314 2630 ad
337 2593 440 2640 ipsos
455 2595 661 2639 spectante
680 2590 757 2625 frui
773 2589 941 2632 dicebat,
957 2601 1003 2625 eo
1019 2591 1118 2638 quod

167 2660 244 2684 non
272 2647 465 2694 recogniti
492 2657 515 2681 a
542 2646 655 2681 Statu
681 2649 720 2680 ct
747 2644 822 2679 illis
849 2643 1036 2680 reditibus
1055 2656 1118 2680 ex-

169 2707 301 2751 pertes
335 2713 405 2749 per
434 2701 543 2746 leges
576 2698 872 2735 ecclesiasticas
910 2698 1114 2744 requisitis.

168 2758 258 2793 Pius
277 2756 347 2804 Pp.
378 2755 432 2790 IX
453 2766 522 2802 per
542 2753 750 2800 epistolam
771 2751 819 2787 ad
840 2751 1114 2798 Arcliiepisco-

167 2824 258 2859 pum
287 2812 445 2846 missam
475 2808 536 2844 die
564 2808 609 2843 26
632 2807 780 2842 octobr.
804 2806 895 2842 1865
913 2805 958 2841 do
979 2806 1036 2840 liis
1056 2818 1117 2841 ca-

167 2866 308 2912 pitibus
327 2864 531 2899 doctrinae
553 2861 886 2908 cmuprcrebatur,
904 2865 942 2895 et
969 2873 1012 2895 ca
1036 2861 1117 2895 brc—

166 2920 267 2955 vitcr
297 2919 647 2963 rcfcllcbanatqiu:
671 2917 830 2961 insuper
850 2914 1114 2949 execrabatur

161 2974 258 3020 quod
289 2974 369 3019 ipse
401 2973 540 3007 l'astor
587 2970 815 3016 parisiensis
845 2968 881 3002 in
913 2968 1115 3005 funeribus

160 3028 300 3062 sumini
331 3027 440 3061 ducis
470 3026 670 3070 Magium,
701 3022 1030 3069 magni-Orientis
1058 3032 1114 3056 κο·

162 3087 246 3117 ctae
287 3080 551 3122 masseiiicae,
570 3077 855 3114 absolutionem
884 3078 1034 3113 feretro
1051 3074 1112 3111 de-

212 3242 218 3262 ¹
251 3243 337 3275 ilicb.
367 3242 405 3274 21
435 3242 595 3274 decembr.
629 3240 706 3270 ¹807
736 3243 767 3272 ct
793 3239 814 3271 4
833 3240 898 3271 ian.
923 3238 1004 3270 1805

1222 322 1332 358 Haec
1350 322 1552 358 doctrinae
1569 323 1700 369 capita
1716 323 1900 369 vigebant
1915 323 2132 370 quinquen-

1177 375 1240 410 nio
1269 380 1361 411 ante
1387 377 1552 413 Concilii
1579 376 1763 411 Vaticani
1784 377 2124 420 convocationem,

1175 433 1213 464 et
1241 433 1438 475 potestate
1466 429 1593 465 laicali
1622 430 1780 465 fovente
1798 458 1806 472 ‚
1836 429 2021 476 religiosa
2048 441 2131 466 cer-

1175 483 1325 518 tamina
1352 484 1431 519 iam
1458 485 1587 530 sopita
1614 484 1780 520 excitari
1798 483 1924 519 denuo
1945 484 2127 520 videban-

1176 541 1251 571 tur.
1280 538 1427 573 Merito
1448 538 1568 584 igitur
1589 539 1716 573 maior
1736 548 1827 584 pars
1850 537 2013 574 Patrum
2033 539 2133 576 Con-

1176 590 1253 625 cilii
1272 591 1456 626 Vaticani
1476 591 1739 639 expostulavit
1757 596 1800 626 ut
1816 591 2034 638 postposita
2053 591 2131 627 alia

1175 645 1359 687 materia,
1381 653 1568 692 ageretur
1588 645 1635 681 de
1658 645 1833 681 Primatu
1852 645 1900 680 R.
1923 644 2130 680 Pontificis

1176 701 1216 733 ut
1244 698 1371 745 capite
1401 700 1616 735 constituto
1635 728 1643 743 ‚
1669 699 1893 734 schismatis
1922 699 2130 734 tolleretur
2185 732 2187 734 .

1175 752 1344 787 occasio.
1382 752 1471 788 Ideo
1500 755 1537 787 in
1574 752 1711 800 Capite
1744 753 1793 788 111
1827 752 2128 789 Constitutionis

1174 804 1326 841 Pastor
1341 807 1535 842 Aeternus
1554 806 1729 843 definitio
1747 806 1853 843 edita
1872 810 1932 843 est
1950 805 1996 841 de
2012 806 2129 853 plena

1175 862 1215 895 et
1260 871 1450 907 suprema
1487 860 1769 896 iurisdictionis
1796 864 1991 908 potestate
2015 889 2022 903 ,
2051 872 2126 909 qua

1176 913 1298 960 pollet
1323 914 1372 949 R.
1394 914 1578 950 Pontifex
1604 925 1722 961 super
1747 914 1977 951 universam
1996 915 2133 952 Eccle-

1175 967 1288 1011 siam,
1310 972 1350 1004 et
1376 968 1476 1003 lianc
1506 972 1745 1015 potestatem
1773 979 1861 1004 esse
1889 969 2130 1005 ordinariam

1176 1026 1215 1057 et
1242 1021 1511 1058 immediatam
1540 1022 1577 1057 in
1600 1034 1736 1058 omnes
1754 1026 1793 1058 et
1811 1023 1986 1069 singulos
2005 1029 2134 1071 pasto-

1176 1087 1241 1111 res
1270 1080 1308 1112 et
1334 1076 1481 1113 fideles.
1518 1077 1682 1124 Insuper
1716 1076 1948 1115 damnatum
1976 1078 2049 1114 fuit
2074 1089 2134 1114 re-

1173 1131 1279 1176 [μίιηι
1295 1130 1491 1178 placitum
1509 1142 1588 1166 una.
1607 1142 1696 1166 cum
1719 1142 1882 1167 recursu
1900 1131 1950 1167 ad
1964 1134 2133 1168 auctori-

1177 1189 1299 1221 tatem
1327 1185 1536 1228 laicalem,
1567 1189 1605 1221 ct
1639 1186 1902 1233 appellatione
1929 1197 1954 1222 a
1992 1186 2133 1223 iudicio

1176 1240 1224 1275 R.
1253 1240 1468 1277 Pontificis.
1503 1242 1555 1276 At
1589 1240 1683 1276 Pius
1712 1240 1766 1275 [Χ
1800 1241 1920 1276 animi
1947 1241 2132 1278 solatium

1176 1294 1331 1341 accepit
1357 1306 1405 1330 ex
1435 1306 1481 1330 eo
1508 1293 1609 1341 quod
1636 1294 1682 1328 D.
1711 1294 1866 1341 Darboy
1896 1294 1945 1330 ad
1972 1295 2132 1342 frugem

1177 1359 1365 1384 reversus
1392 1353 1464 1384 est.
1486 1348 1560 1383 Hic
1580 1347 1758 1395 quidem,
1777 1349 1956 1395 quamvis
1975 1349 2015 1384 in
2033 1350 2134 1386 Con-

1177 1402 1264 1437 cilio
1292 1403 1490 1438 Vaticano
1519 1401 1755 1448 praecipuas
1784 1408 1915 1447 partes
1934 1402 2135 1439 habuisset

1177 1455 1214 1491 in
1241 1456 1491 1493 adversanda
1517 1455 1807 1492 Constitutione
1827 1456 1977 1492 Pastor
1995 1457 2131 1493 Aeter-

1177 1521 1262 1553 nus,
1289 1514 1422 1546 tamen
1444 1509 1506 1546 die
1525 1509 1547 1545 2
1566 1509 1698 1544 martii
1720 1509 1809 1545 1871
1831 1521 1899 1556 per
1918 1510 2126 1557 epistolam

1177 1563 1224 1597 R.
1249 1563 1428 1599 Pontifici
1454 1563 1685 1599 declarabat
1710 1574 1820 1598 suam
1848 1563 2132 1599 adhaesionem

1172 1628 1320 1664 puram
1353 1619 1389 1653 et
1427 1616 1644 1665 simplicem
1679 1615 1806 1652 eidem
1838 1617 2130 1653 Constitutioni.

1176 1671 1279 1707 Huic
1307 1671 1399 1707 Pius
1426 1672 1481 1707 IX
1511 1670 1715 1717 rescripsit
1734 1675 1774 1706 et
1795 1681 1933 1706 sensus
1952 1670 2130 1707 laetitiae

1178 1725 1307 1761 cordis
1333 1725 1393 1761 sui
1420 1725 1618 1772 aperiens,
1647 1735 1737 1759 eum
1765 1723 1966 1760 excitabat
1991 1724 2040 1760 ad
2066 1724 2132 1760 do-

1177 1779 1326 1815 ctrinas
1356 1779 1393 1814 in
1413 1778 1587 1816 Concilio
1613 1777 1810 1812 Vaticano
1829 1777 2012 1814 definitas
2038 1778 2135 1815 fide-

1177 1833 1275 1869 libus
1302 1833 1599 1869 tradendas.Et
1624 1831 1743 1867 etiarn
1773 1832 1948 1868 laetitiae
1976 1832 2047 1868 Pio
2076 1833 2132 1869 IX

1177 1887 1247 1924 fuit
1274 1888 1422 1924 reditus
1440 1887 1614 1924 omnium
1634 1886 1853 1922 Galliarum
1873 1887 2131 1924 ecclesiarum

1176 1942 1224 1978 ad
1252 1953 1461 1978 romanam
1489 1941 1709 1988 liturgiam.

1224 1998 1325 2032 Dum
1344 1997 1443 2033 haec
1462 1996 1683 2043 agebantur
1696 2024 1704 2038 ‚
1722 1994 1931 2042 Napoleon
1951 1995 1998 2032 111
2019 2007 2132 2034 arma

1177 2051 1378 2088 conseruit
1405 2062 1493 2086 cum
1521 2049 1733 2086 Germanis
1758 2052 1784 2083 2.
1807 2049 1882 2085 Sed
1910 2049 2038 2086 exitus
2066 2062 2130 2097 pu-

1176 2117 1278 2151 gnae
1307 2105 1441 2141 infelix
1467 2104 1540 2140 fuit
1559 2132 1567 2147 ,
1595 2107 1634 2139 et
1662 2104 1879 2150 imperator
1901 2104 2130 2150 Bonaparte

1175 2160 1308 2195 debuit
1335 2171 1376 2195 se
1405 2159 1550 2194 victum
1579 2157 1675 2193 dare
1704 2157 1938 2205 imperatori
1966 2158 2130 2195 Germa-

1178 2214 1279 2249 niae.
1310 2214 1396 2261 Ipsa
1422 2224 1573 2260 quoque
1601 2212 1730 2247 Gallia
1756 2223 1846 2247 eum
1877 2211 2126 2257 declaravit,

1176 2279 1254 2302 una
1281 2279 1368 2302 cum
1395 2267 1474 2302 suis
1502 2265 1689 2312 posteris,
1718 2264 1883 2312 imperio
1911 2265 2124 2312 privatum.

1174 2322 1247 2356 Ast
1273 2321 1335 2356 ille
1359 2349 1366 2364 ‚
1394 2320 1528 2355 dolore
1556 2319 1728 2366 percitus
1746 2348 1753 2361 ,
1784 2319 1953 2365 Angliae
1981 2319 2130 2356 duobus

1173 2380 1260 2422 post
1287 2375 1399 2410 annis
1419 2374 1533 2416 (1873)
1556 2379 1732 2409 mortuus
1751 2378 1823 2409 est.
1843 2374 1971 2410 Gallia
1990 2374 2067 2409 iam
2088 2374 2127 2410 in

1174 2429 1473 2475 Rempublicain
1493 2440 1534 2464 se
1552 2428 1781 2464 constituita
1797 2430 2126 2475 erat-Antequam
2183 2440 2193 2450 ·

1175 2495 1238 2519 res
1252 2482 1540 2530 quodammodo
1556 2483 2129 2530 compenercntur,C0munar-

1172 2537 1244 2573 dae
1266 2537 1430 2573 Parisiis
1446 2536 1610 2583 imperio
1627 2537 1752 2583 potiti,
1773 2545 1978 2584 postquam
1994 2537 2127 2573 omnia

1172 2603 1288 2627 sacra
1319 2590 1665 2638 pessundedissent
1687 2619 1695 2633 ,
1724 2601 1864 2627 manus
1895 2591 1934 2626 in
1961 2591 2123 2628 Archie-

1175 2646 1372 2693 piscopum
1410 2645 1631 2680 iniecerunt
1665 2644 1756 2680 dum
1788 2645 1820 2680 is
1850 2644 2121 2682 obsecundare

1172 2699 1354 2735 studebat
1391 2699 1436 2733 R.
1467 2697 1700 2733 Pontificem
1719 2726 1727 2739 ‚
1767 2697 1929 2734 decreta
1955 2698 2124 2735 Concilii

1174 2753 1355 2788 Vaticani
1376 2752 1706 2799 evulgando.Una
1721 2764 1806 2788 cum
1824 2752 2125 2800 archiepiscopo

1174 2807 1207 2841 in
1228 2807 1385 2842 vincula
1412 2806 1577 2841 coniecti
1606 2811 1695 2841 sunt
1724 2806 1768 2841 D.
1798 2806 1934 2842 Allard
1964 2812 2125 2844 curatus

1174 2860 1450 2907 Magdalcnac‚
1472 2859 1653 2903 lesuitae‚
1674 2860 1878 2896 duodecim
1901 2861 2123 2898 Dominica-

1172 2916 1377 2962 ni,:iliique
1397 2914 1655 2951 ecclesiastici
1675 2914 1868 2961 viri,quin
1888 2915 1945 2951 liis
1966 2915 2122 2963 aliquod

1170 2969 1317 3005 vriincn
1355 2968 1486 3015 attingi
1525 2972 1680 3015 possem
1709 2974 1749 3003 et
1786 2975 1987 3016 postquam
2021 2970 2122 3006 male

1169 3023 1287 3057 babiti
1316 3028 1418 3066 sunt,
1449 3026 1616 3057 inertem
1641 3023 1896 3069 appetierunt
1922 3035 1971 3059 ex
1990 3023 2123 3070 ignitis

1215 3149 1219 3168 ¹
1253 3145 1372 3177 Vulcsis
1407 3146 1451 3178 La
1494 3144 1632 3177 Scienza
1659 3154 1675 3176 e
1700 3147 1732 3178 la
1763 3147 1872 3189 Fedc,
1902 3148 1967 3180 vol.
1995 3155 2118 3190 Lxxn,

1168 3201 1197 3232 p.
1226 3193 1289 3222 2:38
1319 3201 1388 3233 sqq.

1210 3235 1222 3254 '⁴'
1241 3237 1307 3269 Vid.
1326 3247 1356 3279 p.
1386 3237 1463 3269 381.
