2241 3473
459 207 597 238 vSQvE
618 208 672 236 AD
692 206 909 241 PVBLICAM
931 203 1078 234 RERVM
1100 203 1142 232 IN
1163 201 1336 232 GALLIIS
1356 201 1680 230 SVBVERSIONEM

99 281 171 318 der
187 281 331 323 Croon,
352 280 539 327 postridie
567 279 718 316 calend.
740 277 818 314 iulii
837 277 987 314 electus
1004 278 1045 311 et

99 335 172 372 xv⁰
200 333 350 370 calend.
380 334 606 370 novembris
635 333 684 369 ab
717 332 855 369 eodem
888 339 1045 376 semper

99 387 242 424 Varlet
267 392 520 424 consecratus
539 393 598 424 est
623 387 789 423 Ioannes
808 384 1044 425 Meindarts,

98 441 674 488 pastorLeovardiensis.Cuius
685 440 917 477 electionem
929 443 1045 485 atque

98 494 439 532 consecrationem
474 496 658 533 Clemens
686 494 757 540 Pp.
785 493 857 528 XII
885 492 1046 538 eiusque

96 559 318 591 successor,
346 549 584 586 Benedictus
609 547 717 591 XIV,
736 545 916 583 execrati
942 547 1045 587 sunt,

96 601 421 648 quemadmodum
455 613 593 639 eorum
627 601 858 637 decessores
889 597 1047 635 electio-

98 666 187 691 nem
203 660 243 692 et
261 656 599 692 consecrationem
620 653 971 702 praedecessorum
991 651 1047 687 Io-

97 708 211 745 annis
248 709 470 746 Meindarts
507 708 883 745 condemnaverant.
921 704 1046 741 Mein-

97 762 206 799 darts
229 774 349 806 ver0,
374 763 422 799 ad
448 763 702 799 decessorum
729 771 890 797 suorum
915 769 1047 795 exem-

99 816 216 862 plum,
238 816 286 852 ad
306 817 493 863 generale
521 815 731 852 concilium
761 813 992 861 provocavit
1020 814 1044 845 1.

144 870 178 904 A
193 869 414 906 schismatis
430 874 560 906 autem
577 868 690 904 huius
709 867 952 914 temporibus
970 866 1049 901 Ro-

98 925 203 958 mani
222 922 431 959 Pontifices
450 921 833 959 administrationem
861 919 1046 956 ecclesia-

98 986 184 1011 rum
202 977 241 1011 in
268 976 476 1012 Hollandia
494 974 780 1012 demandarunt
799 973 953 1009 nunciis
969 971 1050 1008 suis

98 1028 293 1065 BruxelliS
315 1029 591 1066 residentibus.
611 1027 711 1068 Quid
738 1038 834 1063 vero
856 1027 893 1062 in
922 1029 1050 1073 poste-

97 1082 181 1118 rius
198 1082 436 1119 schismatici
456 1083 628 1129 egissent
654 1084 792 1128 postea
816 1080 1049 1117 videbimus.

145 1136 205 1173 46.
232 1136 408 1173 Clemens
433 1135 544 1178 XII,
569 1134 763 1182 Pontifex
790 1140 869 1178 (αη.
900 1134 1048 1177 1730)—

102 1189 197 1226 Post
223 1195 392 1228 mortem
420 1189 622 1227 Benedicti
648 1189 752 1232 XIII,
779 1189 946 1236 quinque
966 1188 1050 1224 fere

102 1244 293 1280 mensium
335 1245 462 1291 spatio
500 1255 572 1291 per
605 1243 739 1279 irritas
777 1242 1049 1279 contentiones

101 1297 296 1340 absumto,
315 1297 475 1334 tandem
494 1297 553 1333 1v⁰
572 1297 656 1333 idus
675 1296 849 1344 quIntilis
865 1296 1051 1332 Pontifex

102 1354 264 1386 creatur
293 1351 529 1387 Laurentius
554 1350 743 1388 Corsinus
770 1349 1023 1386 Florentinus
1043 1378 1051 1393 ,

103 1414 248 1440 annum
268 1405 410 1441 aetatis
427 1416 551 1451 agens
564 1404 624 1447 79,
639 1404 702 1451 qui
718 1403 767 1439 ad
784 1404 1051 1440 renovandam

102 1458 348 1502 memoriam,
381 1462 421 1495 et
448 1458 724 1494 aemulandam
751 1457 939 1494 virtutem
966 1457 1051 1494 Cle-

103 1510 247 1547 mentis
272 1512 341 1555 XI,
369 1523 393 1548 a
419 1523 493 1559 quo
520 1512 558 1547 in
577 1511 843 1549 Cardinalium
863 1510 1053 1546 Ordinem

104 1564 325 1612 adscriptus
338 1566 482 1608 fuerat,
497 1566 681 1602 Clemens
694 1566 767 1601 XII
783 1565 976 1612 appellari
990 1575 1054 1599 vo-

105 1618 186 1654 luit.
198 1619 234 1654 Is
248 1619 478 1667 auspicandi
493 1619 698 1666 regiminis
712 1629 832 1655 causa
843 1618 1053 1655 Iubilaeum

105 1671 1053 1720 indixitetsupplicationesdecrevit,quibusipse‚

104 1736 178 1772 quo
205 1729 387 1762 caeteros
412 1737 482 1762 suo
509 1727 690 1773 exemplo
717 1726 932 1767 excitaret,
958 1725 1057 1762 inte-

105 1790 214 1816 resse
234 1780 370 1816 voluit.
391 1780 432 1816 In
451 1791 531 1824 eos,
553 1780 617 1828 qui
634 1780 854 1816 decessoris
871 1780 930 1815 sui
948 1780 1055 1815 boni-

106 1837 187 1869 tate
215 1833 346 1877 abusi,
372 1834 491 1870 Urbis
517 1835 687 1881 quietem
715 1834 947 1876 turbarant,
976 1834 1055 1869 ani-

106 1886 334 1923 madvertit.
366 1887 582 1924 Discordiis
614 1888 653 1923 in
687 1887 872 1924 Helvetia
905 1888 1054 1924 exortis

106 1941 212 1977 inter
241 1941 424 1977 nuncium
460 1942 718 1988 apostolicum
752 1942 867 1977 Dom.
902 1941 1054 1978 Passio-

106 2005 264 2039 naeum,
283 1995 627 2043 archiepiscopum
647 1996 904 2043 Ephesinum,
920 2000 959 2032 et
976 2007 1058 2032 rna-

107 2049 317 2096 gistratum
343 2051 653 2093 Lucernensem,
681 2050 770 2097 qui,
797 2050 899 2086 illius
925 2054 1058 2086 aucto-

107 2103 226 2140 ritate
254 2103 503 2150 decretisque
531 2103 787 2150 posthabitis,
820 2104 1058 2140 ecclesiasti-

107 2167 176 2193 cos
200 2157 309 2193 viros
335 2169 404 2193 suo
432 2157 615 2193 tribunali
642 2157 837 2194 subiicere
861 2161 899 2195 et
917 2158 954 2193 in
974 2169 1054 2194 eos-

109 2209 196 2247 dem
243 2211 564 2248 animadvertere
608 2211 869 2248 contendebat
895 2241 904 2256 ‚
937 2212 1056 2249 finem

109 2265 324 2309 constituit,
351 2277 374 2302 a
400 2266 649 2313 magistratu,
669 2271 713 2302 ut
730 2277 754 2302 a
771 2268 969 2303 sententia
986 2278 1058 2303 sua

109 2318 330 2363 recederet,
348 2319 586 2367 impetravit,
606 2325 646 2357 et
673 2320 957 2357 Passionaeum
985 2323 1058 2357 Lu-

111 2383 288 2415 cernam,
313 2384 388 2420 qua
415 2374 462 2409 ab
488 2374 585 2411 ortis
611 2374 780 2411 dissidiis
805 2375 1054 2421 discesserat,

112 2425 243 2462 redire
268 2425 391 2462 iussit.

158 2479 327 2516 Dolebat
352 2480 629 2526 vehementer,
657 2495 728 2530 per
755 2484 1057 2520 conventionem

113 2534 215 2570 inter
233 2533 483 2570 decessorem
508 2547 619 2572 suum
638 2541 677 2573 et
696 2549 836 2585 regem
852 2537 1059 2574 Sardiniae

112 2587 380 2631 initam,varia
395 2587 515 2625 fuisse
531 2600 719 2627 concessa
732 2592 769 2627 in
779 2592 1058 2628 detrimentum

113 2641 207 2677 iuris
240 2641 453 2689 pontificii,
485 2645 731 2681 auctoritatis
763 2645 996 2693 episcopalis
1022 2649 1062 2682 et

113 2694 389 2731 iurisdictionis
415 2695 709 2735 ecclesiasticae
734 2701 771 2743 2;
799 2702 1060 2746 quapropter,

113 2759 201 2784 cum
233 2748 374 2785 Victor
405 2749 607 2786 Amadeus
641 2762 741 2788 anno
775 2753 867 2790 1730
894 2763 1060 2799 regnum

113 2801 324 2840 Sardiniae
342 2803 529 2839 cessisset
547 2804 626 2840 filio
644 2817 712 2841 suo
731 2806 994 2849 Emmanueli,
1013 2805 1061 2841 ad

114 2867 257 2892 novum
276 2867 413 2903 regem
442 2857 546 2893 misit
564 2858 753 2904 legatum,
770 2863 982 2907 quatenus,
1003 2871 1059 2896 re-

113 2909 238 2952 scissa
255 2909 320 2946 illa
338 2911 613 2954 conventione,
632 2911 679 2948 de
698 2912 969 2949 constituenda
987 2917 1064 2949 sta-

1911 184 1992 226 267

1093 273 1260 321 demque
1281 276 1461 320 tempore
1479 275 1617 308 orator
1633 269 1740 316 regis
1757 266 1887 304 Roma
1905 266 2048 304 disces-

1093 328 1154 363 sit.
1175 328 1214 363 In
1230 327 1303 362 hoc
1319 326 1477 373 negotio
1493 325 1679 363 Clemens
1692 322 1764 358 XII
1787 320 2048 358 cardinalium

1093 379 1332 417 sententiam
1359 378 1592 425 postulavit,
1614 376 1676 424 qui
1704 385 1842 411 omnes
1858 373 2051 410 unanimi-

1096 438 1156 469 ter
1183 431 1489 479 responderunt,
1509 429 1814 466 conventionem
1836 427 1952 464 istam
1971 437 2051 462 non

1095 497 1182 523 esse
1210 484 1468 526 servandam,
1491 494 1608 531 quum
1627 485 1821 519 consueta
1847 480 2054 518 sollemnia

1098 541 1137 576 in
1163 551 1212 576 ea
1239 539 1407 575 fuissent
1425 537 1729 585 praetermissa,
1750 540 1791 572 et
1816 534 2054 583 praesertim

1096 604 1211 640 quum
1239 591 1475 629 Benedictus
1495 591 1607 634 XIII,
1626 600 1741 637 quem
1768 600 1905 625 omnes
1935 599 2054 624 nove—

1098 650 1188 682 rant
1213 656 1366 682 summo
1393 656 1551 692 semper
1576 643 1704 680 studio
1731 642 1937 679 Ecclesiae
1965 641 2054 678 iura

1097 699 1319 736 defendisse
1341 728 1349 743 ,
1381 710 1457 734 non
1485 699 1599 746 plene
1626 697 1861 733 informatus
1885 695 1935 731 ad
1961 705 2051 731 eam

1099 754 1310 790 ineundam
1339 752 1568 796 accesserit,
1588 755 1705 798 atque
1733 760 1950 798 paucorum
1970 753 2054 785 tan-

1099 812 1181 844 tum
1209 808 1374 844 arbitrio
1400 807 1538 843 fuisset
1564 807 1761 841 confecta.
1791 803 1940 845 Quibus
1968 814 2053 851 per-

1100 861 1253 908 pensiS,
1280 862 1464 899 Clemens
1491 860 1562 896 XII
1591 861 1946 895 commemoratam
1965 868 2056 893 con-

1100 915 1324 951 ventionem
1346 914 1522 958 rescidit,
1550 911 1900 961 propensissimum
1921 914 2057 947 tamen

1101 981 1143 1005 se
1171 969 1353 1017 praebuit
1378 968 1427 1005 ad
1446 977 1591 1004 novam
1618 977 1707 1002 cum
1727 976 1820 1012 rege
1848 964 2056 1001 Sardiniae

1102 1023 1356 1059 concordiam
1373 1021 1642 1059 sanciendam.
1654 1019 1744 1056 Inde
1761 1018 1987 1055 acerbiores
2004 1018 2058 1054 di·

1102 1077 1286 1114 scordIae
1306 1088 1444 1124 regem
1464 1077 1568 1113 inter
1586 1078 1626 1111 et
1645 1072 1878 1109 Pontificem
1897 1075 2057 1109 secutae

1103 1136 1206 1169 sunt.
1224 1133 1370 1170 Postea
1389 1133 1497 1169 inter
1522 1131 1632 1178 regis
1650 1129 1822 1177 legatum
1842 1133 1881 1165 et
1898 1127 2058 1164 Pontifi-

1104 1186 1160 1223 cis
1188 1187 1414 1224 cardinales
1434 1187 1586 1222 Romae
1613 1184 1660 1220 de
1679 1183 1958 1232 componendis
1985 1182 2058 1219 liti-

1108 1240 1176 1277 bus
1203 1246 1335 1278 actum
1371 1245 1431 1278 est
1464 1241 1620 1288 iamque
1645 1250 1736 1286 spes
1762 1241 1877 1281 erat,
1905 1237 1989 1273 fore
2015 1240 2060 1273 ut

1107 1296 1320 1332 concordia
1346 1295 1637 1337 restitueretur,
1653 1304 1769 1342 quum
1784 1293 1968 1330 Clemens
1984 1291 2058 1327 XII

1107 1353 1284 1386 mortuus
1317 1353 1392 1386 est.
1419 1349 1513 1385 Eius
1537 1359 1634 1384 vero
1661 1358 1867 1384 successor
1892 1345 2058 1383 Benedi-

1110 1407 1197 1439 ctus
1212 1404 1305 1439 XIV
1322 1415 1387 1440 an.
1404 1403 1491 1439 1741
1508 1401 1771 1438 dissensiones
1785 1400 1953 1444 sustulit,
1970 1399 2058 1447 regi

1109 1457 1345 1501 concedens,
1364 1461 1406 1493 ut
1425 1457 1473 1493 ad
1500 1456 1749 1504 episcopatus
1767 1455 1922 1502 aliaque
1942 1454 2057 1490 bene-

1105 1511 1195 1546 ficia
1220 1512 1327 1547 viros
1354 1511 1598 1555 nominaret,
1634 1514 1674 1547 et
1700 1509 1817 1546 feuda
1841 1507 2057 1556 pontificia,

1107 1566 1264 1602 nomine
1289 1566 1505 1601 vicariatus
1532 1564 1785 1612 Apostolicae
1813 1562 1942 1605 Sedis,
1972 1574 2060 1610 pos-

1106 1618 1253 1656 sideret
1267 1630 1315 1656 ea
1330 1619 1566 1662 conditione,
1578 1622 1621 1655 ut
1638 1617 1843 1666 quotannis
1856 1617 1905 1653 ad
1920 1617 2060 1654 Came-

1108 1682 1193 1708 ram
1221 1673 1477 1719 apostolicam
1495 1672 1672 1708 mitteret
1692 1671 1855 1708 calicem
1876 1681 2056 1714 aureum,

1107 1726 1212 1763 mille
1239 1727 1371 1763 aureis
1399 1726 1730 1774 aequivalentem.

1155 1779 1344 1821 Quamvis
1362 1780 1546 1818 Clemens
1563 1780 1636 1815 XII
1656 1779 1694 1814 in
1713 1777 1968 1815 defendendis
1987 1778 2060 1814 Ec-

1108 1833 1253 1870 clesiae
1281 1834 1428 1870 iuribus
1455 1837 1561 1870 esset
1586 1832 1925 1880 diligentissimus,
1942 1831 2058 1868 simul

1109 1890 1241 1924 tamen
1258 1888 1451 1924 fovendae
1469 1898 1558 1923 cum
1573 1886 1799 1923 christIanis
1818 1885 2060 1934 principibus

1109 1941 1344 1977 concordiae
1362 1951 1604 1988 magnopere
1619 1939 1775 1976 studuit.
1791 1938 1899 1975 Nihil
1913 1938 2060 1983 omisit,

1108 1998 1150 2030 ut
1176 1995 1362 2031 Ioannem
1389 1995 1438 2038 V,
1467 2005 1603 2041 regem
1631 1993 1879 2034 Lusitaniae,
1905 1992 1945 2028 in
1971 2003 2061 2040 gra-

1109 2048 1204 2085 tiam
1229 2060 1317 2085 cum
1345 2048 1575 2097 Apostolica
1607 2047 1708 2084 Sede
1735 2046 1954 2084 reduceret.
1985 2046 2060 2083 Hic

1110 2114 1180 2138 rex
1207 2113 1231 2139 a
1256 2103 1461 2139 Clemente
1488 2102 1543 2138 XI
1571 2102 1804 2150 postularat,
1821 2105 1864 2137 ut
1888 2100 2062 2136 Vincen-

1110 2156 1204 2192 tium
1223 2155 1347 2199 Bichi,
1365 2156 1426 2203 qui
1442 2155 1681 2204 Ulyssipone
1696 2154 1965 2191 nuntiaturam
1982 2154 2060 2190 obi-

1111 2209 1190 2255 bat,
1217 2214 1421 2253 avocaret,
1449 2210 1664 2246 adfirmans
1691 2220 1781 2245 eum
1809 2209 1939 2255 plura,
1961 2218 2060 2255 quae

1111 2275 1184 2300 nec
1209 2275 1348 2300 munus
1375 2275 1448 2300 nec
1474 2263 1706 2311 dignitatem
1733 2263 1817 2299 eius
1845 2261 2058 2306 decebant,

1112 2318 1559 2355 commisisse.Clemens
1567 2318 1621 2353 XI
1635 2317 1811 2353 nuntium
1823 2315 2060 2362 obiurgavit,

1108 2372 1176 2408 sed
1207 2383 1285 2408 non
1320 2371 1517 2409 avocavit.
1548 2371 1798 2407 Innocentius
1825 2369 1941 2412 XIII,
1975 2368 2061 2405 eius

1109 2426 1453 2470 successor,Bichi
1471 2424 1899 2470 revocavit,aliurnque
1919 2423 1958 2457 in
1977 2422 2062 2458 eius

1109 2481 1236 2516 locum
1255 2480 1481 2517 destinavit.
1500 2480 1611 2515 Tunc
1628 2489 1724 2514 vero
1744 2488 1814 2512 rex
1833 2475 2061 2523 postulavit,

1109 2538 1151 2569 ut
1177 2533 1287 2569 Bichi
1307 2533 1498 2576 abiturus,
1517 2542 1692 2580 purpura
1710 2532 1942 2573 ornaretur;
1960 2528 2062 2565 Pon-

1110 2588 1213 2624 tifice
1229 2598 1327 2624 ⁴eum
1342 2591 1453 2623 tanta
1468 2587 1656 2633 dignitate
1675 2584 1774 2620 haud
1786 2583 1946 2630 dignum
1965 2582 2059 2618 iudi-

1111 2645 1240 2686 cante,
1257 2642 1372 2688 idque
1388 2641 1627 2687 denegante,
1643 2649 1690 2674 ne
1708 2638 1787 2673 tale
1807 2636 2057 2683 privilegium

1110 2696 1194 2743 regi
1213 2695 1432 2731 concedere
1450 2693 1675 2735 videretur;
1695 2702 1765 2727 rex
1784 2689 1942 2737 antiquo
1962 2701 2059 2725 nun-

1111 2750 1162 2786 tio
1189 2751 1336 2786 abitum
1356 2752 1397 2785 et
1417 2758 1516 2784 novo
1544 2745 1690 2782 aditum
1707 2745 1744 2780 in
1765 2754 1927 2790 regnum
1946 2754 2058 2779 suum

1112 2804 1319 2851 prohibuit.
1346 2803 1473 2843 Quum
1501 2798 1737 2836 Benedictus
1760 2797 1851 2833 XIII
1879 2797 2057 2833 decesso·

1112 2857 1164 2893 ris
1190 2868 1286 2894 suae
1302 2854 1522 2893 sententiae
1541 2853 1784 2894 inhaereret,
1800 2861 1871 2887 rex
1884 2852 1947 2886 an'.
1968 2850 2058 2887 1720

1111 2911 1274 2949 subditis
1299 2910 1379 2946 suis
1398 2918 1555 2944 omnem
1575 2917 1661 2942 cum
1682 2906 1729 2941 R.
1749 2905 1871 2943 Curia
1888 2915 2059 2940 commu-

114 2962 180 2998 bili
208 2963 420 3000 concordia
453 2968 655 3011 ageretur.
685 2967 738 3002 At
762 2967 917 3014 legatus
942 2966 1063 3013 ponti·
1114 2966 1353 3003 nicationem
1381 2962 1589 3011 prohibuit.
1608 2959 1757 3000 Quibus
1775 2957 1942 2994 dissidiis
1959 2962 2002 2993 ut
2018 2957 2063 2992 fi-

114 3015 226 3053 ficius
252 3017 290 3053 in
319 3017 544 3055 Sardiniam
572 3030 650 3055 non
676 3020 750 3057 fuit
776 3021 984 3066 admiSsus,
1002 3032 1064 3057 eo·
1114 3022 1174 3058 nis
1199 3020 1336 3061 fieret,
1355 3016 1538 3054 Clemens
1564 3014 1637 3050 XII
1655 3012 1908 3050 Vincentium
1935 3010 2060 3055 Bichi,

164 3165 174 3187 1
193 3164 325 3206 Hoynck
342 3172 402 3196 van
420 3159 655 3204 Papendrecht,
674 3156 823 3191 Historia
837 3155 995 3188 ecclesiae
1015 3155 1069 3189 Ul-

119 3211 316 3254 traiecssinae
333 3214 410 3249 etc,
435 3208 470 3239 L.
489 3207 603 3245 mont,
622 3204 767 3238 Histoire
791 3201 847 3234 des
861 3201 1067 3235 revolutions

120 3255 160 3288 de
176 3256 313 3296 l’Eylise
331 3255 362 3288 d'
382 3254 529 3289 Ulrecht.

164 3305 178 3326 ‘2
196 3301 265 3335 Vid.
284 3311 315 3344 p.
333 3300 412 3334 262.

1106 3075 1177 3123 qui
1198 3074 1274 3109 iam
1291 3082 1314 3106 a
1332 3080 1427 3116 rege
1447 3068 1628 3104 dimissus
1650 3066 1818 3102 diluerat
1836 3076 1897 3108 ea,
1915 3063 1961 3100 de
1980 3064 2062 3111 qui-

1113 3129 1183 3164 bus
1218 3123 1321 3172 apud
1356 3122 1582 3169 superiores
1616 3119 1828 3156 Pontifices
1862 3118 2061 3153 incusatus

1113 3183 1255 3222 fuerat,
1284 3176 1466 3214 ari-'1731
1494 3175 1532 3210 in
1560 3173 1791 3210 consistorio
1818 3170 2060 3208 cardinalem

1115 3233 1278 3271 creavit.
1309 3229 1456 3266 Eadem
1489 3228 1681 3275 dignitate
1713 3224 1924 3262 honoravit
1958 3224 2059 3260 Iose-

1116 3288 1233 3335 phum
1260 3284 1457 3326 Firraum,
1477 3281 1560 3319 eius
1586 3283 1625 3317 in
1650 3280 1886 3318 nunciatura
1903 3288 2059 3314 succes-
