2241 3473
757 133 882 164 VSQVE
910 134 963 161 AD
993 134 1279 164 INNOCENTIVM
1308 137 1363 164 111.

79 195 188 234 chael
217 195 378 240 Psellus‚
407 195 488 244 Cp„
509 196 573 245 qui
591 199 747 247 praeter
766 197 885 235 libros
905 198 951 235 de
971 209 1013 235 re

78 248 348 298 philosophica,
378 249 657 288 mathematica
685 254 725 288 et
744 250 841 295 aliis,
862 250 1014 300 scripsit

78 301 329 351 paraphrasin
359 303 558 339 metricam
587 303 626 340 in
656 303 855 340 Canticum
878 304 1010 342 Canti-

76 365 210 392 corum
240 351 264 391 ¹.
285 354 322 392 S.
344 354 424 399 Ivo,
445 356 642 405 episcopus
662 355 922 398 Carnotensis,
945 369 1011 393 ec-

76 406 312 445 clesiasticae
333 408 557 456 disciplinae
578 417 617 445 et
637 408 827 446 libertatis
849 408 1011 446 fortissi-

78 471 161 498 mus
174 459 492 509 vindex,praeter
508 461 557 498 24
573 472 770 498 sermones
787 463 825 497 et
840 461 916 498 288
933 462 1013 509 epi-

75 512 206 556 stolas,
226 513 343 550 edidit
369 514 583 551 Chronicon
606 525 742 563 regum
763 513 1014 557 Francorum,

75 568 112 603 et
127 566 151 603 2
167 565 411 603 collectiones
426 567 637 611 Canonum,
648 578 811 614 quarum
827 578 902 602 una
918 567 1014 603 Pan-

75 619 236 663 normia‚
249 619 372 656 altera
385 620 587 656 Decretum
604 619 732 656 Ivonis
746 619 968 656 inscribitur
986 618 1011 656 ².

75 672 336 717 Gebehardus,
366 673 566 721 episcopus
595 671 915 720 Salisburgensis,
943 672 1009 720 qui

74 724 245 774 pluribus
275 725 412 762 litteris
442 724 669 772 Gregorium
692 725 759 772 Pp.
783 724 855 760 VII
877 729 1011 761 contra

73 778 336 815 schismaticos
364 777 546 814 defendit.
577 777 734 814 Samuel
754 777 800 813 ab
822 778 916 814 urbe
938 789 1009 814 na-

73 831 141 868 tali
161 831 453 879 cognominatus
473 829 745 867 Marochianus
760 859 769 875 ,
791 830 876 877 qui,
897 842 918 866 e
948 830 1012 866 iu-

74 883 169 920 daeo
185 883 440 928 Christianus,
455 883 596 920 librum
617 883 767 931 scripsit
783 883 828 919 de
844 883 1013 921 adventu

71 936 235 974 Messiae
256 938 390 973 contra
411 936 581 973 Iudaeos.
603 936 788 981 Adamus,
812 947 895 973 can.
917 936 1013 973 Bre-

73 989 230 1034 mensis,
259 989 362 1026 dedit
390 989 590 1026 historiam
615 988 863 1026 ecclesiarum
894 988 1013 1025 Ham-

73 1042 271 1091 burgensis
281 1045 318 1079 et
328 1041 581 1079 Bremensis3.
592 1041 838 1087 Bertholdus,
850 1042 1013 1091 presby-

72 1100 135 1131 ter
161 1095 462 1132 Constantiensis
477 1123 486 1139 ,
508 1095 573 1143 qui
603 1095 816 1132 Chronicon
837 1095 885 1132 ab
915 1107 1014 1132 anno

72 1147 172 1186 1053
184 1159 302 1196 usque
314 1148 359 1185 ad
373 1148 472 1185 1100
481 1151 520 1184 et
532 1159 591 1185 res
603 1150 731 1196 gestas
742 1148 812 1184 sub
825 1148 1013 1196 Gregorio

69 1200 142 1238 VII
165 1205 204 1238 et
225 1201 392 1238 Henrico
414 1201 468 1238 IV
480 1201 637 1249 collegit
649 1199 674 1238 ⁴.
699 1200 901 1238 Marianus
914 1201 1011 1237 Sco-

68 1256 142 1298 tus,
164 1254 374 1290 monachus
395 1253 681 1299 Benedictinus,
697 1253 877 1291 exaravit
897 1254 1012 1290 chro-

70 1306 178 1344 nicon
205 1318 229 1343 a
256 1307 407 1344 Christo
437 1310 528 1345 nato
560 1319 678 1356 usque
710 1307 756 1343 ad
785 1318 845 1343 au.
870 1306 970 1343 1082
987 1306 1011 1344 5.

69 1359 297 1397 Lambertus
306 1359 691 1409 Schafnaburgensis,
703 1359 915 1397 monachus
924 1360 1013 1396 Hir-

69 1411 268 1450 sfeldensis
283 1442 292 1456 ,
314 1424 374 1450 res
394 1416 523 1462 gestas
544 1414 590 1450 ab
611 1414 702 1450 orbe
722 1412 874 1450 condito
895 1425 1014 1462 usque

67 1465 115 1502 ad
145 1477 205 1503 an.
231 1466 330 1504 1050
356 1466 488 1503 ordine
517 1466 788 1515 chronologico
822 1466 1012 1512 breviter,

68 1519 204 1555 deinde
220 1531 282 1556 res
293 1519 547 1556 Germanicas
558 1531 677 1567 usque
688 1520 733 1556 ad
750 1531 811 1556 an.
836 1519 933 1556 1077
944 1518 1010 1556 fu-

66 1571 146 1609 sius
167 1572 342 1609 narravit
361 1570 386 1609 ⁶.
409 1572 600 1621 Georgius
629 1572 838 1616 Cedrenus,
874 1583 1009 1609 mona·

65 1624 163 1662 chus
182 1625 368 1670 Graecus,
391 1626 513 1662 edidit
532 1625 798 1672 compendium
827 1624 1010 1662 historia-

69 1689 156 1714 rum
175 1689 241 1714 seu
264 1678 471 1714 chronicon
493 1690 515 1715 a
544 1678 676 1715 mundi
703 1678 862 1715 exordio
890 1690 1008 1726 usque

67 1731 114 1767 ad
135 1742 280 1767 annum
304 1731 402 1768 1057
422 1729 448 1768 ⁷.

123 1783 480 1832 14.Exped2·t2·ones
496 1784 914 1821 cruciatae—Interea
940 1783 1010 1820 Ur-

67 1837 188 1873 banus
209 1837 276 1884 Pp.
299 1837 335 1873 II
353 1838 610 1885 comparando
624 1837 725 1874 bello
748 1848 857 1874 sacro
874 1840 1009 1874 contra

66 1889 354 1927 mahometanos
397 1891 567 1927 animum
602 1890 761 1939 appulit.
808 1890 1008 1935 Vidimus,

65 1944 218 1990 quantis
237 1943 438 1980 conatibus
457 1943 638 1980 Saraceni
655 1944 702 1980 ab
719 1942 826 1980 initio
846 1942 1007 1980 manda-

63 1999 146 2032 tum
175 1996 529 2045 pseudo-propheta
557 1997 617 2034 sui
646 1997 692 2033 de
713 1995 866 2045 imperii
888 1999 927 2032 et
947 2007 1006 2032 re—

63 2047 214 2097 ligionis
242 2060 335 2086 suae
363 2049 504 2087 finibus
524 2051 562 2086 vi
584 2061 779 2087 armorum
803 2048 1006 2096 proferen-

64 2101 120 2138 dis
141 2102 331 2149 prosecuti
351 2103 438 2140 sint.
460 2103 491 2139 E
512 2103 671 2140 desertis
687 2102 855 2140 Arabiae
875 2102 1004 2150 regio-

63 2154 174 2191 nibus
185 2155 389 2203 egressi,in
406 2155 926 2204 Syriam,Asiam,Africam,
943 2155 1007 2192 Hi-

63 2207 251 2255 spaniam,
281 2208 459 2254 Galliam,
488 2210 679 2255 Siciliam,
700 2209 853 2246 Cretam
875 2208 1004 2245 irrue-

62 2262 167 2306 runt,
197 2272 330 2298 omnes
358 2262 666 2300 Christianorum
683 2262 902 2311 principum
922 2265 1003 2298 ter-

62 2325 125 2351 ras
145 2325 332 2362 occupare
352 2315 491 2352 conati.
516 2317 592 2353 Vix
621 2315 694 2352 dici
715 2317 852 2364 potest,
876 2326 1003 2362 quan-

63 2370 123 2403 tas
143 2366 385 2404 calamitates
396 2369 625 2417 regionibus,
648 2380 742 2416 quas
762 2369 1004 2414 invaserunt,

63 2419 274 2456 intulerint.
294 2420 335 2457 In
358 2422 514 2467 Arabia,
536 2422 668 2471 Syria,
688 2421 793 2465 Asia,
810 2421 1003 2469 AEgypto,

63 2472 207 2517 Africa,
227 2473 389 2521 aliisque
409 2475 640 2523 regionibus,
658 2476 696 2511 in
714 2475 854 2523 quibus
870 2474 923 2510 1111
941 2474 1001 2510 do-

63 2525 326 2572 minabantur,
339 2527 545 2564 Christiani
558 2528 729 2576 oppressi
740 2531 778 2565 et
791 2527 829 2564 in
847 2527 1004 2563 durissi-

63 2590 165 2616 mam
194 2579 425 2616 servitutem
456 2581 598 2618 redacti
629 2586 730 2618 sunt.
752 2581 918 2623 Turcae,
938 2579 1002 2628 qui

61 2632 373 2669 mahometanum
411 2633 616 2681 imperium
654 2635 926 2671 instaurarunt
963 2635 1002 2670 et

61 2696 294 2734 magnopere
316 2688 512 2723 auxerunt
531 2684 557 2731 3,
580 2686 859 2735 Hierosolymis
875 2688 914 2722 et
932 2685 1000 2722 Pa-

62 2737 227 2776 laestina
246 2739 371 2787 potiti,
392 2739 537 2776 incolas
564 2740 792 2777 christianos
812 2738 1000 2788 gravibus

102 2859 111 2880 ¹
130 2855 224 2886 Paris.
245 2855 321 2886 1615
336 2858 364 2885 et
382 2854 465 2884 alibi.

100 2902 113 2924 2
129 2896 265 2927 Bollaml.
283 2896 362 2927 Acta
379 2894 431 2927 SS.
448 2894 486 2925 2³0
503 2896 583 2924 maii.
600 2895 699 2934 Opera
713 2896 778 2927 eius
792 2896 887 2926 edidit
902 2895 998 2925 Fron-

61 2941 138 2971 teau.
155 2938 250 2968 Paris.
269 2937 357 2972 1617,
376 2937 470 2967 iii-sol.
779 2951 782 2955 ⁴

99 2978 113 2999 3
129 2979 293 3010 Helmstad.
310 2978 397 3015 1670,
412 2977 505 3014 i11-‡0;
524 2979 636 3017 migne,
654 2978 710 3008 loc,
728 2979 777 3009 cit.
795 2982 816 3011 t.
832 2979 948 3009 CXLVl.

99 3019 357 3051 ⁴H.canis.l1ece.
372 3020 467 3059 antiq.
483 3019 556 3056 1.ΙΙ;
574 3020 682 3058 migne,
700 3019 798 3050 ibam.
811 3020 940 3051 CXLVll.

99 3059 114 3082 5
130 3062 237 3092 Pistor.
256 3062 409 3102 Scriptor.
437 3060 584 3092 German.
604 3065 620 3090 t.
642 3061 668 3097 Ι,
684 3062 795 3101 Migne,
813 3062 868 3092 loc.
893 3064 940 3094 cit.

99 3101 216 3132 6Basil.
234 3103 322 3139 1669,
340 3104 367 3133 in
387 3101 437 3133 fol.

99 3143 113 3163 ⁷
129 3140 282 3183 Scriptor.
301 3144 436 3183 Byzant.
454 3148 474 3174 t.
493 3144 527 3181 X,
541 3144 587 3174 ed.
606 3144 699 3174 Paris.

100 3183 114 3205 8
131 3184 194 3215 Vid.
211 3189 229 3216 t.
243 3187 263 3223 1,
279 3195 309 3225 p.
324 3185 392 3216 287.

268 3238 516 3288 WOUTERS‚
544 3239 570 3279 1.

1911 131 1957 168 17

1060 201 1242 240 oneribus
1258 204 1297 240 et
1316 204 1413 242 dura
1429 204 1620 243 servitute
1636 208 1921 256 oppresserunt,
1936 219 2002 246 sa-

1059 267 1125 292 cra
1145 255 1229 292 loca
1248 257 1416 306 turpiter
1430 257 1700 306 profanarunt,
1716 259 2006 309 peregrinantes

1060 308 1097 344 in
1127 308 1288 345 Terram
1318 314 1491 348 sanctam
1513 311 1766 350 contumeliis
1787 314 1827 350 et
1845 312 2001 351 iniuriis

1060 360 1284 408 affecerunt,
1305 367 1346 399 et
1365 367 1554 412 occupata
1575 365 1668 402 Asia
1691 365 1843 411 minori,
1864 368 2000 404 vasta-

1060 413 1172 450 tricia
1193 425 1302 450 arma
1324 427 1443 464 usque
1465 417 1512 454 ad
1535 428 1667 456 muros
1688 419 2003 469 Constantinopo-

1060 466 1106 502 lis
1131 466 1385 514 protulerunt.

1114 520 1258 557 Horum
1281 521 1454 558 omnium
1475 522 1579 560 fama
1594 523 1630 559 in
1648 523 1905 563 Occidentem
1922 538 2005 574 per-

1061 573 1154 617 lata,
1171 573 1360 611 excitavit
1381 574 1676 623 Europaeorum
1709 577 2006 617 commiseratio-

1060 637 1146 661 nem
1167 628 1284 672 atque
1304 626 1534 664 desiderium
1554 628 1745 666 liberandi
1763 631 2002 670 Christianos

1059 678 1174 715 Asiae
1195 679 1242 715 ab
1263 679 1474 716 infidelium
1505 681 1709 728 servitute,
1730 695 1916 732 opemque
1943 685 2003 723 fe-

1059 731 1167 767 rendi
1189 731 1426 780 periclitanti
1444 733 1604 781 imperio
1624 736 1772 772 Graeco
1786 765 1795 780 ,
1817 748 1864 774 ne
1890 738 1961 775 hoc
1981 751 2004 776 a

1059 784 1338 821 mahometanis
1375 785 1521 831 deleto,
1558 788 1741 824 universa
1773 790 1928 839 Europa
1962 791 2001 829 in

1058 837 1270 885 periculum
1284 837 1446 876 veniret.
1460 838 1540 876 Iam
1553 839 1873 888 MichaelDucas,
1885 844 2003 882 Grae-

1058 901 1191 927 corum
1212 890 1443 939 imperator,
1465 892 1644 941 Gregorii
1665 894 1733 942 Pp.
1755 894 1829 932 VII
1858 898 1897 933 et
1927 897 2002 935 La-

1057 943 1229 980 tinorum
1245 943 1433 981 auxilium
1450 946 1584 982 contra
1595 945 1811 984 Turcarum
1830 959 2002 997 progres-

1058 995 1183 1033 siones
1213 996 1502 1045 imploraverat,
1536 1000 1575 1035 et
1604 999 1783 1037 Pontifex
1804 1001 1855 1038 50
1883 1001 2002 1040 millia

1057 1049 1234 1086 virorum
1256 1050 1292 1086 in
1315 1049 1432 1087 Italia
1446 1050 1605 1099 aliisque
1630 1052 1849 1090 Occidentis
1877 1055 2001 1104 regio-

1057 1102 1170 1139 nibus
1198 1103 1245 1138 ad
1276 1114 1384 1140 arma
1404 1106 1539 1141 contra
1559 1104 1706 1142 Turcas
1727 1105 1765 1142 in
1787 1106 1918 1144 Asiam
1939 1107 1997 1145 fe-

1057 1155 1179 1192 renda
1207 1158 1522 1205 comparaverat,
1544 1158 1608 1194 sed
1629 1160 1786 1207 propter
1806 1159 1998 1208 multipli-

1057 1220 1119 1245 ces
1148 1209 1388 1255 vexationes,
1408 1221 1502 1258 quas
1522 1210 1610 1247 huic
1632 1211 1810 1249 Pontifici
1831 1212 1997 1251 suscita-

1058 1262 1112 1298 vit
1141 1261 1329 1299 Henricus
1359 1263 1428 1309 IV,
1458 1275 1554 1311 opus
1583 1276 1658 1301 non
1686 1264 1759 1302 fuit
1778 1266 1999 1304 executioni

1056 1315 1292 1352 mandatum.
1333 1315 1525 1353 Posthaec
1564 1317 1723 1355 Alexius
1752 1319 1994 1367 Comnenus,

1057 1367 1267 1416 imperator
1282 1369 1532 1414 Graecorum,
1548 1370 1696 1419 legatos
1708 1370 1917 1420 literasque
1931 1373 1994 1410 mi-

1056 1421 1106 1458 sit
1127 1422 1174 1458 ad
1191 1421 1392 1459 Urbanum
1411 1423 1478 1471 Pp.
1500 1423 1536 1460 ΙΙ
1556 1428 1594 1461 et
1614 1424 1660 1461 ad
1677 1423 1868 1474 principes
1889 1426 1994 1463 chri-

1055 1475 1218 1520 stianos,
1249 1487 1387 1524 eosque
1417 1477 1463 1513 ad
1494 1476 1867 1515 commiserationem
1889 1480 1995 1517 etad

1057 1528 1255 1565 ferendam
1272 1540 1380 1576 opem
1395 1529 1557 1578 imperio
1575 1542 1619 1567 ac
1637 1530 1864 1569 Christianis
1880 1532 1997 1570 Asiae

1055 1580 1254 1618 excitavit.
1284 1581 1429 1619 Eodem
1459 1586 1633 1631 tempore
1661 1584 1803 1621 Petrus
1831 1585 1996 1623 Ambia-

1055 1634 1194 1680 nensis,
1215 1635 1455 1684 professione
1475 1638 1514 1672 et
1532 1639 1787 1685 cognomento
1806 1638 1994 1685 Eremita,

1054 1698 1196 1736 magna
1214 1688 1431 1726 sanctitatis
1445 1688 1559 1726 laude
1576 1689 1716 1735 clarus,
1732 1702 1752 1727 e
1770 1691 1894 1728 Terra
1909 1703 1994 1729 san-

1053 1743 1126 1786 cta,
1157 1753 1272 1789 quam
1300 1741 1361 1790 pie
1384 1741 1630 1788 visitaverat,
1654 1744 1797 1789 redux,
1819 1745 1995 1782 narravit

1053 1793 1294 1832 calamitates
1323 1797 1362 1832 et
1390 1795 1490 1832 mala
1507 1795 1690 1844 ingentia,
1710 1796 1935 1835 Christianis
1954 1801 1993 1836 et

1051 1845 1144 1884 locis
1172 1847 1292 1884 sacris
1322 1860 1344 1884 a
1373 1847 1512 1886 Turcis
1540 1849 1668 1895 illata3
1689 1849 1891 1888 Urbanum
1922 1851 1992 1900 Pp.

1051 1900 1226 1938 hortatus
1246 1903 1304 1937 est
1323 1901 1371 1938 ad
1391 1901 1638 1939 excitandum
1660 1902 1801 1940 bellum
1822 1915 1993 1951 sacrum3

1051 1953 1210 1998 addidit,
1231 1965 1270 1990 se
1291 1954 1338 1991 ad
1358 1954 1395 1991 id
1417 1966 1512 2003 opus
1532 1966 1553 1991 a
1574 1955 1724 1993 Christo
1744 1955 1825 2004 ipso
1845 1957 1990 1995 excita-

1049 2008 1133 2043 tum
1162 2006 1280 2044 fuisse
1310 2008 1347 2044 in
1377 2007 1535 2054 visione,
1555 2008 1627 2045 sibi
1647 2008 1686 2045 in
1708 2009 1869 2047 ecclesia
1890 2010 1988 2048 Hie-

1049 2059 1253 2109 rosolymis
1282 2059 1406 2107 facta3
1436 2060 1584 2098 ferebat
1613 2065 1816 2110 praeterea
1837 2063 1989 2101 litteras

1049 2112 1253 2158 Simeonis,
1283 2114 1527 2162 patriarchae
1548 2114 1902 2163 Hierosolymitani‚
1925 2117 1989 2166 qui

1051 2166 1247 2203 Pontificis
1268 2169 1307 2203 et
1326 2167 1544 2217 principum
1565 2168 1859 2207 occidentalium
1880 2169 1987 2207 auxi-

1048 2218 1144 2255 lium
1166 2219 1399 2268 implorabat
1422 2219 1444 2257 ¹.

1104 2271 1161 2309 15.
1188 2273 1380 2310 Crucz'ata
1400 2274 1425 2310 I
1441 2272 1528 2325 (an.
1548 2273 1793 2323 mem—His
1809 2276 1988 2313 omnibus

1048 2325 1239 2363 excitatus
1251 2326 1434 2364 Urbanus
1453 2327 1501 2373 ΙΙ,
1518 2327 1715 2377 negotium
1737 2328 1838 2366 serio
1859 2329 1986 2366 animo

1047 2390 1255 2427 aggressus
1285 2381 1359 2426 est3
1395 2380 1513 2417 Petro
1542 2380 1727 2418 eremitae
1755 2383 1985 2430 potestatem

1047 2431 1136 2468 fecit
1152 2443 1308 2469 crucem
1324 2444 1389 2470 seu
1407 2433 1549 2470 bellum
1565 2445 1719 2471 sacrum
1735 2434 1983 2482 praedicandi

1046 2484 1083 2520 in
1107 2485 1240 2531 Italia,
1262 2485 1391 2524 Gallia
1411 2489 1450 2524 et
1469 2487 1690 2524 Germania.
1714 2488 1852 2524 Petrus
1876 2489 1985 2525 tanto

1044 2549 1132 2574 cum
1161 2549 1340 2576 successu
1363 2540 1575 2588 principes,
1596 2539 1741 2577 clerum
1774 2539 1980 2588 populum-

1046 2602 1120 2639 que
1150 2592 1196 2628 ad
1227 2591 1370 2629 bellum
1391 2604 1540 2629 sacrum
1565 2592 1765 2636 excitavit,
1787 2598 1828 2630 ut
1848 2593 1982 2642 ingens

1046 2644 1186 2692 ubique
1216 2644 1424 2682 multitudo
1446 2658 1485 2683 se
1505 2646 1554 2683 ad
1574 2645 1670 2682 illud
1690 2646 1918 2694 accingeret.
1941 2648 1982 2685 I-

1044 2696 1129 2734 dem
1160 2698 1358 2746 negotium
1379 2699 1559 2736 Urbanus
1587 2699 1654 2747 Pp.
1679 2702 1901 2746 prosecutus
1922 2704 1983 2737 est

1042 2749 1079 2786 in
1109 2751 1276 2798 synodis,
1306 2763 1402 2800 quas
1433 2751 1470 2788 in
1502 2751 1613 2788 Italia
1634 2752 1674 2788 et
1694 2751 1821 2789 Gallia
1841 2753 1980 2802 coegit.

1040 2804 1111 2840 An.
1146 2804 1245 2841 1095
1268 2805 1306 2842 1η
1335 2805 1482 2852 synodo
1505 2804 1729 2841 Placentiae
1750 2805 1904 2850 habita,
1934 2807 1981 2844 ad

1041 2867 1157 2904 quam
1186 2857 1262 2894 200
1283 2857 1446 2905 episcopi
1469 2868 1515 2892 ex
1538 2856 1664 2903 Italia,
1685 2857 1812 2895 Gallia
1832 2861 1871 2896 et
1891 2860 1985 2896 Ger-

1041 2910 1179 2955 mania,
1196 2911 1382 2959 pluraque
1398 2910 1624 2946 clericorum
1643 2914 1681 2947 et
1696 2910 1882 2948 laicorum
1900 2912 1979 2949 mil-

1038 2962 1089 2999 lia
1122 2966 1404 3007 convenerant,
1438 2962 1581 2999 auditis
1612 2963 1739 3001 Alexii
1771 2964 1956 3002 Comneni
1973 2994 1982 3011 ,

1038 3015 1276 3052 Graecorum
1298 3015 1552 3063 imperatoris,
1573 3015 1732 3064 legatis,
1754 3017 1818 3065 qui
1839 3018 1977 3055 Ponti-

1036 3067 1117 3104 ficis
1139 3071 1177 3104 et
1196 3067 1500 3104 Occidentalium
1522 3069 1712 3106 auxilium
1733 3073 1869 3108 contra
1884 3071 1983 3108 Tur·

1082 3185 1087 3206 ¹
1105 3185 1182 3215 Guil.
1198 3184 1315 3222 Tyrius,
1334 3184 1380 3215 De
1395 3183 1475 3214 hello
1488 3193 1588 3215 sacro.

1747 3243 1773 3279 (κ’)
