2241 3473
524 156 663 187 vSQVE
686 158 741 186 At>
762 158 977 186 PVBLtcAM
1002 157 1150 186 RERVM
1174 158 1215 185 ΙΝ
1240 158 1409 187 GALLHS
1430 157 1757 188 SVBVERSlONEM

166 227 353 278 gationis,
373 237 436 263 an.
471 228 560 265 1704
578 227 684 270 data,
704 240 727 265 a
745 230 794 265 R.
814 228 1006 266 Pontiflce
1031 241 1116 266 esse

165 291 377 330 suspensa:
405 281 470 316 alii
497 282 625 318 minus
652 283 823 330 legitime
851 284 1116 331 promulgata;

165 336 232 373 alii
244 334 456 371 conditioni
466 335 652 378 obnoxia,
663 336 826 384 ideoque
836 337 1115 384 obligationem

165 400 242 425 non
268 388 493 425 inducentia
513 394 724 436 antequam
745 389 990 426 conditiones
1014 402 1116 427 com-

165 447 303 491 pertae
318 442 572 485 haberentur;
587 444 650 478 alii
666 454 775 490 spem
789 454 916 479 novae
935 454 982 479 ac
997 444 1115 481 lenio-

165 498 220 533 ris
247 496 532 533 declarationis
559 496 781 543 pontificiae
809 498 1115 543 praetexebant;

164 551 232 588 alii
252 554 332 587 tam
351 550 416 586 diu
434 549 722 597 expectandum
742 549 973 594 suadebant,
989 551 1115 588 donec

163 604 328 641 decreta
354 605 482 640 Roma
509 603 640 640 forent
666 603 810 640 adlata.

211 659 339 700 Quum
367 658 466 694 haec
493 656 712 704 accepisset
737 658 921 696 Clemens
939 658 1008 699 Xl,
1029 660 1114 695 X1v⁰

166 712 352 749 calendas
371 711 506 759 aprilis
528 711 619 747 1715
636 711 964 749 Constitutionem
981 712 1112 755 edidit,

162 766 228 802 Esc
243 766 317 802 illa
335 765 410 803 die,
434 775 511 812 qua
529 764 578 800 ad
599 764 769 800 tollenda
784 777 805 802 e
822 766 950 802 medio
973 771 1114 802 cuncta

162 819 422 866 subterfugia,
441 818 793 866 tergiversationes
810 823 850 856 et
868 824 1113 867 praetextus,

161 874 342 910 omnibus
368 877 408 910 et
433 872 597 919 singulis
615 871 824 919 episcopis,
847 875 1007 910 vicariis
1024 886 1113 922 apo-

160 928 325 972 stolicis,
345 926 606 964 missionariis
630 926 901 964 saecularibus
927 939 975 964 ac
1001 940 1115 975 regu-

161 981 310 1018 laribus
329 982 367 1017 in
385 980 544 1017 Sinensi
564 980 730 1027 imperio
750 984 789 1016 et
807 982 942 1028 regnis
963 992 1008 1018 ac
1029 993 1114 1029 pro-

160 1035 301 1071 vinciis
325 1035 502 1071 finitimis
518 1034 590 1070 sub
609 1034 748 1081 poenis
766 1036 1026 1081 gravissimis,
1041 1036 1113 1072 sibi

160 1089 390 1131 reservatis,
410 1087 626 1135 praecepit,
653 1091 696 1123 ut
723 1099 918 1135 responsa
934 1089 1028 1125 data
1049 1100 1110 1126 an.

160 1144 269 1186 1704,
290 1154 390 1191 quae
418 1146 614 1184 recenset,
638 1141 874 1179 inconcusse
894 1147 933 1179 et
959 1143 1112 1192 integre

158 1197 436 1240 observarent,
457 1199 573 1243 atque
593 1195 641 1231 ab
668 1195 739 1238 eis,
759 1207 925 1243 quorum
945 1209 1041 1233 cura
1064 1198 1113 1234 ad

158 1252 244 1288 illos
259 1251 478 1299 spectabat,
495 1249 700 1286 observari
717 1255 921 1295 curarent;
935 1252 1114 1289 omnibus

156 1304 481 1342 contraveniendi
508 1303 793 1350 praetextibus,
812 1305 936 1341 titulis
963 1310 1032 1341 aut
1051 1318 1113 1342 co-

156 1359 306 1396 loribus
338 1358 511 1395 reiectis.
541 1356 619 1394 Sub
651 1357 799 1394 eisdem
835 1359 972 1405 poenis
998 1371 1113 1407 prae·

155 1413 315 1460 scripsit
332 1412 485 1449 cunctis
512 1412 786 1454 missionariis,
808 1413 847 1447 in
866 1412 963 1449 istas
981 1414 1110 1460 regio-

156 1477 227 1502 nes
254 1466 503 1508 transituris,
531 1466 744 1502 iuramenti
774 1466 1003 1510 formulam,
1037 1479 1113 1515 qua

154 1533 196 1558 se
224 1521 327 1557 hanc
345 1520 665 1557 constitutionem
683 1520 844 1567 eiusque
866 1523 1114 1568 praescripta

155 1580 297 1613 exacte
341 1574 624 1610 observaturos
667 1574 957 1620 promitterent.
996 1576 1107 1612 Hanc

155 1628 478 1665 constitutionem
512 1639 601 1664 cum
637 1628 878 1664 Castoranus
899 1657 907 1670 ,
942 1629 1040 1665 Ord.
1078 1643 1108 1666 s.

155 1681 363 1719 Francisci
380 1681 657 1718 missionarius
671 1685 710 1718 et
725 1681 899 1729 episcopi
916 1682 1110 1720 Pekinen-

155 1737 210 1774 sis
234 1737 428 1778 vicarius,
447 1735 485 1770 in
513 1736 638 1771 tribus
656 1735 836 1771 ecclesiis
863 1735 1006 1772 Pekini
1025 1749 1110 1783 per-

156 1790 330 1837 legisset,
352 1790 390 1824 in
415 1789 575 1825 vincula
601 1789 804 1825 coniectus
830 1789 916 1830 fuit,
942 1790 1110 1827 ulterior

155 1844 269 1880 istius
288 1842 579 1897 constitutionis
594 1842 807 1889 publicatio
824 1843 1033 1890 prohibita,
1051 1857 1111 1881 re-

155 1897 248 1945 ligio
276 1897 490 1933 christiana
518 1898 556 1932 in
584 1896 796 1932 discrimen
825 1896 1007 1941 adducta,
1036 1898 1109 1935 dis-

155 1951 291 1987 cordia
307 1951 412 1987 inter
430 1950 700 1987 missionarios
719 1950 957 1986 continuata.
975 1953 1015 1987 In
1037 1952 1109 1990 hoc

153 2016 289 2040 rerum
317 2008 424 2040 statu
442 2005 627 2041 Clemens
654 2004 708 2039 XI
736 2015 800 2039 an.
826 2004 917 2040 1719
943 2006 1106 2042 Ambro-

153 2057 254 2094 sium
270 2057 418 2093 Messa
426 2057 587 2092 barbam
597 2068 668 2092 seu
680 2057 980 2093 Mediobarbum
997 2070 1108 2095 crea-

152 2111 211 2147 vit
236 2111 505 2158 patriarcham
524 2110 839 2146 Alexandrinum
862 2115 901 2147 et
919 2112 1104 2149 Visitato-

153 2175 238 2201 rem
276 2164 538 2212 apostolicum
573 2175 662 2200 cum
697 2167 894 2211 potestate
924 2165 1046 2212 legati
1084 2177 1107 2202 a

153 2217 278 2254 latere
305 2228 376 2266 pro
403 2218 588 2254 Sinarum
610 2217 774 2264 imperio
796 2218 961 2266 aliisque
988 2220 1103 2255 finiti-

152 2271 228 2307 mis
242 2272 442 2308 Indiarum
459 2271 710 2307 orientalium
731 2272 878 2318 regnis.
896 2273 969 2309 Hic
985 2284 1101 2320 quum

151 2334 255 2360 anno
282 2325 372 2360 1721
401 2325 598 2361 Pekinum
627 2326 888 2371 pervenisset,
908 2326 956 2361 ab
983 2327 1104 2374 impe-

151 2382 284 2414 ratore
310 2377 440 2424 petiit,
467 2382 510 2414 ut
535 2379 770 2415 Sinensibus
793 2379 1018 2416 christianis
1036 2381 1101 2417 de-

150 2435 263 2466 creta
282 2430 496 2478 pontificia,
513 2431 562 2466 ad
585 2432 682 2467 ritus
702 2433 956 2479 pertinentia,
971 2434 1102 2470 obser-

151 2484 421 2531 vare,sibique
441 2495 667 2530 supremam
687 2486 1023 2523 missionariorum
1048 2487 1100 2522 di-

150 2537 370 2574 rectionem
387 2548 529 2583 gerere
544 2537 926 2586 liceret-Utrumque
939 2541 1101 2586 negavit

150 2589 1097 2637 imperator.UndeMezzabarba,relictoPekino,

149 2643 320 2680 reditum
338 2643 375 2678 in
391 2644 590 2690 Europam
606 2646 899 2692 suscepit.Cum
915 2646 1098 2683 Macaum

149 2701 255 2732 esset
270 2708 493 2743 regressus,
510 2701 554 2732 ut
568 2698 723 2734 afflictis
742 2699 860 2735 rebus
875 2699 1099 2736 christianis

151 2749 325 2796 aliquam
357 2750 533 2785 adferret
567 2750 787 2794 medelam,
823 2752 947 2799 pridie
975 2765 1098 2791 nonas

147 2804 373 2840 novembris
394 2804 483 2840 1721
502 2805 654 2840 litteras
673 2807 893 2851 pastorales
911 2806 1095 2850 condidit,

148 2857 285 2904 quibus
312 2869 354 2894 se.
380 2858 709 2895 Constitutionem
738 2860 977 2905 pontificiam
996 2872 1096 2897 anno

150 2911 242 2947 1715
268 2911 305 2947 in
341 2923 410 2947 suo
445 2912 582 2958 vigore
619 2912 843 2959 relinquere
865 2941 873 2956 ‚
904 2915 1096 2961 quaedam

148 2967 298 3006 tamen,
326 2969 488 3012 propter
513 2964 631 3001 dubia
658 2965 765 3001 circa
791 2967 978 3014 quosdam
1012 2980 1099 3006 cae-

148 3018 348 3054 remonias
375 3019 512 3065 peragi
532 3025 741 3054 consuetas
765 3019 869 3055 inter
896 3022 1096 3059 missiona-

147 3070 228 3106 rios
241 3075 343 3113 orta,
361 3071 593 3108 Sinensibus
606 3072 834 3108 christianis
850 3075 1095 3121 permittere,

147 3122 379 3161 declaravit.

193 3178 308 3213 Anno
329 3179 420 3215 1722
438 3179 534 3215 obiit
551 3179 772 3225 imperator
797 3179 982 3227 Cang-hi.
1001 3183 1095 3219 Eius

147 3227 250 3266 filius
266 3235 306 3267 et
324 3244 530 3270 successor
542 3232 827 3280 Yong—tching,
845 3235 907 3280 qui
925 3235 1093 3282 alioquin

1984 146 2063 185 255

1169 230 1403 269 Christianis
1431 241 1570 277 parum
1600 230 1769 273 favebat,
1796 239 1820 264 a
1839 239 2010 276 prorege
2030 242 2120 277 pro-

1170 285 1322 320 vinciae
1341 284 1562 327 Fokiensis‚
1582 284 1746 331 aliisque
1766 282 1961 320 excitatus
1979 294 2118 321 secun-

1167 337 1258 374 dum
1285 337 1491 373 arbitrium
1521 337 1695 384 supremi
1732 337 1876 373 rituum
1905 336 2115 374 tribunalis

1168 391 1204 427 in
1235 395 1314 426 toto
1342 390 1508 437 imperio
1523 390 1728 437 religionis
1747 390 1988 426 christianae
2008 401 2119 427 exer-

1167 445 1300 480 citium
1329 445 1583 492 proscripsit,
1613 444 1910 487 missionarios,
1942 445 2120 491 exceptis

1166 499 1320 536 Iesuitis
1347 500 1410 546 qui
1437 499 1475 533 in
1503 499 1618 535 aulae
1645 498 1841 545 obsequiis
1869 502 2003 541 erant,
2032 499 2118 535 Ma-

1166 564 1279 589 caum
1293 552 1705 600 relegavit,principes
1720 551 2116 595 christianos,eodem

1167 618 1301 643 secum
1330 606 1522 653 sanguine
1550 608 1782 652 procreatos
1803 633 1811 646 ‚
1838 604 1950 640 bonis
1976 606 2117 652 spolia-

1166 659 1243 701 vit,
1269 660 1306 694 in
1333 659 1496 695 exilium
1523 664 1562 695 et
1589 669 1773 694 carceres
1805 658 1987 694 coniecit.
2016 658 2116 696 Cum

1167 712 1389 748 mandarini
1408 713 1540 758 legem
1560 711 1813 757 imperatoris
1835 722 1976 747 severe
2000 722 2115 758 urge-

1169 770 1282 808 rent,
1309 765 1524 802 Christiani
1551 765 1807 801 multifariam
1834 765 1967 801 vexati
1994 769 2113 808 sunt,

1165 831 1303 856 eorum
1329 819 1522 856 ecclesiae
1549 819 1613 855 vel
1638 818 1867 855 destructae
1894 819 1957 854 vel
1985 818 2115 865 profa-

1167 877 1299 916 natae,
1319 884 1398 908 non
1417 872 1532 920 pauci
1552 883 1575 908 a
1593 871 1690 908 Fide
1713 871 1961 911 defecerunt.
1981 872 2117 919 plures

1166 926 1214 961 ad
1230 926 1413 962 eamdem
1429 924 1722 972 suscipiendam
1741 925 1886 971 parati,
1904 924 1940 960 id
1955 925 2114 962 efficere

1166 982 1411 1015 metuerunt.
1432 980 1604 1015 Iesuitae
1632 977 1877 1014 Pekinenses
1903 989 2116 1025 perperam

1167 1036 1371 1069 tentarunt
1397 1033 1683 1080 imperatorem
1706 1031 1754 1067 ad
1780 1032 2053 1079 benigniorem
2073 1032 2112 1068 111

1164 1087 1411 1124 Christianos
1422 1089 1598 1124 animum
1610 1086 1950 1127 revocareQuum
1961 1087 1992 1122 is
2004 1097 2117 1133 prae-

1165 1142 1278 1188 cipue
1293 1142 1529 1179 Christianis
1547 1140 1935 1189 exprobraret,quod
1952 1151 2116 1177 consue-

1167 1195 1364 1232 tudinibus
1391 1196 1547 1244 imperii
1573 1196 1884 1232 adversarentur
1909 1198 1949 1230 et
1975 1205 2116 1241 proge-

1163 1249 1339 1286 nitorum
1367 1262 1530 1287 suorum
1548 1254 1683 1287 essent
1708 1251 1980 1290 immemores,
2008 1249 2112 1284 varii

1165 1304 1402 1340 missionarii
1430 1307 1765 1352 temperamentis
1798 1314 1869 1339 seu
1894 1302 2116 1338 concessio-

1164 1358 1280 1394 nibus
1314 1360 1604 1395 Mezzabarbae
1637 1358 1759 1405 legati
1786 1357 1844 1394 usi
1871 1360 1974 1392 sunt.
2012 1356 2114 1397 Quin

1164 1410 1242 1447 imo
1257 1414 1464 1460 episcopus
1480 1413 1718 1449 Pekinensis
1733 1423 1835 1448 anno
1851 1410 1942 1446 1733
1961 1409 2115 1445 cunctis

1165 1465 1440 1509 missionariis,
1456 1467 1518 1513 qui
1535 1466 1661 1502 adhuc
1678 1467 1716 1500 in
1734 1475 1805 1501 sua
1820 1463 1993 1499 dioecesi
2011 1462 2114 1498 clam

1163 1519 1361 1565 agebant.
1391 1520 1626 1556 earumdem
1660 1517 1964 1554 concessionum
1997 1527 2114 1552 usum

1163 1574 1233 1607 sub
1275 1572 1532 1620 depositionis
1566 1584 1694 1619 poena
1729 1569 2000 1619 praescripsit.
2035 1568 2114 1604 Alii

1162 1637 1257 1662 vero
1285 1639 1376 1663 cum
1401 1628 1646 1670 Castorano,
1673 1625 1846 1674 episcopi
1875 1623 2112 1660 Peliinensis

1163 1679 1324 1716 Vicario
1343 1681 1536 1728 generali,
1557 1681 1642 1717 illas
1668 1679 2112 1724 concessiones,utpote

1162 1734 1443 1771 Constitutioni
1469 1735 1533 1770 Eoe
1559 1735 1634 1770 illa
1660 1735 1723 1770 dle
1750 1734 1940 1770 adversas
1967 1731 2113 1777 impro-

1163 1787 1321 1824 babant.
1341 1789 1526 1826 Clemens
1553 1788 1624 1836 Pp.
1646 1789 1718 1824 XII
1746 1788 1794 1824 de
1820 1787 1879 1822 his
1906 1784 2113 1820 missiona-

1162 1841 1311 1877 riorum
1332 1841 1504 1878 dissidiis
1523 1842 1669 1878 certior
1687 1842 1830 1883 factus,
1845 1840 1903 1876 v1⁰
1923 1836 2110 1874 calendas

1160 1895 1332 1930 octobris
1362 1896 1454 1932 1735
1479 1896 1708 1942 Apostolico
1728 1894 1850 1931 Brevi
1878 1892 2109 1929 mandatum

1159 1948 1333 1996 episcopi
1351 1949 1584 1986 Pekinensis
1604 1949 1759 1985 irritum
1775 1946 2005 1988 declaravit,
2021 1944 2110 1981 sibi-

1159 2013 1233 2049 que
1268 2008 1308 2039 et
1335 2004 1374 2039 S.
1405 2004 1495 2040 Sedi
1529 2003 1753 2040 reservavit
1779 2002 1962 2038 iudicium
1989 1999 2036 2035 de
2063 1998 2110 2034 iis

1158 2057 1320 2104 aliisque
1350 2057 1399 2093 ad
1425 2057 1646 2094 huiusmodi
1665 2056 1878 2093 materiam
1896 2052 2110 2102 spectanti-

1159 2110 1229 2147 bus
1247 2140 1255 2155 ,
1283 2112 1485 2159 negotium
1513 2112 1551 2147 S.
1581 2111 1823 2159 Inquisitioni
1851 2107 2105 2145 demandans.

1158 2164 1236 2200 Sed
1263 2170 1390 2201 morte
1418 2169 1673 2212 praeventus,
1691 2164 1784 2200 illud
1802 2163 2008 2200 absolvere
2029 2171 2106 2195 non

1160 2219 1298 2266 potuit.

1204 2273 1365 2309 Interim
1387 2274 1573 2321 quamdiu
1596 2269 2105 2320 imperavitYong-tching,

1156 2327 1418 2363 missionariis
1453 2328 1642 2364 Macaum
1682 2325 1894 2372 relegatis,
1931 2324 2107 2370 exceptis

1155 2380 1306 2426 panem,
1327 2381 1390 2427 qui
1410 2380 1449 2416 in
1468 2381 1641 2417 latibulis
1660 2390 1821 2416 manere
1843 2377 2103 2424 cogebantur,

1154 2433 1283 2469 aditus
1311 2434 1349 2469 in
1376 2435 1589 2480 Imperium
1620 2434 1830 2481 diligenter
1866 2431 2104 2466 interclusus

1153 2491 1226 2523 est.
1254 2487 1340 2523 Nec
1367 2488 1438 2523 sub
1472 2489 1711 2534 Rieu-long,
1740 2486 1803 2534 qui
1831 2485 1886 2520 illi
1913 2495 1976 2520 an.
2010 2483 2102 2519 1735

1154 2541 1191 2575 in
1221 2540 1388 2587 imperio
1415 2542 1618 2584 successit,
1646 2541 1857 2578 Christiani
1882 2548 2100 2584 eorumque

1152 2593 1389 2630 missionarii
1416 2595 1557 2630 melius
1577 2595 1696 2630 habiti
1715 2600 1820 2638 sunt3
1842 2596 1984 2630 contra
2002 2590 2102 2626 mul-

1150 2647 1292 2694 tigenis
1319 2648 1443 2683 modis
1469 2649 1798 2695 exagitabantur;
1825 2647 1899 2694 ipsi
1929 2644 2098 2681 Iesuitae

1151 2701 1397 2737 Pekinenses
1415 2702 1555 2737 clausis
1580 2702 1818 2748 templorum
1838 2700 1967 2737 ianuis
1994 2697 2097 2733 Reli-

1149 2756 1276 2802 gionis
1294 2757 1485 2803 mysteria
1503 2756 1708 2793 celebrare
1727 2757 1992 2803 cogebantur;
2012 2762 2100 2788 cae-

1149 2809 1222 2844 teri
1249 2821 1345 2845 vero
1373 2809 1624 2851 missionarii,
1643 2810 1708 2856 qui
1733 2814 1802 2846 aut
1828 2808 2006 2845 latebant
2030 2808 2100 2840 aut

1150 2862 1291 2898 Macao
1318 2863 1421 2898 clam
1450 2863 1487 2897 in
1514 2874 1605 2898 suas
1631 2863 1854 2909 provincias
1884 2864 2098 2908 penetrare

1149 2920 1373 2961 potuerant,
1402 2915 1573 2951 interdiu
1607 2917 1847 2958 absconditi,
1873 2920 1993 2951 noctu
2020 2911 2098 2948 col-

1148 2968 1260 3004 lectis
1286 2969 1406 3004 tacite
1434 2968 1668 3008 Christianis
1693 2970 1731 3005 in
1758 2969 1958 3005 vilissimis
1985 2977 2100 3013 erga-

1147 3023 1256 3058 stulis
1277 3025 1347 3058 aut
1365 3023 1528 3058 navibus
1547 3024 1976 3070 sacra‚ministrabant;
1993 3033 2100 3057 com-

1147 3075 1329 3122 prehensi
1355 3075 1470 3122 longo
1502 3086 1712 3113 carcerum
1736 3078 1931 3124 squalore,
1959 3078 2097 3122 postea

1145 3130 1266 3164 etiam
1296 3132 1424 3164 morte
1452 3128 1741 3173 afficiebantur;
1770 3131 1833 3165 ubi
1852 3140 1948 3165 vero
1967 3128 2014 3164 de
2034 3139 2097 3163 eo-

1146 3195 1231 3218 rum
1260 3182 1486 3229 praesentia
1506 3188 1595 3219 erat
1608 3184 1788 3231 gsuspicio
1807 3187 1875 3219 aut.
1893 3182 2093 3223 indicium,

1145 3236 1336 3285 praefecti
1350 3236 1594 3273 Christianos
1610 3238 1835 3284 promiscue
1854 3237 1892 3273 in
1909 3235 2093 3272 iudicium
