2241 3473
218 100 298 141 426

210 186 610 234 96-Sgsr‘i-Syrorum
627 184 855 231 patriarcha
871 184 1105 220 Antiochae-

158 251 232 276 nus
248 239 556 276 iurisdictionem
577 238 694 274 habet
712 240 750 273 in
770 249 837 273 eos
855 239 920 284 qui
940 249 989 274 ex
1007 237 1104 273 sehi-

158 294 327 330 smatica
353 292 614 328 Iacobitarum
641 295 752 327 secta
772 291 939 327 redeunt
965 290 1012 325 ad
1032 292 1104 326 Ec-

161 348 324 383 clesiam
344 345 588 382 catholicam,
611 345 828 381 retinentes
844 346 960 380 ritum
981 349 1020 381 et
1037 345 1105 380 lin-

155 411 272 448 guam
301 399 509 447 syriacam.
541 398 737 434 Iacobitae
763 397 819 433 sic
846 398 938 433 dicti
965 408 989 433 a
1014 409 1106 445 quo-

155 454 244 489 dam
272 451 411 487 Iacobo
447 461 471 486 a
510 450 626 486 Seria
661 462 796 487 eorum
830 451 1105 497 antesignano,

162 505 384 542 secessione
412 503 518 539 facta
544 503 592 538 ab
619 504 800 540 Ecclesia
826 503 1022 540 catholica
1041 515 1106 539 an-

159 571 208 595 no
233 559 314 601 551,
336 557 584 605 reprobando
604 565 693 593 acta
712 558 877 594 Concilii
896 557 1108 595 Chalcedo-

516 112 788 140 EPOCHAXHI.
814 112 841 138 A
860 110 1044 138 PVBLICA
1063 109 1211 138 RERVM
1232 112 1277 138 IN
1298 110 1469 139 GALLIIS
1487 111 1777 141 SVBVERSIONE

1157 183 1376 219 sollicitudo
1404 183 1453 219 ad
1478 183 1578 220 haec
1604 184 1868 231 procuranda.
1899 184 2025 221 Huius
2051 187 2111 223 rei

1157 237 1399 273 Benedictus
1425 236 1496 284 Pp.
1515 237 1610 273 XIV
1637 238 1677 272 in
1704 237 1940 275 allocutione
1959 238 2036 276 diei
2064 240 2110 277 13

1158 290 1239 326 iulii
1266 291 1357 327 1744
1384 290 1558 326 solemne
1584 291 1851 327 testimonium
1878 292 2002 329 dedit.
2029 293 2115 330 Ma-

1159 343 1377 379 ronitarum
1396 343 1510 387 fides,
1527 344 1566 379 in
1587 348 1670 380 tuto
1690 344 1817 391 posita
1835 357 1883 382 ex
1902 346 2112 391 CruciatiS,

1159 402 1323 433 servata
1355 402 1416 434 est
1447 409 1570 445 usque
1596 398 1645 435 ad
1672 409 1880 445 praesens,
1913 401 2033 436 etiam
2065 401 2114 438 ob

1168 451 1457 498 protectionem
1484 452 1703 499 principum
1731 453 2012 489 catholicorum
2038 455 2114 491 Eu-

1163 516 1300 552 ropae,
1327 510 1367 542 et
1395 506 1634 553 praesertim
1660 506 1827 543 Galliae.
1853 507 1928 543 Ast
1945 509 2113 554 patroci-

1160 559 1268 594 nium
1295 559 1514 595 Galliarum
1540 559 1711 595 nationis
1731 560 1770 595 in
1788 560 1994 604 Libanum,
2013 573 2112 598 sem-

159 612 292 649 nensis
319 616 358 647 et
384 611 635 647 adhaerendo
655 612 857 647 erroribus
876 611 1107 658 Eutychetis
1161 625 1231 661 per
1259 613 1389 649 odium
1410 613 1563 660 peperit
1581 613 1680 661 apud
1703 614 1869 657 Turcas,
1897 614 1963 662 qui
1980 610 2111 652 omnia

157 670 197 704 et
222 665 417 708 Dioscori,
435 675 557 700 unam
584 665 852 711 agnoscebant
870 665 909 700 in
929 665 956 700 I.
977 666 1019 702 C.
1041 676 1106 701 na-

156 724 285 756 turam
307 748 315 762 ‚
344 719 452 755 iuxta
490 718 688 755 haeresim
735 718 1106 767 monophysiticam.

155 772 346 815 Quamvis
373 773 505 820 plures
533 784 582 809 ex
609 772 848 820 patriarchis
874 785 915 808 se
945 774 986 809 S.
1016 772 1107 808 Sedi

154 826 427 869 subiecissent,
449 830 582 863 tamen
601 828 793 874 Syrorum
811 826 1106 873 patriarchatus

156 881 372 917 catholicus
398 884 557 916 erectus
583 885 646 917 est
665 891 767 916 anno
788 881 877 918 1783
898 892 921 917 a
940 881 1010 916 Pio
1038 881 1104 923 VI,

152 935 360 971 occasione
381 946 456 982 qua
476 935 647 971 Micliael
668 936 813 971 Giarve
833 935 882 971 ad
900 935 1018 972 fidem
1039 935 1106 971 ad-

155 989 264 1026 duxit
289 995 457 1037 quatuor
485 989 705 1037 episcopos,
727 1001 866 1026 eorum
891 990 1040 1026 clerum
1069 993 1107 1026 et

150 1044 290 1079 multos
308 1055 357 1080 ex
375 1043 590 1080 haereticis
610 1043 805 1079 iacebitis.
829 1044 977 1081 Giarve
1006 1044 1104 1080 eius-

155 1109 227 1145 que
254 1109 506 1134 successores
535 1097 758 1134 confirmati
786 1097 946 1134 fuerunt
972 1098 1011 1133 in
1040 1108 1105 1144 pa-

157 1151 375 1188 triarchatu
404 1162 428 1187 a
454 1152 503 1188 R.
531 1151 724 1188 Pontifice
754 1151 815 1187 cui
836 1181 844 1196 ,
878 1152 988 1188 iuxta
1023 1164 1104 1188 mo-

158 1217 242 1242 rem
271 1210 496 1242 ceterorum
534 1217 582 1242 ex
628 1205 830 1242 catholicis
868 1206 1104 1252 patriarchis

153 1259 343 1303 Orientis,
372 1263 577 1306 praestant
596 1259 797 1295 fidelitatis
817 1259 1102 1303 iusiurandum,

154 1313 314 1360 eiusque
343 1317 579 1360 potestatem
609 1313 875 1360 legislativam
902 1317 941 1350 et
966 1325 1103 1350 execu-

154 1367 277 1403 tivam
304 1367 432 1414 quoad
466 1378 606 1403 eorum
642 1367 877 1404 electionem
915 1379 1102 1415 recogno-

153 1427 324 1457 scentes.
352 1420 446 1457 Pius
473 1421 527 1456 IX
553 1431 646 1456 suas
672 1420 956 1457 sollicitudines
983 1422 1103 1457 etiam

153 1474 201 1509 ad
239 1475 360 1524 Syros
398 1474 587 1511 extendit.
624 1475 729 1511 Satis
764 1479 1010 1521 compertum
1047 1483 1105 1512 est

153 1527 191 1563 in
226 1528 386 1565 Litteris
420 1529 642 1576 Encyclicis
676 1528 724 1564 ad
760 1529 968 1565 Orientem
995 1532 1022 1573 1,
1057 1530 1103 1565 R.

154 1581 388 1619 Pontificem
403 1594 540 1619 omnes
552 1583 778 1619 Orientales
794 1583 1043 1620 admonuisse
1058 1584 1105 1620 de

153 1637 233 1684 iugi
259 1637 517 1673 sollicitudine
537 1638 623 1673 Ra.
645 1637 880 1673 Pontificum
908 1649 978 1685 pro
998 1638 1105 1685 ipsis,

155 1696 194 1727 et
219 1691 470 1728 adhortatum
491 1703 579 1728 esse
599 1703 668 1728 eos
687 1692 750 1739 qui
770 1696 884 1728 erant
901 1696 1017 1728 extra
1034 1694 1106 1728 Ee-

155 1745 330 1788 clesiam‚
349 1750 390 1782 ut
408 1757 497 1782 eam
526 1746 850 1793 ingrederentur,
881 1751 920 1782 et
946 1748 1105 1782 catholi-

155 1810 222 1835 cos
251 1804 295 1835 ut
326 1804 458 1836 essent
490 1800 594 1835 firmi
628 1800 664 1835 in
701 1799 966 1847 dependentia
1001 1812 1023 1836 a
1056 1802 1102 1837 R.

155 1853 346 1891 Pontifiee
371 1857 398 1887 2.
427 1854 506 1890 Pro
534 1855 645 1902 Syris
680 1859 834 1898 autem,
870 1856 1106 1902 praesertim

155 1919 270 1954 quum
304 1909 540 1945 electionem
567 1908 658 1944 novi
686 1909 940 1956 patriarchae
968 1910 1106 1945 confir-

156 1968 304 1999 masset
325 1992 333 2006 ,
363 1963 515 1999 litteras
542 1963 649 2000 dedit
675 1963 810 2010 quibus
845 1964 901 1999 eis
936 1964 1108 2001 insinuat

156 2021 198 2051 ut
226 2028 362 2063 pacem
397 2022 435 2053 et
462 2017 767 2064 dependentiam
799 2017 846 2053 ab
880 2019 1107 2065 Apostolica

156 2069 257 2106 Sede
287 2071 543 2107 custodirent.
563 2072 752 2107 Attamen
782 2072 993 2118 postremis
1013 2076 1105 2108 tem-

157 2124 342 2170 poribus,
370 2125 561 2161 haeretici
589 2125 811 2167 iacobitae,
841 2136 977 2161 ansam
1011 2127 1107 2162 arri-

157 2179 311 2226 pientes
337 2191 385 2215 ex
404 2179 480 2216 levi
500 2179 743 2216 dissensione
763 2180 904 2216 oborta
923 2180 1025 2216 inter
1045 2192 1106 2227 pa-

157 2233 373 2270 triarcham
401 2233 636 2270 catholicum
661 2238 699 2270 et
718 2234 952 2280 gubernium
973 2234 1104 2277 civile,

156 2286 203 2323 de
231 2292 395 2335 repente
422 2288 545 2324 armis
572 2288 802 2323 invaserunt
828 2288 1018 2324 ecelesias
1046 2300 1107 2325 ca-

157 2342 391 2377 tholicorum
419 2346 458 2378 et
477 2342 611 2378 favore
631 2341 886 2389 quorumdam
907 2353 955 2378 ex
976 2348 1108 2389 poten-

158 2396 315 2439 tatibus,
335 2407 403 2433 eas
430 2396 588 2432 omnino
615 2406 876 2441 occupavere.
907 2396 983 2432 Sed
1005 2398 1106 2433 initis

159 2449 330 2485 consiliis
370 2460 394 2486 a
437 2448 828 2497 repraesentantibus
871 2450 1104 2496 gubernium

158 2503 339 2549 gallicum
375 2507 416 2540 et
448 2505 608 2551 anglum
643 2502 745 2551 apud
777 2503 984 2539 sublimem
1014 2504 1106 2541 Por-

160 2559 253 2599 tam,
274 2557 475 2593 catholicis
504 2557 653 2593 iustitia
679 2557 784 2592 facta
811 2563 883 2593 est.
907 2557 1005 2592 Hinc
1028 2559 1104 2606 plu-

158 2621 222 2646 res
250 2611 508 2648 iacobitarum
528 2612 700 2648 familiae
722 2611 879 2647 Mardin
899 2611 1103 2658 degentes,

157 2663 206 2699 ad
232 2665 348 2701 fidem
378 2667 572 2702 maiorum
608 2676 796 2702 reversae
831 2671 933 2701 sunt-
971 2666 1103 2706 Quare

158 2718 235 2754 Leo
264 2719 350 2755 XlIl
387 2720 424 2755 in
456 2731 527 2756 sua
554 2720 788 2756 allocutione
823 2719 865 2755 12
896 2720 987 2755 maii
1017 2721 1106 2757 1875)

155 2771 201 2808 de
229 2772 302 2808 hac
330 2785 371 2810 re
401 2775 570 2811 maxime
598 2774 758 2821 gavisus
784 2778 857 2810 est.

202 2826 258 2861 97.
280 2826 632 2874 Syri-Maronilac
648 2851 675 2854 —
702 2829 759 2864 Ex
777 2828 890 2863 dictis
907 2828 952 2864 de
975 2829 1104 2865 Maro-

157 2879 247 2916 nitis
261 2882 275 2903 ³³
291 2882 395 2917 clare
414 2887 517 2929 patet
538 2883 650 2918 liuius
667 2883 836 2918 nationis
853 2883 1104 2920 observantia

155 2945 253 2980 erga
279 2935 391 2971 sidem
412 2937 644 2973 catholicam
664 2948 738 2984 qua
759 2949 967 2985 numquam
989 2938 1104 2975 detri-

156 2994 327 3023 mentum
345 2992 502 3026 omnino
519 3003 632 3038 passa
647 2992 856 3033 cst,etltlt.
871 2992 1102 3029 Pontificum

203 3070 247 3099 ¹6
268 3072 393 3103 ianuar.
421 3073 518 3111 ¹848,
537 3073 604 3105 018
623 3072 733 3114 aprilis
761 3072 854 3104 ¹862.

199 3113 272 3148 ²23
298 3119 402 3150 marui
432 3119 543 3155 1855,
574 3119 610 3150 17
647 3118 804 3150 decembr.
834 3118 944 3159 1850,
978 3121 1014 3152 31
1052 3122 1104 3153 ilr-

154 3161 271 3193 cemlir.
296 3164 393 3197 1874.
413 3183 453 3188 —
470 3172 483 3190 ³³
512 3166 577 3197 viil.
607 3176 638 3207 p.
662 3164 947 3203 18¹³.i·01.l‚nec
965 3177 1026 3199 non
1047 3168 1102 3207 45,

158 3206 230 3246 1⁶23,
251 3207 327 3248 208,
348 3210 411 3242 3:35
431 3214 492 3246 vol.
513 3213 620 3245 liuius.

1161 667 1367 703 tentabant
1384 672 1426 702 ut
1441 666 1477 702 id
1496 667 1782 703 convellerent.
1802 667 1905 703 Hinc
1924 667 2111 706 Christia-

1160 731 1299 755 norum
1315 720 1510 756 excidium
1520 720 1643 756 Abiae
1658 725 1697 756 et
1711 720 1749 756 in
1763 720 1850 757 aliis
1865 721 2112 768 regionibus.

1157 775 1368 821 Repressis
1388 775 1446 811 his
1466 774 1717 817 facinoribus,
1735 777 1956 812 certamina
1972 788 2109 814 serere

1157 832 1342 875 coeptum
1371 833 1431 865 est
1457 829 1560 876 apud
1587 829 1826 872 Maronitas,
1851 834 1892 866 et
1909 829 1996 867 ideo
2014 831 2116 867 sedi·

1159 882 1210 917 tio
1233 882 1432 918 adversus
1450 882 1620 918 sceiccos
1639 894 1741 918 anno
1761 883 1867 927 1858,
1891 888 1931 920 et
1956 884 2115 921 tandem

1157 947 1261 972 anno
1291 937 1383 974 1860
1411 937 1609 983 generalis
1636 937 1956 974 Christianorum
1982 938 2115 975 clades

1156 993 1248 1026 acta
1274 994 1347 1026 est.
1371 990 1423 1026 Ibi
1451 990 1555 1026 enim
1584 991 1787 1032 coenobia,
1809 992 1955 1038 templa
1981 992 2128 1033 incen-,

1156 1043 1219 1079 dio
1247 1044 1380 1080 delata
1399 1073 1407 1086 ‚
1436 1045 1527 1092 pagi
1557 1044 1703 1091 integri
1728 1044 1834 1081 ferro
1864 1045 2114 1094 flammisque

1157 1099 1303 1134 vastati
1325 1127 1332 1141 ,
1361 1109 1501 1135 sacrae
1529 1109 1706 1146 quaeque
1733 1110 1813 1135 res·
1832 1099 1986 1136 nefarie
2014 1099 2112 1138 dire-

1160 1156 1263 1199 ptae,
1292 1153 1502 1189 innumera
1528 1153 1714 1200 cuiusque
1741 1153 1899 1195 aetatis,
1928 1153 2116 1190 conditio-

1160 1205 1232 1250 nis,
1259 1218 1376 1242 sexus
1404 1206 1609 1242 multitudo
1639 1206 1783 1253 partim
1810 1207 2002 1244 atrociter
2027 1219 2116 1246 cae-

1156 1271 1216 1303 sa,
1244 1261 1392 1307 partim
1419 1261 1513 1308 fuga
1530 1290 1538 1305 ,
1565 1266 1604 1298 et
1631 1261 1792 1297 latebris
1819 1261 1867 1297 ab
1893 1261 2113 1300 imminenti

1157 1326 1253 1351 nece
1289 1326 1331 1350 se
1367 1315 1574 1363 proripere
1609 1316 1774 1362 putavit.
1804 1315 1988 1363 Episcopi
2015 1317 2113 1354 ritus

1159 1369 1384 1405 Maronitae
1414 1369 1475 1405 die
1503 1369 1548 1406 26
1567 1369 1632 1405 iul.
1653 1370 1744 1407 1860
1764 1370 1980 1417 Epistolam
1999 1370 2114 1408 dede-

1158 1428 1248 1460 runt
1273 1423 1322 1459 ad
1350 1424 1464 1460 Pium
1491 1424 1563 1471 Pp.
1590 1424 1661 1469 IX,
1688 1424 1728 1459 in
1754 1435 1830 1472 qua
1857 1425 1905 1461 de
1935 1426 2114 1464 omnibus

1159 1478 1332 1524 peractis
1367 1479 1484 1514 rebus
1517 1478 1730 1514 certiorem
1769 1479 1876 1514 illum
1915 1479 2111 1516 fecerunt.

1159 1531 1341 1568 Pontifex
1366 1532 1426 1568 die
1452 1532 1497 1569 ‘29
1524 1532 1608 1568 iulii
1629 1532 1719 1569 1860
1738 1532 1944 1580 Episcopis
1962 1533 2116 1571 litteras

1157 1586 1328 1633 scripsit,
1352 1586 1389 1621 in
1409 1597 1504 1634 quas
1523 1586 1694 1623 maximo
1716 1597 1899 1623 moerore
1926 1592 2112 1635 quaestus

1157 1644 1217 1676 est
1242 1640 1289 1676 de
1317 1640 1548 1677 memoratis
1576 1641 1692 1677 rebus
1713 1668 1721 1683 ,
1750 1640 1805 1677 sic
1833 1652 1928 1677 vero
1955 1642 2115 1678 subiun-

1157 1693 1225 1741 git:
1248 1707 1267 1729 «
1283 1694 1373 1730 dum
1400 1694 1521 1731 menti
1548 1695 1833 1732 obversaretur
1858 1695 2031 1732 Nostrae
2050 1707 2109 1733 as-

1156 1748 1309 1784 siduum
1336 1749 1442 1785 vitae
1469 1749 1702 1796 periculum,
1732 1749 1792 1785 cui
1822 1749 2011 1796 propositi
2037 1761 2110 1788 vos

1158 1802 1268 1845 estis,
1290 1803 1491 1850 ceterique
1519 1803 1623 1839 sacri
1643 1803 1853 1839 Antistites
1871 1803 1919 1838 ob
1937 1804 2114 1841 nativam

1157 1856 1369 1892 infidelium
1397 1857 1560 1893 istorum
1580 1856 1802 1899 fet-itatems,
1819 1867 1918 1904 quae
1938 1856 2011 1893 hoc
2030 1869 2110 1895 ma-

1156 1909 1262 1946 xime
1291 1914 1468 1958 tempore
1497 1922 1545 1947 ex
1573 1911 1687 1947 toties
1726 1921 1796 1957 per
1835 1910 2113 1958 ephemerides

1157 1965 1342 2011 evulgata
1358 1965 1627 2001 mahometani
1647 1964 1803 2012 Imperii
1818 1964 2009 2002 divisione
2026 1977 2113 2014 pro-

1159 2019 1218 2053 cul
1246 2018 1360 2054 dubio
1388 2019 1615 2062 recruduit,
1641 2019 1744 2055 unde
1770 2022 1851 2055 tam
1885 2020 2037 2056 subitus
2063 2020 2112 2057 ad

1158 2072 1397 2109 christianae
1413 2073 1542 2121 gentis
1554 2073 1867 2110 internecionem
1880 2073 1989 2110 furor
1999 2085 2113 2111 exar-

1158 2127 1220 2162 sit.
1241 2128 1292 2163 At
1310 2139 1403 2163 vero
1425 2128 1516 2163 illud
1535 2132 1595 2164 est
1615 2127 1896 2170 miserrimum,
1919 2128 2110 2176 planeque

1157 2181 1380 2224 dolendum,
1402 2181 1502 2229 quod
1529 2186 1659 2218 aetate
1687 2182 1761 2217 hac
1779 2185 1914 2217 nostra
1940 2182 2024 2229 plus
2045 2183 2110 2220 de-

1161 2235 1312 2271 feratur
1339 2235 1469 2278 studii,
1491 2240 1530 2272 et
1547 2247 1642 2271 vero
1670 2236 1790 2272 etiam
1819 2235 1952 2272 auxilii
1979 2237 2111 2273 turbu·

1161 2288 1387 2324 lentissimis
1425 2289 1659 2325 seditionum
1705 2289 1960 2333 auctoribus,
1995 2302 2112 2338 quam

1159 2342 1383 2379 christianis
1411 2343 1560 2390 populis
1586 2344 1654 2379 sub
1671 2344 1908 2386 Turcarum,
1931 2343 2112 2381 aliorum-

1158 2408 1231 2443 que
1259 2397 1517 2433 barbarorum
1546 2397 1637 2444 iugo
1665 2397 1926 2444 gementibus,
1945 2409 2016 2445 pro
2032 2399 2111 2446 qui-

1161 2451 1229 2486 bus
1255 2461 1278 2486 a
1305 2451 1517 2487 durissima
1533 2452 1722 2489 servitute
1750 2451 1991 2488 vindicandis
2018 2464 2110 2500 gra-

1158 2505 1321 2541 vissima
1349 2505 1451 2542 bella
1470 2517 1542 2553 per
1562 2506 1788 2554 superiores
1813 2510 1964 2543 aetates
1989 2507 2111 2544 Euro-

1159 2569 1208 2606 pa
1228 2560 1453 2606 suscepit».

1205 2613 1282 2649 Sed
1302 2613 1456 2660 publica
1473 2615 1603 2661 opinio
1623 2614 1755 2662 adegit
1768 2614 2039 2661 Napoleonem
2059 2616 2107 2654 111

1159 2672 1197 2703 ut
1225 2670 1348 2706 armis
1375 2675 1631 2714 occurreret;
1659 2674 1699 2706 at
1729 2680 1820 2705 mox
1845 2668 1894 2705 ab
1925 2669 2105 2718 incoepto

1157 2723 1372 2767 desistens,
1401 2724 1556 2772 reliquit
1584 2724 1806 2760 Maronitas
1833 2724 1916 2760 fere
1945 2724 1982 2760 in
2009 2725 2107 2761 Tur-

1155 2787 1290 2812 carum
1317 2777 1558 2815 discrimine.
1579 2779 1618 2814 In
1640 2777 1842 2826 praesenti
1863 2789 1997 2814 rerum
2017 2790 2106 2815 con-

1157 2830 1316 2874 ditione,
1337 2832 1442 2868 natio
1471 2833 1673 2868 Maronita
1699 2843 1798 2880 quae
1825 2843 1848 2868 a
1875 2832 2022 2868 Libano
2041 2833 2105 2870 de-

1156 2885 1307 2920 scendit
1332 2890 1369 2921 et
1396 2898 1514 2934 super
1541 2887 1680 2934 Syriae
1702 2887 1838 2934 plagas
1855 2897 1897 2923 se
1917 2887 2102 2932 extendit,

1157 2940 1273 2975 liabct
1293 2939 1567 2976 Patriarcliam
1588 2942 1649 2989 qui
1671 2941 1834 2977 assumit
1853 2941 2007 2977 titulum
2027 2943 2105 2977 An-

1158 2993 1351 3029 tio‹:liacni
1381 2997 1422 3035 ¹,
1458 2999 1497 3031 et
1530 2996 1674 3032 residet
1700 2996 1738 3031 in
1772 3000 1903 3031 monte
1939 2995 2099 3032 Libano.

1157 3048 1316 3093 Insuper
1344 3054 1526 3086 numerat
1552 3050 1573 3083 9
1592 3050 1694 3087 inter
1714 3049 2044 3098 Areliiepiseopos
2062 3054 2102 3087 et

1203 3170 1208 3190 ¹
1230 3167 1357 3199 'situlus
1374 3168 1585 3202 Antiochacni
1603 3172 1834 3213 pau-iarchatui
1856 3172 2033 3205 Maronilae
2047 3170 2101 3204 da-

1157 3216 1207 3245 tus
1228 3214 1321 3245 suita
1342 3214 1399 3257 l‘p.
1419 3215 1601 3251 Alexandro
1624 3216 1674 3250 VI.
