2241 3473
488 137 627 168 VSQVE
650 140 703 168 AD
725 140 940 170 PVBLICAM
962 141 1110 170 RERVM
1131 143 1172 170 1Ν
1196 144 1363 174 GALLllS
1382 146 1706 176 SVBVERSIONEM

116 206 311 256 plerisque
331 209 464 244 tamen
483 207 646 246 coloniis
665 209 783 247 ctiam
802 209 993 248 Catholici
1012 211 1067 246 to·

116 259 372 304 lerabantur,
404 272 569 308 quorum
603 263 740 307 multi,
775 274 823 300 ex
855 263 1000 311 Anglia
1028 267 1066 300 et

115 313 304 350 Hibernia
331 313 512 359 oriundi,
540 316 654 353 sedes
680 317 851 354 fixerant
879 317 917 352 in
945 316 1067 353 Mari-

114 366 272 411 landia3
303 366 374 404 hos
402 368 439 404 in
467 370 736 417 spiritualibus
762 371 986 418 dirigebant
1012 371 1067 407 Ie-

113 421 240 457 suitae
267 420 401 468 Angli,
428 434 593 470 quorum
614 424 764 472 primus
785 423 965 460 Andreas
983 424 1066 459 Wi-

113 474 179 511 the
204 474 294 511 illuc
322 477 482 513 transiit
509 487 611 513 anno
639 478 745 515 1607.
766 477 862 513 Post
879 487 1004 513 annos
1025 478 1067 514 13

114 528 217 565 alter
243 529 401 573 lesuita,
429 531 626 579 Grayton,
654 531 881 568 missionem
900 531 1067 568 instituit

113 581 151 617 in
169 581 436 619 Pensilvania.
455 583 651 625 Quamdiu
669 584 898 632 provinciae
911 585 1065 620 consoc-

114 634 277 672 deratae
304 647 372 673 seu
404 636 675 674 Status-Unici
702 638 843 685 Anglis
869 648 1038 684 paruere
1055 666 1063 681 ,

113 688 404 726 catholicorum
426 691 463 726 in
491 692 538 727 iis
566 691 733 728 conditio
761 691 984 728 multifariis
1002 702 1064 728 ve-

114 742 334 779 xationibus
360 743 432 780 suit
459 744 651 789 obnoxia;
679 745 810 781 mitior
829 745 895 781 illa
913 744 1065 782 reddita

111 795 185 832 fuit
198 807 246 833 ex
260 807 334 844 quo
350 801 527 846 tempore
547 798 817 835 Status-Unici
831 810 942 836 suam
959 802 1063 835 nacti

111 853 203 886 sunt
230 849 584 898 independentiam‚
605 862 719 900 quam
747 863 849 888 anno
878 851 969 890 1783
988 853 1064 888 An—

113 902 166 950 gli
195 907 322 940 ratam
349 903 609 941 habueruntl.

159 957 218 993 59.
254 956 573 995 Iansem'scarum
607 958 812 995 curiarum
846 959 887 995 in
924 958 1064 995 Gallia

115 1010 254 1047 turbae
270 1031 309 1038 —
326 1011 368 1047 In
401 1011 530 1048 Gallia
555 1015 686 1049 autem
715 1023 739 1049 a
765 1012 923 1049 dimidio
951 1012 1063 1049 huius

109 1063 260 1100 saeculi
293 1064 411 1100 factio
445 1066 960 1112 quesnelliano-iasenistica
993 1077 1063 1102 seu

111 1114 240 1162 potius
266 1117 413 1160 curiae,
433 1119 468 1154 ei
490 1118 683 1163 faventes,
702 1120 838 1156 turbas
856 1130 980 1155 novas
999 1130 1063 1156 ex-

112 1168 294 1206 citarunt.
332 1170 460 1211 Quum
487 1172 590 1208 enirn
619 1173 876 1219 Appellantes
901 1184 971 1209 seu
998 1172 1062 1208 ad-

110 1223 278 1259 versarii
316 1224 455 1261 Bullae
497 1225 728 1272 Uniyenicus
760 1227 862 1264 inter
894 1226 1060 1264 clericos

111 1277 342 1314 saeculares
369 1282 408 1314 et
426 1279 646 1326 regulares,
667 1280 769 1318 inter
788 1280 1003 1317 monachos
1022 1283 1062 1317 et

111 1334 303 1371 moniales
321 1364 329 1378 ‚
358 1335 461 1372 inter
486 1335 667 1372 doctores
693 1343 734 1372 et
760 1336 880 1372 laicos
898 1364 906 1378 ,
933 1336 973 1371 in
999 1346 1061 1371 oc-

111 1390 216 1427 culto
242 1389 519 1440 perdurarent,
546 1392 721 1441 episcopi
748 1391 929 1440 parochis
953 1402 1061 1427 man-

109 1445 272 1491 darant,
298 1451 341 1484 ut
367 1448 592 1496 priusquam
620 1447 817 1496 aegrotis,
845 1457 942 1494 quos
971 1446 1060 1482 Bul-

109 1501 170 1539 lae
209 1501 468 1541 adversantes
503 1504 727 1546 novissent,
761 1502 824 1538 vel
856 1505 1060 1549 suspectos

109 1553 184 1592 hac
201 1556 240 1592 in
259 1568 303 1594 re
321 1557 527 1602 haberent,
543 1560 794 1594 sacramenta
814 1555 1062 1591 administra-

109 1614 225 1654 rent,
260 1611 308 1647 ab
341 1611 478 1649 iisdem
510 1610 776 1649 testimonium
804 1607 1060 1645 confessionis

109 1663 334 1710 exigerent,
351 1677 426 1713 quo
442 1665 489 1702 de
505 1676 642 1702 eorum
657 1664 732 1701 fide
748 1666 960 1700 constaret.
978 1662 1060 1698 Ian-

107 1717 278 1755 senistae
318 1720 539 1766 parochos,
586 1719 861 1766 episcoporum
899 1727 1057 1752 suorum

107 1770 302 1809 mandatis
336 1772 565 1810 obedientes
598 1775 839 1809 accusarunt
865 1769 967 1817 apud
997 1781 1060 1806 cu-

107 1823 187 1861 rias
217 1827 444 1863 saeculares
462 1855 470 1871 ,
505 1838 604 1875 quae
639 1826 741 1862 hanc
768 1836 906 1862 ansam
934 1824 1059 1860 immi-

106 1879 240 1916 scendi
265 1892 307 1917 se
328 1881 445 1918 rebus
461 1881 588 1918 sacris
605 1884 644 1917 et
662 1878 908 1928 deprimendi
927 1882 1058 1914 aucto-

108 1932 266 1982 ritatem
298 1935 608 1971 ecclesiasticam
637 1934 901 1982 arripientes,
930 1933 969 1968 in
997 1943 1060 1980 pa-

106 1985 330 2035 rochos‚qui
342 1988 518 2035 aegrotis
528 1987 784 2025 confessionis
793 1986 1058 2023 testimonium

108 2039 292 2077 exhibere
325 2042 595 2079 recusantibus
614 2053 772 2078 sacrum
791 2040 978 2076 viaticum
997 2039 1060 2076 de-

107 2100 368 2139 negaverant,
394 2095 517 2131 variis
541 2095 692 2142 poenis,
724 2093 961 2141 praesertim
996 2103 1060 2139 pe-

106 2147 248 2185 cuniae
281 2148 453 2193 mulctis,
480 2149 803 2185 animadvertere
830 2150 1058 2194 coeperunt,

107 2210 184 2235 non
209 2201 451 2239 obstantibus
471 2201 681 2239 contrariis
700 2202 807 2248 regis
825 2199 1057 2237 declaratio—

109 2253 239 2299 nibus,
266 2255 382 2292 iussis
408 2260 447 2293 et
473 2256 600 2292 minis.
620 2257 734 2291 Anno
755 2255 847 2291 1752
861 2254 971 2291 curia
988 2265 1057 2289 seu

112 2311 274 2345 senatus
288 2309 525 2347 Parisiensis
539 2310 742 2347 decretum
758 2309 890 2353 edidit,
905 2319 978 2356 quo
993 2318 1055 2344 ve-

111 2360 282 2406 tabatur,
309 2374 358 2400 ne
385 2364 445 2399 cui
471 2367 723 2401 sacramenta
747 2363 1055 2410 denegarentur,

108 2418 322 2462 propterea
361 2417 461 2465 quod
499 2417 766 2455 testimonium
800 2415 1057 2453 confessionis

106 2468 290 2506 exhibere
306 2475 373 2507 aut
391 2483 534 2508 nomeu
553 2471 785 2508 confessarii
803 2471 863 2507 sui
882 2469 1057 2505 indicare

107 2526 176 2558 aut
190 2522 340 2560 Bullam
359 2524 589 2572 Uniycnitas
608 2529 820 2572 acceptare
840 2525 1056 2560 recusaret-

108 2574 194 2611 Hoc
227 2576 351 2625 ipsum
383 2578 584 2615 decretum
617 2578 828 2626 pleraeque
861 2577 992 2615 curiae
1020 2575 1058 2611 in

107 2630 318 2675 provinciis
344 2632 592 2679 adoptarunt-

154 2683 212 2721 De
239 2689 350 2722 tanta
375 2687 575 2724 curiarum
601 2687 865 2725 saecularium
893 2685 1059 2722 audacia

108 2737 280 2787 episcopi
316 2740 416 2777 datis
449 2741 497 2777 ad
530 2741 771 2778 Ludovicum
806 2752 943 2788 regem
981 2742 1056 2777 XV

107 2791 249 2830 litteris
276 2795 375 2832 iuste
395 2796 597 2843 conquesti
615 2799 725 2838 sunt,
744 2807 958 2842 eorumque
978 2796 1059 2843 plu-

107 2856 186 2891 reS,
198 2850 435 2895 praesertim
446 2850 749 2897 Christophorus
758 2849 1056 2896 de-Beaumont‚

106 2901 439 2951 Archiepiscopus
466 2903 724 2946 Pal-islensis,
752 2904 904 2940 litteras
931 2910 1057 2951 pasto-

106 2955 212 2992 rales
241 2956 461 3000 ediderunt,
483 2957 520 2992 in
549 2957 685 3004 quibus
704 2957 906 2993 Ecclesiae
926 2963 1057 2995 aucto-

108 3008 268 3047 ritatem
284 3014 323 3047 et
341 3011 440 3055 iura,
459 3010 628 3046 maxime
648 3011 686 3046 in
706 3011 766 3054 iis,
782 3021 882 3058 quae
901 3012 949 3047 ad
968 3012 1056 3050 fidei

107 3060 327 3100 doctrinam
365 3069 404 3101 et
435 3068 775 3100 sacramentorum
810 3063 1057 3103 administra-

110 3115 255 3153 tionem
281 3121 477 3166 spectant,
503 3121 643 3154 contra
669 3118 870 3154 curiarum
896 3129 1058 3167 usurpa-

158 3225 168 3248 ¹
187 3229 312 3264 Lellres
329 3230 517 3274 e'difianles,
536 3235 599 3265 cte.

1934 134 2014 176 287

1117 210 1244 248 tiones
1270 211 1547 250 defenderunt.
1567 213 1712 252 Curiae
1738 221 1835 250 vero
1862 211 1921 248 his
1945 213 2068 250 omni-

1119 264 1187 301 bus
1215 266 1447 312 posthabitis
1475 267 1513 303 in
1540 266 1744 315 episcopos
1773 269 1813 303 et
1838 265 2070 305 obedientes

1115 317 1170 354 eis
1197 318 1362 356 clericos
1388 320 1510 356 variis
1529 319 1666 367 poenis
1684 318 2066 365 animadverterunt,

1113 381 1250 407 eorum
1278 371 1431 409 litteras
1458 373 1677 420 pastorales
1704 376 1743 410 et
1760 373 2067 411 reclamationes

1114 430 1443 472 suppresserunt,
1469 426 1580 471 alios,
1608 427 1712 464 iuter
1737 438 1834 474 quos
1867 426 1977 464 fuere
2003 427 2068 465 de-

1116 479 1339 516 Bcaumont
1356 480 1593 517 Parisicnsis
1607 480 1899 518 etde-Brancas
1913 481 2068 529 Aquen-

1114 532 1167 568 sis
1194 532 1502 581 archiepiscopi,
1531 534 1788 581 relegarunt,
1816 534 1915 571 alios
1940 538 2067 572 custo-

1114 585 1202 622 diae
1229 586 1521 634 manciparunt,
1550 587 1647 623 alios
1673 588 1784 624 bonis
1809 588 1903 632 suis,
1923 588 2068 626 benefi-

1114 639 1183 675 ciis
1210 644 1249 676 et
1276 640 1539 677 functionibus
1565 641 1786 688 privarunt·
1805 642 1891 679 Rex
1912 642 2066 690 quidem

1114 693 1313 729 curiarum
1334 693 1524 732 audaciae
1544 695 1709 739 restitit,
1729 705 1944 743 earumque
1975 700 2066 733 acta

1113 746 1270 794 saepius
1297 747 1470 793 rescidit;
1497 748 1566 785 sed
1592 748 1757 786 carebat
1775 759 1822 785 ea
1842 750 2066 786 constantia

1115 803 1154 836 et
1180 803 1446 847 auctoritate,
1485 814 1580 851 quas
1620 807 1844 851 temporum
1880 803 2067 841 adiuncta

1113 855 1378 901 postulabant.

1161 907 1288 948 Quum
1316 910 1435 956 igitur
1466 909 1730 947 dissensiones
1762 913 1802 946 et
1836 910 1974 948 turbae
2002 921 2070 948 au-

1113 965 1317 1007 gerentur,
1335 962 1575 1000 Benedictus
1593 963 1666 1011 Pp.
1685 963 1793 1006 XIV,
1813 974 1837 1000 a
1855 963 1961 1000 clero
1980 964 2071 1001 Gal-

1113 1014 1239 1051 licano
1266 1016 1539 1064 interpellatus
1556 1045 1564 1060 ,
1592 1028 1696 1053 anno
1723 1017 1817 1056 1756
1849 1017 2002 1055 litteras
2027 1019 2068 1055 in

1112 1067 1240 1105 forma
1266 1070 1421 1114 Brevis,
1449 1071 1515 1106 Ex
1540 1070 1714 1107 omnibus
1729 1076 1742 1115 ,'
1756 1071 1804 1108 ad
1831 1071 2068 1117 cardinales,

1112 1121 1433 1172 archiepiscopos
1460 1128 1500 1161 et
1526 1124 1734 1172 episcopos
1767 1124 1881 1171 regni
1914 1125 2068 1162 Galliae

1114 1175 1153 1211 in
1180 1177 1348 1213 comitiis
1375 1182 1663 1226 congregatos,
1699 1177 1832 1222 dedit,
1865 1178 1904 1213 in
1930 1178 2068 1225 quibus

1113 1229 1344 1275 declaravit,
1365 1234 1515 1268 tantam
1543 1243 1631 1268 esse
1657 1232 1696 1267 in
1717 1231 1895 1268 Ecclesia
1913 1231 1985 1268 Dei
2003 1243 2068 1268 au-

1116 1284 1342 1321 ctoritatem
1369 1286 1669 1324 Constitutionis
1701 1285 1942 1334 apostolicae
1973 1284 2069 1322 Uni-

1111 1338 1342 1386 qenitus,'ut
1366 1352 1482 1377 nemo
1511 1341 1683 1378 fidelium
1703 1340 1827 1386 possit
1845 1340 1990 1388 absque
2008 1349 2069 1376 sa-

1115 1393 1204 1429 lutis
1223 1399 1412 1432 aeternae
1430 1395 1657 1433 discrimine
1673 1406 1697 1432 a
1715 1395 1847 1432 debita
1861 1405 1960 1441 erga
1978 1404 2068 1431 eam

1114 1448 1358 1486 subiectione
1393 1461 1436 1486 se
1468 1450 1687 1487 subducere
1727 1453 1794 1486 aut
1828 1449 1955 1486 eidem
1989 1448 2067 1485 ullo

1115 1502 1228 1539 modo
1255 1504 1480 1551 refragari3
1509 1505 1674 1551 proinde
1701 1503 1866 1552 publicis
1893 1505 1933 1539 et
1959 1504 2068 1539 noto-

1114 1555 1180 1592 riis
1220 1557 1449 1604 praedictae
1493 1558 1769 1596 Constitutioni
1817 1555 2066 1594 refractariis

1112 1609 1181 1646 SS.
1209 1611 1399 1660 Corporis
1425 1612 1568 1650 Christi
1595 1612 1796 1649 Viaticurn
1832 1622 1920 1648 esse
1950 1609 2067 1648 dene-

1112 1664 1283 1710 gandum
1315 1666 1530 1704 secundum
1571 1677 1821 1704 communem
1855 1664 2064 1712 regulam,

1113 1728 1212 1765 quae
1239 1723 1350 1756 vetat
1377 1721 1574 1768 publicum
1602 1724 1719 1769 atque
1753 1719 1950 1756 notorium
1977 1729 2066 1767 pec-

1112 1777 1288 1811 catorem
1320 1774 1367 1811 ad
1406 1776 1683 1812 Eucharistiae
1721 1773 2066 1826 participationem

1111 1827 1278 1871 admitti,
1307 1830 1390 1866 sive
1419 1840 1507 1865 eam
1527 1829 1680 1877 publice
1699 1829 1783 1866 sive
1801 1827 1988 1876 privatim
2006 1840 2066 1865 re-

1112 1881 1256 1928 quirat.
1268 1882 1418 1919 Deinde
1435 1884 1629 1931 exposuit,
1641 1883 1706 1931 qui
1724 1887 1908 1930 tanquam
1926 1881 2066 1928 publici

1113 1940 1153 1971 et
1180 1936 1323 1972 notorii
1344 1937 1569 1974 refractarii
1586 1941 1718 1974 essent
1743 1935 1925 1979 habendi,
1952 1945 2066 1982 regu-

1111 1988 1244 2037 lasque
1272 1990 1311 2026 in
1338 1990 1412 2027 hac
1438 2003 1482 2028 re
1507 1990 1774 2028 observandas
1793 1989 2064 2038 praescripsit·

1109 2043 1260 2080 Contra
1271 2044 1339 2081 has
1349 2044 1550 2082 Pontificis
1561 2043 1913 2092 litteras,quamvis
1921 2054 2066 2090 magna

1112 2095 1383 2134 moderatione
1403 2102 1617 2146 conceptas
1634 2097 1824 2134 haeretici
1842 2099 1882 2133 et
1901 2096 2064 2133 nonnul-

1110 2149 1172 2187 lae
1187 2151 1321 2188 curiae
1335 2152 1493 2200 quidem
1508 2153 1790 2196 reclamarunt,
1803 2150 1871 2187 sed
1886 2162 1958 2187 rex
1971 2161 2061 2187 con-

1111 2204 1277 2241 stantius
1303 2217 1442 2242 eorum
1468 2206 1674 2243 audaciam
1701 2204 1891 2253 repressit
1916 2207 1944 2237 1.

1158 2257 1311 2298 Quanto
1339 2264 1473 2297 autem
1506 2260 1745 2296 detrimento
1779 2258 1877 2295 haec
1903 2256 2063 2294 dissidia

1110 2311 1258 2350 fuerint
1283 2326 1359 2350 non
1387 2315 1499 2351 modo
1519 2314 1834 2357 ecclesiasticae,
1853 2312 1922 2350 sed
1941 2312 2062 2349 etiam

1111 2367 1247 2413 regiae
1275 2369 1516 2413 auctoritati,
1535 2371 1645 2416 patet
1670 2367 1733 2404 vel
1758 2378 1781 2402 a
1798 2366 1892 2402 solis
1910 2367 2063 2403 confes-

1109 2419 1280 2458 sionibus
1315 2430 1354 2459 et
1386 2421 1717 2460 declarationibus
1749 2420 1954 2456 Francisci
1986 2420 2064 2457 Da-

1112 2476 1249 2521 miens,
1270 2477 1333 2524 qui
1360 2488 1463 2514 anno
1492 2478 1584 2514 1757
1609 2475 1716 2523 regis
1740 2485 1878 2511 necem
1899 2474 2062 2512 medita-

1113 2533 1172 2566 tus
1197 2531 1393 2568 Ludovico
1421 2532 1495 2567 XV
1516 2532 1669 2574 vulnus,
1688 2540 1764 2565 non
1784 2533 1917 2565 tamen
1936 2528 2062 2565 letha-

1112 2584 1161 2629 le,
1188 2584 1355 2630 inflixit,
1382 2586 1620 2633 scelerisque
1647 2584 1705 2620 sui
1737 2594 1885 2631 poenas
1911 2582 1994 2619 luit.
2025 2583 2062 2620 Is

1111 2638 1213 2674 enim
1233 2639 1363 2676 multis
1383 2638 1756 2687 interrogationibus
1774 2649 1954 2685 pressus,
1974 2648 2064 2674 con-

1109 2696 1265 2730 stanter
1290 2695 1472 2738 asseruit,
1494 2693 1697 2729 consilium
1724 2692 1891 2729 necandi
1918 2703 2058 2739 regem

1110 2746 1181 2782 sibi
1207 2747 1363 2784 venisse
1390 2759 1438 2784 ex
1465 2746 1782 2783 accusationibus
1799 2750 1840 2784 et
1858 2747 2061 2790 conviciis,

1110 2810 1208 2846 quae
1233 2802 1390 2848 saepius
1417 2801 1454 2836 in
1483 2800 1594 2837 curia
1620 2803 1760 2837 contra
1794 2812 1933 2848 regem
1951 2829 1960 2846 ,
1989 2812 2063 2838 ceu

1109 2863 1386 2901 oppressorem
1413 2855 1612 2890 curiarum
1638 2857 1677 2890 et
1696 2854 1825 2902 populi
1844 2858 1960 2902 atque
1978 2854 2061 2891 fau-

1110 2910 1233 2943 torem
1261 2908 1534 2956 episcoporum
1561 2918 1608 2944 ac
1625 2907 1893 2952 sacerdotum,
1912 2908 1976 2956 qui
1994 2919 2061 2956 po-

1110 2961 1197 3007 pulo
1224 2965 1478 2998 sacramenta
1503 2961 1770 3009 denegabant,
1799 2963 1968 3010 proferri
1994 2973 2062 2999 au-

1107 3014 1295 3058 divisset;
1321 3026 1440 3062 seque
1467 3026 1666 3064 nunquam
1693 3017 1731 3052 in
1756 3015 1859 3052 hunc
1886 3015 2060 3064 proposi-

1110 3071 1189 3103 tum
1217 3067 1361 3103 iterum
1387 3067 1521 3113 fuisse,
1540 3069 1572 3105 si
1598 3069 1748 3106 curiam
1774 3080 1852 3105 non
1878 3069 2059 3117 frequen-

1109 3123 1242 3157 tasset.
1264 3121 1314 3156 Et
1340 3125 1474 3159 tamen
1500 3133 1577 3159 non
1604 3123 1847 3160 obstantibus
1865 3122 2057 3160 eiusmodi

1154 3232 1163 3254 1
1184 3232 1254 3265 Vid.
1273 3241 1304 3275 p.
1325 3231 1393 3267 282
1410 3232 1442 3266 in
1461 3236 1529 3268 not.
