2241 3473
653 201 780 233 VSQVE
808 173 1214 228 AD⁴1ANSEN1STARVM
1241 197 1424 225 EXORDIA

1871 185 1944 224 179

80 278 125 305 ra
157 262 389 304 selectorum
423 265 518 303 iuris
551 265 766 314 peritorum
799 265 1018 302 inchoatam
1060 263 1120 300 tas
1148 262 1387 300 occasionem
1416 262 1605 299 dederunt
1632 262 1719 299 octo
1746 260 1859 298 huius
1879 260 1995 296 Ordi-

77 320 148 359 sub
167 319 429 358 decessoribus
439 319 519 357 suis
535 319 688 357 Decreti
709 317 948 362 Gratianaei,
967 320 1020 354 to-

75 373 228 422 tiusque
248 372 427 420 Corporis
455 372 551 410 iuris
569 372 749 409 canonici
777 370 1016 409 emendatio-

76 437 162 463 nem
181 425 337 462 curavit
350 423 372 462 ¹.
385 426 596 463 Praeterea
612 437 735 462 novae
761 429 800 462 ct
819 426 1017 462 correctae

73 489 122 516 ss.
144 478 358 516 Bibliorum
379 479 549 521 editioni,
566 490 680 526 quam
703 479 915 515 secundum
933 489 1017 514 cen-

72 531 149 569 cilii
164 531 384 569 Tridentini
396 531 595 569 decretum
614 531 709 568 Pius
721 530 776 568 IV
791 534 829 567 et
845 542 872 567 s.
882 530 971 567 Pius
981 530 1015 566 V

72 587 334 633 susceperant,
355 585 527 621 animum
548 584 699 628 adiecit,
723 584 850 620 varios
865 583 1016 620 codices

74 648 161 676 mss.
177 650 198 675 e
217 637 380 675 diversis
400 637 622 684 regionibus
641 636 815 684 conquiri
834 635 961 681 iussit,
977 639 1016 672 et

72 691 412 740 congregationem
441 691 625 733 virorum,
653 689 880 738 linguarum
909 689 1015 737 peri-

71 743 129 781 tia
155 746 196 781 et
222 743 449 792 theologicis
473 742 645 780 scientiis
666 742 888 790 insignium,
908 742 956 778 ad
975 741 1013 779 id

72 808 167 846 opus
186 797 371 841 instituit,
390 796 455 833 sed
476 795 682 844 quominus
701 795 774 832 hoc
795 794 1013 844 perficeret,

72 861 176 887 mors
194 849 397 899 impedivit
416 846 441 886 ².
465 848 675 897 Gregorius
702 850 788 896 post
816 852 1013 897 susceptos

71 902 317 953 Iaponiorum
338 901 500 950 legatos,
516 901 770 950 cxpletosque
790 902 930 939 aetatis
951 914 1013 938 an-

70 967 139 994 nos
167 955 330 1004 amplius
349 955 422 1000 83,
443 955 585 1004 pituita
612 955 794 1002 spiritum
823 954 1012 992 interclu-

70 1009 184 1046 dente
207 1009 431 1046 consumtus
452 1010 511 1045 est
541 1011 601 1044 1v⁰
624 1008 709 1045 idus
740 1007 873 1056 aprilis
899 1008 1009 1054 1585,

67 1072 180 1099 anno
203 1061 262 1107 12.
281 1072 405 1099 mens.
423 1061 489 1106 10,
509 1061 609 1098 dieb.
630 1061 682 1098 28
705 1061 962 1099 Pontificatus
982 1060 1008 1099 ³.

119 1114 182 1152 52.
195 1114 446 1163 Disciplinae
466 1115 712 1152 monasticae
732 1119 926 1151 status—
942 1117 1009 1152 At-

68 1168 420 1205 tamenmonastica
436 1167 725 1215 disciplinatum
736 1179 804 1216 per
819 1167 1009 1206 reforma-

68 1220 185 1259 tionis
213 1221 371 1258 decreta
399 1221 439 1257 in
467 1220 628 1257 concilio
644 1221 871 1258 Tridentino
894 1221 1010 1268 edita,

69 1275 151 1311 tum
183 1286 252 1323 per
271 1286 389 1311 novos
409 1273 572 1311 Ordines
601 1273 802 1323 religiosos
822 1274 1008 1311 refloruit.

121 1327 162 1364 S.
193 1328 342 1364 Petrus
361 1327 409 1363 cle
427 1328 660 1364 Alccmtara
676 1349 724 1355 —
742 1328 784 1364 In
815 1327 948 1375 primis
979 1340 1006 1364 s.

68 1380 212 1418 Petrus
231 1380 278 1417 de
296 1380 524 1426 Alcantara,
545 1380 583 1417 in
604 1380 792 1426 Hispania
814 1380 1005 1418 nobilibus

66 1433 293 1482 parentibus
321 1436 435 1471 natus
464 1445 565 1470 anno
600 1433 699 1471 1499
713 1463 722 1479 ,
761 1434 809 1470 ab
851 1435 1008 1471 ineunte

65 1487 196 1524 aetate
223 1486 443 1524 sanctitatis
472 1486 651 1524 semitam
678 1491 846 1532 secutus,
867 1487 1004 1524 deinde

66 1538 249 1577 Ordinem
277 1539 355 1577 FF.
379 1540 576 1577 Minorum
605 1540 815 1588 ingressus,
835 1540 1005 1577 omnium

65 1592 258 1630 virtutum
277 1594 478 1642 exemplar
496 1592 589 1637 fuit3
607 1593 739 1629 divina
760 1605 830 1642 ope
851 1596 890 1630 et
908 1605 1006 1642 apo-

63 1645 202 1683 stolica
229 1647 463 1684 auctoritate
490 1645 614 1683 fretus
629 1676 638 1688 ,
661 1659 690 1683 s.
711 1647 912 1684 Francisci
935 1647 1005 1683 In-

63 1699 245 1737 stitutum
275 1700 323 1736 ad
352 1700 593 1748 primaevam
622 1698 788 1736 formam
818 1711 1004 1737 revocare

65 1752 230 1798 studuit,
259 1755 299 1797 et
328 1764 388 1789 an.
422 1751 522 1790 1555
550 1753 663 1789 iuxta
682 1753 901 1790 Pedrosum
923 1753 1003 1789 Pa-

64 1804 213 1842 lenciae
232 1805 416 1843 coenobio
437 1808 629 1851 extructo,
645 1806 800 1843 Ordinis
818 1805 1004 1844 reforma-

63 1858 206 1895 tionem
227 1859 388 1907 incepit,
408 1870 509 1908 quae
529 1859 638 1896 brevi
660 1859 699 1895 in
721 1859 851 1896 multis
870 1859 1002 1906 Hispa-

64 1911 151 1948 niae
180 1914 221 1949 et
249 1911 411 1949 aliarum
441 1911 642 1960 regionum
664 1912 909 1950 monasteriis
931 1912 1005 1950 fuit

63 1966 254 2013 suscepta.
271 1965 376 2002 Obiit
387 1965 528 2003 Petrus
539 1966 585 2001 de
596 1966 811 2003 Alcantara
822 1966 1004 2012 an.1562‚

62 2021 196 2065 postea
227 2030 251 2055 a
282 2018 470 2067 Gregorio
503 2018 579 2055 XV
612 2019 651 2055 in
679 2019 892 2056 Beatorum
922 2022 961 2056 et
981 2029 1010 2056 a*

61 2070 259 2108 Clemente
279 2071 336 2108 IX
355 2071 394 2108 in
413 2071 549 2109 Ssrum
569 2072 700 2109 album
721 2073 874 2110 relatus
893 2071 920 2110 ⁴.

112 2123 397 2162 Reformationi
417 2125 522 2162 inter
540 2126 847 2174 Augustinianos
868 2126 1002 2164 eremi-

61 2226 182 2257 octobri
198 2227 330 2266 exempti
346 2230 429 2264 sunt,
445 2231 474 2258 et
489 2227 554 2258 dies
570 2229 589 2259 5
607 2237 662 2268 pro
676 2229 714 2260 15
729 2231 842 2260 nomae
859 2239 907 2260 an.
926 2223 1003 2261 1582

62 2267 184 2299 habitus
200 2272 246 2300 est
259 2293 268 2307 ‚
283 2271 314 2299 ut
337 2273 423 2307 patet
441 2278 475 2300 ex
501 2269 642 2310 Gregorii
658 2271 726 2302 xm
743 2272 843 2303 Const.
868 2271 918 2303 74.
933 2272 1004 2302 Vide

63 2308 100 2339 de
115 2309 174 2340 hac
191 2318 224 2340 re
238 2309 282 2357 ,Lu
299 2308 434 2373 Sgienza
456 2320 473 2341 e
496 2311 527 2341 la
541 2310 639 2350 Ferle,
656 2313 713 2342 vol.
732 2313 880 2350 CXXVII,
897 2323 925 2352 p.
944 2312 1003 2344 425

62 2350 425 2430 sqffiltjrzpioutgffggfiuffi,
438 2393 572 2424 Gratiani
588 2395 747 2425 Decretum
761 2395 799 2425 ab
811 2396 948 2435 Eugenio
960 2396 1000 2426 ΙΙΙ

64 2432 120 2462 sub
137 2441 197 2472 quo
213 2433 262 2464 ille
279 2434 374 2470 vixit,
388 2440 418 2465 et
433 2444 449 2464 a
467 2435 616 2475 Gregorio
632 2436 698 2467 xm
716 2437 879 2476 probatum
896 2437 1001 2474 fuisse,

61 2481 189 2511 prorsus
206 2478 238 2504 ut
250 2476 419 2506 auctoritas
435 2477 500 2507 eius
514 2480 597 2508 tanta
611 2477 660 2516 sit,
695 2483 785 2508 nanta
798 2479 1000 2509 Decretalium

62 2513 206 2553 Gregorii
221 2514 274 2546 tx.
291 2517 346 2546 Ast
367 2517 551 2548 Benedictus
574 2518 650 2556 XIV,
693 2521 775 2551 onst.
793 2519 868 2558 113,
884 2520 899 2559 ξ
914 2519 950 2558 9,
968 2531 996 2559 p.

60 2553 215 2592 455,haec
238 2557 345 2587 habet:
368 2557 529 2589 «Gratiani
550 2560 729 2596 Decretum,
756 2565 858 2600 utpote
881 2562 999 2600 privata

62 2598 245 2628 auctoritate
279 2598 471 2637 consectum,
495 2603 609 2630 tantam
634 2601 693 2631 vim
715 2602 809 2632 habet
823 2626 831 2640 ,
852 2606 999 2642 quantam

62 2638 174 2669 Textus
186 2639 218 2669 in
236 2640 343 2670 eodem
356 2639 478 2670 adducti
495 2650 530 2671 ex
547 2651 581 2672 se
595 2641 655 2680 ipsi
668 2643 782 2673 habere
796 2647 998 2674 noscuntur».

101 2677 116 2700 ²
130 2680 288 2719 Spondan.
303 2681 341 2711 ad
355 2690 403 2711 an.
418 2681 569 2720 1572-85;
586 2684 706 2714 Ciacon.
717 2683 802 2716 Vitae
811 2683 871 2715 ΗΒ.
882 2684 996 2723 Pontis.

98 2720 113 2742 ³
133 2732 145 2749 ι
157 2722 308 2760 Tempore
325 2722 464 2762 Gregorii
481 2723 561 2761 XIII,
578 2725 688 2755 scribit
701 2726 782 2756 laud⁴
801 2726 913 2758 Bened.
930 2727 998 2757 xlv

61 2761 118 2800 (De
134 2760 328 2794 Servor-,Dei
341 2762 427 2794 Beat.
444 2764 463 2794 Ι.
480 2763 508 2801 4,
521 2774 549 2803 p.
565 2764 594 2802 ⁶2,
612 2775 638 2796 c.
656 2765 711 2804 ⁶27,
725 2776 753 2797 n.
772 2766 831 2802 14),
848 2767 885 2797 de
903 2768 930 2798 S.
944 2769 999 2798 Fe-

58 2803 124 2835 licis
149 2804 171 2834 ll
199 2805 315 2835 meritis
333 2805 573 2844 disceptabatur.
592 2808 627 2837 At
642 2807 679 2837 lis
695 2813 764 2838 acta
781 2808 846 2845 fuit,
863 2818 931 2839 cum
949 2819 996 2840 an.

63 2844 151 2883 1582,
163 2845 261 2884 pridie
275 2847 339 2876 eius
356 2847 431 2883 diei,
445 2855 505 2886 quo
521 2848 551 2877 in
570 2847 710 2879 Ecclesia
726 2849 871 2880 recolitur
886 2851 996 2882 natalis

61 2886 126 2917 dies
145 2887 296 2923 eiusdem,
313 2886 344 2917 in
369 2888 516 2917 Diaconia
532 2888 582 2918 SS.
601 2889 728 2920 Cosmae
752 2894 781 2920 et
804 2891 943 2921 Damiani
967 2893 995 2923 in

58 2928 137 2958 Foro
154 2928 191 2957 ad
207 2927 461 2967 TemplumPacis
475 2930 575 2967 posita
589 2931 741 2961 inventum
756 2932 845 2962 fucrit
860 2933 995 2964 eiusdem

59 2969 87 2999 S.
105 2968 214 2999 Felicis
231 2977 342 3005 corpus
359 2978 417 2999 una
431 2978 498 3000 cum
515 2971 636 3007 lapideo
650 2972 797 3002 laterculo
814 2973 898 3003 nisce
914 2974 994 3005 litte-

59 3010 102 3040 ris
117 3013 258 3041 exarato:
277 3009 401 3051 Corpus
413 3010 524 3042 Sancti
536 3012 649 3043 Felicis
663 3013 778 3050 Papae,
792 3013 993 3054 etMartyris,

61 3051 114 3090 qui
126 3050 290 3082 danmavit
305 3051 528 3083 Constantium
541 3066 569 3084 ι».
579 3053 696 3084 t'idesis
707 3053 784 3085 Hise.
795 3055 883 3085 huius
899 3066 926 3094 p.
937 3056 994 3087 100

59 3093 396 3172 ῗῧὲἓὲἒὲὲεζᾷῗῑὲἻῖἰ
408 3119 414 3131 ’
425 3095 599 3166 tzitta?
615 3099 786 3176 sxta-‘29:125
802 3100 993 3170 fflta'ffifffi

59 3174 146 3205 Acus
160 3174 271 3206 Ssrum
286 3177 324 3205 ad
341 3176 419 3206 diem
434 3176 473 3207 539
489 3177 565 3208 Iulii.

98 3216 112 3237 ⁴
129 3216 244 3261 flelsut,
260 3216 339 3248 msc.
362 3218 416 3248 dex
447 3219 567 3249 Urdres
591 3218 696 3259 rele'9.;
713 3219 908 3260 Waddingh.‚
923 3219 992 3253 An—

62 3255 124 3287 nal.
141 3256 256 3289 Mmor.
272 3258 310 3289 ad
327 3267 376 3289 an.
395 3259 482 3291 '151-2.

1062 315 1120 353 nis
1141 315 1370 353 missionarii
1390 314 1429 352 in
1451 315 1649 364 Hispania,
1669 314 1732 363 qui
1753 326 1816 352 an.
1840 313 1938 350 1533
1959 313 1994 349 in

1059 368 1252 405 Mexicum
1276 368 1496 416 profecturi,
1519 368 1730 416 nudipedes
1748 367 1926 405 incedere
1957 369 1997 404 et

1060 421 1239 459 villosam
1268 424 1416 458 vestem
1446 434 1465 457 e
1498 421 1641 458 rudiori
1661 421 1751 458 lana
1769 424 1918 458 textam
1935 420 1995 456 in-

1057 475 1175 512 duere
1213 476 1436 522 coeperunt.
1476 474 1619 511 Eorum
1655 475 1876 522 exemptum
1905 484 1995 510 mox

1058 527 1185 576 plures
1221 526 1366 572 secuti,
1396 538 1499 564 nova
1527 528 1756 565 austeritate
1786 528 1843 564 usi
1874 528 1993 564 sunt:

1056 581 1157 628 quod
1178 591 1266 617 cum
1288 579 1431 616 caeteri
1454 592 1526 616 non
1544 580 1793 628 susciperent,
1808 579 1876 625 illi,
1892 579 1995 617 facta

1055 633 1300 682 separatione
1320 662 1329 678 ‚
1354 643 1493 669 novam
1513 633 1888 682 Augustinianorum
1908 644 1995 669 con-

1053 685 1323 732 gregationem
1343 685 1383 722 in
1404 685 1590 734 Hispania
1609 686 1908 732 constituerunt,
1927 697 1989 724 an.

1057 738 1157 776 1585
1184 751 1207 776 a
1235 738 1362 788 Xysto
1391 739 1428 776 V
1448 739 1712 787 approbatam,
1733 739 1844 776 cuius
1865 751 1991 776 mem-

1053 791 1123 829 bra
1151 792 1430 840 Augustiniani
1451 791 1670 829 discalceati
1691 792 1879 829 nominari
1899 805 1992 830 con-

1051 842 1297 882 sueverunt¹.

1105 898 1145 935 S.
1181 898 1370 935 Theresia
1389 897 1632 935 “Similem
1665 898 1994 945 reformationem,

1053 951 1189 988 maiori
1219 951 1465 997 abstinentia,
1480 951 1655 1000 rigidiori
1674 951 1816 988 ieiunio
1835 981 1844 997 ,
1864 952 1991 990 viliori

1055 1005 1207 1050 vestitu,
1224 1004 1499 1053 flagellatione,
1516 1005 1841 1052 frequentioribus
1862 1006 1988 1053 preci-

1053 1058 1120 1095 bus
1148 1063 1318 1104 auctam,
1345 1057 1448 1095 inter
1475 1057 1704 1095 Carmelitas
1732 1059 1929 1106 promovit
1956 1072 1985 1097 s.

1050 1110 1249 1156 Theresia,
1278 1123 1338 1148 an.
1372 1111 1472 1148 1515
1500 1111 1652 1148 Abulae
1672 1111 1710 1147 in
1732 1111 1900 1148 Castella
1920 1124 1988 1149 no-

1051 1163 1116 1200 bili
1136 1175 1278 1212 genere
1300 1167 1403 1210 nata,
1423 1166 1463 1201 et
1478 1175 1578 1200 anno
1596 1163 1734 1201 aetatis
1750 1176 1843 1201 suae
1857 1165 1908 1203 20
1924 1165 1995 1202 Or-

1051 1217 1181 1254 dinem
1218 1217 1446 1254 monialium
1475 1216 1775 1254 Carmelitarum
1802 1217 1988 1266 ingressa.

1050 1270 1158 1307 Haec
1186 1282 1365 1307 sororum
1394 1282 1551 1308 suarum
1572 1270 1815 1318 disciplinam
1837 1283 1859 1308 a
1878 1283 1992 1320 regu-

1049 1323 1087 1360 la
1114 1323 1153 1360 in
1179 1324 1309 1361 multis
1330 1325 1562 1373 degenerem
1582 1324 1728 1367 dolens,
1749 1336 1838 1361 cum
1858 1336 1990 1362 omnes

1050 1388 1125 1413 non
1155 1381 1293 1425 posset,
1322 1377 1473 1426 aliquot
1499 1377 1634 1414 saltem
1660 1377 1828 1414 melioris
1849 1378 1988 1416 indolis

1048 1430 1252 1478 permovit,
1283 1433 1326 1468 ut
1344 1430 1383 1467 in
1404 1431 1601 1480 proprium
1622 1431 1869 1476 coenobium,
1890 1433 1990 1480 quod

1050 1483 1259 1529 exstruxit,
1279 1495 1409 1521 secum
1438 1484 1675 1530 secederent,
1695 1483 1824 1532 ibique
1849 1496 1989 1521 secun-

1049 1536 1138 1573 dum
1160 1537 1319 1585 regulae
1338 1537 1506 1586 rigorem
1523 1537 1714 1574 viverent.
1732 1537 1858 1578 Quam
1874 1537 1989 1575 refor-

1049 1591 1274 1635 mationem,
1291 1602 1313 1627 a
1329 1591 1493 1628 caeteris
1504 1593 1781 1639 oppugnatam,
1793 1603 1881 1627 cum
1895 1591 1989 1630 Pius

1048 1643 1105 1680 IV
1121 1655 1180 1680 an.
1201 1643 1300 1680 1562
1316 1644 1577 1692 approbasset,
1595 1644 1708 1692 plura
1723 1643 1800 1681 alia
1815 1645 1988 1682 eiusdem

1049 1696 1206 1734 Ordinis
1234 1697 1457 1734 monialium
1488 1697 1670 1735 coenobia
1695 1702 1946 1746 susceperunt
1961 1696 1987 1736 ².

1051 1749 1224 1787 Decessit
1243 1761 1272 1787 s.
1294 1750 1479 1787 Theresia
1501 1763 1561 1788 an.
1580 1750 1693 1796 1582,
1708 1751 1853 1788 relictis
1869 1752 1988 1790 variis

1047 1803 1201 1851 scriptis
1237 1803 1395 1840 coelesti
1424 1803 1616 1852 sapientia
1643 1803 1818 1850 refertis3
1847 1804 1934 1841 dein
1965 1818 1988 1843 a

1047 1856 1235 1905 Gregorio
1274 1856 1351 1894 XV
1378 1856 1515 1894 Ssrum
1543 1856 1752 1906 Virginum
1780 1857 1890 1895 fastis
1918 1859 1988 1896 ad-

1046 1909 1191 1956 scripta
1208 1911 1267 1947 est
1278 1908 1305 1947 ³.
2013 1921 2016 1923 ’

1102 1962 1141 2000 S.
1155 1963 1333 2000 Ioannes
1344 1963 1392 2000 cle
1409 1963 1535 2000 Cruce
1546 1985 1594 1992 —
1605 1963 1792 2002 Theresia
1807 1965 1983 2002 eamdem

1047 2015 1364 2053 reformationem
1401 2016 1519 2054 etiam
1555 2017 1657 2054 inter
1684 2018 1891 2056 monachos
1928 2020 1984 2056 sui

1047 2068 1201 2107 Ordinis
1220 2069 1468 2107 introducere
1489 2070 1651 2116 studuit,
1669 2073 1708 2108 et
1722 2071 1848 2119 reipsa
1869 2083 1986 2121 opera

1046 2123 1290 2171 potissimum
1310 2135 1339 2160 s.
1356 2123 1513 2160 Ioannis
1540 2124 1586 2160 de
1615 2123 1737 2161 Cruce
1767 2125 1984 2173 complures

1046 2176 1095 2212 ad
1113 2175 1219 2213 illam
1242 2176 1522 2214 admittendam
1544 2177 1728 2224 adduxit,
1749 2190 1911 2226 quorum
1940 2191 1984 2215 e-

1047 2229 1242 2278 xemplum
1267 2229 1481 2267 successive
1501 2233 1559 2268 tot
1575 2230 1640 2268 alii
1656 2231 1798 2268 imitati
1819 2236 1920 2278 sunt,
1941 2235 1984 2270 ut

1046 2282 1157 2330 plura
1177 2284 1224 2320 ab
1249 2282 1296 2320 iis
1316 2283 1553 2321 monasteria
1572 2284 1611 2320 in
1627 2285 1813 2333 Hispania
1841 2285 1984 2334 imple-

1043 2339 1192 2374 rentur.
1208 2336 1342 2382 Iidem,
1355 2337 1509 2385 quippe,
1529 2337 1595 2386 qui
1615 2337 1715 2374 inter
1735 2340 1887 2375 caetera
1907 2351 1982 2376 au-

1043 2390 1233 2433 steritatis
1249 2390 1376 2427 studia
1395 2390 1604 2438 nudipedes
1619 2390 1797 2427 incedere
1814 2391 1981 2430 solemne

1042 2442 1252 2488 habebant,
1281 2442 1515 2480 Discalceati
1550 2444 1662 2488 dicti,
1694 2447 1825 2492 postea
1859 2445 1978 2482 etiam

1042 2507 1110 2544 per
1125 2495 1305 2543 Galliam,
1322 2496 1487 2541 Italiam,
1504 2495 1675 2545 aliasque
1692 2496 1869 2544 regiones
1886 2510 1980 2547 pro-
2027 2540 2033 2545 .

1043 2548 1173 2598 pagati
1191 2551 1291 2586 sunt.
1316 2549 1442 2590 Quum
1468 2553 1602 2586 autem
1630 2550 1794 2596 caeteri,
1814 2551 1880 2598 qui
1908 2563 1980 2588 re-

1041 2601 1311 2639 formationem
1341 2604 1602 2650 respuebant,
1623 2603 1841 2640 rcformatis
1874 2605 1981 2642 acri—

1039 2657 1101 2692 ter
1129 2655 1442 2702 adversarentur,
1461 2655 1638 2693 Clemens
1657 2656 1753 2693 VIII
1780 2668 1839 2694 an.
1864 2657 1979 2705 1600,

1039 2709 1131 2745 data
1170 2708 1230 2745 his
1268 2709 1455 2746 facultate
1483 2708 1650 2756 eligendi
1679 2709 1751 2746 sibi
1782 2711 1978 2759 proprium

1040 2761 1309 2810 Praepositum
1337 2761 1579 2810 generalem,
1602 2761 1786 2798 Ordinem
1814 2763 1851 2799 in
1883 2764 1980 2802 duas

1039 2814 1367 2864 Congregationes
1396 2815 1592 2863 separavit
1612 2813 1638 2852 ⁴.
1669 2815 1707 2852 S.
1737 2816 1904 2854 Ioannes
1933 2819 1978 2855 de

1077 2933 1087 2954 1
1107 2934 1225 2973 lletyot‚
1241 2933 1298 2963 loc.
1316 2933 1363 2963 cit.
1377 2931 1437 2954 —2
1453 2932 1569 2972 Helyot,
1584 2933 1657 2964 ibid.

1075 2974 1089 2995 3
1106 2975 1201 3004 Vitam
1224 2982 1246 3004 s.
1265 2974 1429 3004 Theresiac
1449 2998 1456 3011 ,
1473 2983 1563 3013 quam
1589 2975 1657 3014 ipsa
1681 2975 1826 3014 scripsit,
1857 2977 1978 3017 aliaque

1036 3016 1100 3046 eius
1117 3016 1230 3054 scripta
1247 3023 1284 3045 ex
1301 3015 1462 3053 hispanico
1479 3015 1591 3054 gallice
1617 3017 1708 3046 vertit
1730 3017 1888 3057 ediditque
1905 3022 1977 3049 Arn.

1036 3057 1213 3095 d'Anditly,
1237 3056 1312 3087 1630
1335 3055 1427 3086 iti-4⁰.
1451 3075 1490 3078 -
1513 3058 1663 3096 Mutinae,
1690 3067 1818 3096 recens,
1843 3061 1979 3098 'sypogtn

1036 3099 1221 3129 Immaculat.
1241 3098 1383 3136 Concept.
1402 3098 1433 3128 V.
1450 3099 1484 3128 M.
1503 3098 1616 3136 dicata,
1632 3099 1647 3128 7
1662 3100 1731 3130 voli.
1755 3109 1855 3140 magn.
1881 3101 1978 3139 iri-8⁰,

1034 3140 1194 3176 eleganter
1216 3139 1329 3177 prodiit
1346 3162 1352 3174 ,
1384 3138 1493 3169 szva
1519 3138 1700 3171 Collezieue
1721 3141 1803 3172 delle
1823 3142 1924 3182 Opere
1945 3142 1977 3173 di

1034 3180 1064 3211 S.
1087 3181 1199 3212 Teresn
1223 3179 1303 3218 salle
1332 3181 1578 3219 intem-acmanto
1610 3181 1742 3213 italiana
1774 3183 1975 3222 colpresidm

1033 3222 1079 3253 αρ’
1099 3231 1168 3252 mss
1187 3221 1269 3251 «tella
1286 3220 1394 3262 Satala,
1410 3231 1470 3253 cun
1486 3228 1559 3254 uoce
1572 3232 1589 3254 e
1606 3223 1834 3256 illustr-azioni.

1073 3264 1087 3286 4
1104 3264 1222 3303 llelyot‚
1242 3263 1298 3303 Op.
1314 3263 1365 3294 cit.
