2241 3473
434 134 559 165 stVE
587 135 639 161 An
669 132 871 161 PvnchM
898 128 1043 159 RERVM
1071 127 1113 155 IN
1140 130 1299 158 GALLIIS
1327 130 1628 158 SVRVERSIONEM

102 201 174 240 sub
208 199 340 250 poenis
373 201 413 236 et
445 199 635 245 censuris,
667 203 803 237 contra
823 197 1040 236 haereticos

102 264 315 301 eorumque
335 251 507 290 fautores
541 254 577 290 in
601 253 685 290 iure
706 252 909 302 expressis,
928 263 973 288 nc
993 250 1039 287 de

51 334 59 339 -
102 307 215 345 dictis
243 305 570 355 propositionibus
590 307 704 343 aliter
723 305 883 350 sentire,
903 305 1040 342 docere

102 362 169 398 aut
190 360 416 408 praedicare
437 362 740 408 praesumerent,
761 370 875 408 quam
898 359 935 395 in
952 368 1038 406 pre-

101 413 206 452 senti
234 412 499 451 declaratione
529 413 812 450 continebatur.
835 410 1041 459 Praecepit

103 465 283 504 omnibus
318 465 531 514 Episcopis,
565 466 736 503 locorum
758 464 974 502 Ordinariis
1003 466 1041 500 et

103 519 322 557 haereticae
334 519 539 567 pravitatis
555 519 860 566 Inquisitoribus,
874 520 915 554 ut
932 528 1038 564 quos-

101 573 162 610 vis
182 572 484 610 contradictores
504 575 543 609 et
573 571 737 608 rebelles
757 571 930 608 censuris
947 581 1040 617 poe-

102 626 242 674 nisque
270 625 554 669 ecclesiasticis,
583 624 788 673 implorato
809 623 925 660 etiam
947 623 1040 659 bra-

103 678 179 716 chii
202 678 415 717 saecularis
434 678 593 722 auxilio,
613 679 643 715 si
666 689 761 726 opus
780 676 910 720 fuerit,
932 686 1039 712 com-

103 735 316 781 pescerent.
350 731 511 769 Addidit
545 734 760 780 praeterea,
794 741 835 767 se
857 740 924 778 per
943 729 1042 766 hanc

101 785 148 823 de
167 785 193 823 5
215 785 537 834 propositionibus
557 784 857 822 declarationem
881 781 1041 819 nullate-

102 850 175 876 nus
203 837 417 887 approbare
448 837 543 875 alias
572 838 864 886 propositiones,
885 836 923 872 in
945 835 1042 872 libro

101 891 268 930 Iansenii
289 891 453 928 habitas.
661 890 663 892 ’

156 945 370 983 Innocentii
402 944 516 982 Bulla
546 956 620 981 non
651 945 808 981 tantum
839 943 874 979 in
906 941 1041 990 Belgio

103 999 150 1036 ab
180 998 390 1048 Episcopis,
420 997 752 1036 Universitatibus
774 1000 813 1036 et
834 995 1041 1034 Ordinibus

106 1052 299 1101 religiosis
319 1051 400 1089 sine
421 1051 723 1088 contradictione
743 1052 950 1098 acceptata
970 1051 1040 1092 est,

105 1106 172 1143 sed
194 1105 313 1143 etiam
333 1105 370 1142 in
394 1105 524 1142 Gallia
543 1105 591 1142 ab
608 1104 786 1141 omnibus
801 1103 880 1140 fere
898 1102 1042 1151 episco-

101 1159 161 1208 pis
190 1160 229 1196 et
265 1170 289 1196 a
325 1157 500 1195 Sorbona
536 1157 684 1194 lubenti
717 1157 844 1193 animo
875 1155 1043 1193 admissa

101 1211 188 1250 fuit.
210 1212 284 1260 Ipsi
307 1211 578 1249 iansenisticae
599 1222 738 1248 causae
760 1209 913 1258 patroni
936 1208 1038 1245 fate-

101 1265 260 1311 bantur,
280 1265 304 1303 5
324 1264 604 1314 propositiones
620 1276 702 1301 esse
720 1263 858 1300 merito
874 1263 1040 1300 damna-

101 1323 185 1365 tas3
206 1320 476 1356 verumtamen
495 1317 697 1355 doctrinae
713 1329 805 1354 suae
822 1315 1040 1365 praefracte

101 1372 373 1415 adhaerentes,
394 1372 517 1408 aciem
536 1373 754 1415 mutarunt,
772 1374 811 1407 et
831 1370 878 1406 ad
901 1380 1042 1406 versu-

101 1426 176 1463 tias
196 1437 242 1463 ac
263 1425 536 1462 cavillationes
557 1424 747 1469 conversi,
769 1423 969 1468 dixerunt,
990 1422 1042 1458 il-

99 1478 158 1516 las
189 1478 470 1530 propositiones
509 1490 579 1515 nec
613 1478 741 1526 quoad
777 1477 940 1514 verbum
970 1487 1042 1512 nec

97 1532 224 1581 quoad
244 1543 401 1570 sensum
423 1543 446 1568 a
466 1530 658 1568 Pontifice
689 1532 898 1575 intentum,
920 1530 959 1566 in
989 1529 1042 1566 li-

95 1585 167 1623 bro
186 1586 355 1623 Iansenii
378 1585 582 1629 contineri,
612 1584 770 1632 proinde
800 1583 918 1620 huius
947 1583 1043 1619 doc-

97 1639 243 1676 trinam
262 1639 419 1676 minime
440 1650 522 1676 esse
538 1638 842 1674 condemnatam.
862 1636 1040 1685 Episcopi

99 1692 219 1738 Galli,
247 1704 309 1730 an.
346 1692 446 1730 1654
477 1695 663 1728 consueta
693 1690 851 1727 comitia
881 1689 1042 1727 Parisiis

103 1745 358 1790 celebrantes,
397 1745 616 1794 praedictas
644 1743 926 1793 propositiones
955 1754 1040 1779 cum

102 1799 202 1837 libro
235 1798 404 1836 Iansenii
437 1798 731 1847 diligentissime
766 1796 1015 1834 contulerunt
1033 1826 1041 1842 ,

104 1853 370 1894 discusserunt
389 1852 508 1889 etiam
530 1862 800 1899 quaecumque
827 1850 874 1887 ab
896 1850 1040 1886 adver-

103 1905 216 1944 sariis
231 1905 280 1943 ad
300 1905 529 1942 eludendam
558 1905 689 1942 bullae
709 1903 929 1953 pontificiae
949 1915 1043 1939 sen-

103 1959 264 1997 tentiam
280 1958 576 2002 obiiciebantur,
593 1958 932 2006 declararuntque,
948 1957 1042 1993 istas

102 2012 128 2050 5
147 2012 430 2062 propositiones
459 2012 498 2048 in
526 2011 626 2048 libro
648 2010 813 2049 Iansenii
839 2009 1043 2055 contineri,

105 2068 145 2103 et
165 2066 202 2103 in
223 2066 378 2115 proprio
397 2065 607 2102 verborum
623 2076 739 2103 sensu
760 2066 876 2112 atque
888 2075 932 2100 eo
947 2063 1042 2111 ipso,

104 2131 181 2167 quo
201 2130 224 2156 a
244 2119 422 2156 Iansenio
442 2121 686 2164 asseruntur,
713 2129 796 2155 esse
827 2117 1042 2154 damnatas.

105 2172 216 2210 Hanc
245 2172 546 2210 declarationem
574 2171 772 2220 praesules
791 2170 891 2207 Galli
912 2173 1043 2207 trans—

104 2225 293 2264 miserunt
312 2226 359 2263 ad
377 2225 647 2262 Innocentium
665 2225 716 2269 X,
732 2223 799 2272 qui
820 2234 887 2272 per
906 2224 1043 2260 rescri-

108 2280 232 2327 ptum,
243 2278 307 2315 111⁰
318 2279 465 2316 calend.
478 2279 646 2315 octobris
664 2278 764 2315 1654
780 2277 913 2314 datum
929 2306 938 2322 ,
958 2288 1041 2313 eam

108 2330 374 2378 confirmavit,
411 2332 678 2381 expressisque
707 2330 838 2368 verbis
866 2330 1044 2376 asseruit,

109 2396 177 2434 per
205 2395 320 2423 suam
345 2386 677 2423 constitutionem.
706 2384 830 2433 pridie
861 2383 1044 2421 calendas

108 2437 236 2475 iunias
267 2436 367 2475 1653
396 2438 539 2476 editam
561 2467 570 2484 ,
599 2438 637 2474 in
665 2438 690 2475 5
719 2437 1045 2486 propositionibus

110 2491 335 2528 damnatam
353 2502 434 2528 esse
455 2491 669 2537 doctrinam
683 2489 849 2528 Cornelii
864 2489 1045 2535 Iansenii,

108 2544 147 2581 in
169 2544 253 2581 eius
274 2543 384 2590 libro,
399 2544 462 2581 cui
481 2544 622 2582 titulus
632 2544 909 2592 Auyustmus,
924 2555 1045 2592 expo-

110 2598 238 2635 sitam.

163 2652 350 2688 Attamen
373 2661 482 2687 error
503 2650 662 2688 minime
681 2649 814 2687 finitus
836 2653 905 2687 est.
926 2649 1047 2686 Cum-

115 2714 190 2752 que
219 2703 394 2752 primarii
424 2703 528 2739 inter
555 2703 827 2747 refractarios,
855 2703 1048 2740 Antonius

110 2757 300 2803 Arnauld,
312 2756 465 2794 Blasius
476 2755 626 2802 Pascal,
643 2756 784 2794 Petrus
799 2755 949 2801 Nicole,
964 2768 1049 2793 eru-

113 2809 275 2855 ditione,
306 2809 452 2857 ingenii
482 2810 678 2856 acumine,
708 2809 911 2854 facundia,
940 2809 1049 2846 libris

114 2863 313 2911 ingeniose
333 2870 373 2898 et
394 2862 596 2910 eleganter
614 2862 790 2910 scriptis,
811 2873 964 2899 morum
983 2874 1046 2899 se·-

110 2916 279 2953 veritate
299 2915 560 2962 excellerent,
581 2915 722 2953 multos
742 2915 781 2952 in
802 2917 931 2963 partes
958 2927 1046 2953 suas

111 2972 390 3018 pertraxerunt
412 2966 435 3006 ¹.

151 3073 159 3086 '
180 3075 211 3106 P.
227 3074 414 3114 d’Avrigny,
441 3072 609 3105 Me'moires
635 3071 897 3113 chronoloqiques
922 3074 951 3104 et
966 3071 1042 3113 doq-

112 3117 269 3156 maliques
283 3123 368 3155 pour
382 3115 485 3146 servir
501 3115 520 3144 α’
536 3114 556 3144 l'
572 3113 705 3144 histoire
731 3113 804 3145 eccl.
832 3113 943 3154 depuis
965 3114 1044 3146 1500

105 3157 263 3231 {322²}ss
274 3154 718 3236 attat?rassstz'ss‘gss,
735 3154 1043 3229 grassata&

1890 119 1967 156 219

1135 196 1168 233 4.
1192 197 1458 234 Innocemz'us
1474 196 1517 233 X
1527 195 1722 243 Pontifex
1738 192 1823 244 (cm.
1846 191 2018 241 1644)-

1084 248 1175 286 Post
1214 249 1418 287 Urbanum
1461 251 1527 298 Pp.
1559 248 1652 286 VIII
1671 277 1679 291 ,
1718 246 1904 296 postridie
1933 246 2019 284 idus

1082 304 1310 350 septembris
1339 305 1399 340 an'.
1424 304 1521 340 1644
1554 300 1733 338 Pontifex
1764 301 2020 348 inauguratus

1080 360 1141 393 est
1164 357 1324 393 Ioannes
1345 357 1521 405 Baptista
1538 354 1793 402 Pamphilius,
1810 354 2021 397 Romanus,

1082 409 1292 446 cardinalis
1321 410 1424 446 tituli
1455 422 1483 446 s.
1516 408 1685 449 Eusebii,
1714 408 1778 456 qui
1809 407 1879 444 sub
1901 406 2020 444 Inno-

1082 462 1198 499 centii
1211 463 1248 500 X
1261 463 1413 499 nomine
1430 461 1639 498 Ecclesiam
1655 460 1888 507 gubernavit
1902 472 2020 508 usque

1082 516 1129 552 ad
1149 527 1210 552 an.
1238 514 1348 552 1655.
1371 516 1407 552 Is
1428 516 1585 562 pictate,
1606 515 1866 552 defendendae
1882 515 1921 550 et
1941 526 2021 562 pro-

1084 570 1281 617 pagandae
1304 568 1522 616 Religionis
1552 568 1703 613 ardore,
1733 567 1896 612 iustitia,
1925 579 2021 615 pru-

1082 622 1228 664 dentia,
1249 621 1496 666 liberalitate,
1519 621 1683 668 aliisque
1705 621 1917 659 virtutibus
1937 621 2021 658 cla-

1083 675 1174 711 ruit.
1191 675 1352 712 Venctis
1368 679 1407 711 ct
1428 674 1632 721 Equitibus
1648 673 1918 712 Melitensibus
1939 687 2023 712 con-

1082 732 1143 765 tra
1152 728 1371 765 Turcarum
1384 728 1549 776 impetus
1566 727 1603 763 in
1622 727 1722 764 bello
1739 727 1903 774 Cretico,
1919 731 2020 776 quod

1082 793 1150 831 per
1165 793 1286 819 annos
1305 782 1356 819 25
1378 781 1617 829 perduravit,
1640 781 1817 818 triremes
1837 783 1876 818 et
1897 793 2020 829 pecu—

1085 835 1166 872 nias
1194 834 1528 878 subministravit,
1558 844 1602 870 ac
1633 833 1850 872 Iubilaeum
1881 846 1949 883 pro
1978 848 2019 874 re

1082 890 1153 926 hac
1188 888 1354 925 induxit.
1388 887 1587 924 Uladislao
1621 887 1758 932 etiam,
1793 888 2020 936 Hungariae

1083 943 1161 991 regi
1186 972 1195 987 ,
1225 942 1370 979 bellum
1392 941 1581 977 adversus
1619 940 1817 978 christiani
1859 942 2022 981 nominis

1084 998 1212 1034 hostes
1241 995 1407 1045 paranti,
1430 993 1580 1031 auxilia
1600 994 1717 1031 dedit.
1736 995 1793 1030 Ad
1815 995 2022 1034 catholicos

1085 1051 1284 1095 Hibernos,
1305 1050 1353 1087 ab
1374 1046 1579 1085 haereticis
1600 1059 1801 1096 oppressos
1821 1047 1970 1097 legavit
1990 1050 2018 1087 Ι.

1083 1105 1124 1141 Β.
1138 1103 1412 1146 Rinuccinum,
1433 1101 1762 1150 archiepiscopum
1779 1100 2021 1149 Firmanum,

1085 1160 1125 1194 ut
1146 1157 1302 1194 illorum
1324 1156 1494 1204 inopiam
1515 1166 1611 1192 auro
1641 1157 1679 1192 et
1699 1157 1866 1203 argento
1887 1156 2021 1194 suble-

1085 1214 1210 1256 varet,
1231 1221 1374 1258 eosque
1395 1209 1442 1245 ad
1463 1208 1655 1257 agendam
1686 1207 1840 1245 fortiter
1860 1220 2019 1247 causam

1083 1269 1220 1302 contra
1236 1267 1506 1312 persecutores
1526 1262 1761 1299 hortaretur.
1783 1261 1942 1310 Pacem,
1958 1275 2020 1301 an.

1087 1318 1186 1356 1648
1208 1315 1440 1356 Monasterii
1460 1315 1498 1352 in
1519 1314 1767 1363 westphalia
1787 1314 1891 1353 inter
1912 1317 2020 1365 prin-

1083 1373 1189 1421 cipes
1219 1370 1430 1408 catholicos
1468 1371 1508 1406 et
1536 1371 1799 1417 protestantes
1832 1371 2023 1419 composi-

1083 1429 1177 1471 tam,
1197 1428 1382 1472 tanquam
1404 1422 1597 1460 Ecclesiae
1616 1425 1655 1459 et
1679 1422 1841 1470 imperio
1862 1423 2019 1461 noxiam

1083 1491 1128 1516 ac
1148 1479 1388 1528 probrosam,
1408 1476 1654 1524 improbavit.
1677 1476 1806 1513 Multa
1825 1477 2022 1523 coenobia,

1084 1534 1121 1570 in
1142 1533 1282 1581 quibus
1302 1533 1459 1579 propter
1474 1541 1638 1579 parvum
1658 1528 1929 1578 religiosorum
1948 1543 2022 1568 nu·-

1085 1597 1232 1623 merum
1248 1584 1449 1632 disciplina
1465 1582 1657 1632 regularis
1672 1583 1822 1620 servari
1839 1596 1914 1621 non
1931 1595 2024 1632 pos—

1083 1643 1155 1686 set,
1184 1640 1222 1677 in
1252 1638 1366 1675 Italia
1393 1641 1432 1674 et
1460 1636 1597 1673 insulis
1632 1636 1901 1674 adiacentibus
1929 1649 2024 1686 sup-

1086 1693 1250 1743 pressit,
1279 1691 1383 1729 facta
1412 1689 1599 1739 episcopis
1628 1689 1801 1727 locorum
1831 1693 2023 1739 potestate

1084 1758 1218 1784 eorum
1246 1746 1349 1782 bona
1378 1744 1415 1781 in
1446 1743 1542 1781 alios
1574 1754 1663 1781 usus
1692 1755 1823 1781 sacros
1856 1755 2023 1782 conver-

1084 1801 1203 1839 tendi.
1233 1798 1444 1836 Damnavit
1472 1796 1645 1834 libellum
1676 1808 1936 1846 anonymum,
1964 1799 2024 1836 De
2059 1820 2061 1822 -

1085 1853 1370 1902 ma9n2·zcud2·ne
1403 1851 1615 1888 Romanae
1649 1850 1853 1889 Ecclesiae
1892 1856 1932 1888 et
1972 1864 2022 1889 88.

1087 1909 1261 1945 Petrz'et
1289 1905 1418 1943 Pauli
1437 1906 1709 1954 pontificatu,
1739 1905 1848 1942 cuius
1878 1907 2025 1951 auctor,

1086 1960 1288 2010 aequalem
1327 1958 1530 2006 utriusque
1578 1957 1754 2006 Apostoli
1792 1960 2023 2007 potestatem

1088 2013 1386 2064 propugnando,
1407 2011 1597 2049 unitatem
1620 2010 1757 2060 capitis
1777 2014 1816 2048 et
1836 2011 2025 2060 primatus

1086 2068 1300 2106 evertebat.
1321 2066 1403 2104 Nec
1423 2065 1516 2102 satis
1536 2064 1674 2101 habuit
1693 2065 1896 2102 damnasse
1916 2065 2025 2103 insa-

1089 2133 1177 2160 nam
1198 2120 1442 2165 doctrinam3
1471 2118 1536 2156 sed
1565 2117 1679 2155 etiam
1713 2119 1912 2167 praecepit
1931 2119 2024 2156 viris

1087 2175 1277 2221 doctis,ut
1292 2185 1379 2211 eam
1399 2172 1552 2220 scriptis
1573 2170 1857 2209 labefactarent
1871 2170 1894 2209 ¹.
1912 2172 2026 2209 Dam-

1088 2228 1198 2267 navit
1217 2227 1348 2272 et-iam,
1372 2229 1414 2263 nt
1435 2225 1622 2270 vidimus,
1643 2224 1669 2262 5
1697 2225 1974 2274 propositiones
2003 2237 2023 2263 e

1087 2284 1184 2320 libro
1204 2280 1371 2319 Iansenii
1400 2280 1616 2327 excerptas.
1645 2278 1749 2316 Idem
1781 2281 1909 2316 ratum
1939 2279 2022 2316 ius-

1088 2337 1136 2374 sit
1157 2338 1355 2374 decretum
1376 2346 1405 2371 s.
1421 2331 1743 2381 Congregationis
1759 2332 2023 2370 Caeremonia·

1088 2402 1196 2435 rum,
1216 2387 1454 2438 praecipiens
1483 2385 1751 2422 Cardinalibus
1779 2385 1896 2423 etiam
1925 2397 2024 2434 qua-

1088 2455 1256 2492 cumque
1277 2441 1470 2479 natalium
1491 2438 1826 2488 praecellentium,
1843 2440 1911 2476 aut
1927 2439 2023 2476 alia-

1089 2509 1174 2534 rum
1215 2495 1451 2544 dignitatum
1495 2492 1770 2542 praerogativa
1810 2492 2024 2540 insignitis,

1088 2551 1187 2599 quod
1208 2550 1289 2587 solo
1318 2548 1474 2585 nomine
1500 2546 1747 2591 cardinalis,
1768 2545 1914 2593 absque
1944 2545 2024 2583 ullo

1089 2602 1300 2641 saecularis
1321 2601 1522 2650 dignitatis
1543 2599 1807 2636 additamento
1829 2598 2025 2644 contenti,

1090 2670 1163 2695 non
1183 2657 1270 2694 aliis
1290 2655 1414 2692 titulis
1441 2655 1731 2700 nuncupentur,
1752 2663 1821 2688 nec
1851 2652 1908 2688 uti
1933 2664 2024 2700 pos-

1089 2712 1178 2756 sint,
1199 2720 1317 2759 quam
1334 2705 1676 2746 «Eminentissimi
1692 2716 1713 2741 ›>
1735 2708 1774 2742 et
1791 2717 1813 2743 «
1829 2705 2025 2742 Reveren-

1089 2764 1236 2802 dissimi
1251 2774 1295 2806 »,
1315 2774 1385 2799 nec
1415 2771 1488 2797 non
1519 2770 1541 2795 «
1557 2757 1799 2795 Eminentiae
1819 2759 2023 2796 Reveren-

1089 2818 1270 2855 dissimae
1286 2815 1299 2836 ‘²
1315 2816 1473 2852 ».Anno
1490 2811 1587 2849 1650
1605 2823 1788 2860 magnum
1810 2811 2023 2850 Iubilaeum

1089 2871 1245 2908 tertium
1275 2869 1465 2905 decimum
1484 2865 1711 2910 celebravit,
1727 2868 1766 2902 et
1785 2867 1916 2913 quinto
1940 2868 2026 2914 post

1089 2936 1188 2962 anno
1212 2922 1312 2961 1655
1338 2921 1412 2957 V11⁰
1432 2919 1516 2956 idus
1537 2918 1704 2956 ianuarii
1734 2919 1916 2964 decessit,
1933 2918 2026 2956 fun-

1087 3028 1187 3059 m'ana
1204 3025 1240 3057 ab
1250 3025 1272 3056 A
1275 3023 1433 3065 poslolica
1448 3021 1527 3054 Sede
1542 3021 1658 3054 merito
1674 3020 1848 3060 damnata3
1864 3020 2026 3061 Tournely,

1091 3069 1259 3101 Tractatus
1276 3066 1313 3097 de
1334 3065 1453 3098 Gratia.

1132 3110 1138 3130 ¹
1161 3108 1319 3148 Spondan.
1337 3107 1374 3137 ad
1393 3115 1441 3137 an.
1459 3104 1598 3144 1644-553
1614 3106 1737 3137 Ciacon.
1757 3104 1845 3137 Vitae
1859 3102 1921 3136 ΗΒ.
1939 3102 2027 3134 Pon·

1087 3151 1167 3192 lisic.
1342 3184 1347 3187 ‚

1126 3193 1140 3213 ⁹²
1155 3194 1257 3224 Const.
1276 3190 1303 3229 ⁶2,
1321 3194 1338 3225 ἓ
1356 3190 1380 3229 1,
1397 3193 1417 3220 t.
1432 3188 1452 3220 4
1467 3188 1614 3222 Bullart'i.
