2241 3473
711 134 838 166 VSQVE
866 134 920 161 AD
947 131 1114 161 scmsMA
1143 130 1374 160 occmEN'rts

81 213 246 254 regnum
278 202 451 239 nostrum
472 200 780 250 depauperatum
799 198 943 244 extitit,
958 197 1020 236 vel

79 258 197 297 etiam
217 254 458 304 imponenda,
479 254 600 292 levari
620 256 688 292 aut
708 253 837 302 colligi
858 251 1021 290 nullate-

81 322 153 349 nus
172 308 365 353 volumus,
381 308 452 345 nisi
474 309 678 345 dumtaxat
697 318 764 355 pro
786 305 1019 351 rationabili,

80 364 143 414 pia
159 364 200 400 et
221 361 496 412 urgentissima
511 373 628 399 causa
644 360 705 397 vel
722 359 937 397 inevitabili
951 371 1020 396 ne-

79 416 257 456 cessitate
289 418 328 453 ct
356 416 402 453 de
432 418 643 463 spontaneo
663 416 702 450 et
722 424 905 461 expresso
926 424 1020 449 con-

80 481 196 508 sensu
216 473 351 507 nostro
371 471 411 506 et
429 468 616 506 ecclesiae
638 466 746 516 regni
764 465 1020 505 nostri».Ve-

79 533 166 562 rum
198 523 299 560 hanc
327 522 568 560 sanctionem
591 519 889 570 pragmaticam,
909 518 1020 556 cuius

80 587 151 626 per
167 576 246 616 200
266 588 386 613 annos
420 578 460 612 et
491 574 657 623 amplius
685 585 710 610 a
736 574 926 621 tempore,
947 583 1020 619 quo

80 630 235 667 condita
250 629 485 679 perhibetur,
503 627 630 665 nullus
649 626 812 675 scriptor
833 625 1021 662 memine-

81 685 157 730 rat,
183 683 321 722 merito
349 684 567 730 suspectam
594 680 709 717 habet
731 678 1020 724 Thomassinus,

81 736 368 786 supposititium
380 737 450 772 aut
465 733 604 772 saltem
617 733 756 771 falsum
769 743 850 770 esse
866 731 1023 781 praedi-

82 793 190 827 ctum
219 789 428 839 capitulum
459 791 594 824 contra
614 787 772 824 Curiam
792 786 1023 831 Romanam,

82 843 266 881 evincunt
285 845 331 880 A.
352 840 511 879 Charlas
532 842 572 877 et
591 839 658 877 alii
677 837 701 878 ¹.

137 896 180 934 In
188 895 374 945 Hispania
383 893 499 932 simul
514 892 913 931 cumChristianorum
925 891 1024 940 prin·

82 949 211 998 cipum
231 948 392 998 imperio
412 946 626 996 Religionis
647 946 816 984 ambitus
836 945 1022 983 dilatatus

83 1006 154 1040 est.
175 1002 258 1040 Hac
275 1003 316 1040 in
335 1013 376 1038 re
396 1001 480 1050 plus
507 1000 671 1038 caeteris
691 1000 847 1049 regibus
867 998 1027 1048 praesti-

81 1058 217 1093 terunt
234 1055 499 1094 Ferdinandus
519 1053 573 1091 III
592 1065 662 1092 rex
679 1053 869 1092 Castellae
886 1057 925 1089 et
945 1052 1023 1089 Le-

83 1109 208 1158 gionis
239 1110 279 1146 et
306 1108 470 1146 Iacobus
498 1107 606 1145 Irex
625 1106 855 1156 Aragoniae.
884 1105 1024 1143 Ferdi-

83 1163 246 1208 naudus,
275 1161 338 1211 qui
358 1162 406 1198 ab
426 1172 487 1198 an.
507 1160 607 1198 1217
629 1172 748 1209 usque
767 1160 814 1197 ad
837 1159 938 1197 1252
958 1170 1025 1196 re-

84 1215 221 1265 gnavit
231 1217 271 1252 et
282 1217 437 1264 propter
448 1214 554 1252 vitae
566 1214 832 1263 integritatem
844 1214 881 1250 in
892 1213 1025 1251 Ssrum

83 1279 294 1306 numerum
309 1268 455 1306 relatus
468 1267 554 1314 fuit,
566 1267 745 1306 civitates
754 1268 883 1315 plures
893 1268 933 1304 et
944 1278 1026 1315 pro-

85 1322 232 1360 vincias
262 1320 412 1359 Mauris
439 1321 592 1371 eripuit,
621 1322 659 1358 in
692 1321 832 1370 quibus
865 1319 1027 1369 depulsa

83 1375 340 1413 mahometica
371 1375 644 1424 superstitione
658 1404 668 1420 ‚
701 1374 880 1423 religioni
918 1373 1025 1410 chri-

81 1429 230 1467 stianae
248 1429 420 1478 priscum
438 1429 682 1478 splendorem
698 1427 878 1473 reddidit,
897 1427 1025 1465 eccle-

83 1482 160 1520 sias
185 1481 419 1520 instauravit
443 1482 631 1531 sedesque
657 1480 893 1530 episcopales
912 1481 1027 1519 resti-

84 1537 162 1573 tuit
179 1532 206 1573 2.
227 1535 400 1580 Iacobus,
421 1535 485 1584 qui
505 1547 625 1584 regno
645 1535 864 1583 Aragoniae
885 1535 932 1572 ab
953 1547 1026 1571 an-

85 1601 134 1626 no
161 1589 263 1627 1213
286 1600 405 1638 usque
438 1589 487 1626 ad
522 1589 623 1626 1276
658 1587 837 1637 praefuit,
857 1587 1025 1636 glorioso

85 1643 384 1692 eoepuynatorz‘s
402 1641 519 1679 titulo
538 1642 759 1692 insignitus,
774 1641 825 1679 30
842 1642 1026 1679 victorias

88 1695 136 1733 de
160 1695 310 1734 Mauris
330 1695 477 1741 retulit,
508 1707 574 1733 eos
594 1708 614 1732 e
635 1695 822 1733 Maiorica
842 1699 881 1732 et
900 1695 1029 1732 Mino-

88 1749 182 1795 rica,
202 1760 270 1786 seu
290 1748 429 1787 Insulis
444 1748 684 1795 Balearibus,
704 1761 725 1786 e
745 1760 864 1797 regno
886 1749 1029 1785 Valen-

88 1803 167 1841 tiae
185 1802 348 1852 aliisque
369 1803 484 1840 terris
504 1803 663 1851 pepulit,
685 1806 725 1840 et
746 1813 794 1839 ex
814 1803 1028 1839 auctorita-

88 1858 129 1894 te
147 1855 327 1906 Gregorii
359 1855 429 1905 Pp.
460 1856 518 1894 IX
551 1855 776 1894 Maurorum
806 1855 972 1893 delubra
991 1855 1029 1892 in

90 1909 275 1948 ecclesias
299 1909 510 1956 convertit,
543 1909 740 1958 episcopos
760 1909 964 1946 constituit
984 1920 1030 1946 a-

87 1963 218 2012 liaque
246 1963 295 2000 ad
322 1962 601 2001 restituendam
623 1963 762 2011 ubique
783 1963 1032 2001 christianam

88 2016 315 2066 religionem
330 2015 458 2054 effecit
475 2015 502 2054 ³.

141 2069 205 2108 32.
225 2069 551 2117 FlayeZZantz‘um
570 2075 678 2108 secta
693 2092 743 2097 —
760 2069 804 2106 In
819 2070 948 2117 Italia,
968 2070 1034 2108 ubi

89 2122 280 2162 Friderici
295 2122 331 2160 ΙΙ
347 2127 387 2160 et
397 2122 588 2161 Manfredi
607 2123 828 2172 tyrannide,
845 2127 884 2161 et
904 2123 1035 2162 factio-

90 2188 182 2214 num
211 2176 440 2226 praesertim
469 2177 736 2214 Gibelinorum
776 2179 816 2214 et
843 2178 1034 2227 Guelpho-

91 2241 193 2276 rum,
225 2229 424 2267 discordiis
445 2230 632 2278 bellisque
653 2232 799 2268 statum
819 2241 949 2269 rerum
968 2243 1030 2269 ec-

91 2283 395 2321 clesiasticarum
426 2285 465 2321 et
483 2284 658 2321 civilium
678 2285 949 2333 perturbatum
970 2286 1032 2322 vi-

94 2336 232 2382 dimus,
251 2347 311 2373 an.
332 2336 431 2374 1260
451 2339 578 2374 ortum
599 2338 735 2375 habuit
750 2340 856 2376 secta
873 2338 1034 2388 Flagel-

94 2389 274 2434 lantium,
306 2389 416 2427 cuius
435 2390 622 2440 originem
642 2392 852 2429 monachus
872 2392 1033 2430 Padua-

95 2455 166 2481 nus
183 2443 238 2480 sic
249 2440 381 2480 refert:
400 2442 558 2485 «Quum
571 2443 685 2483 Italia
698 2444 830 2483 multis
847 2449 951 2483 esset
969 2446 1035 2488 fla-

95 2497 202 2547 gitiis
216 2494 629 2545 inquinata,quaedam
645 2498 848 2536 subitanea
863 2503 903 2537 et
914 2511 936 2536 a
951 2511 1033 2537 sae-

96 2550 182 2588 culo
201 2548 373 2587 inaudita
402 2551 623 2598 superstitio
649 2551 793 2590 invasit
817 2553 940 2601 primo
962 2554 1034 2590 Pe-

96 2604 272 2648 rusinos,
305 2603 545 2651 postmodum
565 2605 777 2652 Romanos,
797 2606 935 2643 deinde
956 2607 1034 2644 uni-

98 2668 233 2695 versos
265 2656 348 2694 fere
382 2656 516 2694 Italiae
544 2658 714 2706 populos.
736 2659 778 2696 In
801 2662 953 2697 tantum
973 2660 1035 2697 di-

98 2711 215 2748 vinae
234 2709 408 2748 iustitiae
429 2711 545 2747 timor
563 2710 678 2749 irruit
696 2711 735 2748 in
757 2723 842 2758 eos,
863 2715 907 2750 ut
926 2714 1034 2751 nobi-

97 2763 156 2802 les
175 2768 215 2802 et
234 2762 432 2813 ignobiles,
451 2775 561 2801 senes
573 2766 612 2801 et
626 2765 798 2811 iuvenes,
809 2767 1035 2814 corporibus

98 2818 148 2856 ab
167 2816 360 2855 umbiculo
389 2820 427 2854 et
446 2827 596 2855 sursum
616 2818 740 2864 nudis,
760 2818 824 2856 diu
844 2821 1035 2869 noctuque

141 2909 153 2932 ¹
169 2910 361 2941 Thomassin.
380 2908 472 2942 Vetus
488 2910 518 2940 el
533 2918 615 2941 nova
626 2909 742 2942 Eccles.
754 2909 889 2951 discipl,
906 2915 984 2950 part.
997 2912 1036 2947 ΙΙ,

99 2951 121 2982 Ι.
133 2950 163 2988 2,
175 2961 201 2982 c.
213 2950 264 2990 33,
279 2955 360 2991 part.
375 2952 424 2988 ΙΙΙ,
441 2953 459 2982 Ι.
478 2951 504 2987 1,
521 2960 546 2982 c.
562 2950 616 2988 4&
631 2953 769 2990 Charias,
785 2951 828 2982 De
842 2951 944 2983 libert.
961 2953 1037 2985 eccl.

105 2992 188 3024 Gall.
203 2993 260 3029 1.1.
275 2993 371 3030 ο.15;
396 2994 575 3031 Maenalia,
591 2993 757 3024 Animadv.
780 2994 810 3024 in
834 2994 931 3024 Natal.
951 2994 1035 3026 Alex.

104 3032 181 3066 Hist.
194 3034 270 3066 eccl.
283 3033 479 3070 saec.XlII‚c,
494 3034 539 3070 10,
550 3033 618 3070 a.3;
634 3035 817 3074 Thomassy,
833 3034 875 3065 De
891 3034 921 3065 la
936 3044 1034 3076 pray-

104 3076 246 3116 malique
259 3076 407 3107 sanction
424 3074 582 3107 attribu-§e
597 3075 615 3106 α’
630 3084 653 3106 s.
671 3075 774 3112 Leuis,
791 3077 875 3107 Paris
894 3076 980 3108 1844.

145 3115 161 3136 ²
176 3117 313 3148 Bolland.
340 3119 420 3148 Acta
445 3126 484 3148 ss:
511 3116 550 3148 30
573 3118 643 3148 maii
659 3127 668 3155 ;
694 3118 831 3149 Mariana
842 3142 850 3157 ,
877 3116 920 3149 De
946 3117 1037 3150 rebus

108 3156 238 3198 Hispan.
256 3159 277 3190 Ι.
289 3158 437 3190 ΧΙΙ-ΧΙΙΙ.

147 3198 162 3221 3
175 3199 323 3239 Mariana,
338 3200 412 3231 ibid.

1901 116 1951 154 71

1063 197 1142 235 bini
1155 198 1393 241 incederent,
1403 192 1667 233 sacerdotibus
1679 201 1767 230 cum
1778 190 1957 229 crucibus
1967 192 2007 229 et

1067 251 1224 289 vexillis
1245 247 1580 300 praecedentibus,
1599 257 1686 284 cum
1703 245 1848 295 gemitu
1866 246 1905 282 et
1921 244 2006 293 plo-

1064 308 1151 342 ratu
1171 304 1347 353 scapulas
1366 313 1456 340 suas
1477 311 1595 349 usque
1611 300 1659 337 ad
1679 297 1881 348 sanguinis
1903 297 2006 335 effu-

1063 357 1209 396 sionem
1230 356 1394 406 flagellis
1413 354 1619 392 caedentes
1635 364 1703 402 per
1719 352 1799 389 dies
1818 351 1868 389 33
1879 351 1915 389 in
1933 351 2006 388 ho-

1065 423 1198 449 norem
1219 411 1324 448 vitae
1343 407 1535 458 passibilis
1555 405 1696 444 Christi
1718 404 1884 443 Domini.
1913 404 2005 441 Sile·

1065 466 1157 502 bant
1173 463 1300 502 omnia
1317 461 1467 500 cantica
1483 461 1585 499 laeta
1597 462 1635 498 et
1650 460 2004 497 instrumentamu-

1063 515 1145 556 sica
1178 520 1216 555 et
1249 515 1402 553 nonnisi
1420 514 1597 562 lugubris
1617 511 1896 562 poenitentium
1917 522 2011 549 can-

1064 574 1129 608 tus
1148 570 1187 607 in
1220 569 1444 607 civitatibus
1464 569 1504 604 et
1523 566 1628 603 villis
1656 565 1904 610 audiebatur,
1932 575 2008 613 quo

1064 624 1182 661 corda
1193 624 1310 660 etiam
1319 633 1438 659 saxea
1448 618 1908 657 movebantunMulieres
1923 628 2010 667 quo-

1064 689 1150 726 que,
1171 675 1289 714 etiam
1311 678 1513 712 matronae
1530 672 1675 710 nobiles
1690 675 1729 709 et
1745 671 1928 721 virgines,
1949 670 2009 708 ei-

1066 733 1153 768 dem
1167 728 1426 778 poenitentiae
1445 739 1485 764 se
1501 726 1709 771 sociarunt,
1724 725 1789 763 sed
1804 727 1958 763 tantum
1973 723 2013 761 in

1065 783 1266 821 cubiculis.
1299 781 1537 819 Dissidentes
1572 779 1620 816 ad
1641 778 1886 816 concordiam
1906 777 2010 815 redi-

1065 838 1172 883 bant,
1203 835 1374 874 usurarii
1393 835 1434 871 et
1451 835 1626 882 raptores
1645 832 1745 869 male
1761 834 1873 881 parta
1895 830 2012 868 resti-

1066 891 1241 936 tuebant,
1261 889 1483 938 peccatores
1502 898 1572 924 sua
1587 885 1750 922 crimina
1766 885 1898 922 humili
1917 895 2012 922 con-

1068 943 1232 982 fessione
1252 941 1464 991 expiabant
1486 937 1496 960 ¹
1514 951 1549 977 ».

1119 996 1306 1035 Eamdem
1341 993 1603 1044 poenitentiae
1635 991 1810 1040 publicae
1839 990 2012 1029 devotio-

1069 1063 1155 1089 nem
1186 1051 1411 1100 penetrasse
1430 1047 1469 1084 in
1491 1045 1754 1091 Germaniam,
1774 1046 1944 1082 testatur
1966 1044 2014 1082 H.

1068 1105 1181 1142 Stero
1213 1103 1241 1142 ².
1263 1103 1393 1145 Quum
1421 1111 1514 1138 vero
1540 1111 1586 1137 ea
1616 1110 1738 1148 neque
1771 1098 2015 1147 Apostolicae

1068 1158 1158 1196 Sedi
1176 1168 1300 1206 neque
1317 1154 1518 1205 Episcopis
1535 1153 1779 1202 probaretur,
1793 1151 1904 1189 brevi
1920 1152 2016 1200 post,

1069 1212 1169 1249 sicut
1179 1210 1339 1261 quaevis
1350 1221 1411 1247 res
1422 1207 1675 1245 immoderate
1691 1207 1889 1255 concepta,
1905 1206 2016 1253 tepe-

1071 1277 1177 1303 scere
1199 1264 1336 1313 coepit.
1353 1262 1528 1300 Tandem
1549 1260 1588 1297 in
1604 1259 1920 1309 superstitionem
1940 1258 2017 1294 imo

1071 1319 1111 1356 in
1133 1318 1327 1356 haeresim
1355 1314 1607 1364 degeneravit
1626 1313 1726 1350 male
1746 1312 1928 1350 ordinata
1953 1311 2014 1348 de-

1071 1372 1188 1420 voti03
1205 1370 1489 1410 contenderunt
1503 1367 1644 1416 quippe
1659 1366 1936 1416 Flagellantes‚
1948 1376 2019 1401 ne-

1072 1426 1214 1464 minem
1247 1437 1269 1462 a
1298 1422 1468 1474 peccatis
1487 1421 1636 1458 absolvi
1656 1432 1785 1469 posse,
1806 1418 1870 1468 qui
1890 1420 2020 1456 sectae

1073 1492 1167 1517 suae
1200 1491 1277 1517 non
1311 1480 1414 1515 esset
1447 1474 1680 1523 adscriptuS,
1702 1484 1819 1521 seque
1838 1471 2020 1517 invicem,

1076 1532 1256 1582 quamvis
1284 1530 1374 1569 laici
1407 1530 1547 1572 essent,
1582 1527 1719 1565 audita
1739 1525 1976 1564 confessione
1997 1537 2020 1562 a

1075 1587 1246 1636 peccatis
1261 1583 1517 1622 absolvebant
1535 1579 1562 1618 ³.

1127 1640 1189 1678 33.
1211 1635 1617 1677 Ioaclzz'tae———Erant
1631 1634 1703 1671 hac
1722 1634 1851 1671 aetate
1872 1631 1938 1669 alii
1958 1630 2020 1669 fa-

1076 1693 1195 1731 natici
1215 1691 1399 1735 homines,
1418 1699 1691 1738 perversorum
1703 1697 1881 1724 errorum
1896 1685 2021 1734 magi-

1074 1747 1158 1793 stri,
1179 1745 1362 1795 appellati
1390 1743 1599 1789 Ioachitae,
1629 1753 1694 1779 seu
1715 1739 1979 1785 Ioachimitae,
2001 1749 2024 1775 a

1075 1800 1269 1838 Ioachimo
1299 1798 1439 1836 abbate
1477 1795 1652 1834 Florensi
1670 1824 1679 1840 ,
1717 1794 1764 1831 de
1797 1805 1871 1842 quo
1905 1803 2024 1841 supra

1076 1853 1247 1892 diximus
1266 1851 1293 1890 ⁴.
1314 1851 1377 1889 Illi
1396 1863 1416 1888 e
1436 1849 1590 1899 scriptis
1611 1848 1726 1886 huius
1746 1846 1899 1885 abbatis
1918 1845 2022 1883 male
2065 1892 2068 1895 Δ

1075 1905 1281 1945 intellectis
1314 1907 1354 1942 et
1381 1916 1401 1942 e
1420 1902 1585 1953 propriis
1610 1901 1888 1946 deliramentis,
1909 1910 2018 1937 more

1078 1961 1381 2010 Expectatorum
1414 1957 1524 2006 regni
1558 1954 1725 2004 Spiritus
1759 1955 1798 1992 S.
1824 1952 1860 2000 ⁵,
1895 1952 2024 1991 finxe-

1078 2017 1172 2052 runt
1205 2016 1285 2051 tres
1313 2010 1528 2060 Religionis
1547 2010 1688 2047 status:
1709 2007 1892 2057 primum,
1916 2006 1982 2056 qui
2004 2017 2027 2042 a

1078 2067 1211 2106 mundi
1226 2065 1423 2104 creatione
1442 2063 1604 2101 duravit
1622 2073 1742 2111 usque
1763 2061 1812 2098 ad
1828 2059 2026 2098 Christum

1079 2124 1230 2167 natum,
1251 2118 1502 2168 appellabant
1532 2127 1695 2165 regnum
1724 2114 1869 2161 Patris,
1888 2113 1928 2151 in
1951 2124 2024 2161 quo

1077 2174 1293 2224 Religionis
1310 2172 1483 2222 regimen
1504 2170 1782 2207 demandatum
1798 2167 1874 2205 fuit
1889 2166 2025 2204 coniu-

1076 2229 1191 2278 gatis,
1211 2228 1251 2264 et
1283 2226 1460 2264 homines
1488 2224 1675 2261 vivebant
1700 2221 1911 2259 secundum
1933 2231 2024 2257 car-

1077 2293 1178 2329 nem3
1205 2280 1432 2324 secundum,
1465 2277 1531 2327 qui
1565 2288 1589 2314 a
1618 2275 1771 2314 Christo
1792 2276 1882 2311 nato
1904 2284 2024 2321 usque

1077 2336 1126 2373 ad
1154 2336 1253 2373 hanc
1273 2334 1443 2371 aetatem
1463 2330 1633 2376 duravit,
1650 2329 1845 2366 vocabant
1860 2337 2026 2376 regnum

1077 2388 1178 2434 Filii,
1212 2389 1252 2425 in
1285 2398 1360 2435 quo
1393 2386 1570 2434 regimen
1604 2382 1800 2421 Ecclesiae
1828 2380 1903 2418 fuit
1923 2379 2025 2428 apud

1077 2443 1250 2487 clericos,
1279 2444 1318 2477 et
1345 2439 1518 2477 homines
1538 2437 1725 2475 vivebant
1743 2436 1846 2471 inter
1866 2444 2024 2470 carnem

1078 2499 1117 2534 et
1136 2495 1330 2544 spiritum;
1359 2493 1522 2530 tertium
1553 2492 1601 2529 ab
1629 2490 1701 2527 hac
1721 2489 1850 2525 aetate
1869 2496 2020 2534 semper

1078 2551 1309 2587 duraturum
1323 2550 1362 2584 et
1382 2545 1548 2584 caeteris
1568 2543 1718 2581 duobus
1738 2540 2030 2590 perfectiorem,

1079 2602 1326 2652 appellabant
1346 2611 1508 2649 regnum
1536 2597 1701 2646 Spiritus
1721 2595 1774 2640 S„
1794 2595 1833 2631 in
1852 2605 1926 2642 quo
1942 2592 2020 2629 Ec-

1079 2656 1220 2694 clesiae
1253 2653 1428 2703 regimen
1462 2652 1563 2690 foret
1596 2648 1795 2698 proprium
1824 2645 2023 2683 monachis

1081 2709 1351 2758 nudipedibus,
1370 2709 1409 2744 et
1426 2705 1598 2743 homines
1615 2702 1797 2740 viverent
1812 2700 2024 2737 secundum

1079 2763 1269 2813 spiritum.

1132 2816 1239 2854 Haec
1267 2814 1486 2853 commenta
1514 2810 1633 2848 latius
1659 2806 1808 2845 evolvit
1827 2808 1966 2843 auctor
1985 2805 2027 2842 li-

1079 2869 1150 2916 bri,
1170 2869 1235 2918 qui
1264 2868 1470 2915 inscriptus
1490 2865 1574 2901 erat
1593 2861 1870 2909 Evanyezium
1890 2864 2027 2897 aeter-

1079 2935 1194 2962 num.
1216 2922 1308 2964 Quis
1327 2919 1446 2958 fuerit
1464 2918 1572 2955 istius
1593 2915 1694 2962 libri,
1714 2925 1827 2963 quem
1845 2913 2023 2950 Alexan-

1123 3038 1131 3058 ¹
1152 3036 1299 3069 Chr-onie.
1317 3036 1334 3066 Ι.
1356 3035 1400 3065 ΙΙΙ.

1118 3079 1132 3100 ‘2
1151 3077 1348 3114 mimiticon,
1365 3075 1446 3113 apud
1463 3075 1564 3106 Canis.
1580 3074 1685 3113 Antiq.
1703 3073 1773 3105 lect.
1792 3077 1813 3103 t.
1831 3074 1850 3103 Ι.

1118 3121 1132 3143 3
1147 3120 1244 3151 Natal.
1261 3119 1342 3149 Alex.
1360 3116 1441 3149 Hcst.
1455 3116 1529 3148 eccl.
1547 3125 1628 3148 saec.
1653 3115 1730 3154 xm,
1747 3125 1771 3147 c.
1793 3114 1822 3153 3,
1842 3123 1869 3147 a.
1888 3114 1917 3146 5.

1119 3162 1132 3185 ⁴
1149 3163 1221 3201 Pag.
1239 3159 1287 3192 53.

1119 3204 1133 3226 5
1150 3202 1219 3235 Vid.
1237 3211 1266 3242 p.
1280 3199 1331 3233 53:
