2241 3473
606 156 732 187 stvss
760 156 813 183 AD
841 155 1037 183 EXCIDIVM
1064 155 1221 183 IMPERII
1249 154 1532 182 OCCIDENTALIS

77 221 221 267 ruditi,
249 221 288 258 in
309 232 340 258 s.
360 220 572 269 Augustini
602 220 794 270 operibus,
824 219 864 256 in
894 220 1032 266 quibus

79 276 126 314 de
148 274 303 323 gratiae
321 273 553 310 necessitate
570 275 610 310 et
629 272 806 321 gratuita
821 271 1030 320 praedesti-

77 328 232 365 natione
255 327 403 374 absque
425 325 504 362 ullo
527 327 574 362 ad
602 324 766 362 hominis
786 323 1029 361 voluntatem

75 382 270 428 respectu,
290 384 427 415 contra
448 378 678 426 Pelagianos
698 377 920 424 disputatur
933 405 942 421 ,
972 388 1028 413 re-

74 431 364 481 prehenderunt
398 432 583 478 quasdam
612 429 858 473 assertiones,
891 429 1028 476 quibus

74 484 242 522 liberum
260 483 425 520 hominis
444 482 650 520 arbitrium
667 480 790 518 everti
810 484 850 517 et
869 480 1026 518 fatalem

75 536 350 574 necessitatem
383 535 513 572 induci
544 534 744 582 putabant.
785 532 1028 581 Quapropter

73 589 124 627 ad
143 588 429 626 conciliandam
449 588 619 634 gratiam
641 597 729 622 cum
757 584 882 621 libera
901 585 1026 622 homi-

75 641 134 679 nis
150 641 366 685 voluntate,
381 639 679 682 contenderunt,
693 640 876 674 naturam
894 638 1026 674 huma-

74 705 165 731 nam
185 693 324 732 Adami
347 694 505 741 peccato
527 702 602 727 non
623 691 719 726 adeo
737 701 821 726 esse
842 690 1028 738 deprava-

72 749 175 792 tam,
197 749 238 783 ut
258 757 332 782 non
354 744 475 792 possit
494 743 609 779 homo
634 741 800 790 propriis
820 744 861 778 et
881 742 1026 780 nativis

72 799 222 836 viribus
242 797 342 835 velle
363 808 408 834 ac
429 800 558 844 petere
580 795 760 839 salutem3
778 794 937 842 proinde
957 795 1024 831 ho-

73 851 214 888 minem
243 861 355 898 posse
378 860 448 897 per
467 860 507 886 se
527 848 610 884 sine
632 847 762 895 gratia
782 847 926 884 habere
947 847 1023 883 ini-

70 903 170 940 tium
190 903 278 940 fidei
299 905 337 938 et
356 902 395 938 in
418 901 491 938 hac
512 902 672 948 accepta
692 899 1023 948 perseverantiam

71 967 194 1003 usque
214 955 252 1003 in
273 954 400 991 finem.
422 954 483 990 Ex
498 953 570 990 hoc
586 951 873 990 fundamentali
892 963 1023 989 errore

69 1007 213 1045 caeteri
233 1007 493 1056 profluebant.

121 1060 164 1097 In
186 1060 325 1108 primis
345 1058 562 1096 doctrinam
583 1069 612 1095 s.
647 1057 856 1105 Augustini
887 1068 1023 1106 repre-

68 1113 290 1150 henderunt
309 1111 489 1148 monachi
506 1110 812 1148 Adrumetenses
831 1109 869 1146 in
891 1110 1021 1158 Byza-

69 1176 165 1202 cena
184 1164 342 1202 Africae
363 1163 575 1212 provincia.
598 1163 745 1200 Contra
765 1163 834 1199 hos
863 1166 1021 1200 sanctus

68 1218 225 1267 praesul
240 1218 280 1254 in
292 1217 409 1254 Libro
424 1217 471 1253 cle
485 1217 630 1264 ¹qratia,
644 1220 683 1252 et
699 1215 821 1251 libero
833 1215 1022 1261 arbitrio,

68 1282 144 1308 non
164 1270 295 1307 minus
315 1270 387 1306 hoc
407 1280 524 1316 quam
543 1268 650 1305 illam
671 1267 902 1312 vindicavit3
923 1270 962 1304 et
977 1267 1017 1304 in

69 1322 187 1360 Libro
203 1323 251 1360 de
264 1323 514 1359 correctione
532 1326 571 1358 et
585 1322 729 1368 ,qratia
741 1321 922 1365 ostendit,
933 1331 1019 1357 eam

68 1387 144 1412 non
163 1378 319 1413 tantum
339 1374 495 1419 iustam,
511 1373 579 1410 sed
594 1373 713 1410 etiam
725 1372 919 1409 efficacem
936 1385 1020 1419 esse

68 1429 117 1466 ad
136 1428 309 1466 animum
329 1427 498 1464 hominis
523 1437 591 1474 pro
618 1426 691 1462 hac
720 1425 1016 1473 disponendum.

67 1480 283 1529 Praecipue
303 1491 398 1516 vero
419 1478 618 1517 Massiliae
645 1478 684 1514 in
705 1477 834 1514 Gallia
855 1477 967 1514 multi
998 1490 1019 1515 e

66 1533 172 1571 clero
180 1536 221 1571 et
232 1533 429 1570 monachis
443 1531 788 1580 semipelagianam
803 1530 1018 1567 doctrinam

65 1586 378 1635 propugnabant.
411 1585 520 1621 Inter
549 1595 614 1621 eos
642 1583 876 1620 celebriores
906 1585 1021 1620 erant

67 1639 171 1676 Ioan.
194 1638 420 1682 Cassianus,
440 1637 620 1674 Vincent.
655 1635 889 1680 Lirinensis,
909 1635 1019 1672 Fau-

66 1695 152 1729 stus
193 1691 309 1740 episc.
346 1689 552 1738 Regiensis
593 1689 632 1725 S.
662 1688 909 1736 Augustinus
950 1701 1018 1725 eo-

67 1755 154 1781 rum
173 1743 391 1782 sententias
407 1754 430 1778 a
446 1742 639 1790 Prospero
657 1741 852 1788 Aquitano
870 1741 1020 1786 doctus,

65 1796 141 1834 illis
176 1796 356 1845 opposuit
384 1794 502 1832 libros
522 1794 547 1831 2
567 1794 613 1830 de
634 1793 1020 1831 praedestinatione

69 1849 228 1887 SSrum
257 1851 297 1886 et
328 1848 376 1884 cle
406 1847 523 1884 Dono
545 1847 895 1894 perseverantiae.
925 1847 1021 1883 Post

65 1901 147 1940 eius
180 1904 345 1939 mortem
380 1901 550 1947 Prosper
583 1898 804 1947 Aquitanus
846 1899 948 1935 Semi
956 1911 1020 1947 pe-

65 1954 314 2003 lagianorum
344 1950 560 1990 sententias
580 1951 823 2000 oppugnavit
842 1951 881 1987 in
902 1951 1020 1988 Libro

66 2007 114 2045 de
127 2009 272 2056 qratia
283 2008 419 2043 contra
433 2005 681 2041 Collatorem
699 2003 965 2053 (Cassianum)
983 2008 1021 2040 et

65 2059 107 2097 in
126 2058 458 2108 Responsionibus
478 2057 527 2094 ad
547 2057 783 2094 obiectiones
800 2057 1021 2094 VIncentia-

66 2123 135 2149 nas
150 2115 269 2160 atque
285 2111 456 2159 capitula
472 2110 676 2146 Gallorum
695 2109 720 2147 ¹.
739 2109 837 2146 Cum
854 2109 913 2146 his
925 2109 1019 2146 nihil

66 2164 274 2213 proficeret
294 2165 476 2212 Prosper,
496 2163 665 2199 Romam
692 2161 900 2210 profectus,
919 2173 1020 2198 anno

65 2217 140 2255 431
163 2228 186 2253 a
205 2216 421 2254 Caelestino
442 2216 514 2264 Pp.
536 2215 694 2252 litteras
715 2215 945 2263 impetravit
974 2215 1019 2251 ad

65 2269 261 2318 episcopos
281 2269 447 2313 Galliae,
464 2267 604 2316 quibus
622 2267 812 2304 Pontifex
828 2279 1024 2316 oppugna-

65 2324 196 2360 torum
217 2322 417 2359 doctrinae
438 2333 467 2358 s.
498 2320 717 2369 Augustini
747 2320 954 2357 audaciam
983 2322 1022 2356 et

65 2374 366 2423 disceptationes
386 2374 561 2410 coercuit
575 2403 584 2418 ‚
607 2376 727 2421 atque
748 2373 874 2410 sancti
903 2384 1020 2420 prae-

64 2427 159 2465 sulis
187 2428 266 2464 iam
295 2426 470 2464 defuncti
490 2426 718 2462 memoriam
748 2425 964 2462 vindicavit
993 2424 1020 2463 ².

65 2479 348 2517 Verumtamen
367 2479 414 2516 lis
430 2479 536 2516 haud
550 2478 660 2515 finita
676 2480 747 2516 est.
765 2480 839 2515 An.
858 2478 933 2515 494
950 2478 1021 2514 Ge-

64 2531 185 2569 lasius
205 2532 278 2580 Pp.
299 2532 338 2568 in
354 2533 536 2569 Romana
552 2531 701 2580 synodo
714 2531 833 2568 libros
848 2530 1021 2568 Cassiani

64 2586 103 2621 et
122 2584 258 2622 Fausti
280 2584 489 2633 Regiensis
517 2584 656 2621 reiecit
676 2581 702 2621 ³.
724 2585 796 2621 An.
819 2583 897 2621 520
918 2583 1017 2620 Hor-

65 2636 211 2674 misdas
234 2637 307 2685 Pp.
330 2637 369 2673 in
389 2636 553 2684 epistola
572 2637 627 2673 acl
647 2637 925 2674 Possessorem
955 2637 1020 2673 de-

66 2688 256 2734 claravit,
277 2689 494 2726 doctrinam
515 2689 648 2726 Fausti
671 2690 717 2726 de
744 2689 875 2738 gratia
901 2692 941 2726 et
968 2689 1020 2725 li-

65 2741 158 2778 bero
168 2742 332 2779 arbitrio
343 2742 391 2778 ab
403 2741 580 2778 Ecclesia
592 2753 667 2778 non
675 2742 796 2790 recipi
810 2741 837 2779 4.
855 2742 1019 2778 Demum

65 2805 126 2831 an.
143 2794 221 2832 529
240 2795 411 2843 synodus
432 2794 671 2833 Arausicana
691 2795 740 2840 II,
760 2795 875 2832 editis
895 2795 946 2832 25
961 2807 1020 2832 ca-

65 2847 246 2891 nonibus,
272 2847 596 2895 semipelagianos
624 2858 775 2884 errores
804 2848 1018 2893 damnavit,

65 2910 160 2946 quos
181 2911 347 2937 canones
368 2911 456 2936 cum
475 2898 699 2936 Bonifacius
716 2900 785 2948 Pp.
807 2900 844 2937 II
863 2912 924 2937 an.
941 2901 1016 2939 531

109 3024 118 3046 ¹
135 3025 236 3064 Opera
247 3027 281 3056 D.
294 3025 438 3064 prosperi
454 3024 550 3054 edidit
566 3026 740 3065 Mangeant,
757 3027 854 3058 Paris.
870 3026 946 3058 1711
967 3029 1018 3059 in-

67 3065 132 3103 sol.;
149 3067 258 3106 Migne‚
275 3066 452 3105 Patroloy.
470 3065 573 3096 latin.
590 3071 611 3096 t.
628 3067 669 3096 LI.

106 3105 122 3128 ²
136 3106 248 3145 Labbe,
267 3106 390 3138 Concil.
408 3106 480 3143 t.11‚
497 3115 524 3145 p.
544 3106 633 3137 1612.

103 3147 118 3169 ³
133 3146 253 3179 1bid.t.
269 3149 314 3184 IV,
332 3158 359 3187 p.
382 3146 471 3179 1260.

104 3188 119 3211 ⁴
133 3187 211 3219 Ibid.
229 3198 257 3228 p.
277 3188 367 3220 1530.

271 3242 522 3291 WOU'I'ERS,
550 3241 577 3282 1.

1897 143 1974 182 129

1075 219 1283 268 apostolica
1301 219 1535 258 auctoritate
1551 218 1831 263 confirmasset,
1841 217 1927 256 finis
1942 230 2026 256 con-

1074 272 1234 310 stitutus
1258 275 1317 310 est
1340 271 1628 310 controversiae
1670 271 1775 308 inter
1803 271 2023 309 Catholicos

1074 324 1206 361 multis
1226 326 1337 362 annis
1358 325 1528 373 agitatae
1549 324 1574 362 ¹.

1131 377 1369 421 Cassianus,
1390 378 1630 415 Vincentius
1641 377 1889 420 Lirinensis,
1903 378 2023 414 Fau-

1072 431 1419 466 stus—Attamen
1448 430 1552 468 Ioan.
1579 429 1785 468 Cassianus
1812 431 1852 466 et
1876 429 1942 477 qui
1970 429 2027 466 illi

1073 481 1461 526 consentiebant,non
1479 486 1572 520 sunt
1587 482 1788 519 incusandi
1806 482 2025 528 haereseos,

1073 543 1191 579 quum
1213 533 1504 581 semipelagiani
1531 547 1682 572 errores
1703 534 1873 571 nondum
1893 536 2025 572 essent

1071 585 1288 621 decretorio
1323 585 1518 623 Ecclesiae
1553 587 1697 624 iudicio
1727 587 1911 624 damnati.
1941 586 2026 624 Nec

1071 648 1204 673 omnes
1233 637 1365 683 etiam,
1395 638 1461 685 qui
1482 639 1521 674 in
1542 640 1736 687 praesenti
1757 639 1982 686 quaestione
2002 651 2026 677 a

1072 689 1115 725 D.
1137 689 1355 737 Augustino
1377 690 1838 736 dissentiebant,cunct0s
1857 691 2024 741 Semipe-

1070 741 1313 789 lagianorum
1345 753 1498 780 errores
1525 744 1738 789 admisere,
1758 744 1824 782 scd
1844 744 1909 781 alii
1937 744 2024 782 aliis

1069 794 1230 842 gravius
1251 798 1443 832 errarunt.

1122 847 1228 883 Ioan.
1241 846 1462 890 Cassianus,
1475 848 1651 885 eruditus
1672 849 1818 896 pariter
1838 861 1882 886 ac
1898 849 1984 898 pius
1995 847 2024 896 ²,

1069 898 1228 946 reliquit
1243 899 1363 936 libros
1376 900 1423 936 12
1435 900 1484 936 de
1492 900 1647 937 Instz'tu
1655 903 1704 936 tz‘s
1713 901 2023 948 Coeozobz'orum,

1067 951 1118 988 24
1135 952 1380 988 Collationes
1392 952 1570 988 Patrum
1586 954 1625 988 et
1642 952 1759 990 libros
1776 954 1799 989 7
1816 954 1863 990 de
1871 954 2022 991 Incar-

1067 1004 1240 1041 natz‘one
1259 1008 1396 1041 contra
1415 1004 1643 1042 Nestorium
1664 1003 1690 1041 ³.
1709 1027 1759 1032 —
1774 1005 2026 1052 Vincentius,

1065 1056 1280 1093 monachus
1293 1056 1518 1102 Lirinensis,
1528 1057 1650 1093 edidit
1659 1057 2022 1104 Commonitorium,

1066 1108 1237 1161 max-ime
1254 1110 1621 1155 commendandum,
1633 1109 1823 1146 adversus
1842 1110 2024 1157 profanas

1066 1161 1355 1198 haereticorum
1367 1161 1563 1199 novitates
1574 1165 1654 1199 4.-
1667 1162 1851 1206 Faustus,
1872 1163 2023 1211 episco-

1066 1225 1138 1261 pus
1163 1214 1390 1262 Regiensis,
1421 1214 1575 1263 scripsit
1605 1214 1723 1251 libros
1752 1214 1778 1251 2
1806 1215 1853 1250 de
1870 1217 2024 1262 qratia,

1067 1278 1186 1303 unum
1198 1267 1258 1303 De
1280 1267 1405 1304 libero
1433 1268 1624 1311 arbitrio,
1645 1266 1862 1314 Epistolam
1882 1267 1929 1303 ad
1952 1268 2027 1304 Lu-

1065 1319 1195 1355 cidum
1215 1320 1500 1367 presbyterum,
1522 1320 1679 1367 aliaque
1699 1318 1725 1355 ⁵.

1117 1371 1178 1409 82.
1200 1372 1686 1410 Praedestz'natiam'—E
1707 1372 2024 1410 commemoratis

1063 1424 1279 1472 pelagianis
1288 1426 1327 1461 et
1337 1424 1650 1473 semipelagianis
1661 1424 1793 1461 litibus
1807 1424 1896 1468 alia,
1906 1425 2026 1462 Prae-

1063 1476 1426 1523 destinatianorum,
1446 1478 1621 1514 haeresis
1651 1480 1737 1514 orta
1758 1479 1828 1514 est.
1854 1477 1905 1513 Hi
1927 1489 2023 1525 gra-

1063 1528 1158 1566 tiam
1174 1530 1334 1578 eiusque
1350 1530 1620 1578 operationem
1635 1529 1693 1566 ita
1709 1529 1965 1575 extollebant,
1978 1532 2022 1567 ut

1062 1581 1230 1618 liberum
1248 1582 1413 1620 hominis
1425 1583 1631 1620 arbitrium
1645 1581 1944 1630 supprimerent3
1958 1584 2022 1620 ho-

1062 1634 1211 1671 minum
1232 1634 1397 1672 salutem
1417 1638 1458 1672 et
1477 1634 1734 1683 perditionem
1754 1633 1867 1671 fatali
1891 1646 2024 1672 neces-

1063 1687 1170 1724 sitati
1185 1687 1434 1733 subiicerent,
1447 1689 1492 1724 ad
1499 1688 1722 1735 derentque,
1733 1686 1932 1724 Christum
1943 1700 2020 1725 non

1063 1751 1145 1777 esse
1166 1742 1366 1777 mortuum
1387 1752 1455 1788 pro
1473 1739 1647 1776 omnium
1664 1739 1865 1777 hominum
1881 1740 2020 1787 salute,

1064 1793 1188 1829 Deum
1217 1793 1413 1840 improbos
1442 1804 1518 1829 non
1554 1795 1713 1829 tantum
1751 1793 1801 1829 ad
1835 1795 2019 1831 aeternas

1062 1857 1218 1894 poenas,
1232 1846 1299 1882 sed
1311 1845 1429 1883 etiam
1445 1846 1493 1882 ad
1510 1845 1666 1893 culpam
1682 1847 1722 1882 et
1737 1848 1896 1893 peccata
1910 1857 2022 1893 prae-

1063 1898 1275 1934 destinasse
1288 1927 1297 1943 ,
1318 1910 1363 1935 ac
1383 1903 1590 1946 propterea
1610 1897 1811 1934 hominum
1847 1898 2022 1936 actiones

1063 1951 1182 1987 bonas
1202 1962 1322 1998 aeque
1344 1962 1390 1987 ac
1410 1950 1536 1987 malas
1557 1961 1634 1986 non
1655 1961 1739 1987 esse
1761 1949 1905 1986 liberas
1924 1979 1933 1995 ,
1953 1951 2022 1988 sed

1064 2003 1283 2039 inevitabili
1309 2002 1541 2040 necessitate
1563 2003 1611 2039 ab
1639 2004 1798 2039 aeterno
1829 2002 2018 2041 divinitus

1063 2055 1354 2093 determinatas.
1387 2055 1483 2093 Cum
1517 2056 1586 2092 hos
1621 2066 1775 2091 errores
1818 2054 1859 2091 in
1892 2055 2021 2093 Gallia

1062 2110 1218 2155 praeter
1230 2108 1333 2146 alios
1350 2109 1506 2145 doceret
1521 2107 1691 2144 Lucidus
1708 2107 1936 2156 presbyter,
1956 2119 2020 2145 eos

1062 2172 1162 2197 anno
1192 2160 1350 2197 circiter
1370 2160 1448 2198 475
1467 2160 1714 2198 Arelatensis
1735 2162 1774 2197 et
1789 2160 2020 2209 Lugdunen-

1061 2213 1113 2250 sis
1150 2213 1289 2261 synodi
1317 2214 1653 2262 proscripserunt,
1682 2214 1734 2257 et,
1765 2212 1813 2249 de
1834 2213 2019 2251 mandato

1063 2265 1267 2314 utriusque
1282 2266 1433 2315 synodi,
1445 2266 1590 2315 scripto
1607 2265 1830 2303 confutavit
1847 2265 2019 2303 Faustus

1064 2318 1270 2366 Regiensis
1285 2317 1312 2356 ⁶.

1115 2371 1154 2408 C.
1178 2371 1380 2409 Iansenius
1399 2371 1568 2420 Iprensis
1587 2369 1616 2418 ⁷,
1643 2371 1689 2408 G.
1711 2369 1904 2419 Mauguin
1923 2368 1956 2416 8,
1985 2371 2015 2408 Ι.

1062 2423 1242 2472 Basnage
1270 2422 1284 2444 ⁹
1323 2426 1363 2461 et
1399 2424 1579 2461 nonnulli
1608 2423 1674 2461 alii
1706 2423 2015 2469 contenderunt,

1062 2476 1254 2514 haeresim
1266 2477 1666 2525 praedestinatianam
1676 2487 1894 2523 numquam
1904 2475 2019 2513 exsti-

1104 2579 1114 2600 1
1131 2580 1248 2619 Labbe,
1261 2580 1334 2612 ibid.
1346 2590 1374 2620 p.
1393 2580 1472 2612 1666
1489 2584 1517 2611 et
1536 2579 1624 2612 1687.
1639 2597 1679 2601 -
1694 2578 1708 2599 2
1726 2579 1789 2608 Vid.
1808 2588 1837 2617 p.
1856 2578 1922 2610 1⁵28.

1102 2622 1115 2642 3
1132 2621 1219 2651 Edita
1235 2626 1306 2652 sunt
1322 2622 1426 2659 Duaci,
1443 2621 1542 2660 1616,
1559 2621 1577 2651 2
1594 2625 1664 2652 tom.
1683 2619 1766 2656 in-83
1786 2620 1920 2650 Atrebat.
1936 2619 2016 2652 1628

1061 2663 1179 2698 in—sol.;
1197 2663 1309 2702 Migne,
1326 2663 1485 2702 Patroloy.
1504 2663 1596 2693 latin.
1614 2665 1633 2692 t.
1655 2661 1796 2691 XLIx-L.

1101 2703 1114 2725 4
1132 2703 1251 2733 Editum
1265 2704 1402 2739 Parisiis,
1422 2703 1498 2734 1669
1516 2707 1544 2734 et
1563 2701 1620 2732 168
1631 2702 1651 2738 i,
1668 2703 1783 2731 Romae
1801 2700 1891 2739 1731,
1908 2704 1938 2732 et
1955 2702 2015 2732 Mi-

1062 2752 1131 2783 gne,
1146 2743 1202 2775 loc.
1216 2744 1266 2774 cit.
1280 2747 1300 2775 t.
1314 2746 1344 2775 L.
1358 2744 1500 2774 Nonnulli
1518 2744 1662 2780 sentiunt,
1672 2742 1865 2772 vincentium
1881 2743 2017 2781 semipe-

1061 2785 1220 2825 lagianum
1232 2794 1302 2816 esse
1315 2785 1469 2816 diversum
1483 2785 1521 2814 ab
1537 2788 1660 2814 auctore
1678 2781 2015 2815 CommonitoriiCOn-

1062 2830 1109 2856 tra
1125 2826 1230 2856 dicunt
1245 2826 1329 2857 card.
1346 2826 1448 2863 Noris,
1465 2825 1540 2856 Hist.
1558 2824 1662 2862 Pelaq.
1680 2822 1700 2854 l.
1711 2823 1751 2862 11,
1765 2832 1790 2854 c.
1805 2823 1860 2862 11,
1874 2825 2015 2856 eINatal.

1062 2867 1144 2897 Alex.
1163 2866 1240 2897 [list.
1257 2866 1331 2897 eccl.
1348 2875 1429 2896 saec.
1446 2868 1479 2904 V,
1496 2875 1520 2895 c.
1538 2865 1567 2902 3,
1583 2873 1608 2894 a.
1628 2865 1656 2895 7.

1102 2908 1116 2930 ⁵
1131 2908 1259 2938 Exstant
1274 2908 1303 2937 in
1319 2906 1562 2938 Bibliotlz.=max.
1577 2905 1637 2937 ΡΡ.
1654 2904 1792 2944 Lugdun.
1806 2908 1827 2937 t.
1838 2905 1901 2937 VIII
1911 2915 1918 2944 ;
1932 2907 2015 2946 apud

1061 2949 1173 2987 Migne,
1191 2949 1250 2979 loc.
1268 2948 1318 2978 cit.
1336 2952 1356 2979 t.
1373 2948 1468 2978 LVIII.

1063 2990 1114 3060 bf·
1130 2989 1227 3029 Epist.
1253 2987 1293 3019 ad
1315 2987 1438 3027 Lucia„
1462 2990 1492 3019 et
1514 2989 1566 3019 LL.
1593 2986 1631 3019 de
1651 2986 1759 3028 qratia
1782 2989 1814 3019 et
1835 2987 1935 3020 libero
1959 2997 2018 3020 ar-

1083 3031 1168 3060 tirio.

1101 3072 1115 3093 7
1132 3069 1308 3108 Auqustz’n.
1319 3070 1348 3100 L.
1365 3069 1426 3100 VIII
1442 3069 1483 3100 de
1499 3068 1652 3100 Haeresi
1665 3069 1785 3110 Pelay.
1803 3078 1828 3100 c.
1845 3068 1893 3100 23.
1932 3110 1935 3111 ⁷

1102 3111 1117 3133 8
1131 3111 1265 3141 Fabula
1274 3110 1604 3149 praedestinatian.

1103 3152 1117 3173 9
1133 3153 1240 3182 Anuot.
1257 3152 1297 3182 ad
1315 3151 1434 3182 Chron.
1452 3150 1634 3192 Prosperi‚
1649 3155 1678 3184 et
1693 3152 1826 3183 Praefat.
1841 3152 1880 3183 ad
1893 3151 2014 3183 Γαμεῖ.

1749 3245 1797 3282 10

1044 3218 1054 3229 ,
1064 3193 1145 3233 Req.
