2241 3473
239 96 290 134 60

187 173 290 211 inter
309 170 549 211 academiam
566 168 825 206 Parisiensem
840 167 879 203 et
893 163 1136 202 Ludovicum

188 227 246 264 IX
280 237 415 275 regem
448 233 678 271 componere
707 219 881 266 studuit,
912 217 1136 256 academiae

187 280 294 329 leges
323 282 363 315 et
391 275 598 325 privilegia
625 273 885 318 instauravit,
913 272 980 310 sed
1010 270 1137 320 magi-

189 337 290 371 stros
319 331 402 368 eius
431 328 631 376 corripuit,
662 328 762 376 quod
792 327 831 363 in
860 325 1089 374 exponenda
1109 337 1136 362 s.

189 386 392 434 Scriptura
411 386 450 420 et
469 382 661 419 tradenda
682 380 878 429 theologia
897 379 1027 428 potius
1048 375 1137 426 phi-

188 438 437 487 losophorum
478 447 590 483 quam
627 435 792 471 Patrum
821 432 1023 470 sententiis
1054 434 1139 468 ute-

189 494 325 529 rentur
351 489 551 538 magisque
580 488 758 525 inanibus
784 485 999 524 ratiociniis
1021 496 1137 533 quam

189 545 333 582 solidae
359 543 559 580 doctrinae
588 541 842 589 indulgerent
864 537 887 577 ¹.
927 539 1138 576 Constituit

189 609 364 647 quoque,
395 601 443 633 ut
472 598 516 633 m
548 600 667 633 sexta
692 595 818 632 Ferz'a
855 595 899 630 in
939 592 1134 640 Vespera,

189 651 384 700 completo
418 649 558 686 Divino
599 648 759 693 Officio,
800 651 993 684 cantetur
1022 644 1138 682 Salve

191 705 343 753 Regina
364 701 390 749 ²,
412 708 452 740 et
484 704 530 739 in
558 708 674 740 nocte
695 701 964 749 Antz'phona,
990 699 1033 736 B.
1067 698 1135 735 Dei
1159 742 1161 747 .

191 757 371 795 Genitrix
411 756 559 802 Maria,
599 761 740 794 secuta
784 755 992 797 oratione,
1034 752 1138 789 Deus

190 811 322 860 qui'de
343 810 386 848 B.
406 810 480 854 M.;
503 815 540 847 et
569 810 677 859 quod
696 814 793 846 ante
819 808 976 855 Corpus
1000 805 1138 843 Domi-

190 866 258 909 ni,
281 875 373 901 cum
396 865 502 900 idem
522 865 758 911 conficitur,
779 872 985 909 campana
996 860 1138 908 pulse-

193 923 264 955 tur
275 916 300 955 ³.
318 917 437 965 Idem,
454 929 541 954 cum
564 923 679 954 antea
699 915 973 952 administrare
993 914 1139 950 Sacra·
1160 927 1162 942 ν

191 975 365 1009 mentum
383 971 645 1020 poenitentiae
667 969 930 1018 Regularibus
953 979 1026 1003 non
1048 966 1139 1003 lice-

192 1029 270 1071 ret,
290 1026 422 1074 primis
443 1025 614 1062 omnium
637 1023 904 1060 sacerdotibus
923 1020 998 1058 FF.
1024 1020 1138 1057 Prae-

193 1079 352 1117 dicator.
383 1079 440 1117 ius
470 1079 542 1116 hoc
571 1089 655 1115 esse
682 1077 807 1114 voluit
834 1075 847 1097 ‘¹
866 1106 875 1121 ,
904 1074 1138 1112 demandato
1160 1078 1163 1108 ί

193 1133 339 1170 eisdem
369 1132 502 1170 Officio
529 1130 792 1180 inquisitionis
823 1140 959 1167 sacrae
979 1128 1004 1165 ⁵.
1036 1128 1140 1165 Inter

194 1277 360 1305 cesserunt
375 1273 455 1303 enim
487 1271 566 1302 aliae
594 1271 797 1302 Collectiones
825 1269 974 1310 quinque.
1001 1269 1141 1307 Quatuor

194 1316 289 1346 edidit
316 1315 465 1345 Antonius
490 1314 691 1354 Augustinus,
716 1321 846 1352 quarum
876 1312 965 1342 tertia
981 1314 1009 1340 et
1027 1314 1139 1350 quarta

194 1361 240 1388 est
257 1357 423 1387 innocentii
442 1355 490 1386 Ill.
507 1357 660 1392 Quintam,
690 1363 769 1394 qnae
793 1358 840 1384 est
859 1353 983 1384 Honorii
1000 1353 1035 1382 111
1050 1353 1078 1382 iu
1099 1351 1140 1382 ln-

194 1408 260 1430 ccm
279 1398 380 1429 emisit
395 1397 592 1428 Innocentius
610 1398 761 1427 Cironius.
778 1395 866 1426 Duae
887 1396 1015 1435 primae
1035 1393 1140 1434 priva-

196 1441 347 1471 1080!an
376 1438 494 1470 iudicio
521 1438 743 1478 sententiaque
772 1437 875 1468 editae
899 1437 985 1470 sunl,
1012 1437 1136 1466 ceterae

196 1491 268 1513 vero
282 1481 412 1522 publica
429 1482 642 1519 auctoritate,
662 1484 691 1510 ut
707 1480 748 1510 ait
762 1479 946 1510 Benedictus
963 1476 1026 1508 xlv
1039 1478 1069 1508 in
1094 1478 1139 1508 sui

194 1522 362 1556 Bulluurii
378 1524 580 1562 praefatione.

237 1567 247 1585 ¹
278 1565 406 1605 Gregor.
433 1565 471 1595 tx
496 1563 716 1605 Epis-lotarum
740 1562 834 1600 libri,
860 1561 1008 1601 Raynatd.
1027 1560 1064 1591 ad
1093 1569 1140 1591 an.

200 1606 346 1638 1227-41.
841 1629 846 1634 .

236 1648 250 1669 '2
265 1649 457 1688 Antiphonae
473 1646 567 1680 Salve
583 1647 695 1687 reqina
711 1646 834 1688 quidam
851 1649 1007 1676 auctorem
1028 1644 1143 1675 faciunt
1163 1659 1166 1677 ι

196 1692 317 1722 Petrum
336 1691 477 1729 Art-hiep.
498 1690 735 1729 compostellan.
754 1689 836 1719 iuxta
859 1687 943 1725 illud,
961 1686 1043 1726 quod
1062 1687 1143 1725 legi·
1163 1680 1165 1695 ¹

196 1737 245 1763 tut·
261 1733 342 1772 apud
361 1733 526 1763 Mabillonii
541 1731 658 1762 Amani.
672 1730 830 1762 Benedcct.
845 1729 882 1758 ad
898 1738 946 1758 an.
963 1727 1036 1765 986,
1052 1738 1079 1759 u.
1094 1728 1140 1759 89.

196 1774 291 1814 idque
306 1775 366 1805 iam
386 1776 470 1813 prius
488 1774 636 1804 docuerat
652 1773 818 1803 Dur-andus
835 1772 864 1802 in
877 1769 1039 1802 flanona&
1057 1770 1075 1800 l.
1094 1770 1140 1807 iv,

201 1826 227 1846 c.
255 1815 302 1846 2-2.
330 1816 478 1846 [iurando
505 1815 659 1847 consentit
685 1816 777 1845 etiam
803 1814 948 1845 Claudius
967 1813 1003 1842 de
1023 1814 1097 1843 Rota
1113 1813 1141 1842 in

199 1858 281 1888 nolis
303 1858 341 1887 ad
370 1857 739 1897 l'scudo-Luitprandum.
759 1855 915 1886 Arnoldus
944 1855 1030 1885 Wion
1063 1854 1142 1884 hanc

201 1900 404 1938 antiphonam
439 1900 578 1930 attribuit
595 1899 768 1929 Hermanno
799 1899 963 1928 Contracto
992 1896 1142 1926 monacho

199 1941 396 1971 Benedictino
413 1950 494 1972 saec.
513 1942 558 1977 Xl,
577 1946 606 1971 ut
623 1940 727 1970 videre
739 1941 830 1970 estin
849 1938 898 1968 lib.
912 1938 931 1966 V
946 1937 1040 1977 Liynz'
1059 1935 1143 1969 Vitae

201 1992 228 2013 c.
242 1981 308 2013 105.
323 1983 418 2013 wioni
434 1984 554 2014 accedit
568 1983 662 2020 Bona,
681 1981 816 2012 Diuinae
830 1979 1030 2012 Psalmosnae
1051 1989 1076 2010 c.
1099 1978 1143 2017 16,

199 2023 215 2064 ξς
241 2023 289 2054 20.
314 2024 384 2054 Cum
413 2030 514 2055 autem
543 2026 618 2055 liacc
636 2024 810 2062 Antiplioua
826 2026 992 2052 caueretur
1015 2031 1033 2051 a
1051 2022 1146 2051 tileri-

200 2066 244 2096 cis
272 2065 357 2095 urbis
382 2066 491 2104 Spirae
520 2075 625 2096 coram
652 2067 681 2096 B.
707 2064 864 2095 uernat-<10
892 2067 963 2092 tuuc
995 2063 1141 2102 temporis

201 2108 316 2146 Legato
334 2108 513 2146 Apostolico
542 2109 568 2138 in
586 2107 766 2143 Germania,
786 2107 853 2145 ipse
871 2104 988 2134 addidit
1010 2104 1062 2134 illa
1078 2113 1144 2135 vcr—

200 2148 261 2179 ba:
287 2148 484 2185 Ueiente-ns,
511 2158 527 2179 ο
553 2150 629 2188 pia,
653 2158 669 2179 ο
697 2147 799 2179 dulcis
832 2146 923 2186 Vir-90
951 2146 1072 2181 Maria,
1102 2146 1143 2176 uti

201 2194 309 2221 narrat
326 2191 504 2221 Guilietnius
523 2191 728 2230 Hcisengerus
749 2191 777 2220 in
795 2199 850 2219 suo
871 2188 989 2220 Chion,
1005 2187 1144 2228 &piren-

201 2231 229 2262 si
241 2257 248 2269 ‚
269 2232 286 2262 1.
302 2232 363 2269 Xll,
385 2234 422 2261 ad
437 2242 483 2262 an.
502 2231 588 2262 1117Α
605 2233 698 2262 Huius
715 2233 907 2270 Antiplionae
929 2233 1038 2261 cautus
1055 2234 1144 2260 ante-

204 2283 296 2313 quam
318 2274 584 2313 praescriberetur
601 2284 616 2303 a
635 2274 783 2314 Gregorio
804 2273 839 2303 lx
855 2274 881 2302 iu
897 2272 954 2302 tine
972 2273 1146 2310 Completo-

205 2315 252 2353 rii,
269 2317 409 2355 inceptus
426 2316 525 2346 suerat
541 2324 558 2345 a
574 2316 734 2345 Fratribus
760 2314 1026 2345 Praedicatoribus
1043 2313 1072 2342 in
1090 2321 1146 2343 suo

203 2358 359 2387 Conventu
379 2358 579 2394 Bononiensi,
593 2357 824 2396 vid.1⁴'leury‚in
838 2355 953 2386 Instar.
968 2354 1145 2386 Ecclesia-st.

201 2399 351 2435 1.t.xxx,
367 2409 396 2429 n.
414 2398 503 2430 tht.

243 2441 258 2463 3
272 2443 386 2471 Auctor
417 2441 500 2471 Vitae
522 2441 661 2481 Gregorii
679 2441 715 2471 ΙΧ
731 2438 898 2480 (Scriptor.
916 2437 985 2469 Iler.
1005 2437 1108 2468 Italic.
1128 2441 1145 2468 t.
1168 2464 1169 2472 ,

202 2483 262 2520 111);
280 2483 438 2521 spondam
453 2483 494 2513 ad
512 2491 559 2512 an.
575 2482 691 2523 1232&
712 2483 931 2520 tatzzniipzina,
947 2480 1057 2510 cumin
1077 2480 1148 2509 ,itis-

203 2534 238 2554 sa
256 2534 378 2555 sacrum
405 2525 520 2555 Domini
553 2525 670 2563 Corpus
687 2524 857 2559 coniicitur,
875 2523 966 2561 longe
984 2526 1053 2551 ante
1070 2521 1146 2551 hacc

203 2571 342 2605 tempora
371 2566 487 2605 pulsari
515 2566 682 2597 consuevit.
709 2566 760 2596 lvo
783 2564 989 2598 carnotensis
1007 2564 1056 2602 qui
1073 2563 1147 2592 obiit

205 2617 252 2638 an.
272 2607 363 2646 ‘tit-3,
390 2607 490 2647 Epist.
520 2607 590 2643 142),
609 2608 729 2648 gratias
747 2614 844 2646 agens
875 2605 1012 2636 Malliildi
1029 2605 1146 2644 Auglo-

205 2659 271 2680 rum
299 2650 436 2689 Reginae
459 2650 497 2679 ob
522 2659 692 2689 campanas
728 2648 884 2679 Ecclesiae
902 2655 977 2677 suae
995 2645 1076 2676 dono
1095 2647 1147 2675 da-

206 2696 263 2729 taS,
281 2692 330 2728 ait,
350 2701 454 2722 carum
473 2693 573 2721 sonitu
595 2691 772 2722 memoriam
792 2689 930 2720 ciusdem
951 2689 1088 2726 Reginae
1106 2697 1149 2717 rc-

206 2734 312 2763 novari
331 2737 392 2763 tum
411 2734 603 2772 pracsertim,
630 2731 757 2773 quando
786 2731 842 2762 illa
868 2729 1024 2761 salutm-is
1043 2729 1144 2759 litixltss

205 2783 264 2814 pro
288 2774 375 2805 nobis
401 2774 594 2805 redimendis
617 2774 649 2805 in
667 2782 726 2805 ara
744 2772 856 2805 ὄνασις
873 2772 979 2802 oblatu
996 2780 1054 2811 ρει·
1072 2770 1145 2800 nuri·

205 2815 384 2847 Sacer-dolii
410 2815 578 2847 minis-tros
598 2816 629 2845 in
651 2815 777 2847 Domini
794 2823 903 2845 mensu
916 2813 1058 2854 qnotidie
1071 2822 1144 2842 con-
1168 2814 1169 2827 ¹

206 2862 372 2894 moratum
399 2862 429 2888 ut
445 2862 487 2888 cst
506 2860 587 2897 apud
606 2859 822 2893 §labitloniunu
843 2855 1019 2887 Continent,
1038 2855 1069 2884 in
1090 2855 1147 2885 01·-

205 2899 313 2929 dinem
336 2900 528 2935 Romanuin,
546 2910 571 2930 c.
590 2900 615 2929 7.
649 2912 659 2927 ιι
673 2903 737 2937 Quo
756 2898 819 2929 itere
835 2902 989 2937 tempore,
1019 2902 1050 2926 ut
1067 2897 1145 2926 idem

208 2941 404 2972 ,itatiitlonins
420 2942 551 2978 subiicit,
570 2940 747 2972 (lnilieluius
765 2942 935 2979 Episcopus
953 2939 1146 2974 parisiensis,
1168 2948 1169 2953 ¹

207 2986 236 3012 et
254 2984 280 3013 in
299 2985 461 3014 Germania
479 2984 575 3013 Guido
591 2984 766 3013 Cardinalis
783 2986 963 3018 statuerunt,
981 2987 1014 3011 ut.
1032 2980 1069 3009 ad
1087 2980 1146 3010 clr-
1166 2977 1169 3023 ξ

208 3025 360 3056 vationem
378 3027 561 3064 campanula
580 3025 766 3063 pulsaretur.
785 3024 857 3054 Vide
870 3024 995 3061 Bonam,
1009 3021 1079 3054 Iter.
1094 3021 1144 3053 Li·
1166 3028 1168 3050 3

211 3067 327 3105 luryic.
344 3067 359 3097 1.
379 3068 411 3103 ΙΙ,
429 3077 453 3097 c.
476 3067 520 3105 13,
537 3066 551 3107 ἔ
569 3065 600 3097 3.

250 3108 262 3129 ⁴
287 3109 371 3138 Bulla
400 3109 560 3148 Anagniae
577 3108 649 3138 data
666 3108 697 3138 lV
716 3108 773 3139 cal.
790 3107 925 3138 octobris
945 3106 1142 3137 l’ontificatus

210 3150 349 3186 Gregorii
368 3151 416 3186 lx,
429 3159 478 3181 an.
500 3150 526 3186 l,
542 3159 633 3180 aerae.¹
651 3150 786 3187 vulgaris
806 3148 895 3185 ¹227,
911 3158 959 3188 ap.
978 3149 1080 3179 Malui.
1094 3149 1146 3178 l’a-

210 3191 330 3221 risicns.
348 3192 385 3221 ad
405 3201 453 3221 an.
472 3191 609 3222 12111-
623 3192 637 3213 5
655 3192 766 3229 Labbr,
785 3189 904 3223 Concu.
923 3196 941 3221 t.
962 3191 1010 3228 xi,
1027 3199 1055 3229 p.
1074 3188 1143 3221 335».
1165 3175 1168 3225 i

682 102 836 129 EPOCHA
866 100 954 127 VIII.
983 100 1011 126 A
1038 98 1304 125 PONTIFICATV
1333 99 1569 126 INNOCENTII
1598 100 1642 126 111

1181 166 1358 203 caeteros
1373 165 1417 204 D.
1433 165 1646 204 Antonium
1668 165 2025 216 Olyssiponensem‚
2046 166 2128 205 Pa-

1180 218 1361 255 tavinum
1391 231 1414 256 a
1444 219 1528 256 loco
1558 220 1801 258 dormitionis
1832 221 2098 269 nuncupatum
2117 249 2128 267 ,

1181 271 1286 309 vitae
1315 272 1600 319 sanctimonia,
1629 276 1669 310 et
1697 273 1975 312 miraculorum
2006 273 2131 323 gloria

1181 328 1262 363 toto
1287 326 1380 363 orbe
1406 326 1570 373 clarum,
1590 327 1629 363 in
1654 327 1846 364 Coclitum
1873 340 2035 365 numero
2054 327 2130 365 ha-

1182 378 1350 416 bendum
1379 379 1556 417 decrevit
1585 392 1685 417 anno
1713 381 1761 418 ab
1782 381 1864 418 eius
1883 384 2009 419 morte
2029 392 2130 419 non-

1187 433 1279 469 dum
1302 437 1440 470 exacto
1455 432 1479 470 ¹.
1698 444 1702 448 ·
2007 433 2010 435 ’
2077 450 2081 454 ·

1237 486 1295 524 15.
1330 487 1435 523 Ordo
1461 487 1508 524 B.
1531 487 1587 524 M.
1619 487 1659 524 V.
1680 487 1729 524 de
1751 487 1936 526 Mercede
1955 488 2129 526 Redem-

1176 541 1308 587 ptz'on.
1325 540 1498 577 —Idem
1530 540 1710 578 Pontifex
1743 540 1968 578 solemniter
1994 552 2132 590 appro-

1183 594 1289 630 bavit
1310 593 1494 630 Ordinem
1516 593 1559 630 Β.
1584 594 1636 631 M.
1658 594 1705 632 V.
1727 594 1772 631 de
1790 595 1972 632 Mercede
1986 594 2135 632 redem-

1180 647 1320 695 ptionis
1350 647 1606 695 captivorum.
1634 648 1716 684 Iam
1737 659 1856 696 supra
1876 659 1900 685 a
1919 648 2063 685 Ioanne
2083 647 2131 685 de

1182 700 1319 738 Matha
1347 707 1386 737 et
1414 700 1542 738 Felice
1571 697 1730 738 Valesio
1762 700 1989 750 religiosum
2008 700 2128 738 Ordi-

1182 766 1268 791 nem
1298 765 1366 802 pro
1395 754 1631 792 redimendis
1652 754 1894 801 Christianis,
1914 754 2019 792 inter
2037 753 2130 791 infi-

1182 807 1286 844 deles
1321 807 1499 856 captivis,
1521 808 1745 845 institutum
1774 808 1941 846 vidimus
1953 806 1979 845 ².
2001 806 2141 850 Quum

1182 865 1315 897 autem
1344 861 1384 898 in
1414 862 1602 911 Hispania
1633 861 1736 899 bella
1765 862 2006 899 Christianos
2026 861 2129 898 inter

1181 918 1219 951 et
1248 914 1407 951 Mauros
1436 915 1516 952 fere
1544 917 1675 953 essent
1703 915 1908 962 continua,
1929 926 2073 953 novum
2093 915 2132 952 in

1181 979 1227 1005 ea
1243 968 1426 1006 Ordinem
1444 969 1490 1005 ad
1509 969 1753 1006 redimendos
1768 969 1942 1018 captivos
1954 980 2015 1006 an.
2031 967 2134 1006 1218

1183 1022 1354 1059 instituit
1383 1034 1411 1060 s.
1442 1023 1585 1060 Petrus
1606 1022 1808 1066 NolascuS.
1829 1023 1896 1072 qui
1917 1022 2036 1060 nobili
2057 1022 2134 1060 Oc-

1183 1075 1350 1112 citaniae
1372 1075 1521 1113 familia
1541 1077 1730 1113 oriundus
1744 1106 1753 1121 ,
1773 1076 1842 1113 filii
1865 1076 1974 1125 regis
1989 1077 2136 1125 Arago-

1185 1129 1270 1166 niae
1297 1130 1560 1178 paedagogus,
1580 1142 1713 1168 omnes
1732 1142 1822 1168 suas
1842 1129 2050 1168 facultates
2070 1140 2134 1166 re-

1183 1182 1371 1220 dimendis
1400 1184 1566 1232 captivis
1597 1183 1828 1222 Christianis
1857 1183 2070 1232 impendit,
2097 1183 2138 1220 et

1184 1236 1231 1273 ad
1267 1236 1370 1273 idem
1409 1249 1504 1286 opus
1521 1267 1530 1283 ,
1569 1237 1809 1286 Raymundo
1839 1237 1886 1274 de
1917 1235 2136 1274 Pennafort

1183 1294 1278 1326 tunc
1307 1290 1582 1328 Barcinonensi
1612 1291 1800 1328 canonico
1821 1294 1861 1328 et
1880 1290 2019 1328 Iacobo
2038 1301 2133 1339 rege

1184 1344 1401 1392 Aragoniae
1431 1344 1748 1394 cooperantibus,
1780 1344 1875 1382 alios
1896 1344 2031 1382 eodem
2052 1343 2133 1392 spi-

1186 1397 1263 1434 ritu
1300 1397 1493 1436 animatos
1525 1398 1596 1435 sibi
1627 1398 1815 1445 sociavit3
1845 1397 2043 1444 Ordinem,
2063 1409 2134 1434 cu·

1185 1450 1246 1488 ius
1272 1450 1353 1499 ipse
1380 1453 1528 1500 primus
1554 1451 1807 1501 Praepositus
1831 1450 2025 1501 generalis
2046 1449 2136 1496 fuit,

1185 1504 1257 1541 sub
1287 1505 1502 1553 patrocinio
1531 1505 1574 1543 B.
1604 1505 1653 1543 V.
1685 1504 1736 1543 M.
1766 1505 1958 1543 fundavit.
1979 1503 2138 1542 Sodales

1185 1561 1323 1606 quarto
1354 1563 1444 1596 voto
1473 1559 1602 1596 omnia
1630 1559 1732 1596 bona
1759 1571 1851 1604 sua,
1871 1558 1970 1605 imo,
1989 1558 2021 1596 si
2042 1569 2139 1606 opus

1186 1610 1311 1657 foret,
1346 1613 1571 1662 semetipsos
1603 1623 1669 1660 pro
1703 1611 1938 1650 redimendis
1970 1611 2137 1660 captivis

1186 1666 1389 1712 tradendi,
1418 1666 1642 1704 adstrinxit.
1667 1666 1878 1704 Confestim
1915 1665 2029 1703 multi
2065 1664 2138 1702 viri

1186 1719 1331 1757 nobiles
1352 1723 1392 1757 et
1411 1720 1551 1757 divites
1573 1717 1661 1757 huic
1677 1720 1811 1757 Ordini
1830 1719 2012 1768 adscripti
2030 1720 2135 1765 sunt,

1184 1772 1298 1821 eique
1319 1773 1531 1822 Gregorius
1552 1773 1610 1811 IX
1630 1774 1917 1812 observandam
1938 1771 2136 1823 proposuit

1186 1827 1362 1874 regulam
1384 1839 1412 1865 s.
1435 1827 1643 1876 Augustini
1660 1825 1686 1865 3.

1242 1880 1300 1918 16.
1323 1882 1612 1929 Albiyensz'zcm
1631 1881 1834 1930 sata—In
1856 1879 2059 1919 Occitania
2075 1891 2136 1917 ve·

1187 1946 1229 1972 ro
1259 1938 1346 1983 post
1369 1938 1530 1972 mortem
1552 1934 1719 1972 Simonis
1739 1934 1956 1972 Montfortii
1981 1932 2139 1985 (1218)

1186 1988 1333 2027 bellum
1350 1992 1486 2026 contra
1502 1988 1731 2037 Albigenses
1749 1988 1952 2026 recruduit
1965 1986 1990 2026 ⁴.
2015 1987 2140 2025 Hono-

1188 2043 1268 2081 rius
1287 2042 1353 2092 Pp.
1373 2042 1428 2079 IlI
1445 2042 1686 2079 Ludovicum
1707 2042 1800 2078 VIII
1822 2053 1952 2091 regem
1973 2040 2140 2079 Franco-

1188 2109 1275 2135 rum
1306 2096 1511 2141 excitavit,
1542 2099 1584 2133 ut
1613 2095 1830 2140 Almarico‚
1853 2094 1974 2142 patris
1993 2093 2054 2131 sui
2075 2093 2140 2131 Si-

1187 2150 1310 2189 monis
1332 2148 1550 2187 Montfortii
1572 2149 1610 2185 in
1627 2149 1817 2186 comitatu
1835 2147 2029 2186 Tolosano
2045 2147 2138 2185 etin

1187 2204 1288 2242 bello
1309 2206 1447 2240 contra
1467 2202 1652 2240 sectarios
1673 2202 1903 2247 successori,
1923 2213 2035 2251 opem
2057 2200 2136 2239 fer-

1189 2260 1247 2295 ret
1277 2260 1411 2294 contra
1439 2256 1627 2293 iuniorem
1651 2256 1950 2304 Raymundum,
1971 2253 2134 2293 senioris

1187 2311 1312 2348 filiurn
1333 2313 1372 2347 et
1400 2309 1566 2346 alterum
1597 2309 1851 2346 sectariorum
1882 2308 2137 2347 defensorem.

1191 2366 1337 2413 Regem
1373 2363 1491 2400 etiam
1522 2363 1790 2411 interpellavit
1820 2363 2050 2409 Almaricus,
2080 2361 2140 2399 ei-

1189 2430 1264 2467 que
1282 2417 1509 2454 comitatum
1533 2416 1768 2454 Tolosanum
1791 2416 1943 2455 obtulit.
1962 2415 2031 2454 His
2056 2426 2138 2466 per-

1168 2471 1349 2520 {territus
1387 2470 1647 2519 Raymundus
1682 2470 1833 2508 litteras
1866 2467 2142 2507 submissionis

1169 2526 1235 2563 ,ad
1271 2525 1486 2562 Honoriurn
1510 2524 1577 2573 Pp.
1606 2524 1723 2570 dedit,
1761 2528 1800 2562 et,
1833 2535 1933 2562 anno
1970 2523 2071 2561 1224
2100 2523 2139 2560 in

1230 2646 1238 2666 ¹
1259 2649 1395 2678 Mortuus
1419 2652 1465 2679 est
1493 2649 1584 2679 Divus
1612 2648 1763 2678 Antonius
1794 2657 1842 2678 an.
1862 2647 1973 2678 aetatis
1993 2655 2068 2678 suae
2087 2644 2135 2684 36,

1189 2691 1296 2720 Christi
1316 2690 1406 2727 12:31,
1434 2690 1536 2720 idibus
1561 2690 1647 2728 iunii,
1665 2690 1740 2720 t'eria
1759 2688 1797 2727 ὓ;
1816 2693 1845 2720 et
1861 2697 1941 2720 anno
1959 2687 2136 2728 insequenti

1189 2735 1238 2762 ιη’
1257 2732 1374 2762 calend.
1394 2733 1493 2762 iunias
1510 2733 1558 2762 die
1582 2741 1672 2763 sacro
1688 2733 1881 2762 pentecostes
1893 2729 2008 2770 Spoleti
2022 2730 2139 2761 relatus

1189 2774 1216 2803 in
1235 2774 1373 2804 Sanc-tos.
1389 2774 1506 2804 Videsis
1525 2774 1665 2812 Gregorii
1685 2773 1722 2804 lx
1742 2771 1915 2804 Constant.
1934 2771 1958 2810 t,
1976 2772 2050 2802 etin
2067 2780 2136 2802 eam

1189 2816 1354 2845 conum-nt.
1383 2815 1555 2845 (Lai-‹liualis
1587 2817 1693 2846 l'ctrac
1718 2816 1756 2845 ad
1790 2812 1958 2846 Constitui·
1979 2814 2090 2853 Apus!-
2114 2816 2133 2844 1.

1190 2857 1221 2886 tt.
1241 2858 1270 2886 l).
1291 2858 1409 2887 Antonii
1437 2859 1540 2898 imago
1560 2858 1697 2896 pingitur
1723 2865 1740 2886 a
1767 2855 1905 2896 qualibet
1926 2853 2139 2885 Francis-cana

1168 2898 1303 2934 jl'amilia
1329 2908 1364 2929 ca
1393 2900 1490 2929 forma
1516 2899 1628 2936 vestis,
1653 2907 1713 2938 qua
1727 2905 1933 2937 unaquaeque
1949 2904 2053 2927 carum
2083 2895 2144 2926 uti-

1190 2944 1245 2976 tur,
1264 2943 1294 2970 ut
1321 2942 1433 2980 legitur
1465 2941 1547 2979 apud
1571 2941 1769 2970 Benedictum
1798 2939 1867 2973 xiv.
1900 2937 1943 2969 De
1969 2946 2139 2968 servornm

1190 2981 1244 3011 Dei
1260 2987 1316 3012 etc.
1331 2984 1346 3013 l.
1366 2983 1409 3019 lV,
1427 2985 1504 3021 part.
1523 2982 1552 3020 ⁹2,
1569 2992 1592 3012 c.
1611 2981 1660 3017 21,
1678 2991 1704 3011 n.
1722 2980 1765 3011 ll.
1786 2981 1826 3011 De
1850 2981 1922 3011 Divo
1942 2979 2072 3009 Antonio
2090 2979 2136 3010 su-

1187 3032 1219 3053 sc
1239 3025 1334 3054 Lucas
1355 3023 1555 3063 Waddiugus,
1574 3024 1601 3053 in
1620 3022 1733 3053 Aunal.
1747 3021 1870 3055 itlinur„
1887 3024 1917 3051 ct
1934 3020 2072 3052 Bolland.
2092 3019 2141 3051 die

1166 3056 1169 3086 ¹
1192 3064 1230 3094 13
1252 3066 1337 3100 iunii,
1354 3065 1483 3096 strictim
1502 3066 1683 3095 Frsuiciscns
1702 3065 1785 3103 Pagi,
1800 3064 1828 3093 in
1846 3061 2014 3094 [Ji-emano
2028 3060 2131 3093 Histo-

1188 3107 1265 3140 rirm
1281 3111 1297 3137 t.
1316 3107 1399 3146 itm}
1422 3107 1471 3143 27,
1489 3108 1516 3136 iu
1543 3105 1611 3137 Vela
1628 3106 1766 3146 Gregorii
1785 3105 1832 3135 lx.
1849 3122 1888 3126 —
1904 3104 1918 3124 '2
1935 3103 1973 3133 Cs
1986 3113 2014 3143 p.
2031 3102 2079 3134 47.

1228 3150 1241 3168 ²³
1259 3149 1408 3185 ltoltand.y
1425 3149 1504 3179 Acta
1517 3147 1570 3179 SS.
1588 3146 1622 3178 31
1640 3148 1708 3186 ian.;
1724 3146 1841 3186 ilel5ot,
1855 3144 1934 3178 Ilise.
1948 3143 2001 3177 dex
2019 3144 2134 3178 Ordres

1189 3190 1277 3228 reliq.
1298 3190 1438 3221 t.111.—
1455 3190 1466 3212 ‘¹
1485 3190 1547 3219 vid.
1563 3199 1590 3228 p.
1608 3189 1654 3220 55.
