2241 3473
225 90 301 128 182

164 163 346 201 xandrini
359 165 399 200 et
410 162 757 210 Hierosolymitani
772 162 905 210 legati.
916 162 1125 200 Praesede-

164 219 256 253 runt
283 216 405 264 legati
438 215 651 263 Agathonis
672 215 762 262 Pp.,
784 220 826 251 ut
855 226 904 251 ex
926 215 1125 253 universis

165 268 320 306 concilii
351 268 447 305 actis
472 267 723 304 manifestum
745 268 815 304 est.
839 268 1007 304 Causam
1033 268 1122 305 Mo-

163 321 445 358 nothelitarum
468 320 506 356 in
528 319 664 367 primis
683 320 807 368 gessit
826 319 1028 357 Macarius
1047 333 1121 369 pa·-

163 374 340 410 triarcha
370 372 638 409 Antiochenus
652 401 661 417 ,
681 372 762 418 sed,
783 384 870 409 cum
898 373 1121 410 doctrinam

163 427 208 463 de
238 438 317 462 una
337 424 482 462 Christi
502 425 705 462 voluntate
726 438 746 461 e
768 425 933 462 Patrum
956 428 996 463 et
1015 438 1122 474 prae-

163 478 386 515 cedentium
415 477 671 514 conciliorum
692 478 927 515 testimoniis
949 479 1121 526 proban-

163 532 251 568 dam
272 530 518 578 suscepisset,
540 542 676 567 eorum
699 531 818 568 effata
840 535 908 568 aut
928 532 1121 580 corrupis-

161 596 201 620 se
223 587 292 619 aut
311 583 454 619 iniuste
474 584 692 632 applicasse
714 596 737 620 a
758 585 899 633 legatis
918 585 1120 622 Pontificis

161 636 363 673 convictus
381 635 465 673 fuit.
486 637 607 673 Iidem
624 637 745 685 legati
763 637 1031 674 exhibuerunt
1047 638 1122 674 eol-

160 689 367 725 lectionem
384 688 641 737 genuinorum
657 690 831 726 locorum
850 690 1120 738 Patrunnqui·

161 742 233 778 bus
253 742 431 778 doctrina
452 742 498 778 de
519 742 669 779 duabus
687 742 830 780 Christi
850 743 1118 781 voluntatibus

156 800 196 831 et
215 794 506 842 operationibus
537 796 790 843 probabatur.
813 797 1041 833 Praelectae
1073 809 1118 834 e-

157 847 252 884 tiam
287 849 380 884 sunt
401 847 562 885 litterae
584 849 806 896 Agathonis
828 850 899 896 Pp.
922 852 961 887 et
981 851 1117 898 synodi

156 901 374 937 Romanae.
397 900 548 941 Quibus
569 901 750 938 omnibus
773 905 970 949 permotus
996 903 1119 940 Geor-

155 954 242 1001 gius
258 954 387 1001 Cp.,se
408 954 627 991 doctrinam
650 955 695 991 de
717 955 868 992 duabus
886 955 1029 992 Christi
1050 968 1120 993 vo-

154 1006 373 1043 luntatibus
393 1009 433 1043 et
453 1007 746 1055 operationibus
763 1007 943 1056 amplecti
964 1008 1118 1057 profes-

156 1071 220 1096 sus
235 1063 306 1096 est.
320 1059 415 1097 Eius
436 1060 663 1108 exemplum
684 1061 830 1098 caeteri
850 1061 1017 1110 episcopi
1038 1062 1121 1099 imi-

154 1113 227 1149 tati
258 1116 359 1150 sunt.
382 1113 581 1150 Macarius
602 1125 697 1150 vero
719 1114 983 1151 Antiochenus
1004 1115 1042 1151 in
1065 1127 1120 1152 er-

155 1177 244 1202 rore
259 1165 661 1214 pertinax,depositus
679 1166 766 1212 fuit,
777 1169 817 1204 et
832 1167 871 1203 in
886 1167 1018 1204 locum
1035 1168 1118 1205 eius

155 1218 341 1256 suffectus
371 1219 631 1267 Theophanes
661 1220 791 1257 abbas.
821 1220 966 1257 Deinde
988 1224 1118 1258 actum

156 1276 217 1308 est
246 1272 291 1308 de
321 1272 528 1309 haereseos
566 1272 792 1310 auctoribus
821 1278 860 1310 et
898 1273 1118 1311 fautoribus

157 1336 372 1372 eorumque
409 1325 585 1373 scriptis,
616 1328 655 1363 et
692 1328 777 1362 tum
816 1326 914 1363 haec
942 1329 1028 1363 tum
1063 1326 1119 1363 illi

155 1377 346 1420 damnati,
366 1377 597 1415 nominatim
619 1378 794 1427 Sergius,
810 1379 1004 1427 Pyrrhus,
1021 1380 1120 1417 Pau-

156 1431 214 1467 lus
243 1430 283 1467 et
308 1430 450 1467 Petrus
463 1460 472 1475 ,
492 1431 688 1478 quondam
707 1432 875 1480 episcopi
895 1432 989 1480 Cpni
1005 1462 1013 1476 ,
1036 1434 1118 1481 Cy-

158 1495 225 1520 rus
262 1483 577 1529 Alexandrinus,
606 1484 836 1521 Theodorus
876 1485 1116 1523 Pharanita—

156 1548 243 1582 nus,
264 1536 463 1573 Macarius
483 1537 753 1574 Antiochenus
774 1537 935 1586 eiusque
957 1538 1118 1587 discipu-

154 1589 218 1626 lus
242 1589 488 1637 Stephanus,
508 1593 548 1627 et
567 1601 656 1626 cum
676 1590 752 1626 illis
774 1590 973 1628 Honorius
996 1591 1067 1639 Pp.
1092 1591 1116 1628 ¹.

155 1643 374 1687 PostremO,
386 1643 576 1680 damnata
592 1642 763 1689 haeresi,
779 1644 993 1680 seeundum
1012 1646 1116 1692 Aga-

155 1695 285 1732 thonis
305 1695 375 1743 Pp.
398 1699 438 1732 et
458 1696 661 1733 Romanae
682 1696 822 1744 synodi
842 1695 997 1734 litteras
1018 1697 1115 1734 defi-

155 1749 278 1785 nitum
301 1748 386 1794 fuit,
408 1760 493 1786 esse
516 1761 538 1785 «
560 1750 656 1786 duas
674 1750 872 1786 naturales
890 1750 1116 1788 voluntates

155 1802 195 1838 in
216 1814 261 1838 eo
278 1800 469 1851 [Christo]
487 1804 525 1838 et
537 1802 638 1838 duas
655 1802 854 1840 naturales
871 1803 1115 1851 operationes

155 1854 340 1899 indivise,
369 1854 750 1899 inconvertibiliter,
779 1856 1114 1904 inseparabiliter,

156 1907 368 1952 inconfuse,
389 1908 605 1945 secundum
625 1911 849 1945 sanctorum
874 1910 1037 1946 Patrum
1055 1910 1117 1947 do-

156 1961 323 1997 ctrinam
352 1960 526 2009 adaeque
546 1961 843 2009 praedicandas3
865 1965 904 1999 et
924 1963 1022 2000 duas
1044 1975 1115 2000 na—

156 2013 304 2050 turales
320 2014 547 2051 voluntates
568 2027 642 2051 non
663 2015 894 2060 contrarias,
916 2016 1029 2060 absit,
1050 2015 1114 2052 iu-

155 2069 226 2103 xta
242 2066 342 2114 quod
358 2066 467 2114 impii
484 2069 738 2104 asseruerunt
758 2068 960 2114 haeretici,
976 2069 1044 2106 sed
1062 2081 1116 2106 se-

155 2123 337 2167 quentem
360 2120 443 2156 eius
463 2120 675 2157 humanam
696 2121 957 2167 voluntatem,
979 2124 1018 2158 et.
1039 2134 1113 2159 non

155 2172 402 2209 resistentem
436 2173 495 2209 vel
528 2173 812 2219 reluctantem,
841 2175 907 2211 sed
930 2175 1057 2223 potius
1078 2180 1116 2211 et

155 2225 373 2263 subiectam
408 2225 568 2263 divinae
599 2227 681 2263 eius
712 2230 828 2275 atque
858 2227 1115 2275 omnipotenti

154 2279 350 2316 voluntati
372 2290 408 2315 ».
431 2278 492 2315 Ita
512 2279 733 2317 Orientales
753 2279 918 2328 episcopi
940 2292 1027 2317 eum
1049 2280 1116 2317 Oc-

154 2332 415 2369 cidentaiibus
444 2331 483 2368 in
515 2334 693 2370 eamdem
718 2332 829 2369 Fidei
851 2333 1112 2371 definitionem

155 2387 445 2421 consenserunt.

209 2437 280 2474 His
293 2437 479 2475 absolutis
488 2438 630 2476 Patres
643 2438 870 2487 synodicam
884 2439 1113 2476 relationem

155 2491 202 2527 ad
220 2491 468 2539 Agathonem
490 2491 694 2538 miserunt,
716 2503 833 2540 quam
855 2504 924 2540 pro
942 2492 1115 2529 obtinen-

155 2544 204 2580 da
225 2543 385 2581 Concilii
408 2544 702 2583 confirmatione
728 2545 785 2582 his
806 2545 938 2582 verbis
958 2545 1115 2583 conclu-

156 2601 274 2633 dunt:
299 2609 320 2633 «
342 2596 445 2642 Tibi,
463 2600 505 2636 ut
524 2597 674 2647 primae
696 2598 809 2636 Sedis
830 2598 997 2635 antistiti
1022 2598 1114 2635 uni-

156 2649 319 2687 versalis
342 2649 541 2688 Ecclesiae
556 2680 565 2696 ,
585 2651 678 2699 quid
700 2651 897 2700 agendum
918 2651 969 2688 sit
990 2651 1112 2688 relin-

155 2702 349 2751 quimus...
363 2702 612 2741 Orthodoxae
630 2704 719 2742 fidei
731 2704 972 2753 splendidam
986 2704 1112 2741 lucem

155 2755 355 2792 vobiscum
378 2755 482 2793 clare
500 2757 835 2805 praedicavimus3
852 2768 970 2805 quam
990 2758 1031 2793 ut
1049 2757 1112 2794 ite-

154 2820 242 2845 rum
264 2820 331 2856 per
352 2809 595 2847 honorabilia
616 2813 751 2848 vestra
771 2810 960 2858 rescripta
977 2809 1113 2847 contir-

155 2861 283 2907 metis,
299 2861 484 2899 Vestram
507 2875 666 2901 oramus
688 2866 893 2912 paternam
914 2863 1112 2900 Sanctita-

156 2917 234 2951 tem
256 2926 291 2951 ».
315 2914 552 2962 Imperator,
579 2916 868 2964 postulantibus
895 2914 1086 2964 episcopis
1103 2945 1111 2961 ,

156 2967 281 3004 edicto
302 2979 372 3004 suo
390 2967 550 3005 Concilii
572 2970 731 3007 decreta
748 2969 890 3017 ubique
907 2970 1112 3006 observan-

156 3021 205 3057 da
230 3019 361 3065 iussit,
382 3032 604 3070 poenasque
626 3023 664 3059 in
685 3025 993 3071 transgressores
1018 3034 1110 3059 san-

198 3114 206 3134 ¹
226 3117 290 3152 Qua
305 3119 405 3146 aulem
424 3115 460 3145 de
477 3124 571 3145 eausa
589 3116 741 3145 Honorius
761 3117 770 3146 i
787 3116 815 3145 in
831 3116 907 3145 actis
925 3115 1015 3147 huius
1033 3116 1112 3146 Con-

157 3156 217 3186 cilii
242 3157 405 3188 damnatus
429 3157 560 3197 legatur,
585 3157 716 3188 diximus
741 3167 769 3197 p.
794 3155 939 3187 170-171.

676 100 834 127 EPOCHA
863 101 901 127 V.
931 101 959 127 Α
987 98 1360 127 PSEVDOPROPHETA
1388 101 1590 129 MAHOMET

1167 163 1274 201 civit.
1323 165 1481 213 Agatho
1519 166 1589 214 Pp.
1639 168 1843 205 concilium
1883 168 2120 206 confirmare

1166 218 1290 253 morte
1306 216 1516 265 impeditus
1531 221 1610 265 est3
1627 220 1695 256 sed
1710 221 1788 258 Leo
1805 221 1855 266 II,
1871 221 1956 259 eius
1972 233 2122 260 succes-

1164 281 1241 314 sor,
1257 269 1356 306 iilud
1377 270 1629 308 confirmavit
1648 275 1688 309 et
1707 273 1796 310 aliis
1815 274 1985 323 quinque
2006 287 2121 311 oecu-

1167 322 1328 359 menicis
1358 324 1534 361 conciliis
1564 325 1682 372 digne
1711 327 2003 373 connumerari,
2030 330 2121 364 tan-

1164 386 1283 423 quam
1315 387 1392 413 una
1421 380 1460 414 et
1489 377 1644 424 aequali
1663 379 1734 415 Dei
1753 380 1882 427 gratia
1902 391 2120 429 congrega-

1163 430 1260 472 tum,
1277 427 1465 474 decrevit,
1484 432 1528 467 ut
1544 433 1700 468 constat
1714 443 1762 468 ex
1781 431 1865 469 eius
1883 433 2056 481 epistolis
2071 434 2120 470 ad

1163 480 1442 529 imperatorem
1456 482 1770 530 Constant-inum,
1788 485 1838 522 ad
1859 497 1992 534 regem
2010 486 2121 523 Ervi-

1160 533 1266 582 gium
1285 538 1324 572 et
1341 536 1544 584 episcopos
1562 536 1774 584 Hispaniae
1793 536 1818 575 ¹.

1217 586 1312 627 Quis
1328 588 1448 625 fuerit
1465 589 1600 626 deinde
1616 590 1966 628 Monothelitarum
1982 593 2121 638 status,

1165 639 1267 677 infra
1289 642 1472 679 dicemus.

1215 693 1277 731 31.
1301 695 1340 732 S.
1355 695 1436 732 Leo
1454 695 1506 731 H
1518 696 1713 744 Pontifex
1728 696 1816 745 (cm.
1829 695 2123 747 682)—-Defun-

1161 748 1222 782 cto
1243 746 1300 783 1v⁰
1319 747 1405 784 idus
1425 747 1577 785 ianuar.
1596 761 1657 786 an.
1674 749 1752 787 682
1768 762 1796 787 s.
1810 751 2017 798 Agathone
2034 750 2121 798 Pp„

1161 799 1273 836 sedes
1294 801 1452 837 vacavit
1472 802 1497 837 7
1517 802 1732 848 mensibus,
1754 805 1840 851 post
1859 815 1954 852 quos
1973 803 2122 840 electus

1163 851 1237 888 fuit
1258 853 1336 890 Leo
1357 853 1407 902 II,
1428 854 1586 901 siculus,
1608 856 1670 892 vir
1685 856 1898 893 sanctitate
1914 856 2031 901 vitae,
2047 856 2122 893 elo-

1163 906 1326 952 quentia
1346 918 1390 943 ac
1411 906 1647 945 Divinarum
1667 909 1964 958 Scripturarum
1980 908 2123 958 peritia

1164 957 1309 1004 clarus,
1326 971 1465 1007 graece
1481 961 1522 997 et
1538 960 1657 998 iatine
1678 962 1828 1008 doetus,
1839 962 1912 999 sibi
1926 973 2068 1011 pareus
2083 964 2124 998 et

1162 1011 1210 1047 de
1231 1011 1397 1048 aliorum
1421 1012 1666 1052 sublevanda
1685 1015 1815 1063 inopia
1835 1014 2037 1052 sollicitus.
2058 1015 2120 1052 Ab

1163 1076 1208 1101 eo
1228 1065 1435 1102 concilium
1459 1067 1644 1114 generale
1666 1067 1723 1105 VI
1740 1067 2014 1106 confirmatum
2031 1066 2124 1104 fuis-

1162 1131 1203 1155 se
1233 1118 1415 1155 diximus.
1444 1119 1501 1156 Ad
1533 1120 1688 1157 coelum
1718 1121 1904 1169 migravit
1932 1120 1976 1157 v⁰
1999 1131 2122 1158 nonas

1165 1171 1249 1208 iulii
1271 1183 1333 1208 an.
1354 1171 1446 1210 683.

1216 1225 1279 1262 32.
1305 1225 1469 1271 Synodz‘
1495 1226 1716 1265 Toletamze
1734 1226 1834 1271 XII,
1845 1226 2007 1263 XIIIet
2019 1225 2130 1263 XIV

1163 1299 1215 1304 —
1233 1278 1277 1314 In
1305 1277 1494 1326 Hispania
1519 1291 1591 1316 rex
1608 1280 1782 1317 W‘amba
1802 1279 1952 1317 artibus
1971 1278 2122 1327 Ervigii

1162 1330 1258 1368 solio
1279 1331 1470 1377 deiectus,
1486 1332 1684 1380 reliquum
1705 1332 1813 1369 vitae
1830 1332 1867 1369 in
1886 1331 2123 1370 monasterio

1162 1384 1351 1421 traduxit.
1373 1385 1561 1433 Ervigius
1582 1397 1750 1434 regnum
1771 1387 2026 1430 consecutus,
2045 1397 2124 1422 an-

1162 1450 1210 1475 no
1231 1438 1307 1475 681
1329 1438 1528 1486 episcopos
1547 1440 1586 1475 et
1607 1450 1786 1486 proceres
1806 1450 1856 1476 ex
1877 1438 1980 1476 omni
2000 1438 2119 1476 ditio-

1162 1503 1209 1528 ne
1226 1491 1412 1528 Toletum
1428 1491 1674 1528 convoeavit.
1690 1491 1773 1528 Illic
1789 1494 1948 1540 praeter
1961 1490 2040 1528 alia
2057 1491 2124 1528 Er-

1162 1543 1259 1592 vigii
1280 1544 1419 1580 electio
1436 1544 1667 1581 confirmata
1687 1547 1747 1581 est
1764 1557 1773 1589 3
1795 1544 1841 1581 iis
1857 1544 1925 1591 qui
1940 1544 1978 1581 in
1995 1546 2124 1581 extre-

1161 1599 1235 1634 mis
1258 1599 1457 1634 tonsuram
1479 1599 1518 1634 et
1540 1596 1744 1645 religionis
1768 1597 1949 1634 habitum
1970 1608 2125 1645 accepe-

1159 1649 1252 1694 rint,
1269 1650 1449 1687 eumdem
1466 1652 1599 1698 postea
1615 1649 1781 1687 abiicere
1800 1652 1839 1687 et
1854 1650 1903 1687 ad
1919 1650 2120 1688 saeculum

1159 1703 1291 1740 redire
1312 1703 1567 1751 prohibitum,
1589 1705 1629 1740 et
1649 1703 1938 1752 archiepiscopo
1958 1702 2123 1740 Toleta-

1161 1769 1207 1793 no
1223 1756 1282 1794 ius
1295 1768 1520 1793 concessum
1533 1756 1737 1793 ordinandi
1755 1756 1896 1805 ubique
1907 1757 2121 1805 episcopos,

1159 1822 1254 1859 quos
1273 1821 1345 1846 rex
1367 1809 1580 1847 nominarit
1599 1807 1625 1846 ².

1212 1863 1396 1900 Eiusdem
1417 1862 1520 1911 regis
1540 1862 1789 1907 evocatione,
1810 1874 1873 1900 an.
1894 1862 1985 1908 683,
2001 1862 2122 1899 Tole-

1158 1917 1242 1952 tum
1269 1917 1540 1953 convenerunt
1568 1915 1738 1964 episcopi
1760 1915 1832 1961 38,
1854 1915 2118 1964 episcoporum

1161 1968 1298 2006 vicarii
1317 1969 1382 2013 26,
1402 1969 1615 2017 pluresque
1631 1969 1793 2006 abbates
1809 1971 1849 2006 et
1864 1980 2056 2017 proceres.
2076 1968 2118 2006 In

1159 2023 1231 2059 hac
1247 2023 1396 2070 synodo
1414 2021 1625 2071 vectigalia
1639 2021 1749 2070 regia
1766 2021 1958 2059 diminuta
1974 2023 2015 2058 et
2028 2020 2120 2059 fisco

1158 2076 1290 2112 debita
1310 2075 1530 2113 condonata
1550 2077 1662 2121 sunt3
1679 2074 1825 2123 reginis
1841 2075 1970 2112 viduis
1985 2086 2121 2112 secun-

1158 2128 1230 2165 dae
1251 2128 1408 2177 nuptiae
1429 2128 1666 2176 prohibitam
1687 2128 1832 2176 quique
1853 2127 2015 2165 ciericos
2031 2127 2121 2165 alie-

1159 2193 1227 2218 nos
1257 2183 1297 2218 et
1325 2181 1535 2218 monachos
1564 2180 1751 2229 fugitivos
1780 2180 2024 2229 exceperint,
2050 2191 2122 2217 ex-

1157 2234 1501 2271 communicationi
1517 2234 1577 2271 vel
1589 2245 1744 2271 annuae
1757 2233 2022 2283 poenitentiae
2033 2233 2122 2271 sub-

1157 2287 1229 2324 diti
1247 2284 1273 2324 3.

1211 2339 1404 2377 Absoluta
1424 2340 1497 2377 hac
1517 2339 1665 2388 synodo
1686 2341 1734 2377 ad
1757 2351 1890 2388 regem
1912 2341 1952 2376 et
1967 2338 2119 2388 episco-

1160 2404 1227 2440 pos
1249 2392 1425 2441 perlatae
1446 2394 1535 2429 sunt
1556 2392 1711 2430 litterae
1732 2393 1873 2430 Leonis
1891 2392 1927 2429 II
1943 2403 2033 2430 cum
2049 2392 2120 2429 Ac-

1159 2445 1210 2482 tis
1245 2445 1397 2483 concilii
1426 2446 1493 2483 VI.
1525 2446 1613 2483 Ideo
1643 2458 1745 2483 anno
1776 2448 1963 2494 sequente
1992 2445 2119 2482 altera

1157 2503 1293 2536 coacta
1318 2498 1393 2535 fuit
1422 2499 1613 2546 synodus,
1637 2498 1676 2536 in
1699 2511 1777 2547 qua
1798 2499 1952 2537 concilii
1971 2498 2028 2537 VI
2045 2497 2117 2536 de-

1157 2554 1265 2589 creta
1286 2553 1445 2599 recepta
1465 2554 1556 2589 sunt
1572 2550 1599 2589 ⁴.

1211 2605 1417 2642 Praesedit
1438 2604 1499 2642 his
1519 2604 1644 2642 tribus
1666 2605 1824 2654 synodis
1845 2604 2023 2643 Iulianus
2049 2615 2118 2641 ar-

1156 2657 1426 2706 chiepiscopus
1449 2658 1676 2704 Toletanus,
1699 2658 1760 2695 vir
1781 2659 1888 2696 vitae
1909 2656 2118 2696 sanctitate

1198 2785 1204 2805 ¹
1224 2784 1335 2819 Labbe,
1354 2788 1371 2815 ί.
1402 2785 1449 2819 VI,
1467 2794 1496 2822 p.
1513 2784 1571 2815 587
1590 2794 1638 2825 sq.
1658 2786 1700 2816 Ea
1717 2794 1802 2823 vero,
1820 2793 1900 2825 quae
1914 2783 2032 2815 Natalis
2050 2783 2118 2814 Aie-

1156 2825 1283 2862 xander‚
1308 2825 1382 2856 llzse.
1405 2827 1477 2857 eccl.
1504 2827 1584 2858 liiss.
1602 2827 1636 2856 iV
1661 2827 1689 2856 in
1714 2836 1795 2857 saec.
1815 2825 1960 2861 xv-xVI,
1974 2833 2002 2854 n.
2019 2823 2070 2862 25,
2087 2829 2117 2855 et

1157 2869 1295 2902 nos-suot,
1310 2866 1431 2905 besens.
1446 2866 1597 2898 declarat.
1617 2871 1696 2906 part.
1710 2868 1742 2904 ΙΙ,
1761 2869 1779 2898 i.
1798 2867 1845 2903 12,
1862 2876 1888 2898 c.
1904 2865 1954 2901 ΞΗ,
1971 2875 1988 2896 e
2005 2865 2116 2896 Conci-

1155 2910 1184 2939 lii
1203 2909 1236 2938 Vi
1256 2910 1332 2938 actis
1349 2913 1559 2947 opposuerunt
1577 2910 1609 2939 r..
1628 2908 1784 2939 pontificis
1801 2906 2010 2939 infallibilitati
2027 2910 2056 2937 et
2070 2915 2119 2936 su-

1155 2959 1209 2989 pra
1221 2950 1383 2979 convitium
1397 2950 1543 2987 generale
1557 2949 1744 2987 auctoritati,
1754 2949 1923 2980 refutarunt
1934 2947 2116 2986 Roncagiia,

1155 2990 1383 3022 Animadrwrs.
1400 3001 1430 3020 ιιι
1450 2990 1552 3022 Numi.
1568 2990 1658 3022 AIex.
1673 2999 1753 3021 saec.
1773 2989 1832 3025 Vll.
1849 2990 1932 3019 Diss.
1951 2988 1974 3025 i,
1988 2992 2018 3018 et
2034 2989 2117 3019 Muz-

1154 3031 1275 3068 zai-viti,
1301 3031 1342 3061 lie
1365 3033 1558 3062 aucun-italo
1580 3031 1613 3062 ss.
1640 3030 1756 3070 Pontis.
1781 3035 1800 3062 t.
1824 3031 1857 3069 ii,
1881 3039 1908 3069 p.
1926 3029 1997 3068 ⁶202,
2013 3038 2057 3069 sq.

1194 3074 1208 3093 ’Ζ
1225 3074 1336 3110 Latmo,
1359 3072 1478 3105 concil.
1495 3077 1514 3104 t.
1531 3074 1576 3109 Vi,
1595 3082 1624 3113 p.
1646 3072 1729 3103 1221.

1195 3115 1208 3134 ³³
1226 3114 1296 3144 ibid.
1316 3124 1343 3153 p.
1366 3113 1451 3144 1255.

1196 3156 1208 3177 ⁴
1227 3155 1302 3186 ibid.
1320 3165 1347 3194 p.
1369 3155 1454 3186 127¹).
