2241 3473
279 156 352 193 148

274 231 420 268 Eodem
441 240 540 265 anno
561 225 754 264 Henricus
773 223 868 262 VIII
890 234 961 260 rex
982 219 1168 269 Angliae,

223 296 344 332 quum
364 281 554 331 principes
575 280 789 315 Germanos
816 277 895 313 iam
917 276 1020 313 esset
1038 274 1167 311 horta-

223 341 301 381 tus,
324 338 365 372 ut
387 332 549 371 Lutheri
569 331 774 369 audaciam
791 330 948 378 eiusque
970 326 1169 365 doctrinae

224 386 543 437 propagationem
581 384 867 432 reprimerent,
896 383 1033 418 contra
1061 391 1168 416 eum-

223 443 310 479 dem
340 439 462 477 edidit
490 435 633 475 ]ibru‘m
660 437 706 473 de
727 437 872 485 septem
893 432 1170 477 Sacramentis,

225 506 324 542 quae
355 493 542 530 adversus
571 490 735 527 Lutheri
765 489 995 526 assertiones
1025 490 1105 523 tam
1136 498 1169 522 e-

224 547 351 583 rudite
380 543 567 588 defendit,
590 545 632 580 ut
652 555 674 580 a
693 543 820 580 Leone
849 542 920 590 Pp.
950 539 1067 578 titulo
1096 539 1169 576 De-

222 598 386 637 fensoris
405 597 513 634 Fidei
535 598 698 634 ornatus
718 595 836 633 fuerit
857 592 881 632 ¹.

274 652 470 688 Lutherus
499 661 592 686 vero
622 650 692 686 hoc
712 651 751 686 et
770 647 945 697 sequenti
975 657 1076 683 anno
1107 657 1169 682 va-

224 705 301 743 rios
322 704 472 741 libellos
493 703 626 748 edidit,
655 702 694 739 in
723 702 862 751 quibus
892 699 1170 737 confessionem

221 759 412 796 secretam
431 786 440 803 ,
470 756 629 793 missam
659 755 854 804 privatam
872 784 880 800 ,
910 756 1003 790 vota
1030 764 1168 790 mona-

219 811 327 856 stiea,
358 809 650 857 continentiam,
672 808 905 846 coelibatum
923 806 1166 850 clericorum,

221 864 417 902 Ecclesiae
438 865 647 911 praecepta
666 864 706 899 et
725 862 918 905 instituta,
935 859 1086 908 aliaque
1104 859 1171 895 im-

220 917 426 966 pugnavit.
440 916 498 954 Ad
516 915 767 964 propaganda
788 914 870 952 eius
891 913 1045 962 placita,
1067 923 1171 961 prae·
1190 955 1192 965 Ι

221 971 356 1008 sertim
378 970 479 1007 inter
500 969 699 1006 indoctum
730 968 882 1017 vulgus,
906 966 1017 1003 valde
1037 968 1169 1003 eontu-

222 1024 269 1061 lit
290 1023 526 1061 Germanica
546 1022 760 1060 Bibliorum
783 1021 921 1065 versio,
944 1031 1060 1068 quam
1082 1019 1171 1056 inde

223 1078 270 1114 ab
292 1089 354 1114 an.
379 1077 493 1122 1522,
523 1087 596 1124 quo
625 1075 674 1112 N.
696 1076 992 1112 Testamentum
1022 1084 1170 1120 compa-

222 1131 315 1173 ruit,
334 1131 441 1178 typis
462 1128 657 1177 vulgavit.
680 1129 790 1166 Tunc
811 1127 915 1165 enim
935 1126 1169 1174 quicumque

222 1184 474 1221 Lutherauae
506 1181 667 1219 factioni
697 1180 840 1219 addicti
870 1182 994 1225 erant,
1015 1179 1170 1228 opifices

225 1237 342 1274 etiam
365 1240 403 1273 et
424 1235 618 1280 mulieres,
639 1235 764 1272 Biblia
797 1233 952 1272 assidue
973 1233 1173 1282 legebant,

223 1290 353 1339 palam
384 1301 472 1326 cum
502 1288 726 1334 Catholicis,
757 1287 1024 1325 sacerdotibus
1053 1286 1170 1323 etiam

224 1346 264 1380 et
277 1342 563 1387 doctoribus,de
579 1342 695 1379 rebus
708 1341 899 1389 religiosis
912 1340 1172 1389 disputabant,

223 1399 263 1434 et
283 1396 478 1433 doctrinas
500 1395 658 1432 Lutheri
682 1395 721 1432 in
739 1394 957 1431 'Bibliorum
978 1393 1171 1437 versione,

224 1450 360 1487 iisdem
379 1450 426 1486 ab
439 1451 598 1486 auctore
613 1448 727 1497 plane
744 1447 1048 1492 accommodata,
1060 1445 1172 1483 facile

223 1503 483 1541 inveniebant.

277 1556 337 1594 Ad
358 1555 663 1604 promovendam
679 1566 762 1591 rem
782 1553 1052 1591 Lutheranam
1073 1552 1174 1589 inter

226 1609 458 1647 eruditiores
489 1608 656 1646 maxime
677 1606 840 1644 contulit
860 1618 953 1655 opus
974 1605 1173 1655 dogmati-

224 1675 396 1709 cum,an.
412 1662 509 1700 1521
529 1674 552 1699 a
572 1661 750 1710 Philippo
768 1660 1066 1698 Melanciithone
1086 1659 1170 1696 edi-

223 1720 318 1754 tum.
340 1716 376 1753 Is
397 1715 537 1764 insigni
570 1715 728 1764 ingenio
761 1713 984 1763 praeditus,
1017 1713 1170 1750 littera—

224 1782 310 1807 rum
324 1770 563 1806 Graecarum
579 1768 615 1805 in
632 1766 1171 1806 UniversitateWirtember-

228 1823 336 1872 gensi
358 1822 564 1872 professor,
584 1821 747 1859 Lutheri
763 1822 932 1859 sectator
948 1822 987 1857 et
1003 1820 1169 1865 adiutor,

227 1875 496 1925 compendium
531 1875 732 1913 doctrinae
766 1874 996 1911 lutheranae
1017 1872 1171 1921 scripsit

227 1930 298 1968 sub
318 1929 448 1976 titulo,
468 1929 570 1966 Loez‘
588 1939 822 1966 communes
852 1939 992 1965 rerum
1015 1927 1169 1964 theolo-

223 1985 415 2032 aiem-um
433 1995 442 2028 3
462 1983 562 2031 quod
585 1994 681 2031 opus
716 1985 849 2030 postea
882 1982 1038 2018 auctum
1069 1991 1167 2029 qua-

228 2048 464 2085 quaversum
502 2037 761 2084 propagatum
791 2038 830 2072 et
858 2033 967 2071 brevi
996 2037 1170 2082 tempore

226 2089 379 2137 saepius
398 2089 503 2138 typis
523 2089 666 2126 editum
690 2088 773 2125 fuit.

282 2142 731 2180 Pseudo-reforinatoris
761 2140 930 2179 asseclae
959 2140 1170 2177 secundum

229 2196 443 2234 doctrinam
461 2196 508 2232 ab
523 2208 567 2232 eo
585 2195 860 2244 praedicatam,
881 2194 1046 2244 primum
1065 2194 1170 2231 Wir-

226 2251 452 2298 tembergae
473 2279 481 2294 ,
515 2248 653 2286 deinde
688 2248 779 2285 alibi
810 2259 925 2296 agere
946 2251 1170 2295 coeperunt;

226 2306 432 2353 postquam
462 2302 611 2350 plebem
646 2301 967 2347 concitassent,in
989 2301 1169 2338 eeclesias

228 2359 267 2394 et
287 2355 525 2394 monasteria
546 2356 766 2399 irruerunt,
786 2354 822 2390 in
844 2354 1069 2391 resistentes
1098 2354 1167 2390 sibi

226 2409 466 2454 saevierunt,
488 2408 676 2457 imagines
698 2407 989 2456 confregerunt,
1010 2408 1168 2457 abroga-

227 2466 268 2501 ta
288 2463 417 2508 missa,
441 2474 601 2499 coenam
624 2474 722 2499 novo
744 2461 856 2498 modo
877 2461 914 2497 iu
936 2461 1069 2506 lingua
1092 2461 1169 2497 vul-

227 2517 309 2565 gari
329 2516 591 2560 celebrarunt,
611 2517 650 2552 et
670 2515 847 2552 omnihus
875 2514 957 2550 sine
979 2513 1168 2551 discrimi-

227 2583 274 2608 ne
298 2573 501 2618 utramque
530 2569 697 2618 speeiem
727 2570 1007 2617 porrexerunt,
1036 2574 1168 2605 sacer-

225 2625 347 2669 dotes,
368 2622 597 2659 nominatim
615 2621 918 2666 Carolostadius,
942 2633 1082 2658 uxores
1102 2621 1168 2658 du-

227 2690 314 2714 cere
336 2678 559 2725 coeperunt,
579 2675 677 2724 quod
700 2687 760 2711 an.
788 2674 886 2713 1525
906 2686 1055 2722 quoque
1077 2674 1167 2711 fecit

226 2732 306 2779 ipse
341 2730 549 2774 Luthcrus,
579 2728 831 2766 Catharinam
866 2728 1055 2765 Boraeam
1095 2740 1168 2764 mo-

230 2784 369 2821 uiulem
387 2783 455 2820 sibi
474 2783 662 2831 sacrilego
678 2781 858 2830 coniugio
875 2781 1058 2829 copulans
1076 2783 1169 2818 tres-

228 2850 302 2886 que
324 2849 371 2873 ex
393 2848 438 2873 ea
459 2836 602 2874 liberos
618 2835 808 2884 suscepit,
826 2834 1000 2872 monachi
1025 2839 1063 2871 et
1084 2847 1167 2871 mo-

228 2891 359 2936 niales,
390 2890 551 2926 Lutheri
581 2889 758 2927 doctriua
792 2887 1002 2933 infatuati,
1032 2900 1168 2925 mona-

226 2944 345 2982 steria
365 2944 620 2980 deseruerunt
636 2945 676 2980 et
691 2943 738 2980 ad
760 2941 1008 2979 matrimonia
1023 2953 1168 2977 convo·
1219 2978 1227 2981 ,
1246 2978 1269 2981 -„

228 2995 903 3045 laruutEnpseudo-reformationis
924 2993 1169 3045 primordiu2.

229 3103 294 3138 din,
310 3102 441 3134 [listnir.
459 3102 496 3133 de
519 3102 549 3132 Ia
568 3103 624 3140 vie,
640 3102 692 3133 (les
714 3101 807 3133 ecrite
830 3102 860 3132 el
882 3100 935 3132 ates
958 3099 1117 3132 doctrines
1134 3100 1171 3131 de

230 3144 358 3180 ludher,
376 3149 392 3174 t.
409 3145 428 3179 Ι,
444 3155 470 3175 c.
493 3144 526 3174 ¹2
543 3153 610 3183 sqq.

274 3185 280 3203 ¹
300 3185 446 3223 ltayuuld.
465 3187 502 3215 ad
521 3195 568 3215 :iu
592 3184 676 3216 1521.

270 3226 285 3247 ‘²
301 3227 469 3260 Cochlacus
487 3231 515 3257 ct
533 3228 641 3266 Audin,
658 3227 676 3257 1.
695 3236 718 3256 c.

884 157 1039 185 EPOCHA
1066 156 1120 183 XI.
1149 154 1200 181 AB
1230 154 1365 182 INITIIS
1393 155 1572 183 LVTHERI

1263 217 1298 255 5.
1321 217 1471 256 Leonis
1490 219 1536 256 X
1548 219 1684 256 obitus
1705 216 1791 269 (an.
1806 218 1923 270 1521)
1936 220 2157 270 -Inopina

1213 273 1336 308 morte
1356 283 1456 308 anno
1481 272 1599 317 1521,
1620 269 1770 309 calend.
1791 273 2023 319 decembris,
2041 274 2159 322 periit

1212 324 1289 360 Leo
1306 325 1492 372 X,quum
1514 324 1629 373 paulo
1652 326 1742 362 ante
1761 325 1909 374 ingenti
1928 327 2079 365 laetitia
2098 327 2158 365 af-

1212 376 1338 414 fectus
1368 379 1474 416 esset
1493 378 1640 415 Parma
1669 389 1714 414 ac
1741 377 1946 418 Placentia
1975 380 2157 430 receptis.

1212 430 1387 467 Confecit
1407 431 1446 467 in
1470 431 1707 469 Pontificatu
1724 443 1859 469 annos
1880 444 1924 470 ae
1943 445 2099 472 menses
2114 433 2156 480 8,

1212 484 1378 533 diesque
1398 484 1462 521 20.

1263 537 1299 574 6.
1321 537 1572 574 Hadrianus
1597 537 1656 574 VI
1667 537 1862 586 Pontifex
1878 536 1962 590 (cm.
1985 538 2158 588 1522)-

1212 590 1340 628 Leone
1356 591 1425 640 Pp.
1442 590 1744 635 Xdefuncto,v⁰
1767 589 1849 628 idus
1870 591 2037 629 ianuarii
2057 593 2158 631 1522

1211 655 1361 681 summo
1395 656 1584 681 consensu
1618 644 1659 680 in
1694 643 1924 681 Pontificale
1958 644 2158 695 fastigium

1211 700 1418 745 provectus
1437 697 1512 734 fuit
1524 697 1746 734 Hadrianus
1757 696 1826 743 VI,
1840 698 2030 744 Batavus,
2048 712 2070 735 «
2086 699 2158 737 ab-

1212 762 1298 787 sens
1319 751 1425 794 licet,
1447 751 1577 788 subdit
1593 750 1837 798 spondanus,
1854 753 1892 788 et
1912 752 1948 788 in
1971 751 2161 801 Hispania

1212 804 1370 852 degens,
1405 803 1673 841 Cardinalium
1707 803 1904 853 plerisque
1926 816 1972 841 ne
1993 804 2040 842 de
2060 804 2158 842 facie

1212 857 1366 905 quidem
1390 859 1507 894 notus
1530 856 1540 877 ¹
1562 857 1666 902 >›.1s,
1686 856 1894 895 Ultraieeti
1915 857 2053 895 humili
2073 858 2158 896 loco

1213 913 1339 956 natus,
1356 911 1576 948 studiorum
1607 910 1804 947 curriculo
1824 910 1863 947 in
1888 911 2158 949 Universitate

1212 963 1449 1001 Lovaniensi
1471 963 1658 1010 confecto,
1674 963 1911 1012 Theologiae
1926 964 2104 1002 lauream
2120 967 2160 1002 et

1212 1017 1482 1066 magisterium
1516 1017 1559 1053 in'
1589 1029 1636 1054 ea
1665 1020 1896 1055 consecutus
1917 1020 1988 1055 est.
2008 1018 2159 1056 Deinde

1213 1070 1384 1108 eiusdem
1404 1070 1686 1108 Universitatis
1707 1070 1966 1108 cancellarius
1985 1073 2024 1109 et
2045 1072 2158 1110 Caro·

1213 1124 1238 1161 li
1262 1124 1473 1169 Austriaci,
1495 1126 1626 1173 postea
1645 1124 1895 1173 imperatoris
1914 1125 1984 1162 sub
2005 1125 2160 1162 nomine

1212 1177 1340 1214 Caroli
1367 1178 1418 1223 V,
1446 1179 1693 1227 praeceptor,
1715 1190 1737 1214 a
1758 1177 2004 1215 Ferdinaudo
2024 1178 2161 1227 Hispa—

1213 1231 1299 1268 niae
1320 1243 1426 1280 rege,
1447 1231 1549 1280 apud
1574 1243 1688 1279 quem
1717 1231 1915 1280 legatione
1935 1230 2093 1269 functus
2113 1244 2158 1269 e-

1214 1288 1277 1321 rat
1297 1285 1508 1334 ,episcopus
1529 1284 1798 1331 Dertusensis,
1818 1297 1840 1322 a
1861 1285 1990 1322 Leone
2010 1285 2050 1322 X
2069 1296 2160 1322 car-

1214 1337 1353 1380 dinalis
1387 1340 1544 1376 creatus
1576 1337 1664 1375 fuit.
1694 1338 1858 1375 Romam
1893 1338 2076 1387 pervenit
2094 1337 2160 1376 111⁰

1213 1391 1361 1428 calend.
1382 1391 1590 1440 septembr.
1606 1391 1802 1428 maritimo
1824 1391 1977 1438 itinere,
1992 1403 2160 1429 corona-

1213 1446 1275 1482 tus
1305 1444 1364 1481 die
1385 1445 1588 1482 Dominiea
1615 1444 1740 1494 pridie
1769 1445 1951 1482 calendas
1985 1445 2161 1483 eiusdem

1215 1498 1379 1543 mensis,
1400 1498 1505 1535 haud
1528 1509 1669 1546 magna
1694 1497 1823 1546 populi
1853 1497 2087 1547 frequentia,
2112 1499 2160 1536 ob

1214 1551 1497 1600 pestilentiam,
1515 1563 1612 1600 quae
1633 1551 1768 1588 urbem
1790 1552 1971 1589 vexabat.
1987 1552 2160 1589 Retento

1213 1604 1332 1652 priori
1361 1604 1515 1641 nomine
1545 1604 1787 1642 Hadrianum
1818 1616 1859 1641 se
1888 1604 2075 1653 appellari
2095 1617 2162 1641 vo-

1213 1657 1299 1695 luit.
1323 1657 1504 1695 Pontifex
1533 1657 1660 1695 factus
1689 1657 1966 1695 reformandae
1997 1658 2163 1707 discipli-

1213 1723 1284 1748 nae
1319 1713 1359 1748 et
1393 1711 1632 1759 corrigendis
1665 1711 1850 1748 abusibus
1865 1741 1874 1758 ,
1901 1712 2160 1750 conterendae

1212 1764 1251 1801 in
1272 1764 1482 1802 Germania
1501 1765 1729 1802 lutheranae
1748 1764 1902 1802 haeresi
1919 1794 1928 1812 ,
1944 1764 2158 1803 concilian-

1213 1818 1284 1854 dae
1317 1817 1421 1855 inter
1454 1817 1643 1867 principes
1673 1817 1903 1856 christianos
1931 1819 2159 1856 concordiae

1213 1874 1253 1908 et
1284 1871 1518 1920 repellendis
1538 1872 1757 1909 Turcarum
1778 1871 2043 1910 invasionibus
2070 1872 2158 1910 ani-

1213 1936 1318 1962 mum
1340 1925 1538 1974 applicuit.
1555 1925 1630 1962 Sed
1646 1925 1685 1962 in
1701 1925 1760 1962 his
1779 1925 1958 1964 omnibus
1978 1925 2161 1975 multipli-

1213 1990 1276 2015 ces
1296 1978 1422 2015 obices
1454 1981 1638 2027 expertus
1657 1980 1728 2016 est.-
1755 1979 1797 2016 In
1829 1978 2072 2017 conferendis
2091 1991 2158 2017 ec-

1213 2031 1440 2070 clesiasticis
1460 2031 1717 2080 dignitatibus
1734 2033 1872 2069 caut-us
1892 2044 1938 2070 ac
1956 2032 2160 2081 religiosus

1213 2084 1301 2132 fuit,
1334 2085 1462 2123 dicere
1495 2085 1643 2131 solitus,
1665 2085 1849 2123 eeclesias
1879 2085 2160 2132 sacerdotibus,

1213 2151 1286 2175 non
1322 2140 1542 2176 sacerdotes
1563 2139 1738 2176 ecclesiis
1759 2149 1899 2175 ornare
1928 2150 1968 2176 se
1989 2138 2102 2176 velle.
2126 2141 2159 2178 A

1212 2192 1381 2229 ditandis
1401 2191 1698 2239 consanguineis
1720 2191 1887 2229 maxime
1917 2192 2050 2230 extitit
2069 2191 2159 2229 alie-

1213 2257 1296 2282 nus.
1319 2245 1383 2282 Ius
1413 2245 1591 2294 elegendi
1622 2257 1666 2282 ac
1696 2245 1919 2282 nominandi
1949 2245 2159 2294 episcopos,

1211 2311 1234 2336 a
1255 2299 1456 2336 decessore
1489 2310 1560 2336 suo
1595 2299 1750 2345 regibus
1779 2298 1931 2336 Galliae
1960 2298 2157 2345 collatum,

1211 2352 1258 2389 ad
1282 2352 1490 2400 Hispaniae
1510 2363 1622 2400 reges
1641 2352 1818 2389 extendit
1839 2349 1865 2389 ².
1887 2351 2051 2389 Lovanii
2081 2363 2158 2389 ma-

1210 2405 1362 2453 gnificis
1381 2404 1598 2454 sumptibus
1614 2405 1821 2455 collegium
1837 2405 2045 2448 exstruxit,
2057 2405 2158 2454 quod

1210 2459 1423 2495 etiamnum
1445 2458 1651 2507 collegium
1675 2460 1804 2508 Papae
1832 2461 2007 2496 vocatur.
2028 2459 2156 2496 Auto-

1212 2511 1343 2548 ninum
1366 2511 1593 2549 Antistitem
1623 2512 1935 2549 Floreutinorum
1954 2542 1964 2558 ,
1984 2523 2030 2549 ac
2051 2512 2156 2550 Ben-

1211 2577 1348 2602 uonem
1370 2565 1636 2602 Mismeusium
1660 2566 1892 2614 Episcopum
1922 2566 1961 2602 in
1989 2565 2156 2603 Sancto-

1210 2630 1294 2655 rum
1332 2630 1533 2655 numerum
1569 2619 1714 2657 retulit.
1755 2619 2048 2668 Sigismundum
2077 2618 2157 2657 Ma-

1210 2672 1387 2709 latestam
1409 2671 1584 2709 Arimino
1606 2672 1768 2721 expulit.
1786 2673 1843 2710 Ad
1861 2672 2154 2722 propagandum

1211 2725 1312 2762 iuter
1334 2726 1422 2762 novi
1444 2725 1559 2771 orbis,
1581 2726 1799 2772 Anici-icae,
1814 2726 1960 2764 incolas
1980 2725 2155 2775 Evange-

1211 2778 1319 2823 liuin,
1348 2779 1569 2816 sacerdotes
1600 2790 1648 2817 ex
1670 2779 1812 2817 Ordine
1832 2791 1861 2817 s.
1885 2778 2083 2817 Francisci
2109 2779 2155 2816 ad

1211 2844 1273 2867 eos
1290 2832 1511 2869 destinavit.
1548 2832 1736 2870 Hadriani
1766 2833 1821 2870 VI
1842 2836 2016 2881 tempore
2038 2831 2156 2882 (anno

1215 2884 1331 2935 1522)
1347 2897 1367 2922 a
1386 2886 1637 2924 Suleimanno
1659 2888 1773 2936 capta
1793 2888 1851 2923 est
1872 2885 2034 2923 Rhodus
2054 2885 2157 2923 insu-

1255 3021 1262 3041 ¹
1284 3021 1326 3051 Au
1345 3030 1392 3051 an.
1416 3021 1504 3059 15-222,
1522 3020 1537 3061 Ξ
1554 3021 1583 3053 *2.

1253 3063 1267 3084 ‘2
1285 3064 1364 3092 loun.
1391 3064 1542 3100 Mariana,
1570 3063 1612 3093 Ile
1634 3062 1726 3094 rebus
1748 3063 1930 3104 Hispaniae,
1953 3063 1972 3094 1.
1995 3062 2052 3101 26,
2077 3073 2101 3095 c.
2129 3064 2157 3095 5.

1215 3104 1388 3134 lludriuuus
1407 3105 1441 3135 Vl
1465 3105 1573 3135 Carulo
1590 3105 1720 3145 eiusque
1747 3105 1982 3136 successoribus
1999 3104 2157 3136 concessit

1215 3147 1259 3175 ius
1283 3147 1500 3184 praesentandi
1525 3147 1696 3185 Episcopos
1722 3147 1887 3186 Hispaniae
1904 3170 1911 3184 ,
1935 3146 1985 3186 qui
2017 3151 2087 3177 aute
2116 3146 2155 3177 ad

1215 3196 1319 3216 vorum
1337 3187 1594 3225 supplic-‘itionem
1619 3189 1761 3228 precario
1785 3197 1802 3219 a
1820 3188 2017 3220 Pontificibus
2042 3189 2153 3220 Roma-

1217 3229 1261 3258 uis
1280 3229 1528 3261 instituebantur.
