<?xml version="1.0" encoding="UTF-8"?>
<!DOCTYPE html PUBLIC "-//W3C//DTD XHTML 1.0 Transitional//EN"
    "http://www.w3.org/TR/xhtml1/DTD/xhtml1-transitional.dtd">
<html xmlns="http://www.w3.org/1999/xhtml" xml:lang="en" lang="en">
 <head>
  <title>
</title>
<meta http-equiv="Content-Type" content="text/html;charset=utf-8" />
  <meta name='ocr-system' content='tesseract 3.04.00' />
  <meta name='ocr-capabilities' content='ocr_page ocr_carea ocr_par ocr_line ocrx_word'/>
</head>
<body>
  <div class='ocr_page' id='page_1' title='image "./historiaeecclesi01wout_0529.png"; bbox 0 0 2241 3473; ppageno 0'>
   <div class='ocr_carea' id='block_1_1' title="bbox 694 192 1375 233">
    <p class='ocr_par' dir='ltr' id='par_1_1' title="bbox 694 192 1375 233">
     <span class='ocr_line' id='line_1_1' title="bbox 694 192 1375 233; baseline -0.001 -12"><span class='ocrx_word' id='word_1_1' title='bbox 694 193 847 221; x_wconf 75' lang='lat' dir='ltr'>EPOCHA</span> <span class='ocrx_word' id='word_1_2' title='bbox 877 194 928 220; x_wconf 74' lang='lat' dir='ltr'>XI.</span> <span class='ocrx_word' id='word_1_3' title='bbox 959 193 1010 233; x_wconf 50' lang='grc' dir='ltr'>ΑΡ</span> <span class='ocrx_word' id='word_1_4' title='bbox 1039 192 1170 219; x_wconf 84' lang='lat' dir='ltr'>INITIIS</span> <span class='ocrx_word' id='word_1_5' title='bbox 1200 192 1375 220; x_wconf 73' lang='lat' dir='ltr'>INTHERI</span> 
     </span>
    </p>
   </div>
   <div class='ocr_carea' id='block_1_2' title="bbox 76 261 1025 2228">
    <p class='ocr_par' dir='ltr' id='par_1_2' title="bbox 76 261 1019 524">
     <span class='ocr_line' id='line_1_2' title="bbox 129 261 1018 309; baseline -0.004 -8"><span class='ocrx_word' id='word_1_6' title='bbox 129 263 234 302; x_wconf 91' lang='lat' dir='ltr'>Obiit</span> <span class='ocrx_word' id='word_1_7' title='bbox 252 261 462 300; x_wconf 86' lang='lat' dir='ltr'>Richerius</span> <span class='ocrx_word' id='word_1_8' title='bbox 491 273 552 300; x_wconf 86' lang='lat' dir='ltr'>an.</span> <span class='ocrx_word' id='word_1_9' title='bbox 577 262 689 300; x_wconf 86' lang='lat'>1631.</span> <span class='ocrx_word' id='word_1_10' title='bbox 711 261 805 300; x_wconf 88' lang='lat' dir='ltr'>Eius</span> <span class='ocrx_word' id='word_1_11' title='bbox 825 262 1018 309; x_wconf 74' lang='lat' dir='ltr'>systema,</span> 
     </span>
     <span class='ocr_line' id='line_1_3' title="bbox 78 315 1018 367; baseline -0.006 -12"><span class='ocrx_word' id='word_1_12' title='bbox 78 317 178 367; x_wconf 87' lang='lat' dir='ltr'>quod</span> <span class='ocrx_word' id='word_1_13' title='bbox 200 316 468 355; x_wconf 78' lang='lat' dir='ltr'>Riclierismus</span> <span class='ocrx_word' id='word_1_14' title='bbox 488 315 676 364; x_wconf 84' lang='lat' dir='ltr'>appellari</span> <span class='ocrx_word' id='word_1_15' title='bbox 700 315 904 352; x_wconf 82' lang='lat' dir='ltr'>consuevit</span> <span class='ocrx_word' id='word_1_16' title='bbox 918 344 927 360; x_wconf 91' lang='lat'>‚</span> <span class='ocrx_word' id='word_1_17' title='bbox 947 326 1018 363; x_wconf 90' lang='lat' dir='ltr'>po-</span> 
     </span>
     <span class='ocr_line' id='line_1_4' title="bbox 76 368 1019 415; baseline -0.004 -7"><span class='ocrx_word' id='word_1_18' title='bbox 76 374 162 408; x_wconf 82' lang='lat' dir='ltr'>stea</span> <span class='ocrx_word' id='word_1_19' title='bbox 199 369 470 406; x_wconf 73' lang='lat' dir='ltr'>instaurarunt</span> <span class='ocrx_word' id='word_1_20' title='bbox 499 368 763 411; x_wconf 81' lang='lat' dir='ltr'>lansenistue,</span> <span class='ocrx_word' id='word_1_21' title='bbox 793 368 895 405; x_wconf 78' lang='lat' dir='ltr'>inter</span> <span class='ocrx_word' id='word_1_22' title='bbox 926 379 1019 415; x_wconf 87' lang='lat' dir='ltr'>quos</span> 
     </span>
     <span class='ocr_line' id='line_1_5' title="bbox 79 420 1017 466; baseline -0.003 -6"><span class='ocrx_word' id='word_1_23' title='bbox 79 422 324 466; x_wconf 86' lang='lat' dir='ltr'>Quesnellus,</span> <span class='ocrx_word' id='word_1_24' title='bbox 345 425 383 459; x_wconf 86' lang='lat' dir='ltr'>et</span> <span class='ocrx_word' id='word_1_25' title='bbox 405 433 473 459; x_wconf 89' lang='lat' dir='ltr'>nee</span> <span class='ocrx_word' id='word_1_26' title='bbox 494 422 717 459; x_wconf 81' lang='lat' dir='ltr'>canonistac</span> <span class='ocrx_word' id='word_1_27' title='bbox 738 420 935 465; x_wconf 81' lang='lat' dir='ltr'>Germani,</span> <span class='ocrx_word' id='word_1_28' title='bbox 956 421 1017 457; x_wconf 92' lang='lat' dir='ltr'>in-</span> 
     </span>
     <span class='ocr_line' id='line_1_6' title="bbox 77 475 941 524; baseline -0.003 -11"><span class='ocrx_word' id='word_1_29' title='bbox 77 478 139 514; x_wconf 90' lang='lat' dir='ltr'>ter</span> <span class='ocrx_word' id='word_1_30' title='bbox 161 488 254 524; x_wconf 88' lang='lat' dir='ltr'>quos</span> <span class='ocrx_word' id='word_1_31' title='bbox 274 475 488 512; x_wconf 81' lang='lat' dir='ltr'>Febronius</span> <span class='ocrx_word' id='word_1_32' title='bbox 509 475 653 524; x_wconf 86' lang='lat' dir='ltr'>primas</span> <span class='ocrx_word' id='word_1_33' title='bbox 674 479 804 523; x_wconf 85' lang='lat' dir='ltr'>partes</span> <span class='ocrx_word' id='word_1_34' title='bbox 825 477 941 511; x_wconf 79' lang='lat' dir='ltr'>tenet.</span> 
     </span>
    </p>

    <p class='ocr_par' dir='ltr' id='par_1_3' title="bbox 76 527 1025 2176">
     <span class='ocr_line' id='line_1_7' title="bbox 130 527 1018 576; baseline -0.003 -10"><span class='ocrx_word' id='word_1_35' title='bbox 130 529 273 566; x_wconf 89' lang='lat' dir='ltr'>Eodem</span> <span class='ocrx_word' id='word_1_36' title='bbox 297 528 377 565; x_wconf 77' lang='lat' dir='ltr'>fere</span> <span class='ocrx_word' id='word_1_37' title='bbox 397 531 585 576; x_wconf 89' lang='lat' dir='ltr'>tempore,</span> <span class='ocrx_word' id='word_1_38' title='bbox 606 539 681 575; x_wconf 87' lang='lat' dir='ltr'>quo</span> <span class='ocrx_word' id='word_1_39' title='bbox 702 527 928 571; x_wconf 77' lang='lat' dir='ltr'>Rirherius,</span> <span class='ocrx_word' id='word_1_40' title='bbox 952 538 1018 563; x_wconf 81' lang='lat' dir='ltr'>ve-</span> 
     </span>
     <span class='ocr_line' id='line_1_8' title="bbox 77 580 1019 629; baseline -0.003 -10"><span class='ocrx_word' id='word_1_41' title='bbox 77 593 160 619; x_wconf 83' lang='lat' dir='ltr'>ram</span> <span class='ocrx_word' id='word_1_42' title='bbox 182 582 228 618; x_wconf 90' lang='lat' dir='ltr'>de</span> <span class='ocrx_word' id='word_1_43' title='bbox 249 581 445 619; x_wconf 74' lang='lat' dir='ltr'>Ecclesiae</span> <span class='ocrx_word' id='word_1_44' title='bbox 467 580 659 629; x_wconf 75' lang='lat' dir='ltr'>regimine</span> <span class='ocrx_word' id='word_1_45' title='bbox 679 584 718 617; x_wconf 89' lang='lat' dir='ltr'>et</span> <span class='ocrx_word' id='word_1_46' title='bbox 746 580 1019 617; x_wconf 80' lang='lat' dir='ltr'>constitutione</span> 
     </span>
     <span class='ocr_line' id='line_1_9' title="bbox 77 632 1019 683; baseline -0.003 -11"><span class='ocrx_word' id='word_1_47' title='bbox 77 635 289 672; x_wconf 85' lang='lat' dir='ltr'>doctrinam</span> <span class='ocrx_word' id='word_1_48' title='bbox 312 635 555 683; x_wconf 75' lang='lat' dir='ltr'>impugnavit</span> <span class='ocrx_word' id='word_1_49' title='bbox 590 634 745 670; x_wconf 85' lang='lat' dir='ltr'>Marcus</span> <span class='ocrx_word' id='word_1_50' title='bbox 761 632 952 670; x_wconf 86' lang='lat' dir='ltr'>Antonius</span> <span class='ocrx_word' id='word_1_51' title='bbox 973 632 1019 669; x_wconf 91' lang='lat' dir='ltr'>de</span> 
     </span>
     <span class='ocr_line' id='line_1_10' title="bbox 78 685 1019 736; baseline -0.004 -11"><span class='ocrx_word' id='word_1_52' title='bbox 78 688 272 733; x_wconf 84' lang='lat' dir='ltr'>Dominis,</span> <span class='ocrx_word' id='word_1_53' title='bbox 292 688 356 736; x_wconf 88' lang='lat' dir='ltr'>qui</span> <span class='ocrx_word' id='word_1_54' title='bbox 377 688 514 724; x_wconf 78' lang='lat' dir='ltr'>relicta</span> <span class='ocrx_word' id='word_1_55' title='bbox 533 686 727 723; x_wconf 82' lang='lat' dir='ltr'>Societate</span> <span class='ocrx_word' id='word_1_56' title='bbox 753 686 838 722; x_wconf 87' lang='lat' dir='ltr'>Iesu</span> <span class='ocrx_word' id='word_1_57' title='bbox 855 715 864 731; x_wconf 86' lang='lat'><strong>‚</strong></span> <span class='ocrx_word' id='word_1_58' title='bbox 884 685 920 722; x_wconf 91' lang='lat' dir='ltr'>in</span> <span class='ocrx_word' id='word_1_59' title='bbox 940 697 1019 734; x_wconf 84' lang='lat' dir='ltr'>qua</span> 
     </span>
     <span class='ocr_line' id='line_1_11' title="bbox 76 738 1016 791; baseline -0.004 -12"><span class='ocrx_word' id='word_1_60' title='bbox 76 741 208 791; x_wconf 88' lang='lat' dir='ltr'>plures</span> <span class='ocrx_word' id='word_1_61' title='bbox 227 752 348 778; x_wconf 88' lang='lat' dir='ltr'>annos</span> <span class='ocrx_word' id='word_1_62' title='bbox 369 742 572 788; x_wconf 75' lang='lat' dir='ltr'>exegerat,</span> <span class='ocrx_word' id='word_1_63' title='bbox 594 740 755 788; x_wconf 85' lang='lat' dir='ltr'>adeptus</span> <span class='ocrx_word' id='word_1_64' title='bbox 785 743 843 776; x_wconf 85' lang='lat' dir='ltr'>est</span> <span class='ocrx_word' id='word_1_65' title='bbox 870 738 1016 787; x_wconf 87' lang='lat' dir='ltr'>episco-</span> 
     </span>
     <span class='ocr_line' id='line_1_12' title="bbox 78 791 1016 843; baseline -0.004 -12"><span class='ocrx_word' id='word_1_66' title='bbox 78 799 211 843; x_wconf 86' lang='lat' dir='ltr'>patum</span> <span class='ocrx_word' id='word_1_67' title='bbox 239 793 516 842; x_wconf 78' lang='lat' dir='ltr'>Seguiensem,</span> <span class='ocrx_word' id='word_1_68' title='bbox 542 793 677 829; x_wconf 90' lang='lat' dir='ltr'>deinde</span> <span class='ocrx_word' id='word_1_69' title='bbox 703 791 1016 840; x_wconf 83' lang='lat' dir='ltr'>archiepiscopa-</span> 
     </span>
     <span class='ocr_line' id='line_1_13' title="bbox 77 844 1020 895; baseline -0.004 -10"><span class='ocrx_word' id='word_1_70' title='bbox 77 850 159 885; x_wconf 90' lang='lat' dir='ltr'>tum</span> <span class='ocrx_word' id='word_1_71' title='bbox 188 847 458 895; x_wconf 81' lang='lat' dir='ltr'>Spalatensem</span> <span class='ocrx_word' id='word_1_72' title='bbox 489 847 526 882; x_wconf 91' lang='lat' dir='ltr'>in</span> <span class='ocrx_word' id='word_1_73' title='bbox 549 846 754 883; x_wconf 81' lang='lat' dir='ltr'>Dalmatia.</span> <span class='ocrx_word' id='word_1_74' title='bbox 782 847 895 882; x_wconf 87' lang='lat' dir='ltr'>Anno</span> <span class='ocrx_word' id='word_1_75' title='bbox 919 844 1020 882; x_wconf 87' lang='lat'>1616</span> 
     </span>
     <span class='ocr_line' id='line_1_14' title="bbox 79 898 1021 949; baseline -0.003 -12"><span class='ocrx_word' id='word_1_76' title='bbox 79 911 148 949; x_wconf 90' lang='lat' dir='ltr'>pro</span> <span class='ocrx_word' id='word_1_77' title='bbox 167 900 301 937; x_wconf 85' lang='lat' dir='ltr'>innata</span> <span class='ocrx_word' id='word_1_78' title='bbox 321 900 389 937; x_wconf 89' lang='lat' dir='ltr'>sibi</span> <span class='ocrx_word' id='word_1_79' title='bbox 412 899 698 948; x_wconf 88' lang='lat' dir='ltr'>inquietudine,</span> <span class='ocrx_word' id='word_1_80' title='bbox 721 898 854 935; x_wconf 89' lang='lat' dir='ltr'>relicto</span> <span class='ocrx_word' id='word_1_81' title='bbox 874 898 1021 935; x_wconf 86' lang='lat' dir='ltr'>archie-</span> 
     </span>
     <span class='ocr_line' id='line_1_15' title="bbox 78 951 1020 1003; baseline -0.004 -12"><span class='ocrx_word' id='word_1_82' title='bbox 78 953 279 1003; x_wconf 89' lang='lat' dir='ltr'>piscopatu</span> <span class='ocrx_word' id='word_1_83' title='bbox 294 983 302 999; x_wconf 88' lang='lat'>,</span> <span class='ocrx_word' id='word_1_84' title='bbox 323 952 537 1001; x_wconf 77' lang='lat' dir='ltr'>transfugit</span> <span class='ocrx_word' id='word_1_85' title='bbox 556 951 801 1000; x_wconf 81' lang='lat' dir='ltr'>inAngliam‚</span> <span class='ocrx_word' id='word_1_86' title='bbox 822 951 885 988; x_wconf 92' lang='lat' dir='ltr'>ubi</span> <span class='ocrx_word' id='word_1_87' title='bbox 906 951 942 987; x_wconf 94' lang='lat' dir='ltr'>in</span> <span class='ocrx_word' id='word_1_88' title='bbox 965 951 1020 988; x_wconf 89' lang='lat' dir='ltr'>lu-</span> 
     </span>
     <span class='ocr_line' id='line_1_16' title="bbox 78 1005 1021 1055; baseline -0.004 -11"><span class='ocrx_word' id='word_1_89' title='bbox 78 1019 163 1044; x_wconf 89' lang='lat' dir='ltr'>cem</span> <span class='ocrx_word' id='word_1_90' title='bbox 192 1006 299 1044; x_wconf 84' lang='lat' dir='ltr'>dedit</span> <span class='ocrx_word' id='word_1_91' title='bbox 327 1018 422 1055; x_wconf 89' lang='lat' dir='ltr'>opus</span> <span class='ocrx_word' id='word_1_92' title='bbox 451 1006 703 1054; x_wconf 86' lang='lat' dir='ltr'>inscriptum:</span> <span class='ocrx_word' id='word_1_93' title='bbox 724 1005 783 1043; x_wconf 89' lang='lat' dir='ltr'>De</span> <span class='ocrx_word' id='word_1_94' title='bbox 811 1005 1021 1054; x_wconf 68' lang='lat' dir='ltr'>republica</span> 
     </span>
     <span class='ocr_line' id='line_1_17' title="bbox 77 1057 1020 1107; baseline -0.003 -10"><span class='ocrx_word' id='word_1_95' title='bbox 77 1061 351 1097; x_wconf 75' lang='lat' dir='ltr'>ecclesiastica</span> <span class='ocrx_word' id='word_1_96' title='bbox 376 1057 398 1096; x_wconf 82' lang='lat'>¹.</span> <span class='ocrx_word' id='word_1_97' title='bbox 427 1059 463 1097; x_wconf 88' lang='lat' dir='ltr'>Is</span> <span class='ocrx_word' id='word_1_98' title='bbox 488 1058 708 1104; x_wconf 80' lang='lat' dir='ltr'>contendit,</span> <span class='ocrx_word' id='word_1_99' title='bbox 739 1058 913 1107; x_wconf 86' lang='lat' dir='ltr'>regimen</span> <span class='ocrx_word' id='word_1_100' title='bbox 944 1058 1020 1094; x_wconf 83' lang='lat' dir='ltr'>Ec-</span> 
     </span>
     <span class='ocr_line' id='line_1_18' title="bbox 77 1111 1019 1151; baseline -0.003 -1"><span class='ocrx_word' id='word_1_101' title='bbox 77 1112 220 1151; x_wconf 88' lang='lat' dir='ltr'>clesiae</span> <span class='ocrx_word' id='word_1_102' title='bbox 240 1125 260 1150; x_wconf 89' lang='lat' dir='ltr'>e</span> <span class='ocrx_word' id='word_1_103' title='bbox 289 1124 359 1150; x_wconf 88' lang='lat' dir='ltr'>sua</span> <span class='ocrx_word' id='word_1_104' title='bbox 387 1112 630 1149; x_wconf 83' lang='lat' dir='ltr'>institutione</span> <span class='ocrx_word' id='word_1_105' title='bbox 660 1123 743 1149; x_wconf 85' lang='lat' dir='ltr'>esse</span> <span class='ocrx_word' id='word_1_106' title='bbox 773 1111 1019 1149; x_wconf 85' lang='lat' dir='ltr'>aristocrati-</span> 
     </span>
     <span class='ocr_line' id='line_1_19' title="bbox 78 1165 1019 1213; baseline -0.003 -9"><span class='ocrx_word' id='word_1_107' title='bbox 78 1178 188 1213; x_wconf 83' lang='lat' dir='ltr'>cum3</span> <span class='ocrx_word' id='word_1_108' title='bbox 210 1167 370 1204; x_wconf 86' lang='lat' dir='ltr'>Petrum</span> <span class='ocrx_word' id='word_1_109' title='bbox 393 1177 466 1202; x_wconf 91' lang='lat' dir='ltr'>non</span> <span class='ocrx_word' id='word_1_110' title='bbox 488 1165 605 1202; x_wconf 85' lang='lat' dir='ltr'>fuisse</span> <span class='ocrx_word' id='word_1_111' title='bbox 626 1165 840 1213; x_wconf 87' lang='lat' dir='ltr'>principem</span> <span class='ocrx_word' id='word_1_112' title='bbox 861 1165 1019 1213; x_wconf 88' lang='lat' dir='ltr'>Aposto-</span> 
     </span>
     <span class='ocr_line' id='line_1_20' title="bbox 77 1217 1020 1267; baseline -0.003 -10"><span class='ocrx_word' id='word_1_113' title='bbox 77 1219 224 1265; x_wconf 89' lang='lat' dir='ltr'>lorum,</span> <span class='ocrx_word' id='word_1_114' title='bbox 244 1219 310 1257; x_wconf 92' lang='lat' dir='ltr'>sed</span> <span class='ocrx_word' id='word_1_115' title='bbox 341 1219 399 1256; x_wconf 92' lang='lat' dir='ltr'>his</span> <span class='ocrx_word' id='word_1_116' title='bbox 427 1217 648 1267; x_wconf 87' lang='lat' dir='ltr'>aequalem;</span> <span class='ocrx_word' id='word_1_117' title='bbox 670 1218 819 1267; x_wconf 81' lang='lat' dir='ltr'>Papam</span> <span class='ocrx_word' id='word_1_118' title='bbox 846 1230 920 1255; x_wconf 87' lang='lat' dir='ltr'>non</span> <span class='ocrx_word' id='word_1_119' title='bbox 946 1218 1020 1254; x_wconf 89' lang='lat' dir='ltr'>ha-</span> 
     </span>
     <span class='ocr_line' id='line_1_21' title="bbox 77 1271 1023 1322; baseline -0.002 -12"><span class='ocrx_word' id='word_1_120' title='bbox 77 1273 169 1310; x_wconf 89' lang='lat' dir='ltr'>bere</span> <span class='ocrx_word' id='word_1_121' title='bbox 210 1275 442 1322; x_wconf 87' lang='lat' dir='ltr'>potestatem</span> <span class='ocrx_word' id='word_1_122' title='bbox 480 1272 519 1308; x_wconf 89' lang='lat' dir='ltr'>in</span> <span class='ocrx_word' id='word_1_123' title='bbox 555 1272 776 1320; x_wconf 82' lang='lat' dir='ltr'>episcopos3</span> <span class='ocrx_word' id='word_1_124' title='bbox 810 1271 1023 1320; x_wconf 89' lang='lat' dir='ltr'>quemlibet</span> 
     </span>
     <span class='ocr_line' id='line_1_22' title="bbox 79 1325 1022 1375; baseline -0.003 -11"><span class='ocrx_word' id='word_1_125' title='bbox 79 1326 302 1375; x_wconf 90' lang='lat' dir='ltr'>episcopum</span> <span class='ocrx_word' id='word_1_126' title='bbox 324 1326 361 1362; x_wconf 92' lang='lat' dir='ltr'>in</span> <span class='ocrx_word' id='word_1_127' title='bbox 382 1337 453 1362; x_wconf 93' lang='lat' dir='ltr'>sua</span> <span class='ocrx_word' id='word_1_128' title='bbox 473 1325 639 1362; x_wconf 91' lang='lat' dir='ltr'>dioecesi</span> <span class='ocrx_word' id='word_1_129' title='bbox 658 1337 741 1362; x_wconf 91' lang='lat' dir='ltr'>esse</span> <span class='ocrx_word' id='word_1_130' title='bbox 763 1326 1022 1371; x_wconf 82' lang='lat' dir='ltr'>monarcham3</span> 
     </span>
     <span class='ocr_line' id='line_1_23' title="bbox 77 1378 1021 1429; baseline -0.001 -13"><span class='ocrx_word' id='word_1_131' title='bbox 77 1379 229 1429; x_wconf 85' lang='lat' dir='ltr'>plebem</span> <span class='ocrx_word' id='word_1_132' title='bbox 256 1378 506 1416; x_wconf 76' lang='lat' dir='ltr'>christianam</span> <span class='ocrx_word' id='word_1_133' title='bbox 536 1390 584 1416; x_wconf 80' lang='lat' dir='ltr'>ex</span> <span class='ocrx_word' id='word_1_134' title='bbox 613 1378 857 1416; x_wconf 90' lang='lat' dir='ltr'>institutione</span> <span class='ocrx_word' id='word_1_135' title='bbox 888 1378 1021 1415; x_wconf 88' lang='lat' dir='ltr'>divina</span> 
     </span>
     <span class='ocr_line' id='line_1_24' title="bbox 77 1432 1023 1481; baseline -0.001 -11"><span class='ocrx_word' id='word_1_136' title='bbox 77 1433 222 1470; x_wconf 90' lang='lat' dir='ltr'>habere</span> <span class='ocrx_word' id='word_1_137' title='bbox 240 1432 301 1470; x_wconf 91' lang='lat' dir='ltr'>ius</span> <span class='ocrx_word' id='word_1_138' title='bbox 320 1432 488 1481; x_wconf 88' lang='lat' dir='ltr'>eligendi</span> <span class='ocrx_word' id='word_1_139' title='bbox 517 1443 648 1469; x_wconf 88' lang='lat' dir='ltr'>sacros</span> <span class='ocrx_word' id='word_1_140' title='bbox 678 1432 894 1478; x_wconf 88' lang='lat' dir='ltr'>ministros,</span> <span class='ocrx_word' id='word_1_141' title='bbox 926 1432 1023 1469; x_wconf 87' lang='lat' dir='ltr'>eius-</span> 
     </span>
     <span class='ocr_line' id='line_1_25' title="bbox 78 1485 1024 1535; baseline 0 -13"><span class='ocrx_word' id='word_1_142' title='bbox 78 1498 152 1535; x_wconf 89' lang='lat' dir='ltr'>que</span> <span class='ocrx_word' id='word_1_143' title='bbox 172 1497 399 1524; x_wconf 89' lang='lat' dir='ltr'>consensum</span> <span class='ocrx_word' id='word_1_144' title='bbox 420 1485 457 1522; x_wconf 91' lang='lat' dir='ltr'>in</span> <span class='ocrx_word' id='word_1_145' title='bbox 474 1485 652 1534; x_wconf 85' lang='lat' dir='ltr'>eligendo</span> <span class='ocrx_word' id='word_1_146' title='bbox 668 1485 845 1535; x_wconf 86' lang='lat' dir='ltr'>episcopo</span> <span class='ocrx_word' id='word_1_147' title='bbox 865 1497 947 1523; x_wconf 90' lang='lat' dir='ltr'>esse</span> <span class='ocrx_word' id='word_1_148' title='bbox 970 1497 1024 1522; x_wconf 86' lang='lat' dir='ltr'>re-</span> 
     </span>
     <span class='ocr_line' id='line_1_26' title="bbox 78 1538 1025 1588; baseline 0 -12"><span class='ocrx_word' id='word_1_149' title='bbox 78 1540 322 1588; x_wconf 87' lang='lat' dir='ltr'>quirendum.</span> <span class='ocrx_word' id='word_1_150' title='bbox 353 1539 436 1576; x_wconf 90' lang='lat' dir='ltr'>Hoc</span> <span class='ocrx_word' id='word_1_151' title='bbox 464 1551 560 1587; x_wconf 91' lang='lat' dir='ltr'>opus</span> <span class='ocrx_word' id='word_1_152' title='bbox 588 1538 773 1576; x_wconf 87' lang='lat' dir='ltr'>Facultas</span> <span class='ocrx_word' id='word_1_153' title='bbox 805 1539 1025 1588; x_wconf 78' lang='lat' dir='ltr'>theologica</span> 
     </span>
     <span class='ocr_line' id='line_1_27' title="bbox 78 1592 1022 1641; baseline -0.001 -11"><span class='ocrx_word' id='word_1_154' title='bbox 78 1593 311 1630; x_wconf 88' lang='lat' dir='ltr'>Parisiensis</span> <span class='ocrx_word' id='word_1_155' title='bbox 338 1604 400 1630; x_wconf 92' lang='lat' dir='ltr'>an.</span> <span class='ocrx_word' id='word_1_156' title='bbox 438 1592 538 1629; x_wconf 82' lang='lat'>1617</span> <span class='ocrx_word' id='word_1_157' title='bbox 572 1604 735 1629; x_wconf 77' lang='lat' dir='ltr'>censura</span> <span class='ocrx_word' id='word_1_158' title='bbox 777 1592 1022 1641; x_wconf 73' lang='lat' dir='ltr'>perstrinxit.</span> 
     </span>
     <span class='ocr_line' id='line_1_28' title="bbox 79 1645 1023 1694; baseline -0.001 -11"><span class='ocrx_word' id='word_1_159' title='bbox 79 1646 176 1684; x_wconf 91' lang='lat' dir='ltr'>Eius</span> <span class='ocrx_word' id='word_1_160' title='bbox 192 1649 329 1683; x_wconf 88' lang='lat' dir='ltr'>auctor</span> <span class='ocrx_word' id='word_1_161' title='bbox 338 1648 423 1694; x_wconf 88' lang='lat' dir='ltr'>post</span> <span class='ocrx_word' id='word_1_162' title='bbox 434 1657 576 1694; x_wconf 86' lang='lat' dir='ltr'>paucos</span> <span class='ocrx_word' id='word_1_163' title='bbox 589 1657 709 1682; x_wconf 89' lang='lat' dir='ltr'>annos</span> <span class='ocrx_word' id='word_1_164' title='bbox 717 1645 881 1682; x_wconf 87' lang='lat' dir='ltr'>Londini</span> <span class='ocrx_word' id='word_1_165' title='bbox 895 1647 1023 1694; x_wconf 90' lang='lat' dir='ltr'>palam</span> 
     </span>
     <span class='ocr_line' id='line_1_29' title="bbox 79 1699 1022 1747; baseline -0.001 -11"><span class='ocrx_word' id='word_1_166' title='bbox 79 1700 296 1738; x_wconf 89' lang='lat' dir='ltr'>detestatus</span> <span class='ocrx_word' id='word_1_167' title='bbox 329 1702 390 1736; x_wconf 90' lang='lat' dir='ltr'>est</span> <span class='ocrx_word' id='word_1_168' title='bbox 418 1699 606 1747; x_wconf 85' lang='lat' dir='ltr'>quidquid</span> <span class='ocrx_word' id='word_1_169' title='bbox 636 1701 771 1736; x_wconf 88' lang='lat' dir='ltr'>contra</span> <span class='ocrx_word' id='word_1_170' title='bbox 805 1699 1022 1736; x_wconf 80' lang='lat' dir='ltr'>Ecclesiam</span> 
     </span>
     <span class='ocr_line' id='line_1_30' title="bbox 79 1752 1020 1801; baseline -0.002 -11"><span class='ocrx_word' id='word_1_171' title='bbox 79 1752 245 1790; x_wconf 81' lang='lat' dir='ltr'>dixisset</span> <span class='ocrx_word' id='word_1_172' title='bbox 272 1754 388 1800; x_wconf 86' lang='lat' dir='ltr'>atque</span> <span class='ocrx_word' id='word_1_173' title='bbox 416 1752 646 1801; x_wconf 85' lang='lat' dir='ltr'>scripsisset.</span> <span class='ocrx_word' id='word_1_174' title='bbox 678 1752 824 1790; x_wconf 86' lang='lat' dir='ltr'>Deinde</span> <span class='ocrx_word' id='word_1_175' title='bbox 854 1753 1020 1790; x_wconf 85' lang='lat' dir='ltr'>Romam</span> 
     </span>
     <span class='ocr_line' id='line_1_31' title="bbox 78 1805 1021 1855; baseline -0.001 -12"><span class='ocrx_word' id='word_1_176' title='bbox 78 1805 290 1855; x_wconf 87' lang='lat' dir='ltr'>profectus,</span> <span class='ocrx_word' id='word_1_177' title='bbox 305 1817 366 1843; x_wconf 90' lang='lat' dir='ltr'>an.</span> <span class='ocrx_word' id='word_1_178' title='bbox 382 1805 482 1843; x_wconf 73' lang='grc'><strong>1623</strong></span> <span class='ocrx_word' id='word_1_179' title='bbox 502 1817 633 1842; x_wconf 88' lang='lat' dir='ltr'>coram</span> <span class='ocrx_word' id='word_1_180' title='bbox 654 1805 843 1854; x_wconf 83' lang='lat' dir='ltr'>Gregorio</span> <span class='ocrx_word' id='word_1_181' title='bbox 864 1807 933 1854; x_wconf 84' lang='lat' dir='ltr'>Pp.</span> <span class='ocrx_word' id='word_1_182' title='bbox 945 1806 1021 1842; x_wconf 83' lang='lat' dir='ltr'>XV</span> 
     </span>
     <span class='ocr_line' id='line_1_32' title="bbox 80 1858 1023 1905; baseline -0.002 -8"><span class='ocrx_word' id='word_1_183' title='bbox 80 1871 233 1897; x_wconf 84' lang='lat' dir='ltr'>errores</span> <span class='ocrx_word' id='word_1_184' title='bbox 253 1871 343 1897; x_wconf 91' lang='lat' dir='ltr'>suos</span> <span class='ocrx_word' id='word_1_185' title='bbox 363 1858 576 1904; x_wconf 82' lang='lat' dir='ltr'>abiuravit,</span> <span class='ocrx_word' id='word_1_186' title='bbox 592 1859 712 1895; x_wconf 88' lang='lat' dir='ltr'>libros</span> <span class='ocrx_word' id='word_1_187' title='bbox 733 1859 949 1905; x_wconf 84' lang='lat' dir='ltr'>damnavit,</span> <span class='ocrx_word' id='word_1_188' title='bbox 962 1871 1023 1896; x_wconf 89' lang='lat' dir='ltr'>ve-</span> 
     </span>
     <span class='ocr_line' id='line_1_33' title="bbox 80 1912 1023 1961; baseline -0.001 -11"><span class='ocrx_word' id='word_1_189' title='bbox 80 1912 261 1961; x_wconf 87' lang='lat' dir='ltr'>niamque</span> <span class='ocrx_word' id='word_1_190' title='bbox 277 1912 439 1961; x_wconf 86' lang='lat' dir='ltr'>accepit.</span> <span class='ocrx_word' id='word_1_191' title='bbox 450 1912 543 1949; x_wconf 86' lang='lat' dir='ltr'>Cum</span> <span class='ocrx_word' id='word_1_192' title='bbox 562 1923 656 1949; x_wconf 77' lang='lat' dir='ltr'>vero</span> <span class='ocrx_word' id='word_1_193' title='bbox 671 1912 780 1950; x_wconf 86' lang='lat' dir='ltr'>brevi</span> <span class='ocrx_word' id='word_1_194' title='bbox 797 1917 882 1960; x_wconf 88' lang='lat' dir='ltr'>post</span> <span class='ocrx_word' id='word_1_195' title='bbox 895 1913 1023 1949; x_wconf 90' lang='lat' dir='ltr'>inter-</span> 
     </span>
     <span class='ocr_line' id='line_1_34' title="bbox 80 1966 1022 2014; baseline 0 -11"><span class='ocrx_word' id='word_1_196' title='bbox 80 1971 214 2014; x_wconf 85' lang='lat' dir='ltr'>ceptae</span> <span class='ocrx_word' id='word_1_197' title='bbox 228 1966 386 2004; x_wconf 86' lang='lat' dir='ltr'>litterae</span> <span class='ocrx_word' id='word_1_198' title='bbox 402 1968 620 2013; x_wconf 79' lang='lat' dir='ltr'>suspectam</span> <span class='ocrx_word' id='word_1_199' title='bbox 639 1966 846 2003; x_wconf 82' lang='lat' dir='ltr'>redderent</span> <span class='ocrx_word' id='word_1_200' title='bbox 861 1966 945 2003; x_wconf 90' lang='lat' dir='ltr'>eius</span> <span class='ocrx_word' id='word_1_201' title='bbox 962 1978 1022 2014; x_wconf 87' lang='lat' dir='ltr'>pa—</span> 
     </span>
     <span class='ocr_line' id='line_1_35' title="bbox 81 2019 1023 2064; baseline 0 -8"><span class='ocrx_word' id='word_1_202' title='bbox 81 2019 280 2064; x_wconf 82' lang='lat' dir='ltr'>linodiam,</span> <span class='ocrx_word' id='word_1_203' title='bbox 296 2019 445 2057; x_wconf 84' lang='lat' dir='ltr'>Urbani</span> <span class='ocrx_word' id='word_1_204' title='bbox 457 2019 550 2056; x_wconf 85' lang='lat' dir='ltr'>VIII</span> <span class='ocrx_word' id='word_1_205' title='bbox 562 2019 746 2056; x_wconf 89' lang='lat' dir='ltr'>mandato</span> <span class='ocrx_word' id='word_1_206' title='bbox 762 2019 842 2056; x_wconf 89' lang='lat' dir='ltr'>arci</span> <span class='ocrx_word' id='word_1_207' title='bbox 861 2019 1023 2056; x_wconf 81' lang='lat' dir='ltr'>Hadria—</span> 
     </span>
     <span class='ocr_line' id='line_1_36' title="bbox 81 2072 1020 2121; baseline -0.001 -11"><span class='ocrx_word' id='word_1_208' title='bbox 81 2085 155 2110; x_wconf 90' lang='lat' dir='ltr'>nae</span> <span class='ocrx_word' id='word_1_209' title='bbox 176 2073 350 2110; x_wconf 91' lang='lat' dir='ltr'>inclusus</span> <span class='ocrx_word' id='word_1_210' title='bbox 369 2072 466 2118; x_wconf 85' lang='lat' dir='ltr'>fuit,</span> <span class='ocrx_word' id='word_1_211' title='bbox 486 2073 526 2109; x_wconf 91' lang='lat' dir='ltr'>in</span> <span class='ocrx_word' id='word_1_212' title='bbox 546 2084 622 2121; x_wconf 90' lang='lat' dir='ltr'>qua</span> <span class='ocrx_word' id='word_1_213' title='bbox 643 2073 689 2109; x_wconf 91' lang='lat' dir='ltr'>ad</span> <span class='ocrx_word' id='word_1_214' title='bbox 714 2072 912 2109; x_wconf 89' lang='lat' dir='ltr'>meliorem</span> <span class='ocrx_word' id='word_1_215' title='bbox 933 2073 1020 2110; x_wconf 87' lang='lat' dir='ltr'>fru-</span> 
     </span>
     <span class='ocr_line' id='line_1_37' title="bbox 82 2125 910 2176; baseline -0.002 -12"><span class='ocrx_word' id='word_1_216' title='bbox 82 2138 169 2176; x_wconf 86' lang='lat' dir='ltr'>gem</span> <span class='ocrx_word' id='word_1_217' title='bbox 190 2138 231 2164; x_wconf 89' lang='lat' dir='ltr'>se</span> <span class='ocrx_word' id='word_1_218' title='bbox 251 2126 409 2175; x_wconf 87' lang='lat' dir='ltr'>recepit,</span> <span class='ocrx_word' id='word_1_219' title='bbox 428 2129 467 2162; x_wconf 91' lang='lat' dir='ltr'>et</span> <span class='ocrx_word' id='word_1_220' title='bbox 486 2137 548 2162; x_wconf 89' lang='lat' dir='ltr'>an.</span> <span class='ocrx_word' id='word_1_221' title='bbox 578 2125 677 2163; x_wconf 69' lang='grc'><strong>1625</strong></span> <span class='ocrx_word' id='word_1_222' title='bbox 698 2125 864 2163; x_wconf 81' lang='lat' dir='ltr'>decessit</span> <span class='ocrx_word' id='word_1_223' title='bbox 883 2125 910 2163; x_wconf 80' lang='lat'>2.</span> 
     </span>
    </p>

    <p class='ocr_par' dir='ltr' id='par_1_4' title="bbox 101 2179 1021 2228">
     <span class='ocr_line' id='line_1_38' title="bbox 101 2179 1021 2228; baseline -0.001 -11"><span class='ocrx_word' id='word_1_224' title='bbox 101 2180 197 2218; x_wconf 85' lang='lat'>-87.</span> <span class='ocrx_word' id='word_1_225' title='bbox 222 2180 407 2217; x_wconf 80' lang='lat' dir='ltr'>Galz&#39;leus</span> <span class='ocrx_word' id='word_1_226' title='bbox 423 2200 470 2206; x_wconf 94' lang='lat'><strong>—</strong></span> <span class='ocrx_word' id='word_1_227' title='bbox 487 2179 629 2216; x_wconf 88' lang='lat' dir='ltr'>Iisdem</span> <span class='ocrx_word' id='word_1_228' title='bbox 656 2179 895 2228; x_wconf 81' lang='lat' dir='ltr'>temporibus</span> <span class='ocrx_word' id='word_1_229' title='bbox 933 2190 1021 2216; x_wconf 88' lang='lat' dir='ltr'>cum</span> 
     </span>
    </p>
   </div>
   <div class='ocr_carea' id='block_1_3' title="bbox 82 2232 1038 2281">
    <p class='ocr_par' dir='ltr' id='par_1_5' title="bbox 82 2232 1038 2281">
     <span class='ocr_line' id='line_1_39' title="bbox 82 2232 1038 2281; baseline 0 -11"><span class='ocrx_word' id='word_1_230' title='bbox 82 2233 120 2270; x_wconf 92' lang='lat' dir='ltr'>S.</span> <span class='ocrx_word' id='word_1_231' title='bbox 138 2232 402 2281; x_wconf 86' lang='lat' dir='ltr'>Inquisitionis</span> <span class='ocrx_word' id='word_1_232' title='bbox 421 2232 554 2269; x_wconf 82' lang='lat' dir='ltr'>Officio</span> <span class='ocrx_word' id='word_1_233' title='bbox 575 2232 774 2281; x_wconf 82' lang='lat' dir='ltr'>negotium</span> <span class='ocrx_word' id='word_1_234' title='bbox 795 2232 933 2270; x_wconf 83' lang='lat' dir='ltr'>habuit</span> <span class='ocrx_word' id='word_1_235' title='bbox 953 2233 1038 2274; x_wconf 61' lang='lat' dir='ltr'>G32„</span> 
     </span>
    </p>
   </div>
   <div class='ocr_carea' id='block_1_4' title="bbox 83 2285 1025 3185">
    <p class='ocr_par' dir='ltr' id='par_1_6' title="bbox 83 2285 1025 3185">
     <span class='ocr_line' id='line_1_40' title="bbox 83 2285 1025 2332; baseline -0.001 -9"><span class='ocrx_word' id='word_1_236' title='bbox 83 2286 207 2332; x_wconf 89' lang='lat' dir='ltr'>lilens,</span> <span class='ocrx_word' id='word_1_237' title='bbox 226 2286 477 2331; x_wconf 85' lang='lat' dir='ltr'>florentinus,</span> <span class='ocrx_word' id='word_1_238' title='bbox 494 2285 749 2322; x_wconf 86' lang='lat' dir='ltr'>scientiarum</span> <span class='ocrx_word' id='word_1_239' title='bbox 771 2286 1025 2323; x_wconf 86' lang='lat' dir='ltr'>mathemati-</span> 
     </span>
     <span class='ocr_line' id='line_1_41' title="bbox 85 2339 1023 2388; baseline 0 -12"><span class='ocrx_word' id='word_1_240' title='bbox 85 2351 218 2376; x_wconf 88' lang='lat' dir='ltr'>carum</span> <span class='ocrx_word' id='word_1_241' title='bbox 233 2342 273 2376; x_wconf 88' lang='lat' dir='ltr'>et</span> <span class='ocrx_word' id='word_1_242' title='bbox 292 2339 540 2388; x_wconf 71' lang='lat' dir='ltr'>physicarum</span> <span class='ocrx_word' id='word_1_243' title='bbox 558 2339 756 2387; x_wconf 82' lang='lat' dir='ltr'>magister,</span> <span class='ocrx_word' id='word_1_244' title='bbox 772 2339 871 2388; x_wconf 92' lang='lat' dir='ltr'>quod</span> <span class='ocrx_word' id='word_1_245' title='bbox 894 2343 1023 2388; x_wconf 68' lang='lat' dir='ltr'>syste-</span> 
     </span>
     <span class='ocr_line' id='line_1_42' title="bbox 85 2392 1021 2442; baseline 0 -13"><span class='ocrx_word' id='word_1_246' title='bbox 85 2403 147 2429; x_wconf 87' lang='lat' dir='ltr'>ma</span> <span class='ocrx_word' id='word_1_247' title='bbox 163 2392 364 2442; x_wconf 85' lang='lat' dir='ltr'>Copernici</span> <span class='ocrx_word' id='word_1_248' title='bbox 385 2393 431 2430; x_wconf 90' lang='lat' dir='ltr'>de</span> <span class='ocrx_word' id='word_1_249' title='bbox 446 2392 672 2442; x_wconf 86' lang='lat' dir='ltr'>quotidiano</span> <span class='ocrx_word' id='word_1_250' title='bbox 693 2396 732 2429; x_wconf 88' lang='lat' dir='ltr'>et</span> <span class='ocrx_word' id='word_1_251' title='bbox 746 2405 876 2429; x_wconf 89' lang='lat' dir='ltr'>annuo</span> <span class='ocrx_word' id='word_1_252' title='bbox 894 2395 1021 2430; x_wconf 80' lang='lat' dir='ltr'>terrae</span> 
     </span>
     <span class='ocr_line' id='line_1_43' title="bbox 86 2445 1024 2494; baseline 0.002 -12"><span class='ocrx_word' id='word_1_253' title='bbox 86 2448 192 2483; x_wconf 88' lang='lat' dir='ltr'>motu</span> <span class='ocrx_word' id='word_1_254' title='bbox 238 2447 424 2494; x_wconf 85' lang='lat' dir='ltr'>tanquam</span> <span class='ocrx_word' id='word_1_255' title='bbox 464 2446 670 2482; x_wconf 86' lang='lat' dir='ltr'>veritatem</span> <span class='ocrx_word' id='word_1_256' title='bbox 689 2475 697 2491; x_wconf 82' lang='lat'>,</span> <span class='ocrx_word' id='word_1_257' title='bbox 726 2457 774 2483; x_wconf 91' lang='lat' dir='ltr'>ss.</span> <span class='ocrx_word' id='word_1_258' title='bbox 814 2445 1024 2494; x_wconf 86' lang='lat' dir='ltr'>Scripturis</span> 
     </span>
     <span class='ocr_line' id='line_1_44' title="bbox 84 2499 1024 2547; baseline 0 -11"><span class='ocrx_word' id='word_1_259' title='bbox 84 2500 384 2536; x_wconf 82' lang='lat' dir='ltr'>consentaneam</span> <span class='ocrx_word' id='word_1_260' title='bbox 406 2501 446 2536; x_wconf 89' lang='lat' dir='ltr'>et</span> <span class='ocrx_word' id='word_1_261' title='bbox 465 2501 632 2536; x_wconf 88' lang='lat' dir='ltr'>naturae</span> <span class='ocrx_word' id='word_1_262' title='bbox 653 2499 931 2547; x_wconf 83' lang='lat' dir='ltr'>phoenomenis</span> <span class='ocrx_word' id='word_1_263' title='bbox 961 2500 1024 2536; x_wconf 90' lang='lat' dir='ltr'>de-</span> 
     </span>
     <span class='ocr_line' id='line_1_45' title="bbox 86 2551 1022 2598; baseline 0 -9"><span class='ocrx_word' id='word_1_264' title='bbox 86 2555 360 2598; x_wconf 85' lang='lat' dir='ltr'>monstratam,</span> <span class='ocrx_word' id='word_1_265' title='bbox 381 2551 612 2589; x_wconf 87' lang='lat' dir='ltr'>defenderet.</span> <span class='ocrx_word' id='word_1_266' title='bbox 634 2552 864 2590; x_wconf 91' lang='lat' dir='ltr'>Huiusmodi</span> <span class='ocrx_word' id='word_1_267' title='bbox 893 2564 1022 2590; x_wconf 89' lang='lat' dir='ltr'>asser-</span> 
     </span>
     <span class='ocr_line' id='line_1_46' title="bbox 86 2605 1023 2654; baseline -0.001 -11"><span class='ocrx_word' id='word_1_268' title='bbox 86 2606 211 2643; x_wconf 85' lang='lat' dir='ltr'>tiones</span> <span class='ocrx_word' id='word_1_269' title='bbox 227 2617 294 2654; x_wconf 86' lang='lat' dir='ltr'>pro</span> <span class='ocrx_word' id='word_1_270' title='bbox 315 2606 421 2642; x_wconf 79' lang='lat' dir='ltr'>statu</span> <span class='ocrx_word' id='word_1_271' title='bbox 436 2605 685 2642; x_wconf 85' lang='lat' dir='ltr'>scientiarum</span> <span class='ocrx_word' id='word_1_272' title='bbox 706 2605 820 2643; x_wconf 88' lang='lat' dir='ltr'>huius</span> <span class='ocrx_word' id='word_1_273' title='bbox 840 2606 1023 2654; x_wconf 88' lang='lat' dir='ltr'>temporis</span> 
     </span>
     <span class='ocr_line' id='line_1_47' title="bbox 86 2657 1022 2708; baseline -0.001 -11"><span class='ocrx_word' id='word_1_274' title='bbox 86 2659 225 2697; x_wconf 83' lang='lat' dir='ltr'>saltem</span> <span class='ocrx_word' id='word_1_275' title='bbox 247 2660 359 2695; x_wconf 87' lang='lat' dir='ltr'>erant</span> <span class='ocrx_word' id='word_1_276' title='bbox 379 2657 689 2703; x_wconf 87' lang='lat' dir='ltr'>confidentiores,</span> <span class='ocrx_word' id='word_1_277' title='bbox 709 2670 827 2706; x_wconf 88' lang='lat' dir='ltr'>quum</span> <span class='ocrx_word' id='word_1_278' title='bbox 849 2659 1022 2708; x_wconf 88' lang='lat' dir='ltr'>plerique</span> 
     </span>
     <span class='ocr_line' id='line_1_48' title="bbox 87 2711 1023 2761; baseline 0.003 -15"><span class='ocrx_word' id='word_1_279' title='bbox 87 2712 161 2749; x_wconf 75' lang='lat' dir='ltr'>viri</span> <span class='ocrx_word' id='word_1_280' title='bbox 183 2711 444 2750; x_wconf 83' lang='lat' dir='ltr'>astronomiae</span> <span class='ocrx_word' id='word_1_281' title='bbox 468 2712 507 2748; x_wconf 90' lang='lat' dir='ltr'>et</span> <span class='ocrx_word' id='word_1_282' title='bbox 526 2711 580 2748; x_wconf 87' lang='lat' dir='ltr'>rei</span> <span class='ocrx_word' id='word_1_283' title='bbox 603 2711 786 2760; x_wconf 70' lang='lat' dir='ltr'>physicae</span> <span class='ocrx_word' id='word_1_284' title='bbox 812 2712 925 2761; x_wconf 87' lang='lat' dir='ltr'>periti</span> <span class='ocrx_word' id='word_1_285' title='bbox 954 2725 1023 2760; x_wconf 77' lang='lat' dir='ltr'>sy-</span> 
     </span>
     <span class='ocr_line' id='line_1_49' title="bbox 85 2764 1023 2813; baseline -0.001 -10"><span class='ocrx_word' id='word_1_286' title='bbox 85 2768 212 2803; x_wconf 86' lang='lat' dir='ltr'>stema</span> <span class='ocrx_word' id='word_1_287' title='bbox 233 2764 435 2813; x_wconf 88' lang='lat' dir='ltr'>Copernici</span> <span class='ocrx_word' id='word_1_288' title='bbox 463 2764 739 2813; x_wconf 85' lang='lat' dir='ltr'>impugnarent</span> <span class='ocrx_word' id='word_1_289' title='bbox 765 2767 804 2801; x_wconf 91' lang='lat' dir='ltr'>ot</span> <span class='ocrx_word' id='word_1_290' title='bbox 841 2777 890 2802; x_wconf 89' lang='lat' dir='ltr'>ss.</span> <span class='ocrx_word' id='word_1_291' title='bbox 913 2765 1023 2802; x_wconf 89' lang='lat' dir='ltr'>Scri-</span> 
     </span>
     <span class='ocr_line' id='line_1_50' title="bbox 86 2817 1024 2867; baseline 0 -12"><span class='ocrx_word' id='word_1_292' title='bbox 86 2818 212 2867; x_wconf 90' lang='lat' dir='ltr'>pturis</span> <span class='ocrx_word' id='word_1_293' title='bbox 241 2818 437 2856; x_wconf 88' lang='lat' dir='ltr'>dissonum</span> <span class='ocrx_word' id='word_1_294' title='bbox 467 2817 749 2855; x_wconf 73' lang='lat' dir='ltr'>existimarent.</span> <span class='ocrx_word' id='word_1_295' title='bbox 780 2819 1024 2867; x_wconf 85' lang='lat' dir='ltr'>Quapropter</span> 
     </span>
     <span class='ocr_line' id='line_1_51' title="bbox 86 2870 1022 2920; baseline 0 -12"><span class='ocrx_word' id='word_1_296' title='bbox 86 2872 126 2909; x_wconf 90' lang='lat' dir='ltr'>S.</span> <span class='ocrx_word' id='word_1_297' title='bbox 147 2871 410 2920; x_wconf 90' lang='lat' dir='ltr'>Inquisitionis</span> <span class='ocrx_word' id='word_1_298' title='bbox 430 2870 686 2919; x_wconf 83' lang='lat' dir='ltr'>Congregatio</span> <span class='ocrx_word' id='word_1_299' title='bbox 707 2883 767 2907; x_wconf 90' lang='lat' dir='ltr'>an.</span> <span class='ocrx_word' id='word_1_300' title='bbox 792 2871 891 2908; x_wconf 89' lang='lat'>1616</span> <span class='ocrx_word' id='word_1_301' title='bbox 912 2871 1022 2909; x_wconf 85' lang='lat' dir='ltr'>Gali-</span> 
     </span>
     <span class='ocr_line' id='line_1_52' title="bbox 86 2923 1022 2968; baseline 0 -7"><span class='ocrx_word' id='word_1_302' title='bbox 86 2924 147 2962; x_wconf 92' lang='lat' dir='ltr'>leo</span> <span class='ocrx_word' id='word_1_303' title='bbox 185 2924 406 2968; x_wconf 80' lang='lat' dir='ltr'>mandavit,</span> <span class='ocrx_word' id='word_1_304' title='bbox 439 2927 484 2960; x_wconf 88' lang='lat' dir='ltr'>ut</span> <span class='ocrx_word' id='word_1_305' title='bbox 511 2935 534 2960; x_wconf 87' lang='lat' dir='ltr'>a</span> <span class='ocrx_word' id='word_1_306' title='bbox 563 2923 805 2961; x_wconf 83' lang='lat' dir='ltr'>defendenda</span> <span class='ocrx_word' id='word_1_307' title='bbox 833 2925 1022 2962; x_wconf 89' lang='lat' dir='ltr'>eiusmodi</span> 
     </span>
     <span class='ocr_line' id='line_1_53' title="bbox 88 2976 1021 3025; baseline 0.001 -10"><span class='ocrx_word' id='word_1_308' title='bbox 88 2978 265 3015; x_wconf 77' lang='lat' dir='ltr'>doctrina</span> <span class='ocrx_word' id='word_1_309' title='bbox 293 2977 519 3014; x_wconf 71' lang='lat' dir='ltr'>abstineret.</span> <span class='ocrx_word' id='word_1_310' title='bbox 550 2976 701 3013; x_wconf 86' lang='lat' dir='ltr'>Dicitur</span> <span class='ocrx_word' id='word_1_311' title='bbox 738 2979 959 3025; x_wconf 88' lang='lat' dir='ltr'>praeterea,</span> <span class='ocrx_word' id='word_1_312' title='bbox 992 2990 1021 3016; x_wconf 92' lang='lat' dir='ltr'>s.</span> 
     </span>
     <span class='ocr_line' id='line_1_54' title="bbox 87 3028 1022 3080; baseline -0.001 -11"><span class='ocrx_word' id='word_1_313' title='bbox 87 3031 438 3080; x_wconf 72' lang='lat' dir='ltr'>congregationem</span> <span class='ocrx_word' id='word_1_314' title='bbox 459 3028 698 3078; x_wconf 83' lang='lat' dir='ltr'>prohibuisse</span> <span class='ocrx_word' id='word_1_315' title='bbox 726 3029 843 3067; x_wconf 85' lang='lat' dir='ltr'>libros</span> <span class='ocrx_word' id='word_1_316' title='bbox 873 3031 1022 3068; x_wconf 85' lang='lat' dir='ltr'>doctri-</span> 
     </span>
     <span class='ocr_line' id='line_1_55' title="bbox 89 3083 1020 3134; baseline 0.001 -14"><span class='ocrx_word' id='word_1_317' title='bbox 89 3095 176 3121; x_wconf 87' lang='lat' dir='ltr'>nam</span> <span class='ocrx_word' id='word_1_318' title='bbox 198 3084 401 3134; x_wconf 83' lang='lat' dir='ltr'>Copernici</span> <span class='ocrx_word' id='word_1_319' title='bbox 430 3083 695 3127; x_wconf 77' lang='lat' dir='ltr'>continenteS,</span> <span class='ocrx_word' id='word_1_320' title='bbox 722 3083 920 3131; x_wconf 84' lang='lat' dir='ltr'>ipsamque</span> <span class='ocrx_word' id='word_1_321' title='bbox 950 3085 1020 3121; x_wconf 91' lang='lat' dir='ltr'>do-</span> 
     </span>
     <span class='ocr_line' id='line_1_56' title="bbox 89 3135 1022 3185; baseline 0.001 -11"><span class='ocrx_word' id='word_1_322' title='bbox 89 3136 251 3175; x_wconf 87' lang='lat' dir='ltr'>ctrinam</span> <span class='ocrx_word' id='word_1_323' title='bbox 283 3137 501 3175; x_wconf 84' lang='lat' dir='ltr'>declarasse</span> <span class='ocrx_word' id='word_1_324' title='bbox 531 3135 669 3172; x_wconf 86' lang='lat' dir='ltr'>falsam</span> <span class='ocrx_word' id='word_1_325' title='bbox 690 3139 730 3172; x_wconf 88' lang='lat' dir='ltr'>et</span> <span class='ocrx_word' id='word_1_326' title='bbox 748 3148 777 3173; x_wconf 87' lang='lat' dir='ltr'>s.</span> <span class='ocrx_word' id='word_1_327' title='bbox 798 3136 1022 3185; x_wconf 85' lang='lat' dir='ltr'>Scripturae</span> 
     </span>
    </p>
   </div>
   <div class='ocr_carea' id='block_1_5' title="bbox 90 3207 294 3212">
    <p class='ocr_par' dir='ltr' id='par_1_7' title="bbox 90 3207 294 3212">
     <span class='ocr_line' id='line_1_57' title="bbox 90 3207 294 3212; baseline 0 0"><span class='ocrx_word' id='word_1_328' title='bbox 90 3207 294 3212; x_wconf 95' lang='lat' dir='ltr'> </span> 
     </span>
    </p>
   </div>
   <div class='ocr_carea' id='block_1_6' title="bbox 126 3228 960 3310">
    <p class='ocr_par' dir='ltr' id='par_1_8' title="bbox 126 3228 960 3310">
     <span class='ocr_line' id='line_1_58' title="bbox 128 3228 384 3261; baseline 0.004 -3"><span class='ocrx_word' id='word_1_329' title='bbox 128 3228 138 3248; x_wconf 91' lang='lat'>¹</span> <span class='ocrx_word' id='word_1_330' title='bbox 155 3228 173 3259; x_wconf 79' lang='lat'><strong>3</strong></span> <span class='ocrx_word' id='word_1_331' title='bbox 190 3229 262 3260; x_wconf 76' lang='lat' dir='ltr'>voll.</span> <span class='ocrx_word' id='word_1_332' title='bbox 279 3229 384 3261; x_wconf 79' lang='lat' dir='ltr'>in-fol.</span> 
     </span>
     <span class='ocr_line' id='line_1_59' title="bbox 126 3268 960 3310; baseline -0.001 -8"><span class='ocrx_word' id='word_1_333' title='bbox 126 3268 140 3292; x_wconf 66' lang='lat'>³</span> <span class='ocrx_word' id='word_1_334' title='bbox 155 3270 188 3302; x_wconf 90' lang='lat' dir='ltr'>D.</span> <span class='ocrx_word' id='word_1_335' title='bbox 204 3271 325 3304; x_wconf 83' lang='lat' dir='ltr'>BernIn.</span> <span class='ocrx_word' id='word_1_336' title='bbox 341 3271 484 3304; x_wconf 76' lang='lat' dir='ltr'>Historia</span> <span class='ocrx_word' id='word_1_337' title='bbox 501 3271 672 3304; x_wconf 80' lang='lat' dir='ltr'>haeresum</span> <span class='ocrx_word' id='word_1_338' title='bbox 687 3269 776 3302; x_wconf 57' lang='lat' dir='ltr'>saeos</span> <span class='ocrx_word' id='word_1_339' title='bbox 787 3271 874 3310; x_wconf 76' lang='lat' dir='ltr'>xvii,</span> <span class='ocrx_word' id='word_1_340' title='bbox 890 3280 916 3303; x_wconf 87' lang='lat' dir='ltr'>c.</span> <span class='ocrx_word' id='word_1_341' title='bbox 933 3270 960 3303; x_wconf 89' lang='lat'>1.</span> 
     </span>
    </p>
   </div>
   <div class='ocr_carea' id='block_1_7' title="bbox 1041 3151 1047 3309">
    <p class='ocr_par' dir='ltr' id='par_1_9' title="bbox 1041 3151 1047 3309">
     <span class='ocr_line' id='line_1_60' title="bbox 1041 3151 1047 3309; baseline 0 164"><span class='ocrx_word' id='word_1_342' title='bbox 1041 3151 1047 3309; x_wconf 95' lang='lat' dir='ltr'> </span> 
     </span>
    </p>
   </div>
   <div class='ocr_carea' id='block_1_8' title="bbox 1875 182 1953 219">
    <p class='ocr_par' dir='ltr' id='par_1_10' title="bbox 1875 182 1953 219">
     <span class='ocr_line' id='line_1_61' title="bbox 1875 182 1953 219; baseline 0 0"><span class='ocrx_word' id='word_1_343' title='bbox 1875 182 1953 219; x_wconf 73' lang='lat'>207</span> 
     </span>
    </p>
   </div>
   <div class='ocr_carea' id='block_1_9' title="bbox 1063 259 2050 2816">
    <p class='ocr_par' dir='ltr' id='par_1_11' title="bbox 1063 259 2009 1000">
     <span class='ocr_line' id='line_1_62' title="bbox 1063 259 2004 310; baseline 0.002 -14"><span class='ocrx_word' id='word_1_344' title='bbox 1063 259 1323 306; x_wconf 61' lang='lat' dir='ltr'>eontrarianu</span> <span class='ocrx_word' id='word_1_345' title='bbox 1344 261 1398 298; x_wconf 89' lang='lat' dir='ltr'>ita</span> <span class='ocrx_word' id='word_1_346' title='bbox 1418 261 1546 298; x_wconf 89' lang='lat' dir='ltr'>tamen</span> <span class='ocrx_word' id='word_1_347' title='bbox 1570 261 1613 297; x_wconf 88' lang='lat' dir='ltr'>ut</span> <span class='ocrx_word' id='word_1_348' title='bbox 1633 260 1767 298; x_wconf 86' lang='lat' dir='ltr'>cadem</span> <span class='ocrx_word' id='word_1_349' title='bbox 1789 260 2004 310; x_wconf 85' lang='lat' dir='ltr'>Congrega-</span> 
     </span>
     <span class='ocr_line' id='line_1_63' title="bbox 1063 313 2005 363; baseline 0.001 -13"><span class='ocrx_word' id='word_1_350' title='bbox 1063 313 1117 350; x_wconf 89' lang='lat' dir='ltr'>tio</span> <span class='ocrx_word' id='word_1_351' title='bbox 1141 324 1204 351; x_wconf 87' lang='lat' dir='ltr'>an.</span> <span class='ocrx_word' id='word_1_352' title='bbox 1223 314 1323 352; x_wconf 71' lang='grc'><strong>1620</strong></span> <span class='ocrx_word' id='word_1_353' title='bbox 1342 314 1450 351; x_wconf 86' lang='lat' dir='ltr'>illam</span> <span class='ocrx_word' id='word_1_354' title='bbox 1472 313 1686 352; x_wconf 88' lang='lat' dir='ltr'>doctrinam</span> <span class='ocrx_word' id='word_1_355' title='bbox 1710 317 1752 351; x_wconf 90' lang='lat' dir='ltr'>ut</span> <span class='ocrx_word' id='word_1_356' title='bbox 1770 326 1915 351; x_wconf 85' lang='lat' dir='ltr'>meram</span> <span class='ocrx_word' id='word_1_357' title='bbox 1940 315 2005 363; x_wconf 73' lang='lat' dir='ltr'>hy-</span> 
     </span>
     <span class='ocr_line' id='line_1_64' title="bbox 1065 367 2005 417; baseline 0.002 -14"><span class='ocrx_word' id='word_1_358' title='bbox 1065 367 1252 415; x_wconf 87' lang='lat' dir='ltr'>pothesim</span> <span class='ocrx_word' id='word_1_359' title='bbox 1281 368 1383 404; x_wconf 86' lang='lat' dir='ltr'>tradi</span> <span class='ocrx_word' id='word_1_360' title='bbox 1413 367 1654 416; x_wconf 80' lang='lat' dir='ltr'>permiserit3</span> <span class='ocrx_word' id='word_1_361' title='bbox 1685 379 1761 416; x_wconf 86' lang='lat' dir='ltr'>quo</span> <span class='ocrx_word' id='word_1_362' title='bbox 1790 368 2005 417; x_wconf 81' lang='lat' dir='ltr'>suppositO,</span> 
     </span>
     <span class='ocr_line' id='line_1_65' title="bbox 1063 420 2009 469; baseline 0.001 -12"><span class='ocrx_word' id='word_1_363' title='bbox 1063 432 1090 457; x_wconf 88' lang='lat' dir='ltr'>s.</span> <span class='ocrx_word' id='word_1_364' title='bbox 1113 420 1372 469; x_wconf 83' lang='lat' dir='ltr'>Congregatio</span> <span class='ocrx_word' id='word_1_365' title='bbox 1393 432 1637 457; x_wconf 88' lang='lat' dir='ltr'>communem</span> <span class='ocrx_word' id='word_1_366' title='bbox 1666 421 1737 460; x_wconf 90' lang='lat' dir='ltr'>hoc</span> <span class='ocrx_word' id='word_1_367' title='bbox 1755 423 1926 469; x_wconf 87' lang='lat' dir='ltr'>tempore</span> <span class='ocrx_word' id='word_1_368' title='bbox 1947 433 2009 469; x_wconf 90' lang='lat' dir='ltr'>pe·</span> 
     </span>
     <span class='ocr_line' id='line_1_66' title="bbox 1064 473 2004 523; baseline 0.001 -13"><span class='ocrx_word' id='word_1_369' title='bbox 1064 473 1229 511; x_wconf 88' lang='lat' dir='ltr'>ritorum</span> <span class='ocrx_word' id='word_1_370' title='bbox 1251 474 1296 509; x_wconf 90' lang='lat' dir='ltr'>de</span> <span class='ocrx_word' id='word_1_371' title='bbox 1319 474 1508 521; x_wconf 86' lang='lat' dir='ltr'>praesenti</span> <span class='ocrx_word' id='word_1_372' title='bbox 1538 474 1760 521; x_wconf 85' lang='lat' dir='ltr'>quaestione</span> <span class='ocrx_word' id='word_1_373' title='bbox 1788 474 2004 523; x_wconf 89' lang='lat' dir='ltr'>opinionem</span> 
     </span>
     <span class='ocr_line' id='line_1_67' title="bbox 1065 526 2006 574; baseline 0.001 -11"><span class='ocrx_word' id='word_1_374' title='bbox 1065 526 1182 564; x_wconf 87' lang='lat' dir='ltr'>fuisse</span> <span class='ocrx_word' id='word_1_375' title='bbox 1197 529 1340 563; x_wconf 86' lang='lat' dir='ltr'>secuta.</span> <span class='ocrx_word' id='word_1_376' title='bbox 1359 526 1485 567; x_wconf 86' lang='lat' dir='ltr'>Quum</span> <span class='ocrx_word' id='word_1_377' title='bbox 1504 538 1597 564; x_wconf 82' lang='lat' dir='ltr'>vero</span> <span class='ocrx_word' id='word_1_378' title='bbox 1619 539 1679 564; x_wconf 90' lang='lat' dir='ltr'>an.</span> <span class='ocrx_word' id='word_1_379' title='bbox 1699 527 1799 565; x_wconf 78' lang='lat'>1632</span> <span class='ocrx_word' id='word_1_380' title='bbox 1820 527 2006 574; x_wconf 90' lang='lat' dir='ltr'>Galileus,</span> 
     </span>
     <span class='ocr_line' id='line_1_68' title="bbox 1064 579 2006 630; baseline 0.003 -15"><span class='ocrx_word' id='word_1_381' title='bbox 1064 582 1197 616; x_wconf 82' lang='lat' dir='ltr'>contra</span> <span class='ocrx_word' id='word_1_382' title='bbox 1213 591 1243 617; x_wconf 93' lang='lat' dir='ltr'>s.</span> <span class='ocrx_word' id='word_1_383' title='bbox 1262 579 1526 627; x_wconf 87' lang='lat' dir='ltr'>Inquisitionis</span> <span class='ocrx_word' id='word_1_384' title='bbox 1542 581 1783 626; x_wconf 87' lang='lat' dir='ltr'>mandatum,</span> <span class='ocrx_word' id='word_1_385' title='bbox 1795 580 1833 618; x_wconf 91' lang='lat' dir='ltr'>in</span> <span class='ocrx_word' id='word_1_386' title='bbox 1844 581 2006 630; x_wconf 85' lang='lat' dir='ltr'>Dialogo</span> 
     </span>
     <span class='ocr_line' id='line_1_69' title="bbox 1064 632 2006 682; baseline 0.002 -13"><span class='ocrx_word' id='word_1_387' title='bbox 1064 633 1109 669; x_wconf 90' lang='lat' dir='ltr'>de</span> <span class='ocrx_word' id='word_1_388' title='bbox 1131 633 1279 669; x_wconf 89' lang='lat' dir='ltr'>duobus</span> <span class='ocrx_word' id='word_1_389' title='bbox 1301 632 1519 681; x_wconf 87' lang='lat' dir='ltr'>praecipuis</span> <span class='ocrx_word' id='word_1_390' title='bbox 1547 633 1679 670; x_wconf 87' lang='lat' dir='ltr'>mundi</span> <span class='ocrx_word' id='word_1_391' title='bbox 1710 635 2006 682; x_wconf 71' lang='lat' dir='ltr'>systematibus,</span> 
     </span>
     <span class='ocr_line' id='line_1_70' title="bbox 1063 682 2008 735; baseline 0.002 -13"><span class='ocrx_word' id='word_1_392' title='bbox 1063 682 1280 723; x_wconf 86' lang='lat' dir='ltr'>sententias</span> <span class='ocrx_word' id='word_1_393' title='bbox 1297 697 1386 722; x_wconf 90' lang='lat' dir='ltr'>suas</span> <span class='ocrx_word' id='word_1_394' title='bbox 1402 685 1542 722; x_wconf 82' lang='lat' dir='ltr'>iterum</span> <span class='ocrx_word' id='word_1_395' title='bbox 1561 690 1853 735; x_wconf 80' lang='lat' dir='ltr'>propugnasset,</span> <span class='ocrx_word' id='word_1_396' title='bbox 1869 690 1909 725; x_wconf 91' lang='lat' dir='ltr'>et</span> <span class='ocrx_word' id='word_1_397' title='bbox 1921 687 2008 724; x_wconf 90' lang='lat' dir='ltr'>Car-</span> 
     </span>
     <span class='ocr_line' id='line_1_71' title="bbox 1065 738 2006 790; baseline 0.005 -16"><span class='ocrx_word' id='word_1_398' title='bbox 1065 738 1211 775; x_wconf 88' lang='lat' dir='ltr'>dinales</span> <span class='ocrx_word' id='word_1_399' title='bbox 1233 739 1270 774; x_wconf 93' lang='lat' dir='ltr'>in</span> <span class='ocrx_word' id='word_1_400' title='bbox 1292 738 1411 787; x_wconf 90' lang='lat' dir='ltr'>priori</span> <span class='ocrx_word' id='word_1_401' title='bbox 1435 750 1504 775; x_wconf 92' lang='lat' dir='ltr'>suo</span> <span class='ocrx_word' id='word_1_402' title='bbox 1525 739 1678 787; x_wconf 85' lang='lat' dir='ltr'>negotio</span> <span class='ocrx_word' id='word_1_403' title='bbox 1700 741 1843 778; x_wconf 88' lang='lat' dir='ltr'>iudices</span> <span class='ocrx_word' id='word_1_404' title='bbox 1863 741 2006 790; x_wconf 89' lang='lat' dir='ltr'>ipsum-</span> 
     </span>
     <span class='ocr_line' id='line_1_72' title="bbox 1065 791 2006 840; baseline 0.004 -13"><span class='ocrx_word' id='word_1_405' title='bbox 1065 804 1139 840; x_wconf 89' lang='lat' dir='ltr'>que</span> <span class='ocrx_word' id='word_1_406' title='bbox 1160 791 1361 828; x_wconf 90' lang='lat' dir='ltr'>Urbanum</span> <span class='ocrx_word' id='word_1_407' title='bbox 1385 792 1455 839; x_wconf 89' lang='lat' dir='ltr'>Pp.</span> <span class='ocrx_word' id='word_1_408' title='bbox 1474 792 1568 830; x_wconf 89' lang='lat' dir='ltr'>VIII</span> <span class='ocrx_word' id='word_1_409' title='bbox 1589 793 1831 839; x_wconf 86' lang='lat' dir='ltr'>offendisset,</span> <span class='ocrx_word' id='word_1_410' title='bbox 1853 806 1876 831; x_wconf 90' lang='lat' dir='ltr'>a</span> <span class='ocrx_word' id='word_1_411' title='bbox 1895 807 1923 831; x_wconf 91' lang='lat' dir='ltr'>s.</span> <span class='ocrx_word' id='word_1_412' title='bbox 1940 794 2006 831; x_wconf 86' lang='lat' dir='ltr'>In-</span> 
     </span>
     <span class='ocr_line' id='line_1_73' title="bbox 1066 844 2008 893; baseline 0.004 -12"><span class='ocrx_word' id='word_1_413' title='bbox 1066 845 1285 893; x_wconf 89' lang='lat' dir='ltr'>quisitionis</span> <span class='ocrx_word' id='word_1_414' title='bbox 1305 844 1444 882; x_wconf 89' lang='lat' dir='ltr'>Officio</span> <span class='ocrx_word' id='word_1_415' title='bbox 1465 845 1630 882; x_wconf 84' lang='lat' dir='ltr'>Romam</span> <span class='ocrx_word' id='word_1_416' title='bbox 1652 849 1826 893; x_wconf 85' lang='lat' dir='ltr'>vocatus,</span> <span class='ocrx_word' id='word_1_417' title='bbox 1841 848 2008 885; x_wconf 86' lang='lat' dir='ltr'>damna-</span> 
     </span>
     <span class='ocr_line' id='line_1_74' title="bbox 1064 898 2007 950; baseline 0.003 -15"><span class='ocrx_word' id='word_1_418' title='bbox 1064 900 1129 935; x_wconf 91' lang='lat' dir='ltr'>tus</span> <span class='ocrx_word' id='word_1_419' title='bbox 1143 900 1182 936; x_wconf 88' lang='lat' dir='ltr'>et</span> <span class='ocrx_word' id='word_1_420' title='bbox 1198 898 1394 935; x_wconf 86' lang='lat' dir='ltr'>custodiae</span> <span class='ocrx_word' id='word_1_421' title='bbox 1412 898 1580 936; x_wconf 75' lang='lat' dir='ltr'>traditus</span> <span class='ocrx_word' id='word_1_422' title='bbox 1600 898 1693 945; x_wconf 81' lang='lat' dir='ltr'>fuit;</span> <span class='ocrx_word' id='word_1_423' title='bbox 1711 901 1775 937; x_wconf 90' lang='lat' dir='ltr'>sed</span> <span class='ocrx_word' id='word_1_424' title='bbox 1795 903 1882 950; x_wconf 88' lang='lat' dir='ltr'>post</span> <span class='ocrx_word' id='word_1_425' title='bbox 1901 900 2007 950; x_wconf 92' lang='lat' dir='ltr'>quin-</span> 
     </span>
     <span class='ocr_line' id='line_1_75' title="bbox 1066 951 1776 1000; baseline 0.003 -12"><span class='ocrx_word' id='word_1_426' title='bbox 1066 963 1141 1000; x_wconf 89' lang='lat' dir='ltr'>que</span> <span class='ocrx_word' id='word_1_427' title='bbox 1164 963 1312 989; x_wconf 90' lang='lat' dir='ltr'>menses</span> <span class='ocrx_word' id='word_1_428' title='bbox 1332 951 1452 988; x_wconf 89' lang='lat' dir='ltr'>libere</span> <span class='ocrx_word' id='word_1_429' title='bbox 1474 952 1652 990; x_wconf 88' lang='lat' dir='ltr'>dimissus</span> <span class='ocrx_word' id='word_1_430' title='bbox 1673 955 1732 990; x_wconf 90' lang='lat' dir='ltr'>est</span> <span class='ocrx_word' id='word_1_431' title='bbox 1753 951 1776 990; x_wconf 89' lang='lat'>¹.</span> 
     </span>
    </p>

    <p class='ocr_par' dir='ltr' id='par_1_12' title="bbox 1063 1005 2009 1630">
     <span class='ocr_line' id='line_1_76' title="bbox 1118 1005 2008 1045; baseline 0.003 -4"><span class='ocrx_word' id='word_1_432' title='bbox 1118 1005 1235 1042; x_wconf 56' lang='lat'>88—</span> <span class='ocrx_word' id='word_1_433' title='bbox 1247 1005 1451 1043; x_wconf 71' lang='lat' dir='ltr'>Ecclesiae</span> <span class='ocrx_word' id='word_1_434' title='bbox 1471 1006 1682 1042; x_wconf 72' lang='lat' dir='ltr'>orientalis</span> <span class='ocrx_word' id='word_1_435' title='bbox 1699 1011 1832 1045; x_wconf 74' lang='lat' dir='ltr'>status</span> <span class='ocrx_word' id='word_1_436' title='bbox 1842 1007 2008 1044; x_wconf 87' lang='lat' dir='ltr'>—Vidi-</span> 
     </span>
     <span class='ocr_line' id='line_1_77' title="bbox 1066 1058 2008 1109; baseline 0.004 -15"><span class='ocrx_word' id='word_1_437' title='bbox 1066 1070 1149 1095; x_wconf 88' lang='lat' dir='ltr'>mus</span> <span class='ocrx_word' id='word_1_438' title='bbox 1170 1070 1290 1107; x_wconf 89' lang='lat' dir='ltr'>supra</span> <span class='ocrx_word' id='word_1_439' title='bbox 1311 1060 1496 1106; x_wconf 89' lang='lat' dir='ltr'>quantum</span> <span class='ocrx_word' id='word_1_440' title='bbox 1515 1058 1586 1095; x_wconf 85' lang='lat' dir='ltr'>sub</span> <span class='ocrx_word' id='word_1_441' title='bbox 1603 1058 1873 1097; x_wconf 88' lang='lat' dir='ltr'>Ottomannico</span> <span class='ocrx_word' id='word_1_442' title='bbox 1893 1060 2008 1109; x_wconf 88' lang='lat' dir='ltr'>impe-</span> 
     </span>
     <span class='ocr_line' id='line_1_78' title="bbox 1065 1111 2006 1162; baseline 0.004 -15"><span class='ocrx_word' id='word_1_443' title='bbox 1065 1111 1121 1148; x_wconf 90' lang='lat' dir='ltr'>rio</span> <span class='ocrx_word' id='word_1_444' title='bbox 1141 1113 1269 1149; x_wconf 88' lang='lat' dir='ltr'>status</span> <span class='ocrx_word' id='word_1_445' title='bbox 1284 1111 1486 1149; x_wconf 88' lang='lat' dir='ltr'>Ecclesiae</span> <span class='ocrx_word' id='word_1_446' title='bbox 1503 1112 1677 1150; x_wconf 84' lang='lat' dir='ltr'>Graecae</span> <span class='ocrx_word' id='word_1_447' title='bbox 1699 1125 1721 1150; x_wconf 91' lang='lat' dir='ltr'>a</span> <span class='ocrx_word' id='word_1_448' title='bbox 1741 1112 1865 1161; x_wconf 82' lang='lat' dir='ltr'>prisco</span> <span class='ocrx_word' id='word_1_449' title='bbox 1885 1114 2006 1162; x_wconf 90' lang='lat' dir='ltr'>splen-</span> 
     </span>
     <span class='ocr_line' id='line_1_79' title="bbox 1064 1163 2004 1213; baseline 0.003 -12"><span class='ocrx_word' id='word_1_450' title='bbox 1064 1165 1157 1202; x_wconf 82' lang='lat' dir='ltr'>dore</span> <span class='ocrx_word' id='word_1_451' title='bbox 1179 1165 1348 1213; x_wconf 83' lang='lat' dir='ltr'>dilapsus</span> <span class='ocrx_word' id='word_1_452' title='bbox 1365 1165 1414 1202; x_wconf 88' lang='lat' dir='ltr'>sit</span> <span class='ocrx_word' id='word_1_453' title='bbox 1426 1163 1452 1202; x_wconf 76' lang='lat'>².</span> <span class='ocrx_word' id='word_1_454' title='bbox 1464 1165 1546 1202; x_wconf 89' lang='lat' dir='ltr'>Hoc</span> <span class='ocrx_word' id='word_1_455' title='bbox 1561 1167 1716 1204; x_wconf 88' lang='lat' dir='ltr'>saeculo</span> <span class='ocrx_word' id='word_1_456' title='bbox 1728 1167 2004 1204; x_wconf 88' lang='lat' dir='ltr'>Constantino-</span> 
     </span>
     <span class='ocr_line' id='line_1_80' title="bbox 1064 1218 2006 1267; baseline 0.003 -12"><span class='ocrx_word' id='word_1_457' title='bbox 1064 1218 1138 1267; x_wconf 93' lang='lat' dir='ltr'>poli</span> <span class='ocrx_word' id='word_1_458' title='bbox 1156 1218 1317 1266; x_wconf 88' lang='lat' dir='ltr'>aliisque</span> <span class='ocrx_word' id='word_1_459' title='bbox 1334 1219 1370 1255; x_wconf 92' lang='lat' dir='ltr'>in</span> <span class='ocrx_word' id='word_1_460' title='bbox 1389 1218 1613 1256; x_wconf 86' lang='lat' dir='ltr'>civitatibus</span> <span class='ocrx_word' id='word_1_461' title='bbox 1635 1231 1818 1257; x_wconf 88' lang='lat' dir='ltr'>numerus</span> <span class='ocrx_word' id='word_1_462' title='bbox 1834 1221 2006 1258; x_wconf 84' lang='lat' dir='ltr'>Graeco-</span> 
     </span>
     <span class='ocr_line' id='line_1_81' title="bbox 1063 1272 2007 1323; baseline 0.001 -14"><span class='ocrx_word' id='word_1_463' title='bbox 1063 1284 1164 1317; x_wconf 89' lang='lat' dir='ltr'>rum,</span> <span class='ocrx_word' id='word_1_464' title='bbox 1184 1283 1270 1309; x_wconf 91' lang='lat' dir='ltr'>cum</span> <span class='ocrx_word' id='word_1_465' title='bbox 1292 1272 1517 1320; x_wconf 87' lang='lat' dir='ltr'>Apostoliea</span> <span class='ocrx_word' id='word_1_466' title='bbox 1536 1273 1635 1310; x_wconf 85' lang='lat' dir='ltr'>Sede</span> <span class='ocrx_word' id='word_1_467' title='bbox 1657 1273 1864 1318; x_wconf 85' lang='lat' dir='ltr'>unitorum,</span> <span class='ocrx_word' id='word_1_468' title='bbox 1881 1274 2007 1323; x_wconf 86' lang='lat' dir='ltr'>pluri-</span> 
     </span>
     <span class='ocr_line' id='line_1_82' title="bbox 1064 1326 2006 1376; baseline 0.002 -14"><span class='ocrx_word' id='word_1_469' title='bbox 1064 1337 1171 1362; x_wconf 90' lang='lat' dir='ltr'>mum</span> <span class='ocrx_word' id='word_1_470' title='bbox 1188 1328 1326 1362; x_wconf 87' lang='lat' dir='ltr'>auctus</span> <span class='ocrx_word' id='word_1_471' title='bbox 1339 1327 1397 1362; x_wconf 91' lang='lat' dir='ltr'>est</span> <span class='ocrx_word' id='word_1_472' title='bbox 1409 1337 1525 1374; x_wconf 87' lang='lat' dir='ltr'>opera</span> <span class='ocrx_word' id='word_1_473' title='bbox 1538 1326 1880 1373; x_wconf 86' lang='lat' dir='ltr'>missionariorum,</span> <span class='ocrx_word' id='word_1_474' title='bbox 1890 1339 2006 1376; x_wconf 89' lang='lat' dir='ltr'>prae-</span> 
     </span>
     <span class='ocr_line' id='line_1_83' title="bbox 1064 1379 2007 1429; baseline 0.003 -14"><span class='ocrx_word' id='word_1_475' title='bbox 1064 1379 1198 1416; x_wconf 87' lang='lat' dir='ltr'>sertim</span> <span class='ocrx_word' id='word_1_476' title='bbox 1216 1379 1448 1416; x_wconf 88' lang='lat' dir='ltr'>Iesuitarum</span> <span class='ocrx_word' id='word_1_477' title='bbox 1461 1409 1470 1422; x_wconf 79' lang='grc'>,</span> <span class='ocrx_word' id='word_1_478' title='bbox 1490 1379 1555 1428; x_wconf 89' lang='lat' dir='ltr'>qui</span> <span class='ocrx_word' id='word_1_479' title='bbox 1575 1381 1645 1416; x_wconf 90' lang='lat' dir='ltr'>sub</span> <span class='ocrx_word' id='word_1_480' title='bbox 1666 1380 1856 1429; x_wconf 90' lang='lat' dir='ltr'>praesidio</span> <span class='ocrx_word' id='word_1_481' title='bbox 1876 1383 2007 1418; x_wconf 84' lang='lat' dir='ltr'>orato-</span> 
     </span>
     <span class='ocr_line' id='line_1_84' title="bbox 1064 1431 2009 1481; baseline 0.002 -12"><span class='ocrx_word' id='word_1_482' title='bbox 1064 1443 1152 1469; x_wconf 91' lang='lat' dir='ltr'>rum</span> <span class='ocrx_word' id='word_1_483' title='bbox 1164 1431 1882 1481; x_wconf 79' lang='lat' dir='ltr'>principumOccidentalium,maxime</span> <span class='ocrx_word' id='word_1_484' title='bbox 1890 1434 2009 1471; x_wconf 86' lang='lat' dir='ltr'>Fran·</span> 
     </span>
     <span class='ocr_line' id='line_1_85' title="bbox 1064 1485 2007 1532; baseline 0.001 -9"><span class='ocrx_word' id='word_1_485' title='bbox 1064 1498 1217 1532; x_wconf 87' lang='lat' dir='ltr'>eorum,</span> <span class='ocrx_word' id='word_1_486' title='bbox 1237 1485 1406 1531; x_wconf 84' lang='lat' dir='ltr'>suffulti,</span> <span class='ocrx_word' id='word_1_487' title='bbox 1427 1486 1761 1524; x_wconf 87' lang='lat' dir='ltr'>schismaticorum</span> <span class='ocrx_word' id='word_1_488' title='bbox 1783 1489 1822 1524; x_wconf 88' lang='lat' dir='ltr'>et</span> <span class='ocrx_word' id='word_1_489' title='bbox 1839 1488 2007 1524; x_wconf 87' lang='lat' dir='ltr'>haereti-</span> 
     </span>
     <span class='ocr_line' id='line_1_86' title="bbox 1064 1539 2005 1591; baseline 0.002 -15"><span class='ocrx_word' id='word_1_490' title='bbox 1064 1551 1198 1576; x_wconf 89' lang='lat' dir='ltr'>corum</span> <span class='ocrx_word' id='word_1_491' title='bbox 1231 1539 1472 1576; x_wconf 79' lang='lat' dir='ltr'>conversioni</span> <span class='ocrx_word' id='word_1_492' title='bbox 1512 1552 1580 1588; x_wconf 88' lang='lat' dir='ltr'>per</span> <span class='ocrx_word' id='word_1_493' title='bbox 1618 1539 1824 1589; x_wconf 88' lang='lat' dir='ltr'>imperium</span> <span class='ocrx_word' id='word_1_494' title='bbox 1862 1553 2005 1591; x_wconf 85' lang='lat' dir='ltr'>magno</span> 
     </span>
     <span class='ocr_line' id='line_1_87' title="bbox 1066 1593 1668 1630; baseline 0.002 -1"><span class='ocrx_word' id='word_1_495' title='bbox 1066 1605 1155 1630; x_wconf 89' lang='lat' dir='ltr'>eum</span> <span class='ocrx_word' id='word_1_496' title='bbox 1177 1604 1356 1629; x_wconf 90' lang='lat' dir='ltr'>successu</span> <span class='ocrx_word' id='word_1_497' title='bbox 1379 1593 1668 1630; x_wconf 87' lang='lat' dir='ltr'>adlaborarunt.</span> 
     </span>
    </p>

    <p class='ocr_par' dir='ltr' id='par_1_13' title="bbox 1065 1646 2050 1961">
     <span class='ocr_line' id='line_1_88' title="bbox 1119 1646 2008 1695; baseline 0.002 -13"><span class='ocrx_word' id='word_1_498' title='bbox 1119 1647 1231 1683; x_wconf 90' lang='lat' dir='ltr'>Anno</span> <span class='ocrx_word' id='word_1_499' title='bbox 1247 1646 1346 1683; x_wconf 80' lang='lat'>1614</span> <span class='ocrx_word' id='word_1_500' title='bbox 1361 1646 1434 1683; x_wconf 90' lang='lat' dir='ltr'>duo</span> <span class='ocrx_word' id='word_1_501' title='bbox 1457 1648 1588 1695; x_wconf 89' lang='lat' dir='ltr'>patres</span> <span class='ocrx_word' id='word_1_502' title='bbox 1608 1647 1776 1685; x_wconf 87' lang='lat' dir='ltr'>Iesuitae</span> <span class='ocrx_word' id='word_1_503' title='bbox 1787 1647 2008 1686; x_wconf 88' lang='lat' dir='ltr'>Constanti-</span> 
     </span>
     <span class='ocr_line' id='line_1_89' title="bbox 1066 1699 2006 1750; baseline 0.002 -14"><span class='ocrx_word' id='word_1_504' title='bbox 1066 1699 1196 1747; x_wconf 89' lang='lat' dir='ltr'>nopoli</span> <span class='ocrx_word' id='word_1_505' title='bbox 1215 1700 1456 1737; x_wconf 87' lang='lat' dir='ltr'>transierunt</span> <span class='ocrx_word' id='word_1_506' title='bbox 1476 1700 1512 1736; x_wconf 91' lang='lat' dir='ltr'>in</span> <span class='ocrx_word' id='word_1_507' title='bbox 1530 1700 1790 1750; x_wconf 80' lang='lat' dir='ltr'>Mingreliam,</span> <span class='ocrx_word' id='word_1_508' title='bbox 1806 1701 2006 1749; x_wconf 86' lang='lat' dir='ltr'>antiquam</span> 
     </span>
     <span class='ocr_line' id='line_1_90' title="bbox 1066 1752 2010 1800; baseline 0.003 -11"><span class='ocrx_word' id='word_1_509' title='bbox 1066 1753 1307 1799; x_wconf 80' lang='lat' dir='ltr'>Colehidem,</span> <span class='ocrx_word' id='word_1_510' title='bbox 1328 1752 1435 1790; x_wconf 87' lang='lat' dir='ltr'>cuius</span> <span class='ocrx_word' id='word_1_511' title='bbox 1456 1753 1603 1791; x_wconf 87' lang='lat' dir='ltr'>incolae</span> <span class='ocrx_word' id='word_1_512' title='bbox 1632 1754 1847 1792; x_wconf 89' lang='lat' dir='ltr'>christiana</span> <span class='ocrx_word' id='word_1_513' title='bbox 1874 1767 1985 1792; x_wconf 89' lang='lat' dir='ltr'>saera</span> <span class='ocrx_word' id='word_1_514' title='bbox 2000 1784 2010 1800; x_wconf 93' lang='lat'>,</span> 
     </span>
     <span class='ocr_line' id='line_1_91' title="bbox 1065 1805 2008 1854; baseline 0.001 -11"><span class='ocrx_word' id='word_1_515' title='bbox 1065 1807 1132 1844; x_wconf 90' lang='lat' dir='ltr'>sed</span> <span class='ocrx_word' id='word_1_516' title='bbox 1154 1807 1350 1844; x_wconf 85' lang='lat' dir='ltr'>erroribus</span> <span class='ocrx_word' id='word_1_517' title='bbox 1371 1805 1607 1852; x_wconf 85' lang='lat' dir='ltr'>deformata,</span> <span class='ocrx_word' id='word_1_518' title='bbox 1622 1811 1913 1846; x_wconf 86' lang='lat' dir='ltr'>conservarant.</span> <span class='ocrx_word' id='word_1_519' title='bbox 1935 1808 2008 1854; x_wconf 82' lang='lat' dir='ltr'>Illi,</span> 
     </span>
     <span class='ocr_line' id='line_1_92' title="bbox 1067 1859 2050 1908; baseline -0.001 -11"><span class='ocrx_word' id='word_1_520' title='bbox 1067 1872 1139 1897; x_wconf 88' lang='lat' dir='ltr'>non</span> <span class='ocrx_word' id='word_1_521' title='bbox 1158 1860 1336 1897; x_wconf 88' lang='lat' dir='ltr'>obstante</span> <span class='ocrx_word' id='word_1_522' title='bbox 1352 1859 1481 1908; x_wconf 90' lang='lat' dir='ltr'>populi</span> <span class='ocrx_word' id='word_1_523' title='bbox 1495 1861 1679 1908; x_wconf 88' lang='lat' dir='ltr'>ruditate,</span> <span class='ocrx_word' id='word_1_524' title='bbox 1692 1873 1766 1899; x_wconf 90' lang='lat' dir='ltr'>non</span> <span class='ocrx_word' id='word_1_525' title='bbox 1778 1862 1861 1900; x_wconf 90' lang='lat' dir='ltr'>sine</span> <span class='ocrx_word' id='word_1_526' title='bbox 1877 1862 2007 1900; x_wconf 81' lang='lat' dir='ltr'>fructu</span> <span class='ocrx_word' id='word_1_527' title='bbox 2048 1894 2050 1896; x_wconf 87' lang='lat'>.</span> 
     </span>
     <span class='ocr_line' id='line_1_93' title="bbox 1065 1913 1623 1961; baseline 0.002 -11"><span class='ocrx_word' id='word_1_528' title='bbox 1065 1913 1287 1951; x_wconf 88' lang='lat' dir='ltr'>missionem</span> <span class='ocrx_word' id='word_1_529' title='bbox 1310 1913 1499 1961; x_wconf 89' lang='lat' dir='ltr'>auspicati</span> <span class='ocrx_word' id='word_1_530' title='bbox 1520 1916 1623 1952; x_wconf 88' lang='lat' dir='ltr'>sunt.</span> 
     </span>
    </p>

    <p class='ocr_par' dir='ltr' id='par_1_14' title="bbox 1066 1966 2009 2656">
     <span class='ocr_line' id='line_1_94' title="bbox 1118 1966 2009 2017; baseline 0.001 -13"><span class='ocrx_word' id='word_1_531' title='bbox 1118 1966 1343 2004; x_wconf 88' lang='lat' dir='ltr'>Nestoriani</span> <span class='ocrx_word' id='word_1_532' title='bbox 1360 1967 1456 2004; x_wconf 89' lang='lat' dir='ltr'>uniti</span> <span class='ocrx_word' id='word_1_533' title='bbox 1475 1968 1618 2005; x_wconf 88' lang='lat' dir='ltr'>veteris</span> <span class='ocrx_word' id='word_1_534' title='bbox 1634 1967 1833 2017; x_wconf 75' lang='lat' dir='ltr'>Assyriae,</span> <span class='ocrx_word' id='word_1_535' title='bbox 1849 1969 1895 2006; x_wconf 91' lang='lat' dir='ltr'>de</span> <span class='ocrx_word' id='word_1_536' title='bbox 1910 1981 2009 2017; x_wconf 88' lang='lat' dir='ltr'>quo-</span> 
     </span>
     <span class='ocr_line' id='line_1_95' title="bbox 1066 2020 2006 2068; baseline 0.003 -11"><span class='ocrx_word' id='word_1_537' title='bbox 1066 2031 1152 2057; x_wconf 90' lang='lat' dir='ltr'>rum</span> <span class='ocrx_word' id='word_1_538' title='bbox 1187 2022 1290 2057; x_wconf 87' lang='lat' dir='ltr'>statu</span> <span class='ocrx_word' id='word_1_539' title='bbox 1327 2020 1573 2068; x_wconf 80' lang='lat' dir='ltr'>praecedenti</span> <span class='ocrx_word' id='word_1_540' title='bbox 1611 2021 1764 2059; x_wconf 85' lang='lat' dir='ltr'>saeculo</span> <span class='ocrx_word' id='word_1_541' title='bbox 1794 2022 1960 2060; x_wconf 80' lang='lat' dir='ltr'>diximus</span> <span class='ocrx_word' id='word_1_542' title='bbox 1980 2021 2006 2066; x_wconf 74' lang='lat'>³,</span> 
     </span>
     <span class='ocr_line' id='line_1_96' title="bbox 1067 2073 2007 2122; baseline 0.003 -12"><span class='ocrx_word' id='word_1_543' title='bbox 1067 2073 1257 2122; x_wconf 89' lang='lat' dir='ltr'>prioribus</span> <span class='ocrx_word' id='word_1_544' title='bbox 1277 2073 1393 2111; x_wconf 86' lang='lat' dir='ltr'>huius</span> <span class='ocrx_word' id='word_1_545' title='bbox 1412 2074 1558 2111; x_wconf 88' lang='lat' dir='ltr'>saeculi</span> <span class='ocrx_word' id='word_1_546' title='bbox 1582 2075 1692 2112; x_wconf 87' lang='lat' dir='ltr'>annis</span> <span class='ocrx_word' id='word_1_547' title='bbox 1722 2087 1823 2113; x_wconf 83' lang='lat' dir='ltr'>nova</span> <span class='ocrx_word' id='word_1_548' title='bbox 1853 2075 2007 2113; x_wconf 85' lang='lat' dir='ltr'>unionis</span> 
     </span>
     <span class='ocr_line' id='line_1_97' title="bbox 1066 2127 2008 2177; baseline 0.002 -13"><span class='ocrx_word' id='word_1_549' title='bbox 1066 2139 1158 2164; x_wconf 90' lang='lat' dir='ltr'>suae</span> <span class='ocrx_word' id='word_1_550' title='bbox 1188 2139 1272 2163; x_wconf 90' lang='lat' dir='ltr'>cum</span> <span class='ocrx_word' id='word_1_551' title='bbox 1295 2127 1517 2176; x_wconf 86' lang='lat' dir='ltr'>Apostoliea</span> <span class='ocrx_word' id='word_1_552' title='bbox 1545 2128 1645 2165; x_wconf 84' lang='lat' dir='ltr'>Sede</span> <span class='ocrx_word' id='word_1_553' title='bbox 1674 2133 1907 2177; x_wconf 83' lang='lat' dir='ltr'>argumenta</span> <span class='ocrx_word' id='word_1_554' title='bbox 1937 2130 2008 2166; x_wconf 88' lang='lat' dir='ltr'>de-</span> 
     </span>
     <span class='ocr_line' id='line_1_98' title="bbox 1067 2181 2007 2230; baseline 0.004 -14"><span class='ocrx_word' id='word_1_555' title='bbox 1067 2181 1220 2218; x_wconf 89' lang='lat' dir='ltr'>derunt.</span> <span class='ocrx_word' id='word_1_556' title='bbox 1242 2181 1387 2217; x_wconf 89' lang='lat' dir='ltr'>Eorum</span> <span class='ocrx_word' id='word_1_557' title='bbox 1409 2181 1548 2230; x_wconf 88' lang='lat' dir='ltr'>quippe</span> <span class='ocrx_word' id='word_1_558' title='bbox 1568 2182 1792 2230; x_wconf 87' lang='lat' dir='ltr'>patriarcha</span> <span class='ocrx_word' id='word_1_559' title='bbox 1808 2182 1926 2228; x_wconf 85' lang='lat' dir='ltr'>Elias,</span> <span class='ocrx_word' id='word_1_560' title='bbox 1943 2183 2007 2230; x_wconf 87' lang='lat' dir='ltr'>qui</span> 
     </span>
     <span class='ocr_line' id='line_1_99' title="bbox 1067 2234 2006 2280; baseline 0.001 -9"><span class='ocrx_word' id='word_1_561' title='bbox 1067 2234 1198 2271; x_wconf 90' lang='lat' dir='ltr'>sedem</span> <span class='ocrx_word' id='word_1_562' title='bbox 1215 2246 1324 2271; x_wconf 88' lang='lat' dir='ltr'>suam</span> <span class='ocrx_word' id='word_1_563' title='bbox 1341 2234 1510 2272; x_wconf 81' lang='lat' dir='ltr'>habebat</span> <span class='ocrx_word' id='word_1_564' title='bbox 1525 2235 1684 2273; x_wconf 86' lang='lat' dir='ltr'>Urmiae</span> <span class='ocrx_word' id='word_1_565' title='bbox 1698 2235 1736 2272; x_wconf 90' lang='lat' dir='ltr'>in</span> <span class='ocrx_word' id='word_1_566' title='bbox 1754 2236 1902 2280; x_wconf 66' lang='lat' dir='ltr'>Persia,</span> <span class='ocrx_word' id='word_1_567' title='bbox 1916 2237 2006 2272; x_wconf 88' lang='lat' dir='ltr'>dum</span> 
     </span>
     <span class='ocr_line' id='line_1_100' title="bbox 1066 2287 2008 2337; baseline 0.002 -13"><span class='ocrx_word' id='word_1_568' title='bbox 1066 2287 1403 2325; x_wconf 85' lang='lat' dir='ltr'>schismaticorum</span> <span class='ocrx_word' id='word_1_569' title='bbox 1424 2288 1646 2337; x_wconf 86' lang='lat' dir='ltr'>patriarcha</span> <span class='ocrx_word' id='word_1_570' title='bbox 1667 2289 1862 2326; x_wconf 89' lang='lat' dir='ltr'>residebat</span> <span class='ocrx_word' id='word_1_571' title='bbox 1881 2290 2008 2327; x_wconf 87' lang='lat' dir='ltr'>Mesu-</span> 
     </span>
     <span class='ocr_line' id='line_1_101' title="bbox 1067 2341 2008 2389; baseline 0.002 -12"><span class='ocrx_word' id='word_1_572' title='bbox 1067 2341 1126 2377; x_wconf 90' lang='lat' dir='ltr'>lae</span> <span class='ocrx_word' id='word_1_573' title='bbox 1140 2370 1149 2385; x_wconf 88' lang='lat'>,</span> <span class='ocrx_word' id='word_1_574' title='bbox 1169 2352 1238 2389; x_wconf 90' lang='lat' dir='ltr'>per</span> <span class='ocrx_word' id='word_1_575' title='bbox 1258 2343 1430 2379; x_wconf 89' lang='lat' dir='ltr'>oratores</span> <span class='ocrx_word' id='word_1_576' title='bbox 1451 2342 1616 2379; x_wconf 86' lang='lat' dir='ltr'>Romam</span> <span class='ocrx_word' id='word_1_577' title='bbox 1638 2343 1774 2380; x_wconf 89' lang='lat' dir='ltr'>missos</span> <span class='ocrx_word' id='word_1_578' title='bbox 1795 2342 2008 2379; x_wconf 82' lang='lat' dir='ltr'>subiectio-</span> 
     </span>
     <span class='ocr_line' id='line_1_102' title="bbox 1068 2394 2009 2442; baseline 0.003 -12"><span class='ocrx_word' id='word_1_579' title='bbox 1068 2406 1153 2431; x_wconf 89' lang='lat' dir='ltr'>nem</span> <span class='ocrx_word' id='word_1_580' title='bbox 1175 2406 1284 2432; x_wconf 87' lang='lat' dir='ltr'>suam</span> <span class='ocrx_word' id='word_1_581' title='bbox 1306 2394 1429 2432; x_wconf 89' lang='lat' dir='ltr'>Paulo</span> <span class='ocrx_word' id='word_1_582' title='bbox 1445 2395 1494 2439; x_wconf 87' lang='lat' dir='ltr'>V,</span> <span class='ocrx_word' id='word_1_583' title='bbox 1513 2395 1578 2442; x_wconf 88' lang='lat' dir='ltr'>qui</span> <span class='ocrx_word' id='word_1_584' title='bbox 1602 2395 1637 2432; x_wconf 87' lang='lat' dir='ltr'>ei</span> <span class='ocrx_word' id='word_1_585' title='bbox 1659 2408 1821 2433; x_wconf 87' lang='lat' dir='ltr'>munera</span> <span class='ocrx_word' id='word_1_586' title='bbox 1841 2398 1879 2433; x_wconf 89' lang='lat' dir='ltr'>et</span> <span class='ocrx_word' id='word_1_587' title='bbox 1899 2395 2009 2433; x_wconf 85' lang='lat' dir='ltr'>Fidei</span> 
     </span>
     <span class='ocr_line' id='line_1_103' title="bbox 1067 2447 2008 2498; baseline 0.003 -15"><span class='ocrx_word' id='word_1_588' title='bbox 1067 2447 1342 2496; x_wconf 87' lang='lat' dir='ltr'>professionem</span> <span class='ocrx_word' id='word_1_589' title='bbox 1359 2448 1590 2494; x_wconf 81' lang='lat' dir='ltr'>destinarat,</span> <span class='ocrx_word' id='word_1_590' title='bbox 1607 2448 1791 2498; x_wconf 87' lang='lat' dir='ltr'>patefecit</span> <span class='ocrx_word' id='word_1_591' title='bbox 1807 2451 1845 2486; x_wconf 87' lang='lat' dir='ltr'>et</span> <span class='ocrx_word' id='word_1_592' title='bbox 1861 2461 2008 2496; x_wconf 87' lang='lat' dir='ltr'>omnes,</span> 
     </span>
     <span class='ocr_line' id='line_1_104' title="bbox 1067 2501 2007 2549; baseline 0.002 -12"><span class='ocrx_word' id='word_1_593' title='bbox 1067 2501 1130 2549; x_wconf 86' lang='lat' dir='ltr'>qui</span> <span class='ocrx_word' id='word_1_594' title='bbox 1152 2502 1200 2538; x_wconf 87' lang='lat' dir='ltr'>R.</span> <span class='ocrx_word' id='word_1_595' title='bbox 1222 2501 1438 2538; x_wconf 87' lang='lat' dir='ltr'>Ecclesiam</span> <span class='ocrx_word' id='word_1_596' title='bbox 1459 2513 1529 2538; x_wconf 89' lang='lat' dir='ltr'>eeu</span> <span class='ocrx_word' id='word_1_597' title='bbox 1559 2514 1806 2538; x_wconf 86' lang='lat' dir='ltr'>communem</span> <span class='ocrx_word' id='word_1_598' title='bbox 1837 2503 2007 2539; x_wconf 86' lang='lat' dir='ltr'>omnium</span> 
     </span>
     <span class='ocr_line' id='line_1_105' title="bbox 1067 2556 2008 2604; baseline 0.002 -13"><span class='ocrx_word' id='word_1_599' title='bbox 1067 2556 1231 2591; x_wconf 88' lang='lat' dir='ltr'>matrem</span> <span class='ocrx_word' id='word_1_600' title='bbox 1254 2567 1328 2591; x_wconf 87' lang='lat' dir='ltr'>non</span> <span class='ocrx_word' id='word_1_601' title='bbox 1351 2558 1631 2604; x_wconf 88' lang='lat' dir='ltr'>agnoscerent,</span> <span class='ocrx_word' id='word_1_602' title='bbox 1651 2556 2008 2593; x_wconf 80' lang='lat' dir='ltr'>excommunicatos</span> 
     </span>
     <span class='ocr_line' id='line_1_106' title="bbox 1067 2607 1348 2656; baseline 0.004 -12"><span class='ocrx_word' id='word_1_603' title='bbox 1067 2607 1348 2656; x_wconf 80' lang='lat' dir='ltr'>pronuntiavit.</span> 
     </span>
    </p>

    <p class='ocr_par' dir='ltr' id='par_1_15' title="bbox 1067 2661 2010 2816">
     <span class='ocr_line' id='line_1_107' title="bbox 1119 2661 2007 2709; baseline 0 -11"><span class='ocrx_word' id='word_1_604' title='bbox 1119 2661 1249 2698; x_wconf 91' lang='lat' dir='ltr'>Etiam</span> <span class='ocrx_word' id='word_1_605' title='bbox 1269 2661 1464 2699; x_wconf 88' lang='lat' dir='ltr'>Iacobitae</span> <span class='ocrx_word' id='word_1_606' title='bbox 1485 2673 1559 2698; x_wconf 91' lang='lat' dir='ltr'>non</span> <span class='ocrx_word' id='word_1_607' title='bbox 1581 2661 1690 2709; x_wconf 91' lang='lat' dir='ltr'>pauci</span> <span class='ocrx_word' id='word_1_608' title='bbox 1709 2662 1745 2698; x_wconf 93' lang='lat' dir='ltr'>in</span> <span class='ocrx_word' id='word_1_609' title='bbox 1763 2662 1904 2700; x_wconf 89' lang='lat' dir='ltr'>unione</span> <span class='ocrx_word' id='word_1_610' title='bbox 1921 2674 2007 2698; x_wconf 88' lang='lat' dir='ltr'>cum</span> 
     </span>
     <span class='ocr_line' id='line_1_108' title="bbox 1067 2714 2010 2764; baseline 0.001 -13"><span class='ocrx_word' id='word_1_611' title='bbox 1067 2715 1115 2751; x_wconf 82' lang='lat' dir='ltr'>R.</span> <span class='ocrx_word' id='word_1_612' title='bbox 1137 2714 1312 2752; x_wconf 87' lang='lat' dir='ltr'>Ecclesia</span> <span class='ocrx_word' id='word_1_613' title='bbox 1333 2717 1648 2763; x_wconf 87' lang='lat' dir='ltr'>perseverarunt.</span> <span class='ocrx_word' id='word_1_614' title='bbox 1678 2716 1732 2751; x_wconf 86' lang='lat' dir='ltr'>Eo</span> <span class='ocrx_word' id='word_1_615' title='bbox 1753 2717 1907 2752; x_wconf 90' lang='lat' dir='ltr'>nomine</span> <span class='ocrx_word' id='word_1_616' title='bbox 1936 2728 2010 2764; x_wconf 89' lang='lat' dir='ltr'>ap·-</span> 
     </span>
     <span class='ocr_line' id='line_1_109' title="bbox 1067 2767 2007 2816; baseline 0 -11"><span class='ocrx_word' id='word_1_617' title='bbox 1067 2767 1203 2815; x_wconf 90' lang='lat' dir='ltr'>pellari</span> <span class='ocrx_word' id='word_1_618' title='bbox 1220 2771 1511 2805; x_wconf 87' lang='lat' dir='ltr'>consueverunt</span> <span class='ocrx_word' id='word_1_619' title='bbox 1527 2768 1825 2816; x_wconf 69' lang='lat' dir='ltr'>Monopliysitae</span> <span class='ocrx_word' id='word_1_620' title='bbox 1841 2769 1880 2805; x_wconf 93' lang='lat' dir='ltr'>in</span> <span class='ocrx_word' id='word_1_621' title='bbox 1901 2769 2007 2806; x_wconf 91' lang='lat' dir='ltr'>anti-</span> 
     </span>
    </p>
   </div>
   <div class='ocr_carea' id='block_1_10' title="bbox 1066 2821 2008 2871">
    <p class='ocr_par' dir='ltr' id='par_1_16' title="bbox 1066 2821 2008 2871">
     <span class='ocr_line' id='line_1_110' title="bbox 1066 2821 2008 2871; baseline 0.002 -14"><span class='ocrx_word' id='word_1_622' title='bbox 1066 2832 1142 2869; x_wconf 86' lang='lat' dir='ltr'>qua</span> <span class='ocrx_word' id='word_1_623' title='bbox 1163 2821 1402 2870; x_wconf 64' lang='lat' dir='ltr'>Babylonia,</span> <span class='ocrx_word' id='word_1_624' title='bbox 1425 2821 1707 2870; x_wconf 86' lang='lat' dir='ltr'>Mesopotamia</span> <span class='ocrx_word' id='word_1_625' title='bbox 1727 2823 1766 2858; x_wconf 88' lang='lat' dir='ltr'>et</span> <span class='ocrx_word' id='word_1_626' title='bbox 1784 2822 1923 2871; x_wconf 71' lang='lat' dir='ltr'>Syria,</span> <span class='ocrx_word' id='word_1_627' title='bbox 1943 2824 2008 2871; x_wconf 89' lang='lat' dir='ltr'>qui</span> 
     </span>
    </p>
   </div>
   <div class='ocr_carea' id='block_1_11' title="bbox 1161 2880 1278 2884">
    <p class='ocr_par' dir='ltr' id='par_1_17' title="bbox 1161 2880 1278 2884">
     <span class='ocr_line' id='line_1_111' title="bbox 1161 2880 1278 2884; baseline 0 0"><span class='ocrx_word' id='word_1_628' title='bbox 1161 2880 1278 2884; x_wconf 95' lang='lat' dir='ltr'> </span> 
     </span>
    </p>
   </div>
   <div class='ocr_carea' id='block_1_12' title="bbox 1109 2901 2009 2932">
    <p class='ocr_par' dir='ltr' id='par_1_18' title="bbox 1109 2901 2009 2932">
     <span class='ocr_line' id='line_1_112' title="bbox 1109 2901 2009 2932; baseline -0.001 0"><span class='ocrx_word' id='word_1_629' title='bbox 1109 2903 1118 2923; x_wconf 83' lang='lat'><em>¹</em></span> <span class='ocrx_word' id='word_1_630' title='bbox 1144 2901 1367 2932; x_wconf 70' lang='lat' dir='ltr'>catholicorum</span> <span class='ocrx_word' id='word_1_631' title='bbox 1392 2901 1564 2931; x_wconf 77' lang='lat' dir='ltr'>adversarii</span> <span class='ocrx_word' id='word_1_632' title='bbox 1596 2901 1634 2932; x_wconf 88' lang='lat' dir='ltr'>dc</span> <span class='ocrx_word' id='word_1_633' title='bbox 1657 2910 1753 2931; x_wconf 79' lang='lat' dir='ltr'>causa</span> <span class='ocrx_word' id='word_1_634' title='bbox 1781 2901 1890 2932; x_wconf 75' lang='lat' dir='ltr'>Galilei</span> <span class='ocrx_word' id='word_1_635' title='bbox 1914 2902 2009 2932; x_wconf 71' lang='lat' dir='ltr'>mulla</span> 
     </span>
    </p>
   </div>
   <div class='ocr_carea' id='block_1_13' title="bbox 1065 2943 2011 3063">
    <p class='ocr_par' dir='ltr' id='par_1_19' title="bbox 1065 2943 2011 3063">
     <span class='ocr_line' id='line_1_113' title="bbox 1066 2943 2008 2982; baseline 0 -8"><span class='ocrx_word' id='word_1_636' title='bbox 1066 2945 1226 2974; x_wconf 81' lang='lat' dir='ltr'>commenti</span> <span class='ocrx_word' id='word_1_637' title='bbox 1240 2947 1311 2973; x_wconf 79' lang='lat' dir='ltr'>sunt</span> <span class='ocrx_word' id='word_1_638' title='bbox 1325 2944 1352 2972; x_wconf 87' lang='lat' dir='ltr'>in</span> <span class='ocrx_word' id='word_1_639' title='bbox 1369 2943 1397 2973; x_wconf 88' lang='lat' dir='ltr'>S.</span> <span class='ocrx_word' id='word_1_640' title='bbox 1412 2943 1623 2981; x_wconf 73' lang='lat' dir='ltr'>Inquisitionis</span> <span class='ocrx_word' id='word_1_641' title='bbox 1638 2943 1794 2981; x_wconf 80' lang='lat' dir='ltr'>probrum:</span> <span class='ocrx_word' id='word_1_642' title='bbox 1809 2947 1915 2973; x_wconf 76' lang='lat' dir='ltr'>eontra</span> <span class='ocrx_word' id='word_1_643' title='bbox 1930 2953 2008 2982; x_wconf 79' lang='lat' dir='ltr'>quos</span> 
     </span>
     <span class='ocr_line' id='line_1_114' title="bbox 1065 2983 2008 3023; baseline -0.001 -9"><span class='ocrx_word' id='word_1_644' title='bbox 1065 2985 1182 3014; x_wconf 84' lang='lat' dir='ltr'>videsis</span> <span class='ocrx_word' id='word_1_645' title='bbox 1206 2985 1248 3014; x_wconf 89' lang='lat' dir='ltr'>De</span> <span class='ocrx_word' id='word_1_646' title='bbox 1266 2984 1374 3020; x_wconf 83' lang='lat' dir='ltr'>Feller‚</span> <span class='ocrx_word' id='word_1_647' title='bbox 1390 2983 1527 3014; x_wconf 72' lang='lat' dir='ltr'>Journal</span> <span class='ocrx_word' id='word_1_648' title='bbox 1544 2983 1614 3013; x_wconf 63' lang='lat' dir='ltr'>hist.</span> <span class='ocrx_word' id='word_1_649' title='bbox 1643 2986 1672 3014; x_wconf 79' lang='lat' dir='ltr'>et</span> <span class='ocrx_word' id='word_1_650' title='bbox 1696 2984 1755 3015; x_wconf 69' lang='lat' dir='ltr'>litt.</span> <span class='ocrx_word' id='word_1_651' title='bbox 1779 2984 1863 3019; x_wconf 76' lang='lat'>1785,</span> <span class='ocrx_word' id='word_1_652' title='bbox 1882 2994 1910 3023; x_wconf 83' lang='lat' dir='ltr'>p.</span> <span class='ocrx_word' id='word_1_653' title='bbox 1935 2984 2008 3022; x_wconf 66' lang='lat'>1¹2³;</span> 
     </span>
     <span class='ocr_line' id='line_1_115' title="bbox 1066 3023 2011 3063; baseline 0 -7"><span class='ocrx_word' id='word_1_654' title='bbox 1066 3025 1203 3063; x_wconf 74' lang='lat' dir='ltr'>Bergier,</span> <span class='ocrx_word' id='word_1_655' title='bbox 1218 3025 1350 3056; x_wconf 78' lang='lat' dir='ltr'>Dielion.</span> <span class='ocrx_word' id='word_1_656' title='bbox 1372 3024 1466 3055; x_wconf 67' lang='lat' dir='ltr'>theol.</span> <span class='ocrx_word' id='word_1_657' title='bbox 1483 3027 1539 3054; x_wconf 79' lang='lat' dir='ltr'>art.</span> <span class='ocrx_word' id='word_1_658' title='bbox 1564 3023 1707 3055; x_wconf 61' lang='lat' dir='ltr'>Seianam·</span> <span class='ocrx_word' id='word_1_659' title='bbox 1721 3034 1728 3059; x_wconf 83' lang='lat'>;</span> <span class='ocrx_word' id='word_1_660' title='bbox 1744 3026 1846 3055; x_wconf 72' lang='lat' dir='ltr'>Manet</span> <span class='ocrx_word' id='word_1_661' title='bbox 1869 3026 1907 3055; x_wconf 88' lang='lat' dir='ltr'>du</span> <span class='ocrx_word' id='word_1_662' title='bbox 1938 3027 2011 3062; x_wconf 77' lang='lat' dir='ltr'>Pan,</span> 
     </span>
    </p>
   </div>
   <div class='ocr_carea' id='block_1_14' title="bbox 1068 3065 2010 3099">
    <p class='ocr_par' dir='ltr' id='par_1_20' title="bbox 1068 3065 2010 3099">
     <span class='ocr_line' id='line_1_116' title="bbox 1068 3065 2010 3099; baseline 0.004 -5"><span class='ocrx_word' id='word_1_663' title='bbox 1068 3066 1196 3097; x_wconf 74' lang='lat' dir='ltr'>Dissert.</span> <span class='ocrx_word' id='word_1_664' title='bbox 1220 3066 1309 3099; x_wconf 62' lang='grc' dir='ltr'>Ιῖὸίς</span> <span class='ocrx_word' id='word_1_665' title='bbox 1329 3066 1346 3095; x_wconf 88' lang='grc' dir='ltr'>Ι.</span> <span class='ocrx_word' id='word_1_666' title='bbox 1364 3066 1395 3095; x_wconf 73' lang='lat' dir='ltr'>lx.</span> <span class='ocrx_word' id='word_1_667' title='bbox 1413 3067 1546 3099; x_wconf 68' lang='lat' dir='ltr'>VcnIurI.</span> <span class='ocrx_word' id='word_1_668' title='bbox 1566 3065 1716 3096; x_wconf 71' lang='lat' dir='ltr'>Memoria</span> <span class='ocrx_word' id='word_1_669' title='bbox 1731 3075 1747 3096; x_wconf 90' lang='lat' dir='ltr'>e</span> <span class='ocrx_word' id='word_1_670' title='bbox 1764 3066 1874 3097; x_wconf 60' lang='lat' dir='ltr'>letzem</span> <span class='ocrx_word' id='word_1_671' title='bbox 1893 3066 2010 3098; x_wconf 71' lang='lat' dir='ltr'>mertile</span> 
     </span>
    </p>
   </div>
   <div class='ocr_carea' id='block_1_15' title="bbox 1065 3106 2011 3272">
    <p class='ocr_par' dir='ltr' id='par_1_21' title="bbox 1065 3106 2011 3272">
     <span class='ocr_line' id='line_1_117' title="bbox 1067 3106 2011 3146; baseline -0.001 -9"><span class='ocrx_word' id='word_1_672' title='bbox 1067 3108 1172 3146; x_wconf 66' lang='lat' dir='ltr'>littora</span> <span class='ocrx_word' id='word_1_673' title='bbox 1190 3116 1206 3137; x_wconf 92' lang='lat' dir='ltr'>o</span> <span class='ocrx_word' id='word_1_674' title='bbox 1223 3106 1362 3146; x_wconf 64' lang='lat' dir='ltr'>disperse</span> <span class='ocrx_word' id='word_1_675' title='bbox 1375 3106 1408 3136; x_wconf 80' lang='grc' dir='ltr'>(Ιί</span> <span class='ocrx_word' id='word_1_676' title='bbox 1422 3106 1543 3138; x_wconf 67' lang='lat' dir='ltr'>Galileo</span> <span class='ocrx_word' id='word_1_677' title='bbox 1558 3106 1684 3142; x_wconf 71' lang='lat' dir='ltr'>Grzlilei,</span> <span class='ocrx_word' id='word_1_678' title='bbox 1695 3108 1894 3144; x_wconf 74' lang='lat' dir='ltr'>Venez.1818‚</span> <span class='ocrx_word' id='word_1_679' title='bbox 1907 3108 1925 3138; x_wconf 62' lang='grc' dir='ltr'>Ξ)</span> <span class='ocrx_word' id='word_1_680' title='bbox 1940 3109 2011 3139; x_wconf 84' lang='lat' dir='ltr'>voII.</span> 
     </span>
     <span class='ocr_line' id='line_1_118' title="bbox 1065 3147 2009 3187; baseline -0.001 -8"><span class='ocrx_word' id='word_1_681' title='bbox 1065 3149 1160 3179; x_wconf 85' lang='lat' dir='ltr'>insol.</span> <span class='ocrx_word' id='word_1_682' title='bbox 1178 3149 1198 3177; x_wconf 87' lang='lat' dir='ltr'>E</span> <span class='ocrx_word' id='word_1_683' title='bbox 1212 3148 1437 3178; x_wconf 69' lang='lat' dir='ltr'>recenlioribus</span> <span class='ocrx_word' id='word_1_684' title='bbox 1451 3147 1574 3185; x_wconf 78' lang='lat' dir='ltr'>seriplis</span> <span class='ocrx_word' id='word_1_685' title='bbox 1588 3149 1703 3184; x_wconf 74' lang='lat' dir='ltr'>legesis</span> <span class='ocrx_word' id='word_1_686' title='bbox 1724 3150 1842 3187; x_wconf 76' lang='lat' dir='ltr'>epliem.</span> <span class='ocrx_word' id='word_1_687' title='bbox 1854 3149 1897 3180; x_wconf 75' lang='lat' dir='ltr'>La</span> <span class='ocrx_word' id='word_1_688' title='bbox 1906 3149 2009 3181; x_wconf 72' lang='lat' dir='ltr'>Scien-</span> 
     </span>
     <span class='ocr_line' id='line_1_119' title="bbox 1067 3188 2010 3227; baseline 0.004 -7"><span class='ocrx_word' id='word_1_689' title='bbox 1067 3200 1104 3221; x_wconf 52' lang='grc' dir='ltr'>ια</span> <span class='ocrx_word' id='word_1_690' title='bbox 1120 3199 1135 3219; x_wconf 84' lang='lat' dir='ltr'>e</span> <span class='ocrx_word' id='word_1_691' title='bbox 1153 3189 1183 3219; x_wconf 78' lang='lat' dir='ltr'>la</span> <span class='ocrx_word' id='word_1_692' title='bbox 1198 3188 1290 3225; x_wconf 52' lang='lat' dir='ltr'>Fonte,</span> <span class='ocrx_word' id='word_1_693' title='bbox 1308 3189 1365 3218; x_wconf 87' lang='lat' dir='ltr'>vol.</span> <span class='ocrx_word' id='word_1_694' title='bbox 1389 3189 1486 3224; x_wconf 77' lang='lat' dir='ltr'>LVIII,</span> <span class='ocrx_word' id='word_1_695' title='bbox 1504 3189 1630 3227; x_wconf 79' lang='lat' dir='ltr'>Neapoli</span> <span class='ocrx_word' id='word_1_696' title='bbox 1646 3190 1724 3220; x_wconf 47' lang='lat'>*1865</span> <span class='ocrx_word' id='word_1_697' title='bbox 1740 3199 1747 3225; x_wconf 82' lang='lat'><strong>;</strong></span> <span class='ocrx_word' id='word_1_698' title='bbox 1762 3190 1812 3220; x_wconf 84' lang='lat' dir='ltr'>ubi</span> <span class='ocrx_word' id='word_1_699' title='bbox 1830 3199 1935 3222; x_wconf 86' lang='lat' dir='ltr'>omnes</span> <span class='ocrx_word' id='word_1_700' title='bbox 1955 3201 2010 3224; x_wconf 77' lang='lat' dir='ltr'>ca-</span> 
     </span>
     <span class='ocr_line' id='line_1_120' title="bbox 1066 3230 1891 3272; baseline 0 -10"><span class='ocrx_word' id='word_1_701' title='bbox 1066 3231 1199 3262; x_wconf 79' lang='lat' dir='ltr'>lumniae</span> <span class='ocrx_word' id='word_1_702' title='bbox 1216 3230 1470 3262; x_wconf 67' lang='lat' dir='ltr'>adversariorum</span> <span class='ocrx_word' id='word_1_703' title='bbox 1490 3231 1659 3262; x_wconf 73' lang='lat' dir='ltr'>recentium</span> <span class='ocrx_word' id='word_1_704' title='bbox 1676 3230 1891 3272; x_wconf 77' lang='lat' dir='ltr'>explanantur.</span> 
     </span>
    </p>
   </div>
   <div class='ocr_carea' id='block_1_16' title="bbox 1111 3270 1629 3313">
    <p class='ocr_par' dir='ltr' id='par_1_22' title="bbox 1111 3270 1629 3313">
     <span class='ocr_line' id='line_1_121' title="bbox 1111 3270 1629 3313; baseline 0.008 -12"><span class='ocrx_word' id='word_1_705' title='bbox 1111 3273 1125 3294; x_wconf 55' lang='grc' dir='ltr'>ἰ’</span> <span class='ocrx_word' id='word_1_706' title='bbox 1142 3272 1205 3302; x_wconf 75' lang='lat' dir='ltr'>Vid.</span> <span class='ocrx_word' id='word_1_707' title='bbox 1223 3281 1252 3312; x_wconf 88' lang='lat' dir='ltr'>p.</span> <span class='ocrx_word' id='word_1_708' title='bbox 1270 3270 1337 3304; x_wconf 58' lang='lat'>¹180.</span> <span class='ocrx_word' id='word_1_709' title='bbox 1350 3272 1415 3295; x_wconf 85' lang='grc'>-3</span> <span class='ocrx_word' id='word_1_710' title='bbox 1432 3271 1495 3304; x_wconf 65' lang='lat' dir='ltr'>vid.</span> <span class='ocrx_word' id='word_1_711' title='bbox 1513 3281 1542 3313; x_wconf 85' lang='lat' dir='ltr'>p.</span> <span class='ocrx_word' id='word_1_712' title='bbox 1562 3272 1629 3305; x_wconf 69' lang='lat'>187.</span> 
     </span>
    </p>
   </div>
  </div>
 </body>
</html>
