2241 3473
739 128 865 159 stVE
894 127 946 154 AD
973 125 1246 154 INNOCENTIVM
1273 126 1327 153 111.

75 209 205 248 scopos
232 198 271 234 et
299 196 457 234 abbates
483 195 677 244 pertinere
710 194 757 232 ad
786 192 1009 242 imperium,

74 252 129 290 ita
151 253 192 289 ut
207 249 330 288 omnis
350 248 488 286 electio
509 249 556 286 ad
577 249 848 297 imperatorem
879 244 1009 283 defer-

75 306 186 342 ratur
204 332 213 348 ‚
233 303 319 340 eius
349 313 506 340 assensu
538 301 809 344 confirmatur,
839 302 878 336 et
911 299 1009 335 elec-

75 359 136 395 tus
155 357 204 394 ab
223 367 268 393 eo
285 356 427 393 annulo
448 359 487 392 et
506 355 620 403 virga
639 366 704 391 seu
727 352 860 390 baculo
894 352 1008 388 inve-

75 410 247 454 stiretur,
269 408 449 446 Pontifex
468 419 536 456 per
557 406 825 444 Placentinum
864 404 1009 453 episco-

74 474 164 512 pum
182 461 394 510 respondit,
426 460 636 498 Ecclesiam
670 458 835 508 pretioso
867 457 1007 494 Christi

73 516 262 563 sanguine
275 515 512 562 redemptam
529 518 568 550 et
578 513 739 549 liberam
750 510 1010 554 constitutam,

75 566 180 605 nullo
202 568 311 605 modo
331 566 508 604 ancillari
524 568 713 614 oportere,
729 574 890 611 eamque
907 564 943 598 in
961 562 1011 598 in-

75 621 255 658 decoram
285 622 515 658 servitutem
548 617 682 666 redigi,
716 617 760 663 si,
793 614 1010 652 inconsulto

77 685 182 723 rege,
212 674 404 723 praelatos
432 684 518 710 suos
548 672 691 719 eligere
722 681 794 706 non
817 671 954 717 posset,
973 671 1012 704 et

76 727 117 764 hi
146 739 166 764 e
196 739 310 764 manu
345 726 433 763 laici
460 735 591 762 sacrae
615 722 816 771 potestatis
836 720 1013 770 symbola

75 780 273 829 suscipere
293 780 487 816 deberent.
510 776 572 814 Illi
591 776 713 813 minas
742 775 1012 823 protulerunt,

78 833 260 871 Pontifex
279 843 369 869 vero
389 843 453 868 eos
469 829 678 875 excitavit,
700 830 743 865 ut
770 840 843 865 non
865 827 1011 864 discor-

78 886 163 924 diae
181 886 246 923 sed
276 885 359 934 paci
390 895 547 932 operam
572 883 711 919 darent
730 879 752 918 ¹.

131 941 243 977 Anno
262 937 362 975 1110
381 935 619 974 HenricusV
632 947 718 972 cum
733 933 882 982 copioso
904 943 1016 970 exer-

78 992 156 1029 citu
170 992 284 1041 Alpes
303 990 460 1028 transiit
488 991 572 1026 tum
605 990 647 1025 ut
677 998 837 1036 regnum
859 987 1014 1035 Longo-

79 1045 274 1082 bardicum
292 1043 504 1081 Teutonico
522 1042 663 1085 uniret,
680 1046 762 1077 tum
781 1042 823 1077 ut
838 1051 861 1077 a
879 1038 1015 1076 Ponti-

78 1097 149 1135 fiee
164 1098 374 1148 imperator
387 1098 648 1133 coronaretur.
662 1093 933 1142 Longobardia
945 1091 1016 1129 sibi

78 1151 251 1189 subiecta
278 1151 426 1199 legatos
454 1149 502 1186 ad
531 1147 761 1186 Paschalem
790 1146 920 1191 misit,
951 1157 1017 1194 pro

78 1204 283 1242 tractanda
320 1202 524 1240 concordia
550 1202 650 1238 inter
683 1197 953 1237 Sacerdotium
981 1201 1019 1235 et

79 1256 293 1306 imperium.
316 1256 506 1294 Convenit
527 1258 749 1302 utrumque,
766 1255 809 1290 ut
829 1253 1018 1290 Henricus

78 1310 332 1348 investituras
360 1308 585 1354 dimitteret;
614 1306 795 1344 ecclesias
825 1317 911 1343 cum
941 1305 1019 1342 suis

78 1362 336 1400 oblationibus
366 1365 405 1399 et
433 1360 747 1410 possessionibus,
769 1371 868 1408 quae
884 1359 931 1396 ad
951 1370 1018 1395 re-

78 1427 195 1466 gnum
216 1428 290 1453 non
310 1415 591 1465 pertinuerant,
611 1414 750 1450 liberas
771 1412 1018 1461 relinqueret,

81 1469 316 1518 patrimonia
336 1471 454 1516 atque
468 1467 634 1505 dominia
649 1467 692 1504 B.
714 1466 824 1504 Petri
844 1465 1023 1503 restitue·

80 1524 162 1568 ret,
190 1522 289 1560 sicut
305 1533 328 1559 a
343 1521 478 1559 Carolo
507 1521 650 1569 Magno
666 1519 827 1568 aliisque
850 1519 1019 1567 impera-

82 1575 229 1612 toribus
255 1585 436 1612 concessa
471 1573 626 1611 fuerant
645 1572 672 1619 ²3
701 1571 900 1610 Paschalis
928 1582 1020 1608 vero

83 1627 294 1666 Henricum
323 1631 525 1665 coronaret
552 1627 850 1675 imperatorem,
880 1626 919 1661 et
947 1623 1021 1672 epi-

82 1681 206 1730 scopis
232 1681 491 1730 praeciperet,
524 1684 566 1716 ut
595 1678 819 1728 imperatori
853 1677 1021 1715 dimitte-

80 1741 168 1771 rent
187 1734 335 1783 regalia
348 1763 357 1780 ,
377 1745 477 1782 quae
497 1745 519 1770 a
538 1732 778 1781 temporibus
799 1730 926 1769 Caroli
943 1731 1022 1768 Ma-

82 1787 160 1836 gni,
183 1787 340 1835 eiusque
362 1797 624 1824 successorum
645 1785 693 1822 ad
714 1796 876 1834 regnum
905 1783 1023 1820 mani-

82 1840 181 1878 feste
210 1840 468 1888 pertinebant,
497 1839 609 1884 idest,
624 1838 823 1884 civitates,
844 1837 1021 1883 ducatus,

83 1893 303 1939 comitatus,
320 1893 524 1938 marchias,
543 1894 731 1937 monetas,
752 1890 936 1928 telonium
950 1891 1020 1927 etc.

84 1946 277 1984 Henricus
303 1946 339 1983 V
367 1958 427 1984 an.
452 1945 548 1983 1111
577 1945 722 1982 Urbem
751 1944 944 1993 ingressus
961 1972 970 1988 ,
1001 1954 1022 1979 a

83 1999 284 2045 Pontifice,
299 1999 402 2036 clero
414 2001 452 2036 et
462 1998 604 2048 populo
617 1996 824 2035 honorifice
837 1998 1023 2045 exceptus

84 2056 164 2098 est3
185 2064 322 2090 verum
343 2052 480 2101 spretis
509 2051 650 2100 pactis,
676 2050 926 2088 investituras
960 2049 1021 2086 di-

84 2106 239 2143 mittere
255 2105 397 2151 noluit;
419 2104 664 2150 Pontificem,
695 2104 780 2140 ideo
801 2115 890 2140 eum
919 2114 1022 2139 coro-

85 2170 177 2196 nare
195 2161 454 2204 recusantem,
475 2170 562 2195 cum
583 2156 845 2194 cardinalibus
865 2157 937 2193 sub
953 2155 1021 2192 mi-

84 2212 188 2250 litari
217 2212 390 2249 custodia
408 2211 579 2248 detinuit
612 2214 651 2248 et
671 2210 707 2247 in
728 2210 925 2247 Romanos
943 2221 1022 2247 sae-

90 2265 170 2302 viit.
209 2264 373 2302 Romani
411 2264 448 2301 in
466 2264 637 2302 furorem
671 2263 784 2309 versi,
809 2263 1024 2300 Germanos

84 2320 270 2367 quotquot
290 2318 327 2354 in
351 2318 445 2355 urbe
465 2317 733 2362 occurrebant,
762 2316 1023 2361 caeciderunt,

87 2374 127 2408 et
147 2370 339 2418 utrimque
361 2371 548 2407 acerrime
569 2373 784 2419 pugnatum
807 2371 877 2406 est.

140 2424 236 2461 Cum
267 2423 457 2461 Henricus
486 2424 520 2460 V
543 2435 664 2472 neque
685 2423 798 2460 minis
818 2433 942 2470 neque
964 2421 1024 2457 in-

88 2476 201 2514 iuriis
216 2475 413 2513 Pontificis
433 2477 692 2513 constantiam
706 2476 864 2513 flectere
885 2477 1026 2523 posset,

92 2528 287 2575 Paschali,
316 2529 588 2575 cardinalibus,
609 2529 769 2577 aliisque
791 2528 956 2578 captivis
977 2527 1025 2564 li-

87 2583 281 2620 bertatem
301 2581 517 2630 spopondit,
537 2582 568 2619 si
583 2582 655 2620 sibi
671 2581 927 2619 investiturae
943 2593 1025 2618 con-

91 2635 335 2680 cederentur,
347 2635 484 2683 quibus
501 2647 576 2671 non
591 2635 717 2672 officia
730 2646 852 2679 sacra,
868 2634 931 2672 sed
947 2633 1028 2671 sola

91 2688 239 2737 regalia
255 2686 429 2725 conferre
445 2688 672 2725 intenderet.
690 2688 890 2725 Paschalis
906 2687 1028 2724 11n0n

91 2741 266 2790 propria,
285 2741 349 2779 sed
368 2740 532 2777 aliorum
553 2740 792 2788 captivitate,
813 2740 930 2777 Urbis
959 2740 1029 2776 de-

93 2793 284 2832 solatione
305 2796 345 2831 et
363 2793 533 2842 periculo
553 2793 771 2830 schismatis
790 2793 837 2830 ad
859 2805 1030 2830 annuen-

90 2847 181 2884 dum
210 2846 378 2884 Henrico
398 2846 590 2891 inductus,
612 2857 698 2883 eum
713 2875 722 2891 ,
742 2848 944 2895 postquam
965 2845 1030 2882 iu-

90 2902 226 2945 rasset,
247 2912 286 2937 se
307 2899 472 2948 captivis
492 2898 726 2944 libertatem,
749 2899 935 2936 Romanis
955 2910 1030 2946 pa-

91 2965 186 3001 cem,
217 2953 411 2991 Ecclesiae
440 2964 511 2990 sua
539 2951 769 3001 patrimonia
790 2954 829 2988 et
850 2951 1032 2988 Pontifici

138 3069 147 3090 ¹
165 3069 321 3107 sugerius,
344 3068 409 3100 Vita
426 3066 576 3099 Ludovici
598 3065 644 3097 w.

1883 109 1932 149 21

1054 191 1311 229 obedientiam
1333 189 1620 235 restituturum,
1641 187 1914 237 imperatorem
1931 197 1989 222 co-

1055 244 1222 289 ronavit,
1242 245 1354 292 eique
1374 242 1548 288 indulsit,
1570 247 1611 279 ut
1626 241 1737 290 regni
1757 239 1815 278 sui
1836 239 1988 288 episco-

1056 298 1112 346 pis
1133 300 1171 334 et
1191 297 1406 342 abbatibus,
1425 297 1505 334 sine
1527 295 1709 333 violentia
1724 296 1763 331 et
1777 291 1940 331 simonia
1956 303 1990 328 e-

1054 350 1176 396 lectis,
1196 350 1465 388 investituram
1486 348 1620 386 annuli
1638 352 1677 384 et
1692 347 1817 385 baculi
1835 345 1990 384 confer-

1054 408 1127 449 ret,
1149 406 1266 451 utque
1288 403 1415 440 nullus
1434 402 1595 447 electus,
1616 400 1687 439 nisi
1709 401 1756 438 ab
1778 399 1911 437 eodem
1931 397 1991 434 in-

1053 456 1231 501 vestitus,
1252 457 1544 493 consecraretur
1566 453 1588 493 ¹.

1106 508 1430 546 Henricuvaoti
1443 508 1501 546 sui
1518 519 1672 556 compos
1687 509 1724 544 in
1741 505 1990 544 Germaniam

1054 573 1254 610 regressus
1283 563 1362 608 est3
1393 565 1433 598 at
1454 560 1716 609 privilegium,
1746 559 1845 608 quod
1867 571 1888 596 a
1910 558 1991 594 Pa-

1054 614 1173 652 schali
1185 614 1255 662 Pp.
1265 615 1497 660 extorserat,
1508 625 1690 662 magnam
1706 612 1992 655 dissensionem,

1054 671 1135 705 tum
1157 667 1258 704 intra
1273 670 1355 704 tum
1372 669 1483 704 extra
1501 665 1660 712 Urbem,
1677 665 1878 704 excitavit.
1891 664 1992 701 Pon-

1055 719 1152 758 tifex
1173 723 1364 766 metuens,
1381 732 1427 756 ne
1443 719 1519 757 ista
1541 719 1728 757 dissensio
1745 718 1912 756 schisma
1932 727 1994 764 pa-

1056 776 1162 810 reret
1175 785 1254 818 ,an.
1274 773 1374 810 1112
1396 773 1443 810 ad
1457 772 1694 810 Lateranum
1715 771 1904 821 synodum
1917 770 1995 806 Ro-

1057 838 1142 864 mae
1154 826 1228 863 100
1240 826 1394 863 circiter
1416 825 1679 874 episcoporum
1701 824 1840 873 coe'git,
1860 823 1897 860 in
1919 833 1995 870 qua

1056 878 1249 928 exposuit,
1261 890 1338 928 qua
1354 878 1504 916 ratione
1524 879 1571 915 ad
1587 878 1878 916 concedendum
1895 875 1995 913 Hen-

1057 933 1137 969 rico
1154 932 1256 969 istud
1275 931 1518 980 privilegium
1541 931 1675 969 fuisset
1696 931 1869 976 adactus;
1889 928 1997 965 dein-

1059 985 1104 1023 de
1132 984 1234 1023 facta
1264 985 1353 1022 fidei
1384 983 1632 1033 professione,
1662 983 1771 1029 illud,
1800 982 1901 1031 quod
1930 992 1998 1030 pro

1059 1039 1253 1088 pravitate
1269 1050 1339 1076 sua
1351 1039 1632 1086 pravileyz'um
1665 1037 1864 1074 dicebatur
1877 1064 1886 1081 ,
1915 1036 1999 1071 tota

1059 1091 1302 1140 suffragante
1337 1091 1509 1140 synodo,
1538 1090 1740 1128 damnavit
1769 1092 1808 1126 et
1844 1087 1998 1125 irritum

1061 1145 1159 1182 dixit
1181 1144 1206 1182 ².
1228 1145 1332 1182 Idem
1353 1143 1602 1193 privilegium
1623 1144 1661 1180 in
1688 1143 1821 1180 multis
1849 1141 1999 1190 episco-

1061 1210 1198 1247 porum
1211 1197 1382 1247 synodis,
1398 1209 1467 1247 per
1486 1197 1615 1234 varias
1633 1195 1850 1246 provincias
1865 1204 2000 1243 proac-

1061 1252 1122 1297 tis,
1150 1252 1374 1289 damnatum
1405 1252 1474 1296 est,
1496 1253 1535 1288 et
1557 1249 1750 1288 Henricus
1769 1250 1924 1298 propter
1943 1246 2000 1282 in-

1061 1305 1180 1342 iurias
1193 1306 1240 1342 R.
1256 1304 1437 1342 Pontifici
1453 1304 1584 1342 illatas
1597 1301 1957 1341 excommunicatus
1972 1297 1999 1336 ³.

1062 1359 1104 1395 In
1134 1357 1344 1395 Germania
1371 1357 1483 1394 multi
1512 1357 1715 1406 principes,
1748 1351 2002 1392 ecclesiastici

1061 1411 1219 1456 aclaici,
1232 1411 1459 1460 praesertim
1477 1411 1663 1455 Saxones,
1685 1408 1842 1446 Henrici
1862 1407 1898 1444 V
1910 1417 2002 1455 par-

1061 1468 1120 1502 tes
1148 1465 1403 1502 deseruerunt
1440 1466 1478 1502 et
1514 1462 1750 1501 consortium
1789 1461 1870 1498 eius
1906 1460 2003 1497 vita-

1064 1520 1173 1565 runt3
1190 1518 1288 1555 unde
1308 1529 1442 1555 rursus
1470 1516 1675 1566 imperium
1696 1516 1735 1553 in
1756 1515 1853 1552 duas
1875 1515 2004 1563 partes

1061 1571 1221 1609 scissum
1242 1573 1311 1608 est.

1115 1624 1305 1661 Henricus
1343 1623 1585 1661 subditorum
1624 1621 1880 1659 defectionem
1917 1631 2003 1656 me-

1062 1680 1191 1723 tuens,
1211 1689 1270 1714 an.
1292 1677 1392 1714 1115
1413 1678 1449 1714 in
1468 1676 1621 1714 Italiam
1638 1675 1833 1724 profectus
1850 1674 1909 1710 est
1925 1683 2005 1721 spe·

1063 1731 1165 1768 cioso
1201 1730 1484 1778 componendae
1528 1728 1745 1766 discordiae
1784 1728 2003 1776 praetextu.

1062 1784 1192 1825 Quum
1211 1783 1249 1820 in
1271 1783 1582 1832 Longobardiam
1604 1780 1862 1830 pervenisset,
1882 1780 2005 1815 orato·

1064 1849 1125 1875 res
1153 1838 1318 1874 Romam
1353 1836 1457 1874 misit
1478 1836 1524 1872 ad
1546 1834 1832 1872 conciliandam
1856 1843 2004 1881 pacem.

1065 1889 1263 1927 Paschalis
1291 1890 1361 1938 Pp.
1383 1901 1443 1926 an.
1467 1889 1567 1926 1116
1588 1888 1781 1937 copiosam
1803 1885 2005 1935 episcopo-

1064 1955 1152 1981 rum
1179 1955 1199 1979 e
1226 1942 1389 1979 diversis
1416 1941 1626 1991 provinciis
1657 1940 1863 1989 regnisque
1885 1949 2005 1986 syno-

1065 1997 1156 2034 dum
1173 1995 1439 2044 congregavit,
1460 1996 1498 2032 in
1519 2006 1595 2043 qua
1613 1994 1659 2031 de
1681 1992 1876 2043 praesenti
1898 2002 2006 2039 nego-

1064 2050 1118 2087 tio
1138 2052 1268 2086 actum
1291 2052 1359 2086 est.
1381 2049 1424 2085 In
1445 2049 1517 2086 hac
1538 2048 1683 2097 synodo
1707 2045 1893 2084 Pontifex
1913 2044 2007 2082 olim

1063 2114 1290 2141 concessum
1318 2102 1484 2140 Henrico
1510 2102 1546 2139 V
1574 2100 1826 2150 privilegium
1864 2098 2006 2135 iterum

1063 2155 1351 2202 condemnavit,
1371 2158 1455 2193 tota
1474 2154 1716 2193 acclamante
1747 2152 1906 2202 synodo.
1939 2151 2010 2188 Ve-

1104 2279 1115 2300 1
1127 2277 1586 2319 Clu-onoyraph.Hildeslzenn.
1601 2288 1608 2315 ;
1626 2279 1732 2309 Petrus
1753 2277 1878 2307 Diacon.
1894 2273 2011 2306 Chron.

1068 2320 1173 2353 Casia.
1187 2321 1206 2354 1,
1223 2320 1252 2359 4;
1267 2321 1389 2358 Bai-on„
1405 2320 1442 2350 ad
1461 2329 1509 2350 an.
1528 2319 1670 2350 1109-11.

1105 2362 1120 2383 ‘2
1135 2362 1246 2398 Labbe,
1263 2366 1281 2392 t.
1297 2363 1329 2400 X,
1345 2371 1372 2401 p.
1391 2360 1458 2391 767.
1477 2362 1551 2391 Hinc
1566 2369 1710 2400 carpsere
1726 2359 1862 2390 nonnulli
1880 2357 1917 2388 de
1933 2357 2011 2387 hae-

1066 2405 1125 2435 resi
1158 2404 1336 2434 paschalem
1360 2403 1397 2433 11.
1416 2406 1469 2433 Ast
1493 2403 1599 2433 horum
1623 2402 1852 2432 accusationem
1874 2401 2011 2429 exarmat

1067 2446 1227 2483 Baroutus,
1245 2444 1284 2474 ad
1301 2454 1346 2474 an.
1364 2443 1450 2480 1112,
1473 2443 1488 2484 ἓ
1506 2443 1550 2481 18,
1573 2454 1585 2472 (ι
1598 2443 1662 2473 Non
1685 2447 1730 2473 cst
1753 2443 1831 2472 enim
1854 2439 2012 2477 haeresis,

1067 2487 1209 2517 scribens
1223 2511 1230 2523 ‚
1263 2487 1347 2524 ipsas
1379 2486 1575 2515 investituras
1606 2483 1813 2522 dispensando
1838 2480 2010 2512 concedere

1068 2528 1163 2568 (quod
1177 2536 1268 2558 uuum
1283 2525 1442 2557 Paschalis
1459 2526 1487 2556 11
1504 2524 1606 2562 fecit),
1623 2525 1675 2556 sed
1694 2532 1835 2554 asserere
1853 2526 1943 2562 atque
1960 2521 2010 2551 de-

1068 2570 1202 2606 fendere,
1220 2569 1256 2599 de
1272 2569 1336 2598 iure
1353 2577 1421 2598 esse
1437 2571 1466 2598 et
1478 2567 1594 2597 debere
1612 2567 1676 2597 fieri
1695 2575 1749 2604 per
1770 2565 1864 2595 laicos
1888 2563 2010 2593 investi-

1069 2616 1153 2642 turas
1175 2610 1268 2651 (quod
1290 2618 1456 2648 numquam
1474 2609 1607 2639 asseruit
1622 2606 1783 2638 paschaiis
1807 2606 1853 2642 11).
1881 2603 1914 2634 Id
1932 2604 2013 2634 enim

1070 2652 1208 2683 haeresis
1225 2656 1279 2690 est,
1298 2660 1364 2681 cum
1378 2650 1407 2680 id
1420 2651 1467 2685 sit,
1482 2650 1591 2680 falsum
1610 2650 1738 2688 dogma,
1755 2647 1845 2677 bonis
1864 2645 2012 2681 moribus,

1070 2698 1099 2724 et
1115 2693 1215 2724 sacris
1232 2694 1354 2724 Pau-um
1380 2690 1622 2722 institutionibus
1643 2696 1821 2728 repugnans
1850 2688 1880 2717 in
1905 2686 2016 2717 Eccle-

1070 2736 1146 2765 siam
1169 2735 1361 2765 introducere
1377 2744 1404 2762 ».
1423 2733 1457 2762 Et
1483 2731 1663 2762 Benedictus
1688 2729 1750 2759 le
1776 2728 1835 2767 (1.1
1858 2728 1902 2759 De
1924 2726 2013 2758 Serv.

1072 2775 1129 2807 Dei
1151 2775 1264 2815 Beatif.
1289 2785 1314 2806 c.
1331 2774 1381 2811 41,
1397 2773 1411 2814 ἔ
1429 2772 1493 2809 10),
1515 2784 1527 2801 «
1544 2772 1575 2802 Si
1591 2771 1720 2802 Dominii
1746 2771 1844 2810 ipsius
1860 2769 2014 2800 Ecclesia-

1072 2817 1152 2854 stici,
1180 2817 1302 2855 subdit,
1326 2814 1527 2846 constituendi
1551 2822 1568 2843 a
1591 2813 1678 2843 laicis
1709 2816 1858 2851 usurpata
1882 2810 2014 2842 facultas

1073 2859 1212 2889 haeresis
1236 2857 1375 2888 absolute
1398 2859 1427 2886 et
1449 2854 1628 2893 simpliciter
1644 2854 1758 2891 fuisset,
1776 2862 1836 2883 non
1855 2861 1921 2883 eam
1942 2852 2016 2882 Gre-

1075 2900 1180 2939 gorius
1196 2899 1248 2929 VII
1262 2898 1374 2937 aliique
1390 2896 1551 2927 Pontifices
1569 2896 1598 2925 in
1622 2896 1691 2925 sola
1706 2894 1845 2924 Ecclesia
1864 2893 2016 2925 Occiden-

1074 2941 1127 2971 tali
1151 2941 1388 2979 reprobassent,
1417 2938 1472 2967 sed
1496 2936 1633 2967 eamdem
1650 2935 1898 2975 reprobationem
1913 2934 1951 2964 ad
1970 2934 2020 2963 Ec-

1076 2983 1202 3013 clesiam
1224 2983 1314 3010 etiam
1339 2979 1545 3015 Orientalem,
1575 2978 1604 3007 in
1636 2986 1697 3016 qua
1721 2977 1772 3007 illa
1797 2976 1937 3015 vigebat,
1953 2975 2018 3004 siue

1078 3022 1139 3053 nlla
1162 3023 1351 3052 dubitatione
1374 3020 1493 3050 extendi
1521 3019 1690 3048 voluissent
1705 3029 1731 3047 »,
1753 3018 1780 3048 S.
1808 3019 1858 3048 lvo
1883 3024 2016 3056 quoque,

1078 3065 1209 3102 scriptor
1231 3071 1360 3098 coevus,
1377 3061 1406 3090 in
1435 3069 1490 3090 sua
1507 3058 1658 3099 Epistola,
1683 3069 1710 3090 n.
1735 3058 1794 3090 ⁶238
1817 3060 1956 3097 signata,
1981 3056 2020 3086 ab

135 3109 149 3132 “2
164 3111 271 3140 Petrus
296 3111 457 3144 binomius,
485 3107 602 3139 Cliron.
621 3106 721 3138 Oasin.
746 3106 765 3137 1.
783 3107 832 3140 iv.
857 3116 882 3136 c.
899 3105 948 3144 35;
968 3105 1039 3137 Vita
1080 3105 1327 3135 adversariorum
1351 3101 1512 3132 calumniis
1537 3101 1713 3130 Paschalem
1730 3100 1874 3130 defendit.

98 3150 260 3182 Pasclaaeis
276 3150 308 3181 ΙΙ
329 3160 363 3181 ex
390 3158 457 3181 MSS.
473 3150 564 3180 Card.
591 3148 735 3187 Armenii
761 3157 808 3187 ap.
827 3148 1038 3184 Muratorium,

99 3191 169 3223 lter.
187 3191 257 3222 leat.
271 3190 403 3232 Scripl.,
420 3196 438 3223 t.
458 3192 504 3222 111.

1059 3129 1062 3181 ἶ
1119 3147 1133 3166 ³
1146 3147 1251 3176 Petrus
1266 3144 1475 3180 Diacon.‚1oc.
1496 3143 1563 3179 cir,
1590 3140 1706 3172 Chron.
1729 3140 1888 3181 Ursperq„
1908 3139 2020 3175 Labbe,

1059 3184 1420 3225 1100.(τ11.ρ.760,781,
1440 3183 1542 3215 79781
1564 3182 1634 3214 801.
