2241 3473
591 165 718 195 VSQVE
749 165 800 191 AD
829 164 1026 191 EXCIDIVM
1055 165 1213 192 IMPERII
1243 165 1527 193 OCCIDENTALIS

102 231 195 270 nihil
220 230 356 278 aperte
375 229 565 266 adversus
586 230 798 267 Nicaenam
832 228 947 266 fidem
982 229 1041 266 lo-

101 283 337 334 quebantur,
359 285 509 328 contra,
529 295 568 320 sc
588 283 763 320 eamdem
782 285 913 319 tenere
932 284 970 317 et
986 293 1043 318 ca-

100 336 260 375 tholicos
289 335 448 372 omnino
475 348 558 372 esse
591 336 897 379 contendebant3
927 334 1043 371 Arius

100 390 178 439 ipse
193 387 349 437 perfidis
367 388 670 437 professionibus
686 389 733 425 ab
752 387 916 431 haeresi,
935 386 1043 424 cuius

100 442 355 480 accusabatur
368 471 377 486 ,
411 453 452 478 se
482 441 649 479 alienum
680 441 910 485 simulabat3
941 440 1042 476 unde

101 494 352 534 Constantino
369 524 378 538 ,
408 495 520 532 cuins
548 495 700 531 animus
730 494 777 530 ad
808 493 1043 529 credendum

100 552 185 585 erat
204 547 339 593 levior,
356 547 469 584 facile
486 548 613 585 fucum
631 547 817 590 fecerun&
837 546 898 582 hic
914 548 1043 582 autem

100 600 355 638 Athanasium
377 603 416 638 et
435 601 531 638 alios
551 599 754 648 relegavit,
771 611 845 635 non
861 599 963 646 quod
980 598 1046 635 Ni-

99 664 259 691 caenam
279 654 396 690 fidem
417 653 688 697 defendebant,
707 652 773 690 sed
795 652 896 700 quod
926 663 1044 700 prop-

99 709 160 744 ter
179 706 255 744 alia
275 707 462 747 crimina,
483 717 647 754 quorum
670 705 879 742 veritatem
909 704 1041 741 Ariani

99 759 135 797 ei
155 764 446 808 persuaserant,
466 759 504 796 in
525 759 683 807 synodis
703 758 860 796 fuerant
879 757 1043 806 depositi

99 815 139 850 et
159 813 503 850 excommunicati.
525 813 712 849 'Testatur
732 815 934 860 praetcrea
953 811 1046 847 Con-

100 866 299 904 stantinus
315 866 456 910 iunior,
467 868 617 914 patrem
633 876 748 902 suum
763 864 912 901 misisse
928 864 1046 900 Atha-

102 918 252 956 nasium
273 918 472 965 Treviros,
492 919 593 967 quod
610 919 691 956 vita
711 919 793 955 eius
808 918 911 954 inter
926 917 1047 954 infen-

100 972 270 1010 sissimos
290 972 420 1009 hostes
441 983 515 1008 non
537 974 622 1009 erat
642 972 679 1008 in
695 974 799 1017 tuto3
817 971 914 1007 unde
926 971 1043 1008 etiam

101 1037 176 1063 non
192 1024 350 1062 indulsit
366 1025 653 1070 Constantinus,
672 1028 714 1061 ut
729 1024 906 1061 inlocum
919 1023 1044 1061 exulis

103 1078 310 1117 Athanasii
330 1078 430 1116 alter
451 1078 652 1127 episcopus
668 1078 949 1126 subrogaretur
969 1075 993 1114 ¹.

161 1131 220 1169 10.
245 1131 284 1169 S.
307 1131 467 1169 Helena
487 1133 703 1169 inventrz'ae
729 1131 870 1167 Crucis
892 1130 1045 1167 —Con-

101 1186 294 1222 stantinus
307 1185 557 1222 christianam
570 1184 814 1233 Religionem
825 1184 1045 1233 amplexus,

103 1238 151 1275 ad
181 1239 355 1276 eamdem
384 1239 621 1286 perduxerat
640 1240 805 1275 matrem
833 1249 944 1274 suam
965 1237 1045 1274 He-

102 1291 246 1329 lenam.
266 1292 374 1329 Haec
390 1292 451 1340 pio
480 1291 670 1328 desiderio
704 1291 851 1327 visendi
881 1291 1046 1328 Terram

104 1347 275 1382 sanctam
298 1345 450 1390 ardens,
469 1356 529 1381 an.
551 1345 628 1382 3³26
648 1345 686 1381 in
708 1343 971 1381 Palaestinam
983 1356 1046 1392 pe-

104 1397 407 1447 regrinationem
427 1397 609 1435 instituit.
631 1398 849 1446 Imperator
869 1397 904 1434 ei
933 1401 1047 1446 pote-

104 1454 246 1489 statem
265 1454 303 1488 et
322 1451 472 1488 litteras
491 1452 540 1488 ad
574 1451 792 1488 Macarium
828 1450 1046 1500 episcopum

105 1503 501 1553 Hiei‘osolymitan111n
523 1507 560 1542 et
581 1505 628 1542 ad
649 1504 939 1553 provinciarum
959 1516 1048 1541 rec-

105 1561 209 1595 tores
230 1557 335 1595 dedit
355 1557 402 1594 de
422 1558 686 1607 expurgandis
702 1557 810 1603 locis,
827 1569 926 1605 quae
942 1569 1050 1606 prae-

105 1610 228 1660 cipuis
248 1611 523 1660 redemptionis
538 1612 730 1648 humanae
747 1610 942 1659 mysteriis
957 1623 1049 1648 san-

107 1663 280 1702 ctificata
295 1664 464 1710 fuerant,
473 1666 512 1701 et
527 1665 573 1701 de
584 1665 830 1702 exstruendis
846 1665 882 1701 in
896 1664 942 1702 iis
954 1664 1050 1701 basi-

107 1716 204 1754 licis.
227 1717 334 1755 Haec
348 1717 449 1754 enim
469 1729 580 1755 sacra
600 1718 685 1755 loca
713 1718 931 1766 imperante
964 1717 1049 1754 Ha-

109 1770 243 1807 driano
275 1770 397 1819 ipsius
430 1770 596 1808 Veneris
626 1774 666 1808 et
695 1771 881 1807 Adonidis
910 1770 1049 1808 statuis

107 1823 341 1872 templisque
358 1823 512 1861 fuerant
525 1823 738 1872 profanata.
751 1823 961 1862 Confestim
977 1824 1049 1860 sub

110 1877 386 1925 potentissimis
420 1877 627 1926 religiosae
657 1877 829 1914 Helenae
869 1877 1050 1926 auspiciis

107 1941 243 1967 manus
263 1930 367 1979 operi
389 1931 546 1968 admota
562 1934 632 1968 est.
654 1930 816 1979 Templo
851 1932 890 1968 et
919 1933 1050 1968 statua

109 1983 275 2020 Veneris
295 1983 466 2030 deiectis,
486 1986 593 2020 terra
613 1984 894 2032 ruderibusque
907 1995 1049 2032 expor-

109 2036 215 2080 tatis,
225 2048 380 2074 sacrum
391 2036 606 2074 Salvatoris
622 2037 841 2085 sepulcrum
854 2037 1049 2074 detectum

110 2092 180 2127 est.
194 2090 318 2139 Prope
330 2090 424 2128 illud
437 2090 556 2127 etiam
571 2092 745 2139 repertae
762 2093 855 2128 sunt
870 2093 950 2127 tres
967 2102 1053 2127 cru-

110 2154 186 2188 ces,
201 2143 341 2181 titulus
361 2155 427 2181 seu
448 2143 661 2192 inscriptio,
677 2155 774 2192 quae
795 2144 898 2180 cruci
917 2143 1053 2181 Salva—

111 2196 206 2233 toris
218 2196 348 2234 fuerat
365 2197 536 2242 affixa,et
552 2197 808 2245 clavi,quibus
824 2208 963 2246 corpus
972 2197 1053 2234 eius

112 2248 240 2287 fuerat
259 2249 484 2298 perfossum.
502 2250 790 2287 Dubitationem
800 2262 898 2298 quae
915 2251 1053 2287 existe-

113 2303 203 2349 bat,
223 2302 284 2340 cui
304 2315 325 2340 e
344 2303 468 2341 tribus
497 2304 675 2341 crucibus
705 2303 882 2342 Christus
919 2303 1055 2341 fuisset

113 2354 279 2402 affixus,
305 2357 409 2394 Deus
442 2356 646 2404 dissipavit
673 2356 817 2404 insigni
846 2356 1054 2401 miraculo,

113 2409 203 2446 dum
224 2409 362 2446 mulier
381 2409 536 2447 mortali
551 2411 684 2447 morbo
701 2409 854 2456 affecta,
871 2422 938 2459 per
953 2410 1055 2447 illius

114 2464 263 2499 tactum
283 2463 408 2500 subito
428 2465 565 2500 sanata
593 2465 652 2500 est
673 2463 699 2501 ².
729 2464 880 2500 Helena
905 2466 1055 2512 partem

114 2515 287 2553 s.Crucis
304 2515 406 2554 misit
421 2517 469 2554 ad
478 2515 775 2554 Constantinum
787 2517 909 2554 filium
929 2528 1055 2561 suum,

115 2567 317 2616 reliquam,
337 2572 525 2618 argentea
543 2570 657 2607 theca
676 2570 879 2616 inclusam,
894 2569 1056 2607 tradidit

115 2620 287 2658 Macario
308 2621 482 2671 episcopo
503 2624 808 2660 conservandam
833 2623 870 2659 in
893 2623 1052 2672 amplis-

115 2673 213 2711 sima
226 2674 504 2723 basilica,quae
518 2676 763 2714 Constantini
775 2677 881 2714 iussu
893 2676 980 2714 ads.
993 2676 1058 2713 Se-

119 2727 296 2775 pulcrum
329 2731 529 2766 exstructa
548 2728 634 2767 fuit.
662 2731 721 2767 Ab
742 2730 812 2767 hac
828 2731 956 2767 aetate
976 2729 1057 2766 fre-

118 2783 281 2828 quentes
303 2780 463 2818 fuerunt
477 2782 562 2830 piae
583 2783 892 2820 Christianorum
908 2782 948 2819 in
969 2783 1060 2819 Ter-

117 2844 200 2870 ram
221 2836 394 2871 sanctam
409 2835 749 2883 peregrinationes,
769 2848 935 2885 quarum
952 2847 1059 2873 occa-

143 2971 170 3043 '¹
189 2971 254 3004 vid.
270 2972 367 3003 Nalal.
384 2972 546 3010 Alexand,
565 2971 642 3003 [list
659 2973 733 3005 eccl.
749 2983 832 3006 saec
848 2974 898 3012 IV,
915 2974 990 3006 diss.
1005 2975 1060 3013 ⁹243

123 3022 140 3043 a
156 3021 212 3045 ios.

162 3053 177 3075 ‘²
193 3055 223 3085 S.
237 3054 338 3095 Cyrill.
351 3055 511 3091 Hierosol.‚
524 3054 621 3095 Ερὶςε.
636 3054 871 3089 adeona-canta
883 3066 906 3088 s.
921 3059 1061 3089 Ambros

125 3094 212 3126 Orat.
228 3089 267 3127 cle
281 3096 370 3127 obitu
392 3095 559 3133 Timetos,
574 3096 680 3126 Puffin
687 3097 793 3134 ,Uisa
808 3098 878 3128 eccl
895 3099 911 3129 l.
923 3100 944 3135 Ι,
958 3109 984 3130 c.
1000 3100 1030 3130 7-
1034 3099 1061 3136 8;

123 3135 195 3176 Sulp
198 3137 234 3167 ic.
251 3139 364 3175 δενμεῐ·
380 3138 464 3168 His-c.
482 3146 566 3169 sacr.
581 3137 599 3167 l.
617 3122 835 3174 11;s’.‚1’aulin.
852 3139 950 3179 Epist.
968 3141 1000 3171 11
1023 3141 1062 3171 ad

123 3145 242 3213 Seven:
266 3179 393 3214 Socral.
416 3179 505 3211 Hist.
528 3178 602 3210 eccl.
625 3179 642 3209 l.
661 3180 681 3217 1,
701 3189 726 3211 c
746 3150 1062 3220 17350zomen.1.1l,

125 3227 149 3249 c.
167 3219 408 3258 1;T11e0‹101e1.‚
425 3221 442 3251 Ι.
461 3221 481 3258 Ι,
498 3230 524 3252 c.
543 3220 585 3251 18.

1919 154 1971 192 89

1086 230 1193 267 sione
1214 229 1342 279 plures
1361 242 1389 268 s.
1406 229 1542 267 Crucis
1563 228 1776 278 particulae
1797 228 1845 265 ad
1865 228 1960 267 alias
1975 229 2028 266 di-

1089 294 1288 320 versarum
1317 283 1518 331 regionum
1539 282 1720 320 ecclesias
1749 281 1899 318 delatae
1924 285 2025 320 sunt.

1087 336 1362 373 Constantinus
1383 336 1680 384 pretiosissimas
1699 334 1881 383 reliquias
1900 346 1923 371 a
1944 346 2028 372 ma-

1088 393 1147 425 tre
1169 392 1347 436 acceptas
1369 391 1404 425 iu
1425 391 1518 439 urbe
1548 387 1879 436 Constantinopoli
1914 389 2027 425 exal-

1087 441 1161 478 tari
1183 442 1349 485 curavit,
1370 446 1409 479 et
1429 444 1578 491 partem
1599 441 1828 480 earumdem
1863 442 2027 478 Romam

1087 494 1210 539 misit3
1230 496 1314 530 tum
1337 495 1413 531 huc
1434 501 1516 531 tum
1539 496 1629 532 illuc
1647 506 1810 543 magnus
1826 496 1911 531 erat
1925 494 2032 531 Chri-

1088 547 1305 583 stianorum
1328 548 1375 584 ad
1398 549 1659 585 venerandam
1680 560 1709 586 s.
1739 547 2026 586 Crucem'con-

1087 611 1224 636 cursus
1247 597 1267 637 ¹.

1140 652 1177 689 S.
1197 652 1344 689 Helena
1360 653 1526 690 Romam
1545 654 1682 700 redux,
1697 653 1811 702 paulo
1828 655 1913 702 post
1923 652 2028 690 obiit.

1065 727 1066 731 =
1088 705 1184 742 Eius
1197 705 1385 742 momoria
1400 706 1437 742 in
1456 706 1619 743 ecclesia
1636 707 1777 744 Latina
1792 707 1867 744 XV
1883 707 2029 744 calend.

1088 759 1329 807 septembris,
1348 759 1384 795 in
1407 759 1558 796 Graeca
1577 760 1628 795 20
1657 759 1749 796 iunii
1769 760 1990 798 celebratur
2004 757 2030 796 ².

1144 812 1202 849 ll.
1226 811 1603 860 Constantinopolis
1621 812 1827 850 Dede'catz'o
1839 811 1924 863 (an.
1936 811 2032 862 330)

1088 886 1138 891 —
1154 865 1280 905 Quum
1302 866 1433 901 antem
1454 867 1613 902 senatus
1635 866 1848 911 Romanus,
1863 866 2033 902 maxima

1087 929 1136 954 ex
1154 920 1266 966 parte
1287 918 1414 954 adhuc
1434 918 1628 963 ethnicus,
1652 930 1769 966 aegre
1789 918 1912 955 ferret
1936 930 2031 967 pro-

1088 982 1247 1019 pensum
1267 970 1507 1008 Constantini
1531 971 1703 1008 studium
1732 971 1770 1008 in
1793 971 2028 1009 christianae

1090 1023 1306 1072 Religionis
1322 1024 1881 1073 propagationem,hicimperii
1897 1025 2028 1062 sedem

1088 1077 1163 1114 alio
1183 1077 1438 1115 transferendi
1461 1077 1663 1114 consilium
1683 1077 1782 1114 iniit.
1812 1078 1961 1126 Selegit
1990 1078 2029 1114 in

1089 1131 1191 1167 hunc
1229 1131 1347 1168 finem
1381 1131 1615 1179 Byzantium
1650 1132 1784 1168 urbem
1819 1131 2010 1168 Thraciae
2024 1160 2034 1176 ,

1089 1195 1206 1232 quam
1225 1185 1359 1221 multis
1379 1184 1666 1232 splendidisque
1688 1183 1887 1229 aedificiis,
1907 1184 2036 1221 eccle-

1090 1237 1155 1274 siis
1176 1240 1216 1274 et
1235 1238 1473 1286 amplissima
1493 1239 1718 1275 senatorum
1735 1236 1842 1274 curia
1857 1237 1980 1283 auxit,
1997 1238 2036 1274 et

1089 1302 1151 1327 an.
1173 1291 1250 1328 330
1270 1303 1338 1328 suo
1359 1290 1512 1327 nomine
1532 1290 1905 1339 Constantinopolim
1925 1290 2036 1327 dedi-

1092 1345 1208 1381 cavit.
1229 1344 1326 1381 Eam
1347 1356 1396 1381 ex
1414 1344 1568 1392 integro
1584 1343 1752 1381 reddidit
1769 1343 2034 1388 christianam,

1091 1397 1268 1434 omnibus
1283 1397 1479 1445 religionis
1495 1396 1674 1434 ethnicae
1685 1396 1882 1434 exercitiis
1894 1396 2037 1433 ibidem

1091 1450 1321 1496 interdictis,
1342 1450 1573 1499 templisque
1592 1450 1785 1488 idolorum
1804 1450 1843 1487 in
1863 1449 2040 1487 christia-

1093 1515 1143 1540 na
1162 1503 1372 1541 conversis.
1394 1504 1455 1541 Ex
1475 1516 1548 1552 quo
1566 1505 1740 1552 tempore
1761 1503 2038 1541 Constantino-

1091 1557 1188 1606 polis
1208 1557 1317 1605 quasi
1338 1557 1465 1594 altera
1484 1558 1611 1594 Roma
1631 1557 1772 1594 effecta
1791 1560 1862 1594 est.

1149 1611 1207 1648 12.
1229 1611 1438 1648 Arozobz'us
1450 1610 1653 1648 —Claruit
1671 1610 1822 1648 interea
1841 1609 2040 1648 Arnobius

1094 1664 1322 1711 cognomine
1341 1663 1457 1710 Afer,
1478 1664 1540 1712 qui
1563 1665 1632 1701 sub
1654 1663 1893 1701 Diocletiano
1914 1663 2040 1712 impe-

1095 1719 1224 1754 ratore
1253 1717 1388 1754 Siccae
1408 1717 1446 1754 in
1478 1716 1665 1755 Numidia
1689 1717 1921 1754 rhetoricam
1948 1728 2041 1765 pro-

1096 1769 1232 1815 fessus,
1253 1770 1512 1807 christianam
1531 1770 1779 1819 Religionem
1800 1770 1944 1807 acriter
1964 1769 2040 1806 im-

1095 1823 1636 1872 pugnarat,donec,immissis
1657 1823 1845 1861 divinitus
1865 1823 2039 1869 somniis,

1095 1877 1143 1914 ad
1185 1877 1362 1914 eamdem
1403 1877 1713 1925 amplectendam
1755 1877 2042 1914 stimularetur.

1094 1930 1206 1967 Anno
1227 1929 1384 1967 circiter
1407 1929 1496 1975 300,
1518 1932 1561 1966 ut
1581 1930 1628 1966 ab
1650 1929 1837 1978 episcopis
1857 1929 1896 1966 in
1914 1941 2044 1966 nume-

1096 1995 1184 2020 rum
1205 1984 1571 2020 catechumenorum
1600 1985 1640 2020 et
1669 1983 1715 2020 ad
1732 1982 1967 2032 baptismum
1983 1982 2046 2020 ad-

1099 2037 1322 2074 mitteretur
1338 2065 1348 2082 ,
1367 2036 1488 2073 libros
1507 2037 1530 2073 7
1560 2037 1750 2074 adversus
1782 2037 1927 2073 Gentes
1948 2047 2044 2073 con-

1096 2090 1263 2139 scripsit,
1280 2090 1319 2126 in
1350 2089 1489 2138 quibus
1517 2090 1714 2127 ethnicam
1733 2089 1963 2138 religionem
1980 2089 2047 2126 im-

1100 2143 1285 2192 pugnavit
1305 2144 1344 2179 et
1360 2142 1615 2180 christianam
1628 2142 1966 2180 defenditssMonet
1983 2154 2047 2179 au-

1099 2200 1179 2234 tem
1200 2208 1228 2234 s.
1252 2196 1528 2244 Hieronymus,
1545 2196 1583 2233 in
1598 2196 1645 2234 iis
1666 2196 1856 2244 quaedam
1879 2208 1962 2233 esse
1975 2207 2044 2232 ca-

1102 2251 1226 2287 venda
1251 2248 1278 2296 4;
1299 2262 1369 2287 nec
1390 2250 1544 2295 mirum,
1565 2261 1652 2287 cum
1672 2252 1808 2287 auctor
1830 2250 1956 2286 adhuc
1975 2261 2045 2286 ca-

1099 2303 1355 2340 techumenus
1371 2306 1409 2340 et
1424 2302 1659 2340 christianae
1676 2303 1891 2352 Religionis
1902 2304 2045 2351 myste-

1100 2356 1159 2393 ria
1179 2357 1343 2393 necdum
1363 2356 1477 2405 plene
1500 2356 1660 2393 edoctus
1680 2358 1794 2394 esset.

1153 2410 1536 2447 Lactantius—Aru
1543 2409 1620 2447 obii
1632 2410 1784 2447 auditor
1793 2408 1868 2447 fuit
1883 2409 2045 2445 Lactan-

1102 2463 1201 2508 tius,
1222 2475 1245 2500 a
1264 2462 1410 2500 Firmio
1444 2463 1581 2500 ltaliae
1608 2464 1701 2500 urbe
1716 2493 1724 2508 ,
1750 2475 1828 2511 qua
1856 2461 2041 2499 oriundus

1101 2518 1198 2561 erat,
1220 2516 1517 2564 cognominatus
1537 2516 1770 2561 Firmianus,
1792 2515 2043 2553 Nicomediae

1103 2569 1140 2605 in
1162 2569 1349 2617 Bithynia
1369 2569 1594 2618 aliquandiu
1615 2570 1826 2606 rhetorices
1847 2567 2047 2616 magister,

1103 2623 1191 2659 inde
1224 2622 1261 2659 in
1295 2622 1444 2660 Gallias
1480 2634 1503 2660 a
1531 2622 1782 2660 Constantino
1817 2622 2049 2669 imperatore

1103 2679 1298 2720 evocatus,
1320 2677 1362 2712 ut
1382 2676 1560 2724 Crispum
1577 2687 1786 2719 caesarem,
1803 2673 2049 2711 Constantini

1104 2740 1124 2765 e
1144 2728 1369 2765 Minervina
1388 2729 1526 2773 filium,
1548 2728 1689 2766 latinas
1709 2728 1861 2765 litteras
1879 2727 2047 2764 doceret.

1104 2782 1253 2819 Obiisse
1272 2782 1431 2819 videtur
1446 2782 1550 2819 circa
1569 2793 1628 2818 an.
1650 2781 1738 2818 330.
1761 2781 1834 2818 Vir
1849 2780 1924 2817 fuit
1938 2791 2052 2829 gran-

1105 2835 1160 2872 dis
1191 2835 1418 2872 eruditionis
1447 2838 1487 2872 et
1515 2837 1670 2882 propter
1699 2833 1936 2882 singularem
1965 2833 2047 2870 elo-

1104 2888 1303 2937 quentiam
1339 2888 1464 2925 dictus
1493 2887 1626 2924 Cicero
1661 2887 1906 2925 christianus.
1943 2887 2051 2923 Inter

1145 3016 1155 3038 1
1169 3017 1357 3054 CfGretser.‚
1370 3015 1538 3047 Tractacas
1551 3014 1587 3045 de
1601 3014 1713 3053 Cruoe3
1727 3015 1854 3046 Bolland
1869 3039 1876 3053 ,
1892 3014 1975 3046 Acta
1989 3014 2046 3045 SS.

1106 3059 1329 3135 ISQaiiglland„
1345 3099 1401 3129 loc.
1420 3100 1469 3130 cit.

1132 3141 1160 3188 ’3
1178 3142 1259 3170 Hom.
1279 3139 1366 3178 1542,
1386 3140 1480 3180 Lugd.
1497 3139 1600 3169 Batav.
1619 3138 1714 3177 16513
1728 3139 1839 3179 Migne,
1854 3138 1989 3170 Patr-ol.
2002 3139 2054 3170 la-

1111 3182 1277 3262 τιῖῑΕΞᾷι-ἶὶ.
1294 3222 1332 3254 76
1349 3222 1394 3254 aa
1413 3221 1611 3261 Tranquill.
