2241 3473
751 157 876 188 VSQVE
904 156 957 182 AD
987 154 1127 182 ORTVM
1155 155 1360 182 ISLAMISMI

1894 140 1968 178 159

67 223 267 268 erisiario;
282 222 349 260 sed
366 221 580 270 imperator
595 222 698 259 bello
712 222 886 265 Persico,
902 219 1019 256 Fran·
1065 219 1244 257 bratione
1263 222 1303 257 et
1325 218 1513 267 usurpata
1533 229 1556 255 a
1575 217 1720 255 Ioanne
1748 215 2022 264 appellatione3

66 288 201 317 corum
233 287 324 312 vero
355 287 466 323 reges
496 274 691 312 intestinis
721 272 922 311 discordiis
943 272 1019 308 dis·
1064 273 1203 320 synodi
1237 274 1326 310 acta
1344 301 1353 317 ,
1383 272 1551 320 excepta
1579 268 1758 318 Gregorii
1788 267 2024 306 Antiocheni

64 329 194 373 tracti,
217 339 329 376 opem
350 339 424 364 non
439 327 625 364 tulerunt.
646 327 830 363 Ioannem
859 324 1022 373 patriar·
1065 325 1330 369 absolutione,
1359 324 1474 362 irrita
1504 323 1623 367 dixit,
1646 324 1686 359 et
1714 320 1925 358 Laurentio
1954 332 2024 358 suo

66 383 177 420 eham
197 381 277 429 Cp„
298 383 554 428 cognomento
576 379 856 422 Ieiunutorem,
877 377 943 425 qui
967 376 1018 412 ti-
1065 378 1166 425 apud
1197 378 1473 425 imperatorem
1513 374 1764 423 apocrisiario
1805 373 2025 422 prohibuit,

66 434 194 473 tulum
215 434 466 469 oecumenici
483 444 550 469 seu
569 431 819 469 amirei-salis
835 430 1022 477 patriar·
1066 429 1272 476 quominus
1309 441 1397 466 cnm
1428 429 1570 466 Ioanne
1601 427 1806 464 missarum
1834 425 2026 463 solemnia

66 487 167 525 chae
186 488 418 533 usurparat,
439 484 648 532 corripuit,
669 487 707 520 et
727 483 826 519 hanc
849 481 1022 529 appella-

66 539 210 577 tionem
250 538 470 585 relinquere
508 536 630 574 iussit.
669 535 851 572 Omnium
893 534 1022 570 Ponti-

66 591 184 630 ficum
206 590 354 639 primns
374 594 549 638 tempora
570 600 637 636 per
660 588 906 625 Indictiones
925 586 964 622 in
987 597 1022 622 e-

66 643 216 694 pistolis
238 642 402 679 notavit.
415 643 545 678 Tanta
563 640 634 677 fuit
649 641 687 677 in
706 643 894 687 pauperes
916 649 1019 686 prae-

66 697 200 734 sertim
220 706 330 732 senes
349 694 594 737 liberalitate,
613 697 657 730 ut
677 704 740 729 eos
761 692 875 729 domo
892 702 962 728 sua
980 690 1020 726 in

66 748 352 787 xenodochium
372 757 560 783 conversa
580 746 790 793 exciperet.

119 801 182 838 49.
203 800 276 837 Les
295 800 343 836 de
364 800 529 836 nomine
543 797 815 846 patriarchae
835 805 1020 832 oecume-

68 851 221 891 m'cz'—
237 851 422 889 Nonnulli
444 851 651 899 scriptores
678 850 723 887 de
740 847 1021 892 controversia,

69 916 172 955 quae
201 905 274 942 sub
294 903 458 951 Pelagio
478 903 513 939 II
545 905 585 939 et
615 902 821 951 praecipue
841 901 911 938 sub
932 900 1024 936 Gre-

68 958 179 1007 gorio
199 956 250 994 M.
274 957 515 1005 pertractata
543 954 615 992 fuit
635 955 682 992 de
701 954 930 991 ecumem'ci
941 964 1024 1000 pa-

71 1010 278 1048 triarchae
298 1008 570 1057 appellatione,
588 1009 642 1045 ita
663 1007 782 1044 locuti
803 1008 909 1050 sunt,
929 1017 974 1042 ac
994 1005 1024 1041 si

68 1063 137 1100 illa
157 1065 243 1099 orta
264 1064 367 1099 esset
386 1073 435 1098 ex
453 1060 554 1098 male
570 1060 773 1097 intellecta
787 1059 895 1095 vocis
911 1058 1027 1106 signi-

69 1115 250 1154 ficatione
269 1143 280 1158 ‚
300 1117 340 1151 et
367 1125 429 1150 res
457 1113 556 1149 tanti
585 1112 776 1149 momenti
807 1123 882 1148 non
911 1113 1026 1156 esset,

69 1170 260 1217 quantum
280 1167 366 1204 RR.
386 1164 795 1212 Pontificum,Pelagii
817 1167 856 1201 et
876 1164 1025 1212 Grego-

68 1220 129 1266 rii,
150 1219 290 1268 agendi
318 1219 415 1256 ratio
444 1218 667 1265 significare
688 1218 855 1254 videtur.
876 1216 1025 1253 Verum

71 1284 151 1310 rem
172 1283 213 1310 se
233 1272 350 1309 aliter
370 1271 565 1316 habuisse,
587 1273 626 1307 et
647 1269 859 1306 Pontifices
888 1269 1028 1306 merito

71 1325 339 1377 wiscoporurn
368 1323 434 1372 Cp.
463 1323 714 1372 arrogantiae
743 1321 958 1366 restitisse,
978 1332 1027 1358 ex

71 1378 154 1427 ipsa
167 1377 283 1414 huius
299 1376 590 1414 controversiae
602 1375 764 1413 historia
777 1374 1025 1412 manifestum

71 1433 142 1468 est.
163 1429 289 1467 Nemo
318 1429 467 1474 nescit,
487 1430 634 1476 quanta
658 1431 761 1465 esset
790 1428 1028 1464 Graecorum

72 1482 232 1521 ambitio
260 1482 299 1519 in
329 1481 573 1518 vindicandis
602 1481 782 1529 episcopo
803 1481 868 1529 Cp.
889 1510 897 1526 ,
918 1481 1026 1528 quasi

70 1546 195 1572 novae
223 1535 373 1572 Romae
404 1533 597 1579 antistiti,
625 1534 765 1570 iisdem
798 1532 1029 1582 privilegiis,

71 1587 214 1636 quibus
242 1587 281 1624 in
303 1586 514 1623 Occidente
544 1587 739 1634 gaudebat
768 1585 914 1623 veteris
943 1586 1028 1621 Ro-

73 1652 159 1678 mae
179 1639 367 1688 pontifex.
381 1639 488 1676 Haec
510 1639 750 1676 Graecorum
772 1638 931 1675 ambitio
952 1650 1031 1675 sae-

72 1693 160 1742 pius
198 1692 445 1729 simultatum
473 1691 577 1728 inter
605 1703 670 1728 eos
700 1694 739 1728 et
766 1691 1029 1739 Apostolicam

73 1745 212 1783 Sedem
231 1757 276 1782 ae
293 1745 447 1781 demum
465 1744 655 1781 teterrimi
672 1744 895 1782 schismatis
911 1756 1029 1781 causa

70 1798 320 1835 exstitit.1am
340 1798 379 1834 in
396 1797 503 1845 Cpno
524 1801 563 1834 et
583 1796 888 1834 Chalcedonensi
908 1796 1031 1833 conei-

71 1850 148 1896 liis,
167 1850 472 1888 reclamantibus
493 1850 580 1886 RR.
602 1849 867 1895 Pontificibus,
889 1849 1029 1896 episco-

75 1915 122 1952 po
143 1903 210 1951 Cp.
233 1902 389 1939 honoris
409 1903 600 1950 primatus
620 1906 706 1950 post
726 1903 773 1939 R.
797 1902 1028 1939 Pontificem

73 1958 114 1993 et
131 1955 394 2004 patriarchica
413 1955 500 1991 iura
522 1953 680 1991 fuerant
699 1958 860 1992 asserta.
883 1955 1028 1992 Eadem

75 2009 226 2046 ratione
245 2006 415 2056 episcopi
430 2008 495 2055 Cp.
516 2007 674 2044 titulum
692 2008 943 2045 universalis
959 2019 1029 2044 seu

75 2061 331 2100 oecumenici
348 2060 419 2097 sibi
443 2063 696 2108 usurparunt,
716 2060 818 2107 quod
839 2071 885 2097 ea
905 2060 1032 2108 appel-

75 2113 220 2150 latione
241 2112 427 2150 Pontifex
447 2113 494 2149 R.
515 2112 554 2149 in
577 2112 880 2149 Chalcedonensi
908 2113 1032 2149 eonci-

72 2165 124 2203 lio
144 2165 279 2203 fuisset
297 2165 523 2202 honoratus.
544 2163 681 2213 Neque
699 2177 852 2202 merum
873 2166 1030 2203 honoris

72 2218 232 2257 titulum
252 2217 421 2266 episcopi
435 2217 500 2266 Cp.
521 2218 594 2254 hoc
615 2218 770 2255 nomine
786 2219 858 2255 sibi
874 2230 1031 2267 arroga-

73 2272 182 2316 bant,
202 2270 270 2308 sed
290 2271 408 2308 etiam
430 2272 659 2318 potestatem
679 2271 719 2307 in
739 2283 873 2308 omnes
893 2271 1028 2308 Orien-

72 2324 124 2362 tis
139 2323 341 2369 ecclesias,
357 2322 624 2360 Alexandrina
643 2335 797 2371 quoque
818 2325 858 2360 et
886 2324 1027 2361 Antio-

74 2376 198 2413 chena
215 2375 377 2412 minime
393 2376 579 2424 exceptis,
599 2376 883 2422 existimantes,
899 2388 939 2414 se
960 2388 1030 2425 per

71 2427 293 2466 'Orientales
321 2428 541 2477 provincias
561 2440 606 2465 ea
627 2430 757 2465 omnia
778 2441 909 2477 posse,
930 2442 1029 2478 quae

75 2481 277 2519 Romanus
295 2480 498 2527 Pontifex,
518 2493 584 2518 seu
605 2481 749 2519 veteris
770 2483 920 2519 Romae
941 2483 1028 2530 epi-

75 2544 226 2583 scopus,
241 2532 388 2570 faceret
407 2533 445 2570 in
462 2533 838 2572 Occidentalibus.1d
854 2539 964 2583 patet
979 2547 1028 2572 ex

77 2586 218 2634 agendi
247 2585 398 2622 ratione
417 2586 572 2624 Ioannis
601 2586 857 2633 Ieiunatoris,
879 2588 945 2635 qui
966 2599 1028 2625 an.

75 2638 152 2677 588
172 2638 212 2674 in
232 2649 349 2674 causa
365 2638 546 2687 Gregorii
561 2639 810 2687 patriarchae
826 2640 1031 2678 Antioche-

76 2690 138 2736 ni,
157 2689 245 2727 falsi
275 2689 448 2727 criminis
477 2692 673 2738 accusati,
693 2693 1030 2742 Constantinopoli

77 2742 333 2780 Orientalium
361 2743 554 2790 synodum
581 2744 742 2790 indixit,
763 2747 802 2783 et
821 2745 861 2782 in
881 2758 1029 2783 convo-

78 2796 241 2833 cationis
260 2794 402 2832 litteris
423 2797 674 2833 oecumenica·
687 2799 960 2844 patriarchae
986 2799 1031 2836 ti-

76 2847 205 2885 tulum
234 2846 450 2896 usurpavit.
472 2847 624 2885 Tantae
653 2851 926 2898 arrogantiae,
952 2863 1030 2900 qua

77 2900 242 2949 episcopi
261 2899 327 2948 Cp.
360 2899 584 2937 universam
613 2901 819 2939 ecelesiam
841 2903 1028 2942 Orienta-

77 2951 154 2990 lem
191 2952 263 2990 sibi
301 2952 491 2989 subiicere
521 2953 620 2989 velle
650 2954 912 3003 videbantur,
941 2958 1028 2995 RR.

79 3004 291 3042 Pontifices
313 3006 450 3042 merito
472 3006 712 3043 restiterunt.

133 3057 317 3106 Pelagius
337 3058 388 3103 II,
409 3057 509 3094 datis
538 3058 586 3094 ad
606 3059 802 3107 episcopos
816 3089 825 3106 ,
845 3062 907 3110 qui
929 3061 1029 3099 Con-

80 3109 368 3158 stantinopolim
398 3112 677 3155 convenerant,
705 3111 872 3159 litteris,
900 3114 1028 3162 pluri-

80 3172 185 3199 mum
205 3165 366 3211 questus
385 3166 445 3202 est
463 3163 510 3200 de
534 3163 672 3211 synodi
692 3164 916 3212 praedictae
936 3167 1030 3205 cele-

1063 482 1279 518 celebraret
1297 510 1305 526 ,
1327 482 1551 529 priusquam
1585 481 1616 517 is
1637 492 1658 517 a
1678 491 1778 516 novo
1799 480 1840 516 et
1858 480 2026 516 temera-

1064 534 1120 570 rio
1144 534 1296 570 nomine
1317 533 1676 574 abstineret.Qtu1m
1690 543 1784 569 vero
1800 534 1886 580 post
1900 531 2023 568 Pela-

1064 586 1116 634 gii
1139 586 1175 622 II
1197 586 1360 631 obitum,
1377 585 1542 622 Ioannes
1559 585 1672 633 Cp.in
1695 584 1891 633 proposito
1914 594 2027 621 usur-

1064 638 1181 686 pandi
1202 637 1441 675 oecumenici
1470 637 1720 685 patriarchae
1742 636 1908 673 nominis
1930 646 2024 684 per-

1061 693 1287 734 severaret,
1316 702 1345 727 s.
1368 690 1582 738 Gregorius
1603 690 1670 733 M.,
1696 689 1847 738 Pelagii
1868 699 2023 726 succes-

1063 754 1137 788 sor,
1159 743 1206 779 ad
1228 742 1410 779 Ioannem
1431 745 1471 779 et
1489 743 1537 778 ad
1557 741 1785 778 Mauritium
1817 741 2026 790 imperato-

1064 807 1146 832 rem
1161 795 1313 832 litteras
1328 794 1496 842 scripsit,
1507 794 1546 830 in
1562 794 1699 842 quibus
1712 794 1891 839 ostendit,
1903 804 2018 841 quam

1064 848 1251 885 absonum
1271 849 1386 892 esset,
1406 858 1596 894 usurpare
1617 846 1834 883 huiusmodi
1866 857 2024 891 nomen,

1065 901 1166 949 quod
1204 902 1452 936 caeterorum
1492 899 1805 946 patriarcharum
1843 898 2026 946 dignitati

1067 953 1369 997 adversabatur,
1399 952 1576 999 quodque
1606 951 1680 999 ipsi
1710 951 1795 987 RR.
1817 950 2026 988 Pontifices

1069 1017 1144 1042 non
1174 1005 1425 1049 adhibebant,
1445 1003 1624 1052 quamvis
1651 1003 1843 1051 primatus
1864 1005 1921 1040 sui
1942 1003 2026 1040 iure

1067 1060 1106 1095 et
1126 1057 1450 1095 Chalcedonensis
1471 1056 1624 1093 concilii
1646 1055 1821 1103 exemplo
1841 1055 1879 1092 id
1898 1055 2028 1092 facere

1068 1112 1235 1159 possent.
1257 1109 1463 1147 Mandavit
1482 1108 1638 1153 Ioanni,
1660 1110 1704 1144 ut
1734 1108 1782 1144 ab
1805 1108 2028 1156 usurpando

1069 1164 1140 1200 hoc
1162 1163 1318 1199 nomine
1340 1162 1569 1206 abstineret,
1590 1165 1631 1197 et
1650 1160 1860 1197 Sabiniano
1882 1159 2028 1208 apocri-

1069 1215 1188 1253 siario
1209 1227 1278 1252 suo
1301 1215 1514 1262 prohibuit,
1536 1213 1742 1262 quominus
1762 1224 1851 1250 eum
1871 1213 2028 1258 Ioanne,

1071 1269 1190 1305 donec
1220 1268 1282 1304 hic
1310 1267 1508 1316 paruerit,
1532 1267 1571 1303 in
1602 1267 1808 1303 missarum
1831 1264 2029 1302 solemniis

1071 1321 1396 1358 communicaret.
1417 1321 1471 1357 At
1500 1319 1598 1356 nihil
1626 1317 1855 1366 impetravit
1875 1317 2029 1365 Grego-

1071 1374 1164 1411 rius.
1180 1374 1277 1411 Cum
1297 1373 1501 1422 Cyriacus,
1520 1372 1678 1409 Ioannis
1697 1371 1735 1407 in
1752 1371 1818 1419 Cp.
1839 1370 1930 1407 sede
1947 1381 2031 1406 suc-

1072 1437 1220 1473 cessor,
1240 1426 1387 1474 pariter
1411 1438 1450 1463 se
1470 1424 1736 1474 patriarcham
1768 1422 2032 1459 universalem

1073 1479 1275 1524 scriberet,
1297 1491 1386 1516 enm
1406 1489 1542 1515 rursus
1561 1477 1713 1515 monuit
1741 1475 1966 1524 Gregorius,
1987 1477 2031 1512 ut

1074 1545 1097 1570 a
1127 1532 1298 1580 superba
1327 1531 1588 1580 appellatione
1618 1529 1852 1574 abstineret3
1874 1529 1917 1564 ut
1936 1539 2030 1565 vero

1075 1585 1344 1633 episcoporum
1375 1584 1441 1632 Cp.
1482 1582 1749 1631 arrogantiam
1786 1580 2030 1626 retunderet,

1072 1649 1280 1685 omnesque
1301 1637 1471 1681 doceret,
1487 1648 1527 1674 se
1548 1637 1621 1673 hac
1642 1635 1681 1671 in
1703 1646 1744 1671 re
1772 1646 1848 1670 non
1863 1632 2031 1670 excitari

1073 1701 1205 1727 amore
1233 1690 1272 1726 in
1302 1692 1474 1727 caeteros
1503 1687 1751 1733 dominandi,
1779 1686 2032 1724 Universalz's

1074 1744 1217 1791 Papae
1246 1742 1404 1779 titulum
1423 1771 1431 1787 ,
1453 1753 1568 1789 quem
1591 1741 1627 1778 ei
1648 1739 1834 1788 Eulogius
1856 1739 2031 1775 Alexan-

1075 1797 1211 1833 drinus
1240 1795 1279 1831 in
1310 1795 1454 1831 litteris
1473 1794 1686 1838 tribuerat,
1707 1792 1941 1840 dedignatus
1960 1792 2032 1836 est,

1074 1851 1192 1896 atque
1213 1859 1260 1885 ex
1282 1847 1401 1884 animi
1418 1847 1652 1884 demissione
1669 1846 1838 1894 seipsum
1857 1844 2032 1881 Servum

1074 1901 1301 1938 Servorum
1322 1900 1398 1936 Dei
1414 1899 1624 1947 inscripsit.

1127 1954 1292 1990 Demum
1315 1964 1417 1989 anno
1438 1952 1530 1996 606,
1558 1952 1715 2001 petente
1737 1948 1940 1987 Bonifacio
1961 1948 2032 1997 Pp.

1072 2006 1151 2051 III,
1173 2005 1572 2053 Phocasimperator,
1599 2015 1701 2042 anno
1729 2002 1808 2040 602
1836 2001 1875 2038 in
1902 2001 2031 2039 locum

1072 2058 1250 2096 Mauritii
1271 2057 1457 2095 suffectus
1473 2087 1482 2103 ,
1502 2057 1588 2106 lege
1610 2055 1740 2094 vetuit
1753 2085 1762 2101 ,
1783 2066 1830 2091 ne
1860 2053 2028 2102 episcopi

1072 2112 1138 2160 Cp.
1170 2110 1326 2148 nomine
1355 2111 1604 2149 oecumenici
1632 2109 1848 2146 uterentur.
1869 2107 2031 2144 Falsum

1071 2166 1203 2201 autem
1226 2168 1303 2209 est,
1324 2163 1425 2211 quod
1446 2164 1689 2211 scripserunt
1708 2160 2029 2208 Magdeburgen-

1069 2228 1129 2254 ses
1149 2216 1452 2261 Centuriatores,
1473 2214 1720 2253 Bonifacium
1741 2213 1798 2251 III
1826 2212 2025 2260 importu-

1073 2269 1134 2306 nis
1171 2269 1350 2318 precibus
1380 2271 1420 2306 et
1449 2267 1762 2306 contentionibus
1801 2264 2032 2313 compulisse

1076 2322 1252 2360 Phocam
1281 2321 1580 2370 imperatorem,
1610 2323 1654 2357 ut
1681 2318 1872 2363 sanciret,
1893 2318 2035 2354 Roma-

1075 2387 1166 2412 nam
1187 2375 1390 2412 ecelesiam
1411 2374 1585 2411 omnium
1606 2373 1775 2410 aliarum
1791 2371 1921 2419 caput,
1936 2369 2033 2406 eius-

1074 2439 1151 2476 que
1163 2427 1398 2464 Pontificem
1414 2427 1638 2475 episeopum
1655 2423 1947 2463 oecumenicum
1958 2421 2034 2459 dici

1072 2484 1112 2518 et
1132 2480 1270 2517 haberi
1292 2481 1434 2517 debere
1452 2479 1477 2517 ¹.

1125 2533 1189 2571 50.
1214 2533 1442 2581 Leovzyddz·
1451 2532 1685 2581 persecutio
1706 2531 1751 2566 in
1771 2528 2033 2576 Hispania-

1071 2586 1116 2623 In
1145 2585 1342 2634 Hispaniis
1370 2585 1514 2631 Suevi,
1543 2594 1709 2634 quorum
1739 2579 2034 2618 conversionem

1072 2649 1192 2686 supra
1204 2636 1405 2684 vidimus‘2,
1424 2649 1502 2674 una
1523 2648 1612 2674 cum
1632 2634 1802 2681 antiquis
1818 2631 1954 2669 ineolis
1973 2644 2033 2669 ca·

1071 2691 1255 2728 tholicam
1282 2690 1399 2727 fidem
1427 2689 1721 2739 profitebantur.
1742 2685 1939 2734 Visigothi
1967 2697 2031 2723 ve-

1070 2755 1134 2789 ro,
1155 2743 1222 2792 qui
1243 2755 1426 2792 magnam
1446 2741 1655 2790 Hispaniae
1675 2741 1828 2787 partem
1857 2749 1946 2774 cum
1965 2738 2032 2776 Se-

1073 2796 1263 2845 ptimania
1298 2798 1338 2833 et
1366 2795 1567 2844 provincia
1595 2790 1840 2830 Narbonensi
1871 2801 2033 2841 occupa-

1071 2850 1184 2895 bant,
1205 2849 1371 2886 arianae·
1393 2846 1544 2884 haeresi
1566 2846 1678 2883 erant
1697 2843 1865 2889 addieti3
1892 2843 2031 2882 Catho-

1071 2902 1135 2939 lici
1157 2904 1289 2938 tamen
1311 2912 1420 2938 suam
1442 2899 1673 2947 religionem
1694 2898 1734 2934 in
1755 2906 1891 2933 eorum
1914 2897 2032 2935 terris

1070 2954 1190 2992 libere
1220 2954 1475 2998 exercebant3
1506 2951 1597 3000 quin
1626 2950 1746 2988 etiam
1774 2948 2030 2998 Leovigildus

1111 3057 1122 3077 ¹
1140 3058 1177 3088 Cf
1190 3059 1228 3087 Le
1244 3056 1351 3094 Quian,
1371 3054 1483 3088 Oriens
1501 3054 1678 3086 Christian.
1693 3054 1747 3093 t.1‚
1764 3062 1789 3084 c.
1807 3051 1862 3089 13;
1879 3055 1897 3085 1.
1920 3055 1951 3085 B.
1969 3056 2035 3086 Pal-

1071 3108 1131 3135 ma,
1156 3097 1312 3128 Praelect.
1336 3096 1411 3127 Ht'sl.
1437 3096 1510 3127 eccl.
1536 3099 1555 3127 t.
1572 3097 1610 3135 11,
1627 3106 1655 3136 p.
1671 3096 1693 3134 Ι,
1711 3106 1735 3128 c.
1753 3094 1785 3132 8;
1804 3094 1920 3136 Dande,
1945 3096 2030 3129 [list.

1073 3139 1216 3170 univers.
1236 3142 1253 3168 t.
1272 3138 1319 3175 ΙΙΙ,
1336 3147 1364 3177 p.
1381 3136 1451 3168 593.

1112 3179 1127 3200 2
1143 3181 1216 3220 rag.
1235 3179 1306 3210 1155.
