2241 3473
715 135 841 166 stvss
867 136 921 164 AD
949 134 1279 163 IANSENISTARVM
1307 135 1483 162 EXORDIA

130 203 340 242 mitterent.
361 203 455 241 Cum
478 202 573 241 illud
608 204 711 241 esset
729 214 972 251 suspensum,
991 203 1068 241 Ca-

131 256 236 294 rolus
257 255 306 302 V,
327 267 374 293 ne
394 257 573 295 turbatus
606 268 734 294 rerum
763 258 889 294 status
909 256 946 293 in
967 257 1069 294 Ger-

130 309 258 347 mania
279 310 516 358 perduraret,
538 322 598 347 an.
627 309 724 347 1548
745 309 782 346 in
806 310 971 347 comitiis
990 311 1067 347 Au-

128 362 303 411 gustanis
318 363 517 412 proposuit
531 363 735 400 formulam
752 374 818 400 seu
835 374 1008 400 normam
1030 364 1066 400 in

128 414 325 464 religionis
345 416 498 465 negotio
519 416 752 453 servandam
775 427 892 464 usque
912 417 959 452 ad
982 416 1065 464 ple—

128 479 216 506 nam
246 468 490 507 dissidiorum
522 468 837 517 compositionem
858 480 924 517 per
943 480 1064 517 gene-

126 520 207 558 rale
227 522 445 559 concilium.
480 523 536 560 Ea
556 522 722 559 formula
741 522 845 558 dicta
875 521 1064 567 Interim,

127 574 322 612 doctrinas
342 579 608 612 controversas
629 573 821 611 catholico
841 585 956 610 sensu
984 586 1064 622 pro-

127 628 304 676 ponebat3
320 639 538 677 supremam
547 628 594 665 R.
610 627 806 664 Pontificis
821 629 1064 674 potestatem,

126 682 399 725 caeremonias,
408 681 520 726 festa,
531 679 755 718 nominatim
765 679 945 727 Corporis
957 680 1062 717 Chri-

126 734 189 778 sti,
210 734 508 778 benedictiones,
527 732 672 770 ieiunia
693 733 1004 780 praescribebat;
1025 733 1060 770 in

126 785 301 824 favorem
324 787 623 835 protestantium
637 785 915 830 sacerdotibus,
935 787 999 833 qui
1023 798 1063 823 u-

126 850 259 877 xorem
293 840 506 884 duxerant,
538 838 831 876 matrimonium
851 868 859 884 ,
894 841 934 875 et
954 839 1062 877 laic'is

126 892 286 930 calicem
301 892 602 930 eucharisticum
622 891 851 940 indulgebat
868 890 892 929 ¹.
914 892 1062 929 Verum

123 944 290 982 formula
323 945 397 982 ista
429 945 640 983 Catholicis
674 955 719 980 ac
749 944 1062 982 Protestantibus

123 997 329 1047 displicuit.
350 998 539 1036 Catholici
560 1009 647 1035 eam
666 998 938 1045 reprobarunt,
959 999 1058 1046 quod

123 1063 146 1088 a
164 1051 336 1100 principe
355 1051 453 1089 laico
478 1052 559 1089 sine
592 1051 802 1088 Ecclesiae
825 1051 1057 1089 auctoritate

122 1107 224 1142 esset
261 1104 500 1153 praescripta
519 1134 528 1150 ‚
565 1103 797 1142 catholicam
843 1104 1058 1142 doctrinam

121 1156 223 1194 haud
253 1157 348 1196 satis
377 1160 586 1204 assereret,
609 1157 858 1194 novatoribus
894 1157 1071 1195 clerieo--

121 1221 208 1247 rum
224 1211 404 1260 coniugia
420 1213 459 1248 et
475 1211 783 1248 communionem
801 1211 873 1247 sub
893 1213 1058 1259 utraque

119 1264 247 1312 specie
279 1265 548 1312 permitteret,
584 1266 624 1301 et
651 1275 721 1300 nec
741 1264 926 1312 episcopis
947 1276 1056 1302 suam

119 1315 438 1363 iurisdictionem,
461 1330 530 1355 nec
549 1317 722 1354 ecelesiis
742 1328 811 1354 sua
831 1317 930 1354 bona
949 1319 1058 1355 resti-

118 1371 258 1408 tueret.
279 1370 550 1408 Protestantes
570 1370 651 1408 fere
672 1370 812 1418 ubique
833 1371 955 1408 eidem
977 1371 1056 1408 for-

118 1422 248 1461 mulae
285 1436 355 1461 ceu
395 1424 568 1462 maxima
607 1435 657 1461 ex
695 1428 806 1472 parte
841 1424 1056 1462 catholicae

121 1477 402 1514 renitebantur.

169 1530 355 1579 Theologi
386 1530 764 1578 XVittenbergenseQ
793 1530 930 1578 quibus
949 1543 1055 1568 mor-

116 1584 184 1620 tuo
205 1584 391 1629 Luthero,
411 1583 653 1632 praesidebat
668 1583 960 1629 Melanchthon,
983 1597 1053 1621 no-

118 1647 207 1673 vam
226 1636 431 1674 formulam
462 1637 772 1674 interimisticam
787 1666 795 1682 ,
816 1637 959 1674 dictam
985 1639 1054 1675 Li-

120 1690 309 1737 psiensem
327 1720 336 1736 ,
366 1690 584 1736 ediderunt,
603 1690 641 1726 in
664 1702 739 1738 qua
758 1691 993 1737 statuebant,
1011 1692 1057 1729 de

117 1742 232 1780 rebus
269 1743 489 1792 adiaphoris
505 1773 514 1790 ,
548 1755 618 1781 seu
651 1755 749 1792 quae
779 1755 808 1781 s.
829 1744 1054 1792 Scripturae

117 1807 190 1832 non
210 1796 524 1842 adversarentur,
541 1808 616 1833 non
632 1808 713 1834 esse
735 1797 1050 1835 contendendum

116 1849 181 1886 sed
201 1860 267 1886 eas
287 1850 486 1887 observari
521 1861 630 1897 posse
664 1853 781 1898 atque
800 1862 847 1887 ex
868 1850 958 1898 ipsis
977 1852 1054 1888 suis

116 1901 362 1951 dogmatibus
391 1903 574 1940 nonnulla
607 1907 938 1950 temperaverunt.
975 1904 1051 1942 Alii

116 1966 209 1992 vero
229 1956 413 2005 theologi,
434 1956 664 2005 praesertim
680 1957 922 2006 Thuringici,
937 1957 1050 1994 istam

116 2007 324 2047 formulam
345 2010 614 2059 reprobarunt3
637 2010 736 2046 unde
757 2009 805 2047 lis
821 2011 1054 2058 gravissima

115 2060 217 2099 inter
236 2062 437 2112 theologos
457 2063 686 2100 lutheranos
705 2063 876 2100 excitata
895 2067 953 2100 est
973 2063 998 2102 ².

166 2115 210 2151 In
231 2115 453 2163 Germania,
475 2127 604 2152 rerum
624 2116 978 2154 ecclesiasticarum
1009 2129 1053 2154 ac

115 2168 357 2216 publicarum
378 2171 503 2207 status
518 2168 640 2217 magis
655 2170 852 2218 magisque
868 2171 1052 2208 turbaba-

114 2224 192 2258 tur.
205 2222 427 2268 Mauritius,
439 2223 518 2260 dux
534 2224 573 2259 et
587 2223 731 2259 elector
742 2223 948 2268 Saxoniae,
966 2224 1053 2260 abu-

116 2285 181 2310 sus
197 2275 324 2323 gratia
335 2276 521 2321 CaroliV,
537 2287 649 2324 quam
667 2275 736 2312 sibi
752 2287 822 2313 sua
837 2276 1052 2313 calliditate

116 2330 304 2374 captarat,
321 2340 379 2366 an.
397 2329 493 2369 1551
506 2340 592 2366 cum
609 2329 840 2377 quibusdam
860 2329 1052 2378 principi-

116 2378 186 2416 bus
207 2379 447 2419 Germanicis
467 2384 506 2418 et
526 2381 696 2418 Henrico
717 2382 754 2419 II
776 2394 867 2431 rege
887 2382 1050 2427 Galliae,

115 2431 180 2480 qui
200 2444 260 2470 an.
283 2433 383 2471 1547
403 2435 611 2472 Francisco
632 2435 648 2472 I
667 2435 769 2484 patri
802 2447 871 2473 suo
905 2448 1051 2473 succes-

115 2487 230 2531 serat,
250 2486 340 2523 belli
363 2488 588 2525 societatem
605 2489 703 2525 clam
719 2489 805 2526 iniit
824 2491 958 2526 contra
977 2489 1050 2527 Ca-

159 2567 168 2585 1
185 2565 318 2597 Goldast.
339 2567 506 2601 Constitui.
524 2568 636 2609 imper.
655 2573 672 2600 t.
690 2571 710 2607 Ι,
727 2579 754 2609 p.
773 2569 842 2601 518.
855 2570 1050 2609 Spondmms,

116 2605 153 2635 ad
171 2615 218 2636 an.
238 2607 332 2644 154¹,
350 2608 365 2649 ἕ
381 2609 412 2646 5,
428 2612 457 2639 et
479 2609 568 2648 1518,
589 2609 640 2650 21·
655 2615 683 2642 et
699 2611 726 2649 5,
745 2615 827 2641 notat
842 2612 932 2648 plura
955 2612 1048 2642 fuisse

115 2647 288 2679 huiusmodi
306 2648 442 2681 Interim
457 2652 486 2681 in
504 2652 671 2690 Religionis
690 2653 780 2683 rebus
796 2662 814 2682 a
831 2653 938 2683 Gai-olo
955 2653 1048 2683 here-

113 2689 180 2718 ticis
195 2690 378 2721 Germaniae
401 2692 534 2723 diversis
559 2694 766 2732 temporibus,
784 2702 943 2733 quousque
967 2695 1046 2725 cele-

112 2729 255 2762 braretur
272 2732 451 2770 Concilium,
469 2742 627 2771 concessa;
644 2735 698 2764 sed
723 2735 780 2765 hoc
799 2735 1046 2771 famosissimum,

113 2771 194 2809 quod
217 2781 272 2811 per
293 2775 538 2804 antonomasiam
561 2774 589 2804 id
613 2775 744 2806 nominis
767 2776 912 2813 obtinuit,
931 2776 1046 2807 factum

112 2814 160 2842 est
182 2822 249 2843 cuin
274 2814 333 2844 iam
351 2816 517 2845 Concilium
534 2817 741 2847 Tridentinuin
764 2816 940 2848 haberetur.
957 2819 1046 2848 Com-

113 2853 304 2891 plectebatur
320 2861 419 2887 autem
437 2856 539 2895 capita
563 2856 602 2888 “26
627 2857 664 2888 de
686 2859 859 2896 praecipuis
876 2859 1044 2898 Religionis

113 2894 305 2926 Christianae
323 2897 531 2937 dogmatibus,
546 2898 582 2928 ‹le
599 2899 804 2929 Sacrainentis
821 2903 850 2929 rt
865 2902 1045 2930 oeconomia

112 2944 148 2964 ac
164 2939 364 2969 caeremoniis
379 2938 529 2969 *ccclesiae
544 2940 583 2969 uti
599 2939 712 2970 (lictum
728 2944 780 2970 cst.
795 2941 966 2971 Istiusmodi
984 2941 1044 2971 for—

113 2977 223 3008 mulam
239 2988 293 3010 seu
310 2980 444 3010 libellum
463 2989 480 3010 a
495 2980 640 3011 Pontifice
657 2981 860 3019 improbatum
874 3005 881 3019 ‚
899 2983 1042 3014 confuta-

112 3021 182 3048 runt
203 3021 372 3059 scriptores
396 3026 457 3051 tum
480 3022 642 3058 Catholici,
666 3025 728 3052 tum
751 3024 921 3058 Haeretici,
945 3027 976 3054 ut
998 3028 1042 3055 est

111 3059 192 3095 apud
215 3062 353 3092 eumdem
377 3062 575 3101 Spondanum
599 3066 616 3096 ἓ
634 3062 668 3100 7,
687 3069 716 3093 et
732 3064 948 3095 Pallavicinum
970 3065 988 3096 l.
1006 3065 1045 3097 10

111 3097 194 3130 Stor.
211 3100 260 3134 det
277 3101 394 3135 Concil.
413 3103 448 3133 di
468 3103 594 3140 Tremo,
612 3113 636 3134 c.
656 3104 703 3134 17.

150 3139 165 3161 ²
179 3144 358 3182 cochlaeus‚
377 3143 552 3177 Commeat.
571 3145 608 3175 de
630 3145 711 3176 accis
722 3147 751 3177 et
765 3146 876 3186 script.
894 3146 1038 3187 Luthem}

112 3181 259 3222 Raynald.
275 3188 305 3217 et
318 3186 474 3226 Spondan.
489 3186 606 3218 Annal.
621 3186 694 3219 eccl.

1925 127 1997 165 163
2019 168 2023 171 ,

1109 200 1233 239 rolum
1254 200 1303 239 V.
1323 201 1433 239 Anno
1458 200 1557 240 1552
1584 202 1792 240 Mauritius
1820 202 2048 250 exercitum,

1109 254 1290 291 celeriter
1309 254 1530 301 collectum,
1550 255 1662 294 duxit
1680 257 1817 294 contra
1835 256 2047 305 imperato-

1110 319 1207 352 rem,
1226 307 1434 356 OEniponte
1456 311 1671 346 morantem
1687 338 1696 355 ,
1711 309 1800 358 qui,
1820 309 1874 347 nil
1894 309 1970 347 tale
1991 322 2051 348 su-

1108 361 1288 408 spicatus,
1305 361 1352 398 ad
1374 360 1506 410 fugam
1527 362 1685 400 adactus
1705 366 1774 400 est.
1792 363 1937 400 Eodem
1957 364 2049 400 tem-

1111 425 1201 461 pore
1232 413 1423 451 Henricus
1462 426 1530 451 rex
1565 415 1716 453 Galliae
1753 415 2048 464 Lotharingiam

1108 471 1260 504 armata
1281 478 1395 504 manu
1416 467 1580 513 invasit,
1601 471 1640 505 et
1659 471 1683 507 3
1703 469 1946 517 episcopatus
1966 469 2046 506 Lo-

1109 519 1361 565 tliaringicos,
1384 520 1555 566 praemia
1574 521 1715 558 auxilii
1743 522 2047 570 protestantibus

1109 573 1298 619 praestiti,
1318 571 1419 609 tulit.
1440 572 1706 611 Ferdinandus
1727 586 1817 611 vero
1838 586 1908 612 rex
1928 575 2045 613 Hun-

1107 626 1252 671 gariae,
1287 624 1410 662 frater
1443 625 1571 663 Caroli
1591 626 1626 663 V
1639 656 1648 672 ,
1669 627 1890 665 Tui-carum
1926 628 2046 667 armis

1109 677 1247 726 ubique
1267 678 1554 716 succumbebat.

1157 731 1320 769 30.l·'am
1333 732 1680 779 Auyustana—In
1697 732 1756 770 his
1772 733 1959 782 angustiis
1977 733 2047 772 im-

1106 786 1260 831 perator
1293 785 1342 822 ad
1376 784 1597 822 indecoram
1631 797 1764 833 pacem
1799 799 1887 824 cum
1908 790 2045 836 prote-

1104 837 1294 875 stantibus
1327 837 1536 874 ineundam
1571 838 1790 886 compulsus
1818 842 1887 878 est.
1909 841 2042 878 Primo

1104 889 1258 936 quidem
1280 890 1319 928 in
1340 891 1603 928 transactione
1623 903 1712 936 ,-an.
1737 892 1836 930 1552
1866 894 2045 932 Passavii

1104 942 1220 988 sacta,
1240 946 1430 981 statutum
1449 946 1520 989 est,
1535 947 1579 980 ut
1597 944 1736 981 abhinc
1754 957 1830 993 pax
1850 950 1953 984 esset
1969 947 2046 985 Ca-

1103 996 1266 1034 tholicos
1300 997 1401 1034 inter
1429 998 1469 1034 et
1498 997 1781 1044 Protestantes,
1802 999 1838 1035 in
1860 999 2046 1046 proximis

1103 1049 1269 1087 comitiis
1301 1050 1528 1087 solemniter
1555 1049 1748 1088 firmanda
1776 1056 1815 1088 et
1845 1063 1966 1101 usque
1997 1053 2048 1090 ad

1103 1102 1314 1150 perfectam
1337 1103 1580 1141 dissensionis
1612 1103 1819 1152 religiosae
1849 1106 2045 1154 composi-

1102 1155 1258 1200 tionem,
1279 1156 1355 1201 vel,
1375 1157 1408 1193 si
1426 1169 1472 1194 ea
1493 1155 1594 1193 effici
1612 1169 1686 1193 non
1703 1160 1843 1205 posset,
1859 1162 2045 1207 perpetuo

1102 1208 1303 1247 duratura.
1317 1211 1483 1247 Demum
1495 1209 1664 1247 an.1555
1680 1211 1718 1246 in
1734 1211 2047 1260 comitiis‚Augu-

1101 1262 1495 1300 stae-Vindelicorum
1518 1263 1670 1309 habitis,
1692 1265 1952 1311 protestantes
1973 1277 2046 1302 vo-

1101 1317 1228 1352 torum
1248 1327 1405 1353 suorum
1427 1320 1621 1364 compotes
1641 1316 1733 1354 facti
1754 1320 1855 1354 sunt.
1879 1317 1923 1354 In
1945 1317 1992 1355 iis
2011 1330 2047 1355 e-

1100 1368 1179 1405 nim
1193 1371 1390 1406 statutum
1405 1374 1475 1415 est,
1487 1373 1529 1406 ut
1539 1368 1858 1407 Confessionistae
1873 1382 1942 1408 seu
1959 1383 2048 1408 con-

1100 1420 1253 1459 fessioni
1269 1423 1520 1471 Augustanae
1537 1422 1679 1460 addicti
1695 1435 1818 1472 aeque
1836 1435 1881 1460 ac
1898 1424 2046 1462 Catho-

1102 1474 1164 1512 lici
1186 1475 1298 1523 plena
1327 1475 1527 1524 religionis
1545 1475 1722 1514 libertate
1750 1479 1789 1513 et
1816 1477 2046 1525 aequalibus

1098 1528 1247 1566 iuribus
1262 1530 1488 1577 gauderent,
1500 1530 1601 1566 bona
1617 1529 1890 1577 ecclesiastica,
1905 1531 2044 1567 hacte-

1098 1593 1169 1618 nus
1188 1587 1387 1630 occupata,
1410 1583 1633 1628 retinerent,
1650 1586 1689 1619 et
1709 1583 1756 1620 ab
1775 1583 2041 1632 episcoporum

1097 1634 1364 1672 iurisdictione
1381 1638 1507 1673 essent
1523 1635 1733 1682 immunes3
1755 1641 1797 1673 ut
1816 1635 1882 1684 qui
1902 1637 1941 1673 in
1961 1638 2040 1674 sta-

1095 1688 1199 1725 tibus
1227 1689 1497 1726 ecclesiasticis
1526 1688 1756 1726 confessioni
1785 1690 2041 1738 Augustanae

1097 1753 1198 1778 nunc
1217 1742 1498 1787 adhaerebant,
1519 1742 1598 1779 sive
1619 1742 1786 1788 nobiles,
1801 1742 1882 1779 sive
1904 1743 2018 1780 urbes
2034 1772 2043 1789 ,

1096 1794 1179 1831 sive
1196 1795 1293 1832 aliae
1307 1796 1617 1839 communitates,
1628 1795 1677 1832 ad
1691 1807 1775 1831 eam
1789 1796 2041 1833 deserendam

1098 1859 1169 1883 non
1188 1848 1530 1896 compeherenturg
1549 1849 1641 1885 utin
1657 1848 1791 1886 liberis
1807 1849 1956 1897 imperii
1975 1861 2039 1886 ur-

1096 1900 1221 1946 bibus,
1242 1901 1280 1937 in
1302 1902 1438 1949 quibus
1457 1902 1643 1939 hactenus
1663 1906 1849 1950 utraque,
1870 1904 1983 1940 vetus
2002 1905 2042 1940 et

1096 1965 1196 1990 nova
1217 1954 1352 2003 religio
1373 1955 1565 2003 viguerat,
1577 1955 1609 1992 is
1628 1957 1753 1992 status
1772 1956 2002 2004 perduraret
2015 1955 2038 1993 ¹.

1094 2006 1206 2044 Hanc
1224 2019 1380 2055 pacem,
1401 2019 1500 2056 quae
1525 2008 1573 2045 ab
1595 2008 1687 2044 urbe
1706 2008 1745 2045 in
1766 2020 1843 2057 qua
1863 2008 2038 2046 confecta

1095 2063 1166 2107 est,
1187 2062 1419 2109 Augustana
1439 2061 1600 2106 dicitur,
1621 2063 1879 2110 protestantes
1900 2062 2036 2110 appel-

1094 2113 1175 2150 lant
1194 2113 1436 2163 religiosam,
1457 2117 1497 2151 et
1516 2114 1625 2151 velut
1644 2115 1833 2152 libertatis
1853 2127 1946 2153 suae
1966 2127 2035 2152 co-

1092 2166 1265 2204 lumnam
1288 2168 1525 2215 praedicant.

1146 2220 1208 2258 31.
1247 2221 1473 2268 Relzyz'om's
1501 2225 1634 2258 status
1666 2221 1711 2258 in
1735 2221 1891 2269 Anyzza
1914 2242 1964 2248 —-
1993 2221 2036 2258 In

1091 2273 1233 2321 Anglia
1253 2273 1443 2312 Henricus
1464 2274 1557 2312 VIII
1575 2274 1616 2310 in
1645 2273 1800 2311 funesto
1822 2274 2034 2319 schismati,

1091 2327 1191 2374 quod
1211 2327 1423 2374 excitavit,
1443 2339 1543 2364 anno
1567 2327 1666 2365 1547
1688 2329 1862 2364 mortuus
1891 2329 1962 2364 est.
1992 2327 2036 2364 In
2066 2361 2069 2364 ,

1091 2381 1323 2416 testamento
1355 2392 1426 2417 suo
1461 2381 1739 2425 constituerat,
1759 2384 1802 2417 ut
1816 2380 1888 2417 sibi
1907 2380 1946 2416 in
1967 2392 2032 2417 re-

1091 2443 1165 2480 gno
1186 2433 1412 2471 succederet
1432 2433 1555 2482 primo
1575 2433 1657 2471 loco
1679 2433 1882 2471 Eduardus
1899 2462 1908 2476 ,
1928 2433 2031 2471 filius

1090 2497 1182 2522 suus
1213 2497 1234 2522 e
1263 2486 1409 2524 loanna
1447 2487 1661 2536 Seymour,
1693 2486 1859 2523 secundo
1888 2485 2027 2531 Maria,

1089 2538 1169 2575 filia
1189 2550 1261 2576 sua
1280 2551 1300 2575 e
1321 2540 1534 2577 Catharina
1553 2539 1772 2588 Aragoniae
1801 2538 1926 2587 prima
1946 2551 2033 2576 con-

1089 2592 1192 2640 iuge,
1212 2592 1327 2629 tertio
1347 2593 1585 2638 Elisabetha,
1605 2605 1653 2629 ex
1673 2592 1784 2628 Anna
1805 2592 1951 2629 Bolena
1970 2604 2031 2629 su-

1088 2648 1229 2693 scepta.
1246 2645 1466 2684 Secundum
1486 2657 1705 2694 supremam
1725 2645 1824 2681 hanc
1843 2645 1945 2693 regis
1965 2657 2028 2681 vo-

1087 2698 1281 2735 luntatem
1302 2710 1465 2747 regnum
1482 2699 1647 2746 Angliae
1667 2700 1707 2735 et
1726 2698 1940 2735 Hiberniae
1961 2709 2032 2735 ac-

1087 2750 1191 2799 cepit
1210 2751 1416 2790 Eduardus
1436 2752 1502 2796 VI,
1516 2752 1618 2789 filius
1638 2751 1722 2788 eius
1745 2750 1943 2796 novennis,
1963 2762 2031 2788 re-

1087 2805 1299 2852 gnavitque
1324 2817 1442 2854 usque
1462 2805 1510 2842 ad
1533 2804 1646 2841 1553.
1680 2804 1776 2842 Eius
1809 2804 2030 2855 avunculus

1087 2858 1291 2895 Eduardus
1313 2858 1518 2906 Seymour,
1536 2858 1614 2894 dux
1634 2857 1942 2903 Somersetanus,
1964 2857 2031 2906 qui

1086 2910 1317 2958 protectoris
1338 2911 1488 2947 nomine
1521 2922 1744 2958 supremum
1766 2910 1937 2959 regimen
1961 2922 2030 2947 oc-

1086 2963 1258 3011 cupavit,
1282 2975 1358 3000 una
1389 2975 1476 3000 cum
1511 2963 1736 3001 Crammero
1765 2963 2030 3012 archiepisco-

1087 3028 1132 3064 po
1152 3016 1423 3054 Cantuariensi
1452 3028 1593 3053 novam
1627 3016 1851 3064 religionem
1888 3016 2028 3065 Anglis

1085 3069 1270 3116 obtrusit3
1306 3069 1368 3105 hic
1402 3068 1718 3106 Lutheranorum
1735 3099 1744 3116 ,
1778 3069 1843 3106 ille
1879 3070 2028 3108 Sacra-

1123 3188 1132 3209 ¹
1151 3187 1287 3219 Goldast.
1309 3185 1478 3218 Constitui.
1495 3186 1607 3226 imper.
1625 3190 1645 3216 t.
1661 3187 1695 3225 ll,
1711 3195 1740 3225 p.
1758 3185 1827 3217 566.
