2241 3473
488 129 627 159 VSQvE
648 129 702 157 AD
723 128 938 157 PVBLICAM
960 128 1107 155 RERVM
1130 127 1172 155 IN
1195 126 1368 155 GALLIIS
1388 126 1712 154 SVBVERSIONEM

1944 111 2022 151 291

130 203 214 242 fore
241 204 526 251 beatas,quam
544 203 706 240 ultimus
725 214 864 250 regum
886 202 1080 239 intestinis
1133 205 1220 238 rata
1246 203 1597 248 cognoscerentur,
1623 195 1851 243 germanIce
1877 197 2080 231 verteren-

129 258 255 295 ultimi
279 257 498 294 sacerdotis
524 263 631 294 esset
657 258 872 293 suffocatus
898 271 929 291 ».

1133 259 1257 299 tur‚et
1272 254 1491 291 sententiae
1503 253 1540 288 in
1555 252 1602 287 iis
1618 249 1843 299 propositae
1858 259 1883 284 a
1894 247 2007 284 multi
2021 259 2085 283 su-

177 311 237 347 Ad
251 310 508 347 cohibendam
525 311 740 358 impietatis
757 311 1078 358 propagationem
1132 309 1395 356 sciperentur.
1417 308 1548 355 ltaque
1567 303 1740 341 nonnulli
1762 301 1956 350 principia
1973 300 2084 338 Chri-

129 369 171 402 et
208 364 459 412 impedienda
493 365 671 411 ingentia
706 367 810 400 mala
829 392 837 408 ,
865 376 964 411 quae
991 363 1080 400 inde
1133 363 1352 404 stianismo,
1370 362 1448 396 imo
1468 359 1575 396 omni
1598 357 1781 404 religioni
1800 354 2083 397 adversa‚scri-

127 417 371 459 oriebantur,
399 419 536 454 variae
558 418 732 453 rationes
751 421 830 453 tum
851 428 874 453 a
891 417 986 453 viris
1006 417 1080 464 pri-

126 471 230 507 vatis
248 476 328 507 tum
348 471 397 506 ab
414 471 651 506 auctoritate
668 469 823 517 publica
839 470 958 506 initae
975 474 1078 505 sunt.

128 523 270 560 Plures
295 524 370 559 viri
397 524 554 566 eruditi,
573 534 737 570 (piorum
766 523 843 558 iam
871 533 993 569 supra
1013 523 1082 558 ali—

126 588 224 624 quos
250 576 508 613 indicavimus
527 579 538 600 ¹
555 605 563 617 ,
591 576 689 612 alios
715 576 820 611 infra
846 586 1081 611 commemo-

128 631 318 674 rabimus,
345 630 516 677 egregia
542 630 692 676 scripta
709 629 930 672 ediderunt,
947 629 984 664 in
1003 629 1081 675 qui-

126 683 198 720 bus
224 695 385 720 causam
413 683 634 730 Religionis
660 682 934 725 defenderunt,
954 681 1081 729 sophi-

126 742 279 774 starum
305 737 523 774 sententias
549 737 818 779 confutarunt,
837 742 876 772 et
894 736 1012 779 mala,
1032 746 1082 771 ex

128 791 177 827 iis
202 792 368 834 oritura,
395 790 443 826 ob
469 790 602 826 oculos
635 794 862 836 posuerunt.
895 789 1080 836 Episcopi

127 850 169 881 et
193 844 425 881 sacerdotes
459 844 497 879 in
524 843 847 880 instructionibus
875 842 1080 889 pastorali-

129 897 200 934 bus
225 902 265 934 et
293 898 544 934 concionibus
576 896 701 933 sacris
729 897 978 932 calamitates
997 925 1005 939 ‚
1032 907 1081 931 ex

126 950 269 988 diffusa
294 951 522 998 irreligione
541 951 580 986 in
598 950 801 998 utriusque
826 950 1081 997 reipublicae,

127 1005 425 1041 ecclesiasticae
452 1010 492 1041 et
519 1004 658 1047 civilis,
686 1004 966 1040 detrimentum
994 1014 1081 1051 pro-

125 1057 293 1102 dituras,
321 1059 665 1106 praenuntiarunt.
695 1058 779 1092 RR.
799 1057 1014 1093 Pontifices
1032 1057 1082 1091 ir-

127 1112 313 1159 religiosa
339 1118 379 1149 et
407 1112 524 1148 noxia
550 1112 700 1158 scripta
726 1110 977 1147 damnarunt.
996 1111 1081 1146 Ma-

126 1165 316 1211 gistratus
342 1165 466 1202 civilis
492 1164 631 1201 eadem
657 1164 813 1211 saepius
832 1163 1077 1211 proscripsit.

126 1219 419 1256 Verumtamen
445 1219 507 1255 his
534 1218 659 1255 modis
686 1217 972 1254 incredulitatis
992 1229 1078 1264 pro-

126 1284 289 1320 gressus
315 1284 392 1308 non
418 1273 491 1309 fuit
517 1272 736 1316 cohibitus3
763 1271 1016 1308 deferbuerat
1042 1275 1082 1307 et

126 1325 229 1373 apud
256 1327 398 1362 multos
423 1326 602 1374 perierat
625 1325 880 1362 observantia
898 1336 997 1371 erga
1016 1335 1080 1360 au-

126 1379 353 1416 ctoritatem
381 1379 714 1423 ecclesiasticam,
742 1384 800 1415 tot
817 1383 936 1414 antea
956 1379 1081 1414 lanse—

125 1432 612 1480 niano-quesnellistarum
631 1439 671 1469 et
689 1433 888 1468 curiarum
908 1433 1083 1468 saecula-

126 1486 229 1522 rium
247 1487 500 1530 clamoribus,
520 1487 837 1523 contentionibus
855 1491 894 1523 et
911 1486 1082 1522 decretis

125 1539 428 1585 labefactatam;
454 1541 666 1577 multorum
696 1540 817 1576 animi
846 1541 922 1576 iam
951 1539 1000 1575 ad
1027 1540 1080 1575 in-

126 1593 402 1630 credulitatem
431 1593 755 1642 propendebant;
782 1593 931 1640 scripta
957 1593 1081 1629 irreli-

127 1646 240 1693 giosa
257 1647 408 1684 avidius
425 1659 542 1695 quam
563 1648 815 1695 apologetica
830 1647 1080 1693 legebantur3

126 1700 295 1738 deerant
321 1701 521 1739 Ludovico
540 1702 625 1748 regi
643 1701 735 1745 XV,
751 1701 909 1748 eiusque
929 1712 1082 1737 succes—

125 1754 207 1790 sori
232 1755 433 1791 Ludovico
460 1755 568 1798 XVI,
597 1754 877 1800 intelligentia,
896 1754 1081 1790 fortitudo

127 1811 168 1844 et
191 1809 414 1844 constantia
438 1808 663 1848 sufficiens:
692 1814 905 1855 praeterea
930 1808 968 1842 in
997 1808 1083 1855 ipsa

126 1860 232 1906 aula,
259 1863 371 1910 regio
391 1862 556 1898 concilio
576 1867 615 1898 et
633 1862 755 1898 curiis
773 1862 974 1909 sophistae
992 1873 1082 1898 suos

126 1916 301 1953 asseclas
325 1921 366 1953 et
391 1921 579 1964 patronos
605 1915 840 1952 habebant?

173 1970 234 2006 61-
259 1969 284 2005 I
287 1970 587 2017 rreliyiositatis
603 1980 838 2018 progressus
858 1969 898 2005 in
919 1969 1082 2005 Germa-

126 2022 371 2060 nia—Paulo
399 2024 527 2060 serius
546 2034 660 2071 quam
680 2023 717 2058 in
738 2023 881 2066 Gallia,
901 2022 1080 2068 irreligio

125 2077 373 2114 invalescere
400 2078 532 2125 coepit
558 2078 598 2112 in
632 2077 752 2113 terris
784 2076 1082 2124 protestanticis

127 2131 381 2168 Germaniae·
392 2131 452 2167 Ad
467 2132 539 2167 hoc
554 2131 708 2168 animos
723 2142 800 2166 non
812 2141 950 2177 parum
969 2141 1085 2177 prae-

128 2190 321 2232 pararunt
354 2184 566 2229 Pietistae‚
603 2185 667 2232 qui
705 2185 831 2232 magis
865 2184 1081 2232 practicam

129 2249 244 2285 quam
255 2239 518 2276 theoreticam
528 2239 759 2286 religionem
771 2239 1082 2281 curantes,viam

129 2291 179 2327 ad
205 2292 510 2331 indifferentiam
528 2293 798 2340 dogmaticam
824 2297 1081 2339 aperuerant.

131 2346 396 2382 Accesserunt
427 2346 638 2383 continuae
679 2347 783 2383 inter
818 2347 922 2392 ipsos
950 2350 1080 2392 prote—

131 2403 283 2435 stantes
309 2399 572 2436 dissensiones
600 2399 825 2446 religiosae.
846 2399 930 2435 Nec
950 2399 1083 2435 defue-

133 2457 224 2489 runt
244 2453 321 2489 iam
336 2453 493 2489 saeculo
511 2453 622 2489 XVII
638 2453 741 2489 inter
759 2453 981 2488 Germanos
996 2464 1082 2500 pro-

133 2510 326 2544 testantes
352 2507 449 2550 viri,
476 2507 539 2555 qui
556 2504 726 2554 scripta,
754 2507 954 2552 Religioni
986 2506 1084 2542 cliri-

131 2560 282 2596 stianae
307 2560 492 2604 adversa,
511 2561 550 2596 in
567 2561 695 2596 lucem
720 2561 952 2596 emiserunt.
972 2559 1082 2594 Prio-

133 2613 243 2650 ribus
261 2614 410 2650 saeculi
427 2614 557 2650 XVIII
576 2614 690 2650 annis
703 2615 807 2650 inter
827 2624 895 2649 eos
913 2613 1083 2649 studium

135 2665 314 2703 discendi
329 2667 485 2714 linguas
500 2668 683 2715 gallicam
695 2672 736 2704 et
749 2667 945 2714 anglicam
958 2667 1086 2713 magis

136 2721 344 2769 magisque
372 2721 511 2763 crevit,
539 2732 612 2768 quo
639 2721 756 2757 simul
783 2722 930 2756 factum
950 2726 1026 2764 est,
1043 2727 1087 2756 ut

133 2776 258 2811 multa
271 2775 423 2822 scripta
437 2774 662 2822 irreligiosa
679 2775 718 2811 in
739 2775 815 2810 illis
835 2774 980 2820 linguis
997 2784 1088 2810 exa-

181 2885 192 2906 1
212 2886 279 2918 vid.
299 2897 331 2928 p.
352 2885 516 2918 277-278.

178 2929 192 2953 ²
218 2933 262 2964 De
288 2933 418 2971 Feller,
452 2930 682 2964 Diclionnaire
709 2930 907 2971 historique3
935 2930 1086 2968 Barruel‚

133 2975 315 3011 Memoires
339 2977 385 3010 du
403 2977 644 3013 Jacobtnisme;
663 2976 687 3008 I.
713 2977 746 3007 F.
772 2978 812 3009 Lu
831 2976 948 3017 Harpe,
967 2975 1019 3009 Du
1035 2976 1088 3017 fa-

134 3024 284 3056 natisme
309 3023 395 3056 dans
416 3024 448 3056 la
472 3025 597 3064 lanyue
615 3020 917 3056 re'volutionnaire.
936 3031 980 3053 ou
997 3022 1036 3054 de
1053 3024 1086 3055 la

130 3068 346 3111 perse'culion
373 3069 519 3102 susciter
546 3066 660 3101 'contre
683 3067 717 3099 la
734 3069 876 3110 reliyion
894 3066 1086 3100 chr-etimne

135 3117 169 3147 et
185 3124 237 3147 ses
254 3116 444 3152 ministrem
465 3117 500 3148 L.
521 3117 556 3148 B.
576 3115 724 3154 Proyart,
743 3113 840 3146 Louis
857 3112 934 3145 XVI
952 3111 1088 3147 detrone'

136 3164 241 3193 avant
266 3160 384 3195 d’e'cre
408 3162 471 3201 roi;
501 3162 597 3198 idem,
624 3159 723 3192 Louis
750 3159 828 3192 XVI
852 3160 883 3190 et
900 3167 951 3191 ses
974 3163 1088 3193 verius

136 3215 207 3240 aux
218 3208 327 3250 pria-es
343 3217 424 3242 avec
440 3209 474 3241 la
487 3203 675 3250 perversite'
692 3203 732 3238 de
749 3215 809 3238 son
825 3203 937 3237 sie'cle.

1136 417 1210 462 ptis
1239 415 1398 451 tradere
1427 416 1656 459 coeperunt.
1685 411 1838 447 Horum
1867 407 2085 456 primipilus

1136 469 1206 504 fuit
1232 468 1478 505 Christianus
1496 465 1730 506 Edelmann‚
1747 468 1864 500 natus
1880 462 2084 498 Weissen-

1135 521 1233 557 selsii
1268 521 1306 555 in
1341 518 1562 564 Thuringia
1593 528 1659 553 an.
1697 517 1813 560 1698,
1839 520 1881 553 et
1907 520 2086 551 mortuus

1135 573 1308 610 Berolini
1335 583 1398 608 an.
1429 572 1533 608 1767.
1564 570 1641 611 Qui
1660 570 1697 605 in
1717 570 1874 616 scriptis
1893 569 1988 612 suis,
2006 578 2085 604 non

1135 631 1285 662 tantum
1313 626 1434 662 libros
1453 625 1657 671 utriusque
1677 622 1925 660 Testamenti
1943 632 2082 669 suppo-

1133 680 1289 723 sititios,
1317 680 1446 716 lesum
1474 689 1629 714 merum
1658 676 1872 720 hominem,
1900 675 2083 711 Divinam

1133 734 1373 770 Trinitatem
1401 733 1599 775 fabulam,
1629 731 1873 768 creationem
1899 742 1921 766 e
1948 729 2084 773 nihilo,

1135 787 1286 833 lapsum
1307 790 1649 834 protoparentum,
1670 784 1834 831 angelos
1854 787 1894 820 et
1909 782 2085 818 diabolos

1133 840 1341 887 figmenta,
1368 839 1618 886 Religionem
1648 837 1968 885 superstitionem
1997 847 2085 873 esse

1133 893 1354 937 contendit,
1382 893 1450 930 sed
1477 894 1597 929 etiam
1627 891 1917 939 pantheismum
1945 894 2085 938 aperte

1137 947 1334 994 professus
1348 951 1420 983 est.
1442 948 1540 984 Cum
1559 946 1659 993 stylo
1678 944 1857 992 populari
1878 943 2086 986 scriberet,

1133 1005 1172 1036 ct
1190 1002 1270 1037 suis
1288 1000 1521 1037 commentis
1548 1000 1655 1035 iocos
1673 1003 1714 1034 et
1732 997 2003 1034 cavillationes
2021 997 2085 1033 ad-

1135 1055 1340 1098 misceret,
1366 1065 1490 1101 eaque
1510 1053 1630 1089 etiarn
1649 1063 1718 1087 ore
1740 1051 1826 1086 aliis
1845 1051 2086 1097 persuadere

1133 1107 1322 1151 studeret,
1348 1107 1474 1149 multi,
1498 1105 1733 1154 praesertim
1753 1105 1857 1140 inter
1875 1103 2088 1140 inferiores

1134 1161 1336 1197 hominum
1363 1161 1531 1204 classes,
1561 1160 1664 1196 inter
1683 1158 1872 1194 officiales
1892 1157 2028 1194 civiles
2046 1161 2088 1193 et

1134 1215 1340 1258 militares,
1368 1214 1403 1250 ei
1432 1225 1637 1250 assensum
1666 1213 1944 1260 praebuerunt.

1178 1269 1332 1305 Animis
1359 1269 1415 1304 ita
1433 1270 1692 1316 praeparatis,
1714 1277 1816 1302 anno
1836 1266 1932 1303 1740
1949 1265 2086 1302 Fride-

1133 1323 1236 1359 ricus
1251 1323 1282 1359 II
1298 1322 1439 1359 solium
1456 1323 1668 1358 Borussiae
1681 1319 1920 1357 conscendit.
1938 1319 1974 1355 Is
1991 1319 2088 1355 scri-

1134 1377 1434 1424 ptairreligiosa
1442 1377 1706 1424 sophistarum
1719 1375 1975 1417 Gallicorum,
1986 1384 2086 1421 quae

1135 1436 1295 1478 propter
1310 1431 1492 1474 facetias,
1507 1430 1742 1476 leporesque
1758 1432 1798 1464 et
1810 1427 1992 1463 dictionis
2009 1426 2090 1463 ele·

1134 1484 1310 1531 gantiam
1339 1484 1455 1531 genio
1483 1485 1569 1520 eius
1595 1483 1839 1525 arridebant,
1858 1481 2086 1524 adamabat3

1135 1537 1357 1574 incredulos
1390 1538 1603 1584 scriptores
1621 1565 1629 1578 ‚
1662 1548 1683 1573 e
1715 1535 1843 1572 Gallia
1869 1534 2061 1581 profugos
2080 1561 2089 1576 ,

1133 1591 1386 1638 suscipiebat,
1415 1596 1455 1627 et
1481 1590 1694 1626 honoribus
1711 1600 1759 1625 ac
1777 1587 1978 1625 beneficiis
1997 1597 2085 1634 pro-

1132 1645 1397 1691 sequebatur;
1426 1655 1512 1680 cum
1540 1643 1801 1686 de-Voltaire,
1828 1641 2084 1677 d‘Alembert

1134 1698 1295 1745 aliisque
1310 1698 1578 1745 sophistarum
1592 1696 1829 1743 coryphaeis
1839 1694 1994 1730 litteras
2004 1704 2085 1729 mu-

1135 1757 1221 1788 tuas
1247 1751 1565 1788 communicabat
1593 1755 1632 1787 et
1651 1750 1967 1786 familiaritatem
1986 1748 2088 1784 cole-

1135 1805 1213 1841 bat.
1241 1806 1309 1842 Isti
1326 1817 1423 1841 vero
1442 1805 1516 1840 hac
1536 1816 1670 1840 rerum
1691 1802 1985 1851 opportunitate
2002 1804 2087 1837 ute-

1135 1859 1276 1895 bantur
1303 1859 1353 1895 ad
1377 1858 1597 1895 sententias
1623 1868 1715 1893 suas
1741 1857 1780 1891 in
1807 1855 1925 1892 terris
1943 1856 2087 1891 Borus-

1133 1913 1239 1958 sicis,
1266 1913 1330 1949 ubi
1357 1913 1435 1948 iam
1455 1913 1575 1948 libros
1595 1911 1840 1956 irreligiosos
1857 1909 1960 1957 typis
1979 1919 2089 1944 man-

1133 1967 1228 2003 dare
1248 1966 1409 2008 licebat,
1428 1964 1757 2002 disseminandas.
1777 1963 1997 1999 Praeterea
2017 1973 2087 1998 rex

1132 2021 1400 2057 universalem
1426 2019 1662 2066 religionum
1692 2017 1946 2054 tolerantiam
1975 2017 2013 2051 in
2033 2016 2086 2050 di-

1136 2075 1240 2110 tione
1267 2085 1341 2110 sua
1366 2073 1594 2109 introduxit.
1623 2072 1772 2113 Quibus
1798 2070 1977 2106 omnibus
1996 2070 2089 2105 effe-

1135 2133 1241 2164 ctum
1277 2133 1362 2171 est,
1388 2132 1432 2163 ut
1458 2127 1567 2163 brevi
1592 2126 1631 2161 in
1658 2126 1820 2162 urbibus
1847 2123 2060 2160 maioribus
2077 2150 2086 2166 ,

1137 2182 1375 2229 praesertim
1401 2180 1591 2224 Berolini‚
1620 2179 1778 2226 plurimi
1800 2190 1849 2215 ex
1867 2176 2087 2213 hominibus

1137 2237 1194 2272 sic
1219 2236 1333 2272 dictis
1359 2235 1613 2278 cultioribus,
1634 2232 1974 2271 Christianismum
1995 2229 2088 2266 abii-

1137 2294 1276 2326 cerent
1294 2294 1335 2326 et
1351 2289 1400 2325 ad
1415 2288 1621 2330 deismum,
1638 2285 2008 2323 indifferentismum
2023 2283 2086 2320 vel

1137 2343 1256 2379 etiam
1284 2343 1519 2379 atheismum
1548 2342 1821 2377 deflecterent.

1183 2398 1213 2432 E
1233 2396 1425 2432 Borussia
1440 2395 1686 2442 irreligiosus
1702 2393 1841 2440 genius
1859 2391 1896 2427 id
1914 2391 2088 2438 reliquas

1135 2450 1372 2486 Germaniae
1382 2448 1689 2497 protestanticae
1705 2452 1834 2483 terras
1845 2444 2085 2493 penetravit.

1137 2504 1242 2540 Illius
1275 2503 1602 2551 propagationem
1638 2503 1923 2548 promoverunt
1960 2502 2086 2545 poste-

1137 2558 1232 2593 riori
1256 2557 1370 2593 huius
1397 2556 1546 2593 saeculi
1564 2554 1721 2591 dimidio
1741 2553 1850 2589 multi
1871 2552 2088 2599 scriptores

1136 2624 1157 2648 e
1183 2611 1507 2659 protestantibus,
1535 2610 1598 2657 qui
1625 2609 1764 2652 libros,
1783 2605 2087 2644 Christianismo

1135 2667 1199 2702 vel
1237 2666 1376 2701 saltem
1417 2661 1751 2700 characteristicis
1785 2661 1869 2698 eius
1899 2659 2090 2695 doctrinis

1137 2720 1326 2755 adversos
1343 2711 1365 2762 ,'
1387 2718 1605 2754 ediderunt.
1642 2716 1746 2751 Inter
1785 2726 1854 2751 eos
1891 2713 2087 2749 notissimi

1137 2777 1228 2810 sunt
1242 2777 1578 2808 commemoratus
1592 2768 1838 2806 Christianus
1848 2767 2087 2810 Edelmann‚

1137 2827 1302 2864 Carolus
1324 2827 1525 2871 Augustus
1544 2821 1757 2865 Gebhardi,
1777 2822 1840 2869 qui
1859 2823 1897 2856 in
1916 2819 2088 2867 seriptis,

1137 2880 1225 2916 inde
1252 2880 1301 2915 ab
1328 2889 1430 2914 anno
1458 2877 1549 2913 1743
1575 2875 1704 2919 editis,
1724 2875 1918 2912 miracula
1936 2878 1976 2910 et
1993 2873 2088 2908 divi-

1138 2945 1228 2969 nam
1257 2931 1458 2978 religionis
1485 2929 1725 2965 christianae
1754 2940 1799 2964 ac
1827 2938 1966 2964 sacrae
1986 2925 2090 2963 Scri-

1140 2992 1278 3034 pturae
1305 2985 1501 3031 originem
1520 2982 1702 3029 negavit;
1721 2982 1749 3017 I.
1771 2981 1893 3018 Mich.
1913 2981 2087 3017 de-Loen

1140 3046 1178 3076 ct
1195 3041 1237 3076 C.
1259 3039 1304 3074 T.
1324 3038 1480 3080 Damm,
1498 3037 1561 3084 qui
1581 3036 1813 3082 religionem
1841 3045 1952 3070 mere
1978 3038 2090 3070 natu-

1141 3095 1263 3130 ralem
1291 3091 1638 3135 commendarunt3
1671 3091 1699 3126 1.
1727 3090 1844 3126 Bern.
1881 3088 2089 3133 Basedow‚

1140 3147 1203 3195 qui
1237 3147 1275 3182 in
1308 3145 1442 3186 multis
1476 3144 1585 3180 libris
1619 3155 1756 3180 omnes
1791 3142 1981 3191 positivas
2016 3153 2088 3179 seu

1142 3200 1398 3248 mysteriosas
1411 3197 1702 3237 Christianismi
1721 3197 1921 3235 doctrinas
1935 3196 2087 3239 reiecit3
