2241 3473
696 133 832 163 VSQVE
854 134 909 161 AD
929 132 1212 160 PRAESENTEM
1238 130 1441 158 ΑΕΤΑΤΕΜ

114 205 250 241 niones
291 204 460 249 adiecit,
488 217 586 254 quae
617 212 730 244 caute
765 208 891 243 minus
932 218 1046 255 quam

111 258 170 294 fas
196 264 299 295 esset
326 260 634 305 exponebantur.
653 261 821 297 Proinde
843 262 928 297 Emi
955 262 1046 298 Car-

107 310 258 347 dinales
284 313 325 347 S.
355 314 483 348 Officii
510 315 761 350 Consultores
795 315 830 350 in
861 315 959 350 lianc
985 314 1046 350 de-

107 377 253 402 venere
274 367 507 402 sententiam
523 381 529 401 :
545 382 564 402 <z
583 368 622 403 In
639 368 746 403 libris
775 368 1048 415 philosophicis

110 429 134 455 a.
159 419 337 455 Gerardo
372 421 563 455 casimiro
602 421 762 466 Ubaghs
797 422 984 457 hactenus
1011 421 1046 456 in

113 471 238 508 lucem
267 472 409 513 editis,
437 478 475 508 et
515 474 746 520 praesertim
775 475 811 509 in
838 473 983 520 Loyica
1010 479 1046 510 et

113 525 338 561 Theoi-licea
357 526 730 562 inveniridoctrinas
745 539 810 563 seu
831 527 1047 574 opiniones,

111 590 210 626 quae
239 579 383 626 absque
405 580 577 626 periculo
607 580 704 615 tradi
733 592 809 615 non
836 585 1046 626 possunt».

109 632 235 673 Quam
263 634 500 668 sententiam
531 633 622 669 Pius
650 633 718 680 Pp.
750 633 802 668 IX
832 640 957 669 ratam
986 634 1046 669 lia-

108 686 189 721 buit
203 689 242 722 et
256 697 441 733 suprema
457 698 525 722 sua
535 687 771 722 auctoritate
789 688 1045 723 confirmavit.

113 739 241 775 Hqus
260 738 409 775 decreti
431 746 576 776 textum
596 740 713 775 habet
729 740 915 786 Epistola,
935 752 1048 787 quam

110 792 231 827 Emus
258 792 473 829 Cardinalis
502 793 645 828 Pati-izi
681 793 785 828 misit
816 793 863 829 ad
890 793 1049 829 Archie-

108 845 307 891 piscopum
330 847 653 882 Mechliniensem
673 846 733 882 die
753 846 775 882 2
794 847 922 882 martii
946 847 1047 889 1866,

111 897 160 934 ad
187 909 300 945 quem
330 900 452 934 etiam
482 900 685 947 rescripsit
711 899 770 935 die
811 900 856 937 30
895 901 1047 946 augusti

108 951 282 988 eiusdem
312 953 420 994 anni,
443 954 478 987 in
508 958 727 988 memorata
751 954 984 989 resolutione
1012 965 1047 988 u-

108 1006 280 1052 triusque
308 1007 643 1052 Congregationis
658 1007 696 1042 S.
710 1006 839 1041 Officii
858 1011 897 1042 et
913 1006 1049 1042 indicis

108 1059 387 1105 comprehendi
416 1060 524 1094 illam
545 1071 693 1106 quoque
713 1059 915 1095 doctrinae
937 1071 1050 1106 expo—

107 1111 304 1155 sitionem,
327 1116 386 1148 cui
407 1114 725 1159 subscripserunt
743 1118 910 1159 quatuor
930 1114 1049 1148 Lova-

109 1165 267 1202 nienses
296 1168 540 1213 professores
566 1167 625 1202 die
648 1167 663 1202 1
686 1167 872 1202 februarii
893 1167 982 1204 1860
1000 1170 1024 1201 1.

154 1219 212 1256 94-
246 1220 384 1257 Status
416 1220 652 1256 schismatis
689 1220 990 1256 Ultraiectcnsis
1011 1243 1046 1248 —

108 1277 167 1313 De
194 1277 307 1312 huius
341 1276 565 1312 schismatis
595 1275 857 1311 sectatoribus
893 1276 939 1312 de
978 1288 1049 1324 quo

111 1331 187 1367 iam
223 1331 314 1367 alibi
347 1331 492 1378 loquuti
526 1342 658 1366 sumus
683 1333 723 1372 2’,
767 1330 828 1365 hic
858 1331 1050 1367 meminis-

109 1396 151 1422 se
183 1385 361 1426 iuvabit,
397 1385 496 1432 quod
533 1385 690 1421 saeculo
729 1386 924 1431 superiori
966 1397 1050 1421 ver-

110 1444 233 1484 tente,
253 1452 330 1475 non
350 1441 470 1476 multo
500 1444 586 1487 post
611 1440 877 1486 deplorandae
905 1440 1049 1488 Synodi

110 1493 359 1531 pistoriensis
395 1495 706 1530 celebrationem
739 1496 780 1537 3,
815 1494 1051 1530 schismatici

108 1549 340 1586 Hollandiae
359 1561 400 1586 se
421 1549 658 1585 iansenismo
678 1549 895 1585 adhaerere
925 1550 1050 1596 palam

109 1603 276 1650 professi
310 1607 413 1639 sunt.
451 1604 587 1639 Mense
621 1602 811 1649 siquidem
852 1604 1052 1638 novembri

111 1657 202 1694 1789
218 1657 346 1693 clerus
364 1657 635 1693 schismaticus
650 1656 881 1692 Hellandiae
898 1668 967 1702 per
985 1658 1054 1693 Ca—

110 1711 277 1758 pitulum
312 1712 604 1748 Ultraiectense
640 1711 693 1746 illi
729 1710 885 1758 Synodo
916 1711 1052 1747 adhae-

110 1765 173 1808 sit,
201 1765 310 1801 cuius
328 1765 532 1801 doctrinae
552 1765 682 1812 capita
700 1765 950 1811 singulasque
973 1776 1053 1811 pro·

109 1818 322 1864 positiones
349 1818 568 1854 declaravit
599 1818 646 1853 ad
673 1829 844 1864 unguem
883 1830 924 1853 se
960 1819 1052 1854 reci-

109 1882 217 1917 pere.
260 1872 299 1906 In
328 1871 513 1906 archiviis
546 1871 772 1906 Florentiae
812 1871 899 1906 Van
920 1871 1052 1907 Achen

109 1924 316 1970 epistolam
360 1924 495 1960 fusiori
532 1924 682 1959 calamo
712 1930 916 1960 exaratam
948 1936 1055 1969 repe-

110 1977 175 2019 rit,
195 1978 400 2013 Ultraiecti
431 1978 562 2013 datam
595 1978 655 2013 die
691 1978 734 2015 30
767 1978 937 2013 octobris
968 1979 1056 2015 1794

111 2030 580 2078 pseudo-Archiepiscopo
615 2031 893 2067 Ultraiectensi
936 2032 1054 2067 nomi-

115 2095 162 2120 ne
191 2085 354 2121 Gautier
382 2086 577 2120 Micliaele
604 2096 681 2120 van
708 2085 1056 2128 Nieuwenliuizen‚

111 2139 273 2186 eiusque
302 2138 450 2175 duobus
469 2140 731 2185 suffraganeis
750 2138 1001 2174 Broeckman
1020 2145 1057 2175 et

110 2192 319 2229 Nelleman
345 2221 354 2237 ,
392 2203 490 2240 quae
526 2192 574 2228 ad
606 2193 652 2227 D.
687 2193 909 2238 Scipionem
948 2193 1055 2229 Ricci

112 2246 293 2282 mittitur.
315 2248 357 2282 In
384 2247 457 2282 hac
476 2247 641 2294 epistola
661 2246 865 2293 permultis
883 2246 1058 2283 laudibus

112 2301 332 2338 huiusmodi
353 2303 570 2349 Episcopus
590 2302 825 2344 cumulatur,
843 2304 977 2347 utpote
996 2304 1057 2348 qui

113 2367 183 2402 per
210 2366 322 2391 suam
355 2355 554 2403 Synodum
587 2367 772 2402 magnum
805 2357 1058 2391 restauratio-

114 2410 175 2444 nis
201 2421 298 2456 opus
325 2409 483 2453 inierit,
510 2409 641 2445 addita
668 2410 907 2456 scriptorum
933 2408 1059 2445 decla-

112 2464 267 2499 ratione
286 2476 327 2499 se
345 2474 506 2498 causam
521 2474 771 2498 communem
788 2463 932 2498 habere
945 2469 1059 2511 atque

111 2517 290 2553 omnibus
318 2522 356 2553 et
382 2517 545 2564 singulis
572 2518 619 2552 ab
639 2517 776 2552 eodem
796 2516 966 2552 decretis
985 2517 1057 2551 for-

112 2572 271 2608 maliter
297 2571 516 2607 adhaerere
543 2572 568 2603 ⁴.
600 2572 652 2606 At
677 2570 800 2606 Sedes
832 2570 1059 2617 Apostolica

111 2626 204 2661 nihil
235 2626 423 2672 reliquum
453 2624 564 2667 fecit,
593 2625 658 2659 ubi
684 2627 944 2670 opportunum
973 2635 1058 2661 esse

114 2679 317 2721 iudicavit,
336 2686 377 2714 ut
404 2679 489 2713 illos
517 2689 539 2713 a
568 2682 676 2714 recto
697 2677 853 2713 tramite
874 2678 1059 2713 aberran-

113 2738 170 2768 tes
196 2733 244 2768 ad
271 2733 428 2779 frugem
459 2736 685 2774 revocaret,
706 2736 745 2767 et
773 2731 928 2777 quidem
948 2732 1062 2767 bene—

111 2787 392 2823 volentissimis
419 2786 593 2821 consiliis
619 2790 658 2821 et
686 2786 957 2832 persuasione.
980 2786 1062 2822 Me-

116 2846 273 2876 moratu
305 2840 466 2887 dignum
501 2839 600 2886 quod
634 2840 711 2875 Leo
739 2839 810 2874 XII
844 2839 925 2885 egit
959 2850 1058 2875 anno

116 2894 215 2930 1826.
238 2894 307 2929 Hic
321 2893 502 2929 Pontifex
522 2905 590 2940 per
611 2893 786 2928 nuntium
803 2893 1058 2938 apostolicum

162 2999 171 3020 1
201 2996 396 3027 nocumenta
425 2995 495 3026 heic
524 2995 663 3027 indicata
692 2994 797 3024 vidore
815 2992 910 3025 estin
930 2993 1056 3033 Epliem.

115 3040 158 3072 La
187 3040 327 3072 Scienza
355 3051 371 3072 e
398 3042 428 3073 lu
456 3039 555 3079 Fecle,
583 3042 647 3072 vol.
676 3046 858 3077 Lvili-va,
880 3041 1009 3079 passini.

161 3086 173 3107 ’ἶ
199 3087 256 3126 Pp.
284 3086 349 3117 ⁹293
376 3096 423 3128 sq,
453 3086 530 3124 301,
560 3086 634 3118 341.

159 3128 172 3149 3
190 3131 258 3163 vni.
277 3141 307 3172 p.
327 3133 402 3163 alu.

160 3176 173 3197 4
191 3178 254 3209 lloc
268 3178 491 3210 documentum
507 3186 544 3209 ex
559 3177 682 3221 ilnlegro
700 3177 728 3206 in
748 3176 848 3207 lucem
865 3175 963 3207 edidit
977 3174 1057 3206 Van-

115 3222 202 3256 Aken
216 3224 247 3256 in
262 3223 674 3265 EpheuingdunAEcudes
685 3222 942 3263 reliqieus.mars
955 3219 1055 3254 1873.

1906 114 1988 152 415

1102 207 1146 242 D.
1175 205 1327 242 Nazalli
1357 204 1449 250 ipsis
1475 200 1725 250 significavit,
1752 200 1792 236 S.
1820 198 1960 235 Sedem
1988 198 2039 233 ni-

1103 260 1152 295 liil
1181 259 1285 295 aliud
1315 264 1496 305 repetere
1515 256 1562 292 ad
1582 267 1649 291 eos
1668 255 1706 290 in
1727 252 2040 289 communionem

1103 313 1333 349 catholicam
1364 310 1623 358 recipiendos,
1643 308 1715 344 nisi
1743 306 1962 353 simplicem
1981 304 2046 340 ad-

1103 367 1326 403 haesionem
1361 362 1711 401 Constitutionibus
1745 358 1959 397 Innocentii
1992 358 2043 402 X,

1102 420 1313 456 Alexandri
1332 419 1400 454 VII
1422 423 1460 454 et
1474 416 1688 455 Clementis
1702 415 1772 450 XI.
1791 413 1869 450 Sed
1888 422 2042 458 respon-

1101 475 1230 510 siones
1259 471 1472 508 istiusmodi
1495 470 1696 506 rebellium
1718 473 1829 514 turpe
1849 464 2044 513 praesefe-

1103 532 1192 563 runt
1210 527 1410 572 exemplar
1429 525 1502 560 stili
1523 521 1739 559 ianseniani
1758 525 1798 557 et
1815 519 2046 556 servilitatis

1101 580 1202 616 civili
1224 579 1417 627 potestati.
1433 577 1593 614 Interim
1615 577 1781 611 Ioannes
1807 585 1881 608 van
1902 573 2045 608 Santer

1101 645 1120 670 a
1150 634 1219 680 Pp.
1242 634 1371 669 Leone
1400 632 1469 667 XII
1499 627 1904 667 excommunicatione
1924 630 1964 662 et
1990 625 2048 660 in-

1103 687 1265 723 terdicto
1292 686 1514 726 mulctatus,
1535 684 1667 719 statim
1687 693 1733 717 ac
1753 691 1864 716 suam
1883 678 2041 715 electio-

1102 752 1188 776 nem
1217 740 1253 775 in
1280 738 1618 786 archiepiscopum
1650 735 1984 772 Ultraiectensem
2009 731 2045 768 ei

1102 793 1374 835 renunciavit,
1402 803 1518 828 ausus
1551 795 1612 827 est
1638 800 1740 825 anno
1780 788 1873 824 1843
1913 797 2044 821 conse-

1101 859 1213 883 crare
1234 846 1446 882 Henricum
1467 846 1652 880 Ioannem
1676 853 1749 878 van
1767 841 1880 882 Buul,
1896 844 1938 875 ut
1956 850 2045 875 eum

1102 902 1139 936 in
1171 899 1461 936 iansenisticam
1496 897 1628 933 sedem
1657 894 1834 931 Harlemi
1866 892 2047 928 immitte-

1103 960 1186 997 ret;
1213 957 1250 990 et
1276 953 1337 988 liic
1357 952 1457 988 hand
1477 951 1631 987 erubuit
1649 949 1860 985 certiorem
1880 946 2046 982 reddere

1103 1009 1150 1043 R.
1179 1007 1409 1042 Pontificem
1437 1005 1484 1041 de
1511 1015 1582 1040 sua
1612 1001 1925 1043 consecratione,
1960 999 2047 1034 mis-

1102 1061 1153 1095 sis
1185 1060 1381 1107 epistolis,
1411 1058 1499 1095 fidei
1531 1055 1870 1093 testificationibus
1889 1082 1897 1096 ‚
1932 1053 2047 1088 devo-

1104 1115 1220 1149 tionis
1247 1120 1285 1150 et
1311 1113 1585 1149 observantiae
1615 1109 1785 1145 refertis.
1818 1108 1918 1143 Hinc
1951 1106 2047 1142 Gre-

1104 1169 1236 1212 gorius
1268 1168 1360 1203 XVI
1396 1167 1514 1203 Brevi
1540 1165 1629 1200 dato
1662 1163 1722 1198 die
1756 1162 1779 1197 4
1815 1159 2048 1207 septembris

1104 1222 1192 1259 1843
1218 1226 1257 1257 et
1284 1222 1331 1257 ad
1351 1221 1563 1256 catholicos
1591 1216 1830 1254 Germaniae
1851 1214 2048 1250 inferioris

1103 1277 1219 1312 misso
1237 1305 1245 1319 ‚
1277 1280 1482 1323 postquam
1512 1277 1748 1320 conquestus
1773 1273 1834 1306 est
1862 1268 2046 1304 callidita-

1103 1336 1179 1367 tem
1218 1342 1383 1378 quaeum
1428 1327 1638 1365 Ultraiecti
1673 1325 1913 1361 iansenistae
1951 1323 2047 1357 schi-

1103 1385 1240 1421 smatis
1268 1383 1538 1431 ignominiam,
1559 1391 1726 1428 suosque
1753 1389 1913 1415 errores
1930 1382 1968 1413 et
1987 1376 2050 1412 ob-

1103 1439 1354 1475 durationem
1376 1443 1589 1483 contegere
1607 1435 1681 1471 nisi
1700 1437 1801 1475 sunt,
1822 1431 2051 1468 declarabat

1104 1494 1335 1530 electionem
1364 1493 1451 1528 Van
1485 1491 1583 1526 Buul
1611 1488 1856 1535 illegitimam
1890 1485 2051 1532 eiusque

1105 1547 1390 1583 ordinationem
1423 1545 1673 1581 interdictam
1712 1547 1751 1578 et
1785 1540 2050 1586 sacrilegam;

1105 1611 1219 1650 atque
1254 1602 1412 1649 insuper
1445 1596 1852 1637 excommunicatione
1885 1594 2053 1630 feriebat

1105 1661 1144 1692 et
1170 1657 1255 1691 Van
1291 1656 1390 1691 Buul
1417 1660 1456 1691 et
1481 1665 1549 1690 eos
1577 1662 1713 1688 omnes
1740 1650 1801 1697 qui
1836 1652 1904 1684 aut
1929 1657 2049 1694 opere

1106 1714 1172 1746 aut
1203 1720 1395 1745 consensu
1431 1711 1499 1744 aut
1539 1705 1700 1742 consilio
1724 1733 1731 1745 ,
1770 1703 1853 1739 eius
1900 1711 2053 1748 promo—

1108 1764 1219 1799 tionis
1245 1768 1285 1798 et
1311 1759 1621 1798 consecrationis
1649 1761 1926 1804 cooperatores
1964 1753 2052 1789 fuis-

1106 1823 1202 1853 sent.
1226 1817 1372 1853 Eadem
1401 1826 1560 1863 prorsus
1580 1814 1732 1850 ratione
1753 1812 1935 1847 Summus
1953 1808 2066 1843 Pon->

1109 1871 1200 1906 tifex
1218 1882 1259 1906 se
1279 1871 1444 1917 gerebat
1462 1868 1608 1915 aliquot
1629 1871 1713 1913 post
1728 1863 1924 1900 mensibus
1943 1871 2051 1896 occa-

1106 1925 1214 1960 sione
1242 1922 1549 1959 consecrationis
1576 1917 1796 1956 Hermanni
1826 1915 2050 1963 Heykamp,

1107 1989 1220 2025 quem
1240 1976 1480 2012 schismatici
1510 1976 1738 2021 episcopum
1769 1968 2052 2006 Daventerien-

1108 2042 1190 2066 sem
1209 2030 1473 2076 designarunt.
1499 2029 1569 2064 His
1606 2032 1834 2062 tamennon
1864 2021 2052 2057 obstanti-

1110 2085 1191 2127 bus,
1202 2083 1418 2119 huiusmodi
1433 2088 1511 2118 tres
1524 2077 1858 2129 pseudo-episcopi
1868 2075 2053 2111 schisma-

1110 2138 1175 2174 tici
1209 2137 1309 2173 haud
1342 2137 1568 2172 dubitarunt
1602 2135 1692 2182 quin
1728 2133 1830 2180 typis
1863 2128 2052 2165 cuderent

1111 2203 1210 2227 anno
1233 2191 1320 2227 1856
1341 2202 1450 2227 suam
1470 2187 1774 2225 [astructionem
1792 2181 2048 2232 pastoralem,

1113 2245 1361 2282 neerlandico
1400 2245 1611 2286 idiomate,
1652 2244 1790 2277 contra
1823 2239 1966 2283 dogma
2003 2234 2050 2270 de

1111 2302 1367 2337 Immaculata
1392 2298 1658 2346 Conceptione
1690 2296 1733 2330 B.
1763 2292 1940 2337 Virginis
1968 2290 2050 2349 Ma-

1112 2356 1206 2391 riae·
1235 2355 1312 2391 Sed
1347 2356 1470 2391 Sacra
1504 2358 1543 2388 et
1575 2348 1818 2387 Universalis
1853 2344 2048 2392 Inquisitio

1110 2409 1268 2445 decreto
1296 2409 1374 2444 lato
1393 2408 1453 2444 die
1472 2407 1494 2443 4
1512 2403 1730 2441 decembris
1750 2400 1841 2437 1856
1858 2399 1966 2434 virus
1985 2396 2050 2456 ho-

1112 2475 1197 2499 rum
1224 2462 1514 2499 haereticorum
1543 2457 1755 2505 repressit,
1784 2465 1857 2501 quo
1885 2453 2052 2509 ianseni·

1110 2517 1183 2553 smi
1209 2521 1430 2553 sectatores
1457 2509 1692 2560 perinsignis
1718 2509 1764 2544 B.
1797 2506 1952 2542 Mariae
1977 2515 2051 2550 prl-

1110 2572 1243 2618 vilegii
1271 2571 1490 2606 claritatem
1518 2571 1717 2603 temerare
1753 2561 1874 2597 moliti
1905 2561 1995 2595 sunt
2024 2559 2051 2590 1.

1113 2626 1181 2662 Die
1196 2627 1216 2662 3
1235 2624 1445 2665 iunii1858,
1466 2625 1619 2657 mortuo
1639 2619 1781 2653 Ioanne
1800 2625 1877 2650 van
1888 2614 2050 2654 Santen,

1111 2681 1259 2716 electus
1293 2684 1356 2715 est.
1387 2678 1447 2712 die
1481 2676 1502 2711 8
1534 2673 1615 2708 iulii
1646 2672 1683 2706 in
1714 2667 2051 2714 archiepiscopum

1112 2734 1379 2770 iansenianum
1391 2728 1721 2766 Ultraiectensem
1734 2722 1929 2759 Henricus
1939 2720 2050 2754 Loos.

1113 2789 1334 2832 ls‚accepta
1352 2780 1650 2819 consecratione
1671 2778 1707 2812 in
1723 2775 1891 2813 ecclesia
1906 2774 1944 2809 S.
1966 2771 2054 2830 Gel-

1111 2842 1235 2878 trudis
1264 2851 1333 2887 per
1360 2836 1577 2873 Henricum
1602 2843 1677 2868 van
1698 2831 1796 2867 Buul
1814 2827 2052 2877 pseudo-epi-

1111 2906 1269 2942 scopum
1298 2892 1546 2931 Harlemen.‚
1572 2890 1751 2925 adstante
1777 2893 1927 2941 quoque
1956 2880 2054 2915 Her-

1112 2960 1252 2985 manno
1273 2946 1494 2994 Heykamp‚
1515 2943 1645 2979 statim
1681 2951 1727 2976 ac
1754 2950 1824 2986 per
1849 2934 2054 2983 epistolam

1111 3003 1184 3039 diei
1212 3002 1233 3038 4
1261 2999 1431 3035 octobris
1451 2997 1541 3035 1858
1559 2994 1808 3043 Apostolicae
1834 2989 1925 3026 Sedi
1952 2992 2057 3024 retu-

1158 3127 1165 3147 1
1189 3128 1355 3158 Decretum
1381 3120 1608 3164 prohibitionis
1635 3123 1666 3151 et
1691 3116 1906 3150 damnationis
1926 3115 2055 3146 Instru-

1110 3173 1230 3206 ccionis
1257 3171 1352 3203 liuius
1378 3172 1502 3210 prostat
1520 3167 1552 3198 in
1579 3165 1711 3207 Epliem.
1743 3162 1785 3195 La
1813 3162 1953 3194 Scienza
1979 3169 1995 3191 e
2020 3160 2052 3192 la

1111 3219 1208 3259 Fede,
1229 3217 1296 3251 vol.
1317 3210 1590 3257 xxx11i,p.156.
