2241 3473
253 130 331 169 232

201 207 331 246 dovici
350 207 445 246 XIV
461 204 736 243 benevolentia
756 215 847 242 usus
868 205 928 242 est
949 215 1068 252 usque
1097 203 1146 241 ad

203 273 347 299 annum
371 260 484 305 1701,
506 271 578 308 quo
600 257 773 295 decessit.

253 316 440 362 Princeps
460 312 723 350 Arausicanus
740 310 922 359 Angliae,
939 309 1092 347 Scotiae
1109 311 1148 347 et

199 367 408 407 Hiberniae
451 378 519 403 rex
557 365 796 402 acclamatus
838 363 911 401 fuit
939 364 1145 412 dictusque

200 421 426 459 Guilielmus
447 419 514 456 III.
538 419 574 456 Is
595 430 694 455 anno
718 417 819 455 1689
836 417 1048 455 Ordinibus
1070 429 1146 454 au—

199 479 283 511 ctor
294 472 436 518 extitit,
450 472 678 510 utomnibus
694 470 1064 509 Non-conformistis
1081 470 1144 519 qui

199 529 277 565 iam
298 526 529 564 dissidentes
545 525 733 574 appellari
749 527 1054 570 consueverunt,
1071 536 1144 562 ex-

201 582 323 630 ceptis
339 579 550 618 Catholicis
569 583 609 616 et
637 578 865 624 Socinianis,
888 578 1059 616 edictum
1080 579 1142 616 to-

205 634 396 672 lerantiae
418 633 690 679 concederent,
711 645 787 682 quo
807 632 974 670 liberum
994 632 1146 681 religio-

198 688 256 726 nis
286 687 517 726 exercitium
547 686 743 724 indultum
773 698 984 736 omnesque
1013 686 1144 736 leges,

196 741 284 778 inde
314 742 361 779 ab
391 741 641 778 Elisabethae
662 740 903 789 temporibus
924 741 1060 778 contra
1081 752 1144 778 eos

195 794 314 842 latae,
334 795 547 845 abrogatae
564 796 667 841 sunt,
689 797 853 843 excepta
874 805 933 840 ea,
955 806 1054 842 quae
1076 794 1144 831 Te-

194 848 310 886 statio
333 848 497 885 dicitur:
520 847 560 885 vi
581 848 692 885 cuius
713 860 825 885 nemo
849 848 896 885 ad
916 859 1058 885 munus
1079 860 1144 896 pu-

195 902 340 940 blicum
360 901 653 949 admittebatur,
675 901 746 939 nisi
758 902 821 950 qui
836 901 1142 939 ecclesiasticam

194 957 298 1004 regis
319 956 594 994 auctoritatem
616 955 870 993 iureiurando
890 957 991 993 esset
1012 957 1143 993 conte—

193 1012 339 1055 status,
368 1013 407 1047 et
435 1009 724 1047 Eucharistiam
760 1009 861 1058 apud
896 1009 1143 1058 Episcopales

190 1063 465 1113 percepisset3
495 1076 571 1113 qua
599 1063 686 1112 lege
716 1063 880 1113 proinde
911 1075 986 1100 non
1017 1063 1142 1101 solum

193 1117 398 1164 Catholici,
411 1118 478 1155 sed
495 1117 612 1155 etiam
626 1116 1010 1155 Non-conformistae
1027 1129 1049 1154 a
1061 1129 1142 1155 mu-

192 1172 348 1209 neribus
361 1171 524 1221 publicis
540 1172 790 1209 arcebantur.
809 1171 1034 1209 Universim
1051 1171 1142 1209 Gui-

193 1225 348 1263 lielmus
369 1237 452 1271 rex,
473 1225 651 1275 quamvis
672 1225 711 1262 in
733 1227 839 1263 secta
861 1225 1140 1275 Presbyteria-

193 1290 329 1316 norum
360 1279 565 1317 institutus
594 1283 634 1316 et
662 1283 858 1325 moratus,
888 1280 1140 1317 constitutio-

192 1344 282 1370 nem
305 1333 563 1382 episcopalem
584 1333 709 1371 tuitus
730 1335 801 1381 est;
824 1335 953 1371 tamen
976 1333 1138 1383 impedi-

191 1397 233 1423 re
268 1399 343 1424 non
373 1387 511 1436 potuit,
541 1386 751 1436 quominus
780 1399 827 1424 ea
857 1387 894 1424 in
924 1387 1057 1425 Scotia
1077 1399 1137 1425 an.

194 1439 294 1477 1690
325 1452 347 1477 a
375 1441 485 1490 regni
506 1440 714 1478 Ordinibus
735 1441 1006 1490 abrogaretur.
1030 1442 1140 1479 Dura

189 1493 264 1531 fuit
276 1494 564 1532 Catholicorum
579 1494 761 1541 conditio,
774 1495 1002 1543 praesertim
1020 1495 1057 1532 in
1076 1496 1140 1533 Hi-

189 1547 336 1586 bernia.
350 1548 514 1586 Hiberni
531 1547 680 1586 sicutin
696 1560 788 1586 vera
804 1548 880 1586 fide
895 1549 950 1586 ita
967 1549 1058 1586 etin
1078 1550 1139 1587 le—

188 1601 319 1650 gitimi
347 1602 453 1651 regis
482 1602 705 1640 obedientia
741 1605 963 1640 constantes
981 1633 990 1650 ‚
1028 1615 1139 1642 arma

187 1666 255 1704 pro
273 1656 413 1693 Iacobo
427 1656 464 1694 II
477 1656 781 1706 capessiverant.
796 1656 1031 1695 Guilielmus
1047 1670 1137 1695 cum

187 1709 365 1747 exercitu
385 1709 422 1747 in
445 1710 679 1748 Hiberniam
700 1710 912 1759 profectus,
935 1723 999 1748 eos
1019 1713 1066 1749 ad
1084 1712 1139 1749 in-

186 1763 448 1801 ternecionem
468 1766 698 1814 persecutus
713 1766 782 1802 est.
800 1764 883 1806 Quo
895 1764 1012 1812 facto,
1026 1766 1136 1815 plura

187 1817 454 1855 Hibernorum
475 1818 599 1856 millia
619 1831 639 1856 e
662 1819 791 1867 patria
812 1817 926 1868 pulsa
946 1822 1049 1866 sunt,
1070 1832 1135 1858 re-

187 1869 303 1920 liquis
332 1883 467 1910 omnes
498 1871 624 1919 fundi,
653 1884 750 1921 quos
780 1873 908 1910 adhuc
930 1873 1137 1921 habebant,

191 1925 373 1974 adempti,
394 1929 433 1963 et
454 1926 684 1964 durissimae
704 1927 811 1976 leges
832 1928 968 1965 contra
989 1939 1054 1966 eos
1074 1926 1138 1966 la-

189 1980 266 2025 tae,
282 1979 423 2028 quibus
439 1991 514 2017 non
535 1982 690 2018 tantum
706 1981 754 2018 ab
771 1981 875 2018 omni
892 1993 1051 2020 munere
1068 1995 1136 2032 pu-

188 2031 288 2070 blico
301 2034 340 2070 et
355 2033 439 2071 loco
455 2033 557 2071 inter
568 2034 733 2072 Ordines
749 2035 910 2082 exclusi,
922 2036 987 2073 sed
1001 2036 1138 2085 pleris-

188 2097 264 2134 que
285 2086 402 2124 etiam
424 2087 572 2125 iuribus
594 2088 777 2126 civilibus
799 2089 943 2138 privati
964 2092 1054 2128 sunt
1074 2089 1101 2130 ¹.

240 2140 303 2178 21.
334 2140 541 2179 Ecclesiae
569 2147 704 2180 status
734 2144 779 2180 in
800 2144 940 2181 Gallia
960 2146 1034 2182 sab
1054 2146 1137 2184 Lu-

188 2193 327 2232 (lovz'eo
355 2194 521 2231 XIV—
540 2195 580 2232 In
605 2196 734 2233 Gallia
764 2208 824 2234 an.
849 2197 950 2236 1643
971 2211 1137 2248 regnare

187 2247 314 2297 coepit
329 2248 555 2287 Ludovicus
570 2249 665 2286 XIV
678 2250 885 2288 subtutela
901 2252 1037 2291 Annae
1054 2256 1137 2293 Au-

187 2301 370 2349 striacae,
386 2303 524 2340 matris
542 2303 739 2352 suae3qui,
758 2305 881 2342 tutela
893 2309 1055 2354 cessata,
1075 2321 1135 2347 so-

187 2355 248 2393 lus
270 2355 478 2405 imperavit
492 2368 611 2406 usque
624 2359 669 2394 ad
684 2369 773 2395 ann.
790 2358 900 2396 1715.
916 2360 951 2397 Is
965 2361 1078 2409 plura
1098 2366 1137 2401 et

184 2408 269 2447 fcre
301 2410 487 2448 continua
514 2423 601 2448 cum
633 2411 834 2460 Hispanis,
865 2413 1069 2453 Germanis
1098 2420 1137 2455 et

187 2463 390 2502 Hollandis
419 2464 522 2502 bella
551 2465 696 2514 gessit;
726 2477 908 2516 prospero
938 2473 1062 2508 marte
1086 2483 1134 2508 u-

187 2529 266 2564 sus,
295 2517 517 2566 praeclaras
546 2518 731 2557 victorias
761 2520 916 2568 retulit,
946 2524 1134 2573 regnique

186 2570 245 2608 sui
275 2571 417 2610 limites
446 2573 675 2621 pracsertim
703 2573 742 2610 in
773 2574 950 2623 Belgium
973 2582 1012 2614 ct
1032 2578 1133 2616 Ger-

186 2624 355 2662 maniam
385 2627 557 2675 protulit.
588 2627 782 2677 Religioni
812 2629 1027 2668 catholicae
1059 2632 1133 2670 fuit

186 2678 489 2728 addictissimus,
519 2681 584 2719 sed
604 2693 731 2719 mores
752 2681 980 2731 aliquandiu
1002 2688 1131 2724 secta—

188 2733 251 2770 tus
273 2734 344 2780 est,
367 2733 580 2772 christiano
601 2735 773 2785 principe
794 2736 984 2785 indignos
1009 2739 1129 2778 Plura

187 2785 225 2822 in
256 2785 427 2825 favorem
464 2789 665 2827 Ecclesiae
695 2789 828 2828 edixit.
867 2791 1129 2842 Missionibus,

186 2839 519 2891 Constantinopoli
541 2846 580 2881 ct
599 2843 716 2893 Syria
738 2844 941 2890 institutis,
962 2848 1129 2894 praecla-

185 2904 271 2931 ram
300 2906 410 2944 opcm
440 2896 540 2943 tulit,
572 2900 612 2935 et
641 2897 881 2936 Christianos
912 2898 988 2936 illic
1009 2903 1126 2949 atquc

186 2947 447 2987 missionarios
468 2950 650 2999 protexit.
673 2952 760 2989 RR.
784 2952 1019 2990 Pontificum
1042 2967 1128 2992 con-

185 3002 403 3041 stitutiones
433 3007 570 3042 contra
598 3005 762 3043 rebelles
784 3006 1021 3045 Ianscnistas
1041 3020 1128 3046 ser-
1179 3034 1182 3036 >

185 3055 269 3092 vari
287 3056 408 3095 iussit.
418 3057 562 3108 Sopitis
578 3061 731 3108 postan.
752 3060 852 3098 1669
870 3061 1126 3101 iansenisticis

716 137 721 142 ’
762 139 920 166 EPOCHA
949 138 1019 166 XII.
1050 139 1077 165 A
1105 137 1264 165 LITIBVS
1293 137 1578 165 IANSENISTICIS

1189 203 1335 250 litibus,
1363 202 1575 240 reducendi
1603 203 1835 251 Hugonotos
1863 204 1900 242 in
1933 203 2132 243 Ecclesiae

1190 257 1333 303 sinum,
1367 268 1578 305 omnesque
1613 257 1789 295 subditos
1826 270 1916 296 suos
1948 259 1987 295 in
2023 257 2136 295 unius

1189 310 1388 359 religionis
1411 310 1628 347 catholicae
1649 309 1889 359 professione
1906 312 2138 360 coniungen-

1190 364 1238 410 di,
1252 364 1424 401 studium
1437 361 1618 411 suscepit,
1632 365 1862 413 praesertim
1880 378 1967 403 cum
1984 376 2029 403 eo
2043 368 2136 403 tem-

1190 429 1282 466 pore
1298 417 1461 466 insignis
1477 417 1656 454 bellidux
1672 418 1718 454 de
1735 418 1916 466 Turenne
1928 419 2135 469 pluresque

1189 470 1477 519 praedicatores
1513 471 1561 508 ad
1591 471 1785 509 catholica
1813 484 1926 510 sacra
1953 473 2135 510 transiis-

1188 526 1284 562 sent.
1307 525 1350 562 Id
1374 528 1415 562 ut
1435 525 1517 562 sine
1540 524 1726 563 violentia
1757 524 1937 573 efficeret,
1958 526 2071 576 plura
2091 538 2134 563 e-

1188 578 1293 616 dicta
1322 579 1429 616 dedit
1457 579 1506 616 ad
1526 579 1764 616 removenda
1785 580 2050 617 conversionis
2069 591 2135 617 eo-

1187 644 1274 669 rum
1287 632 1488 670 obstacula
1504 634 1543 670 et
1558 633 1607 670 ad
1624 634 1798 671 eamdem
1816 633 2135 682 promovendam3

1186 685 1437 725 missionibus
1467 686 1609 732 sacriS,
1639 698 1740 735 quae
1759 683 1822 725 'ad
1851 687 2135 725 convertendos

1186 740 1375 778 sectarios
1395 751 1462 789 per
1483 740 1704 789 provincias
1724 741 2050 788 instituebantur,
2070 740 2135 778 in-

1186 793 1352 842 signiter
1368 793 1467 832 favit
1489 794 1716 843 effecitque,
1739 803 1781 834 ut
1801 795 1914 844 plura
1939 794 2066 832 millia
2084 795 2133 832 ad

1185 847 1378 886 catholica
1415 859 1528 886 sacra
1556 848 1782 886 transirent.
1815 848 1944 890 Quum
1974 859 2067 886 vero
2095 847 2136 896 ii,

1186 902 1252 949 qui
1282 902 1321 938 in
1350 902 1502 939 haeresi
1532 904 1646 939 erant
1674 902 1874 948 obstinati,
1902 901 2135 952 praesertim

1185 955 1367 1002 ministri,
1381 955 1565 993 audacius
1586 956 1795 994 Catholicis
1815 956 2134 1005 obloquerentur,

1185 1008 1413 1059 libellosque
1465 1009 1670 1047 calumniis
1718 1011 1856 1048 contra
1902 1009 2136 1059 religionem

1185 1063 1418 1101 catholicam
1449 1063 1614 1102 refertos
1635 1064 1857 1113 vulgarent,
1878 1063 1915 1101 in
1937 1063 2133 1101 nonnullis

1184 1116 1276 1154 locis
1318 1129 1429 1155 arma
1457 1129 1527 1167 pro
1559 1117 1758 1167 religionis
1787 1129 1881 1156 suae
1911 1117 2132 1155 defensione

1183 1173 1457 1220 capesserent3
1479 1183 1549 1209 rex
1573 1174 1614 1209 ut
1635 1184 1769 1210 omnes
1791 1171 1892 1209 vires
1913 1171 2132 1219 haereseos,

1183 1236 1260 1274 qua
1275 1227 1334 1263 tot
1345 1228 1435 1263 ante
1456 1226 1567 1263 annis
1589 1226 1716 1263 Gallia
1735 1225 1866 1263 fuerat
1887 1226 2132 1274 perturbata,

1184 1279 1386 1326 evelleret,
1417 1291 1516 1317 anno
1540 1279 1641 1317 1685
1662 1280 1814 1318 celebre
1836 1279 2009 1317 edictum
2029 1278 2135 1317 Nan-

1184 1335 1355 1380 netense,
1385 1334 1432 1371 ab
1462 1333 1633 1371 Henrico
1655 1334 1711 1372 IV
1731 1334 1769 1371 in
1794 1333 1968 1371 favorem
1989 1332 2132 1383 Hugo-

1185 1389 1365 1424 notorum
1404 1399 1631 1425 concessum
1654 1386 1664 1408 ¹
1684 1417 1693 1434 ,
1731 1387 1960 1435 revocavit,
2001 1399 2132 1425 sacros

1183 1441 1481 1490 Hugonotorum
1513 1443 1741 1488 conventus,
1772 1442 1949 1490 privatos
1986 1443 2026 1479 et
2054 1453 2130 1490 pu-

1183 1495 1316 1542 blicos,
1337 1495 1553 1541 interdixit,
1575 1507 1709 1533 eorum
1731 1495 1879 1544 templa
1900 1495 1961 1533 vel
1983 1494 2130 1533 destrui

1183 1549 1244 1586 vel
1266 1548 1457 1587 catholico
1488 1549 1610 1587 cultui
1631 1549 1741 1587 reddi
1761 1549 1978 1596 mandavit,
1998 1560 2132 1586 omnes

1182 1604 1471 1651 praedicatores
1501 1615 1569 1641 seu
1598 1603 1812 1650 ministros,
1843 1603 1907 1652 qui
1937 1602 2133 1640 haeresim

1182 1657 1367 1695 abiurare
1396 1657 1556 1706 nollent,
1577 1657 1681 1695 intra
1705 1656 1752 1695 15
1777 1657 1858 1695 dies
1880 1668 2000 1706 regno
2022 1655 2130 1695 exire

1181 1710 1307 1758 iussit,
1336 1712 1422 1750 aliis
1452 1723 1560 1758 vere,
1590 1723 1637 1749 ne
1665 1711 1866 1749 ministros
1880 1722 1972 1749 suos
1990 1709 2131 1757 secuti,

1181 1764 1219 1802 in
1251 1777 1383 1803 errore
1413 1767 1728 1814 perseverarent,
1750 1777 1771 1803 e
1793 1776 1914 1814 regno
1935 1764 2130 1814 emigrare

1181 1819 1389 1868 prohibuit,
1420 1819 1505 1861 Quo
1535 1818 1639 1857 facto
1668 1819 1941 1858 obstinatiores
1969 1818 2007 1856 in
2029 1818 2131 1857 Hel-

1183 1873 1344 1921 vetiam,
1376 1873 1645 1920 Germaniam,
1676 1873 1926 1911 Hollandiam
1954 1874 2024 1911 aut
2043 1874 2129 1912 An·-

1181 1927 1301 1976 gliam
1335 1927 1611 1978 confugerunt,
1633 1927 1696 1965 alii
1722 1928 1770 1966 ad
1797 1926 2014 1965 catholicae
2036 1926 2129 1965 reli-

1181 1981 1308 2030 gionis
1337 1982 1465 2020 sinum
1493 1982 1704 2028 redierunt,
1725 1984 1764 2019 et
1799 1981 1926 2019 Gallia
1955 1993 1979 2020 a
2005 1981 2131 2019 turbis

1182 2037 1482 2084 Hugonotorum
1525 2037 1572 2074 ad
1609 2035 1858 2074 rebellionem
1900 2034 2130 2085 proclivium

1182 2089 1331 2139 quievit
1351 2089 1377 2129 ².

1234 2143 1383 2181 Verum
1412 2143 1515 2181 idem
1551 2154 1620 2182 rex
1643 2155 1807 2193 magnae
1834 2142 1908 2181 fuit
1928 2142 2128 2181 molestiae

1182 2197 1545 2245 RR.Pontifi0ibus;
1567 2198 1700 2235 eadem
1724 2199 1918 2246 potestate
1939 2197 2128 2244 absoluta,

1180 2264 1257 2300 qua
1273 2252 1310 2288 in
1328 2251 1642 2297 civilibus‚etiam
1662 2251 1702 2288 in
1720 2251 1995 2289 ecclesiasticis
2012 2251 2129 2289 rebus

1180 2306 1369 2354 imperare
1387 2306 1564 2352 voluit,et
1579 2305 1747 2343 dissidiis
1759 2305 1960 2354 turbisque
1976 2305 2128 2355 magnis

1181 2359 1282 2397 inter
1303 2360 1519 2397 Romanam
1537 2360 1687 2397 curiam
1710 2361 1749 2397 et
1765 2371 1930 2409 regnum
1950 2358 2125 2397 Gallica-

1181 2425 1270 2450 num
1303 2425 1460 2451 causam
1491 2414 1607 2451 dedit.
1639 2413 1873 2463 Priusquam
1907 2425 2001 2451 vcro
2030 2413 2127 2451 haec

1178 2467 1337 2505 dissidia
1352 2479 1567 2516 eorumque
1587 2467 1748 2505 effectus
1769 2467 1999 2514 referamus,
2015 2478 2131 2516 quae-

1178 2522 1265 2558 dam
1283 2521 1329 2558 dc
1347 2521 1671 2568 libertatibus,sic
1692 2519 2019 2569 dictis,ecclesiae
2039 2521 2128 2559 Gal-

1176 2575 1326 2613 licanae
1347 2577 1635 2625 praemittenda
1657 2587 1874 2615 censemus.

1227 2630 1289 2667 22.
1313 2629 1502 2668 Libertas
1526 2630 1730 2668 Ecclesiae
1750 2629 2124 2668 Gallicanae—Iu-

1175 2683 1399 2721 risconsulti
1416 2684 1518 2721 Galli
1536 2688 1612 2722 tam
1632 2684 1739 2722 varie
1752 2687 1909 2734 tamque
1924 2683 2125 2722 indefinite

1174 2737 1219 2774 de
1242 2737 1603 2787 libertatibus,quac
1625 2739 1810 2776 dicuntur
1829 2737 2019 2777 ecclesiae
2036 2736 2124 2775 Gal-

1174 2790 1324 2829 licanae
1354 2791 1592 2842 loquuntur,
1625 2795 1666 2831 ut
1686 2804 1820 2830 earum
1843 2804 1969 2842 neque
2000 2790 2125 2840 origi-

1173 2857 1258 2882 nem
1288 2858 1416 2895 ncque
1446 2845 1688 2885 conditiones
1719 2850 1788 2885 aut
1815 2846 1975 2884 modum
2005 2844 2122 2883 facile

1171 2899 1257 2946 quis
1274 2903 1515 2948 assequatur.
1533 2900 1632 2938 Sunt
1648 2900 1715 2950 qui
1733 2901 1873 2938 harum
1895 2900 2121 2939 libertatum

1173 2952 1470 2992 fundamentum
1493 2958 1643 3004 ponunt
1663 2955 1701 2992 in
1721 2955 1921 2993 sanctione
1943 2963 2121 3005 pragma-

1212 3069 1220 3089 ¹
1242 3069 1306 3100 Vid.
1328 3081 1358 3110 p.
1378 3073 1446 3103 12¹5.

1211 3111 1224 3131 ⁹
1242 3113 1269 3141 Ρ.
1287 3113 1428 3149 saunier,
1446 3112 1572 3155 Abre'yv‘
1587 3113 1639 3146 des
1655 3115 1735 3147 ‹ldies
1751 3115 1789 3147 cle
1804 3114 1900 3148 Leuis
1915 3114 1989 3148 XIV
2013 3117 2123 3148 contre

1171 3159 1252 3183 ceux
1274 3154 1311 3185 de
1328 3154 1358 3186 Ια
1376 3155 1516 3196 reliqion
1535 3155 1717 3229 {netandae
1740 3156 1916 3198 reformem
1941 3156 2024 3197 item,
2049 3157 2114 3190 Μέ-

226 3187 235 3209 ¹
255 3189 283 3220 ι),
302 3188 330 3220 ‹l'
344 3190 482 3228 armans,
507 3191 647 3223 llisloire
668 3191 721 3223 des
746 3191 943 3226 revolutions
965 3193 1125 3236 ‹l'Anyle-
1174 3196 1274 3225 moire
1289 3195 1332 3227 dn
1349 3197 1500 3238 Daupht'n
1525 3205 1586 3230 (uc
1609 3198 1647 3231 de
1669 3199 1876 3241 Bourqoqnc,
1891 3199 1922 3231 in
1945 3199 2012 3231 eius
2035 3198 2114 3239 Vna,

187 3230 287 3268 terre3
307 3232 489 3273 b'Avrigny,
506 3233 686 3273 Me'nwires,
703 3237 758 3266 etc.

1175 3240 1191 3269 ῑ.
1213 3239 1245 3276 ll,
1262 3248 1289 3277 p.
1306 3240 1354 3270 08.
