2241 3473
253 123 333 164 300

198 209 290 242 catu
316 205 521 241 Parmensi
540 207 579 239 et
597 204 723 240 insula
743 204 885 240 Melita
903 203 1021 240 eiecti
1039 208 1144 239 sunt.

195 258 391 305 Magister
417 258 590 304 equitum
620 256 888 292 Melitensium
916 268 940 292 a
965 268 1061 303 rege
1090 257 1145 292 Si-

196 312 310 347 ciliae
342 315 528 357 tanquam
556 314 723 357 patrono
750 310 1020 357 dependebat;
1049 309 1146 345 Fer-

196 364 384 399 dinandus
404 364 456 399 IV
486 374 554 399 rex
581 363 739 398 Siciliae
767 368 857 399 erat
882 363 985 399 filius
1012 362 1145 400 Caroli

193 418 300 463 regis
327 416 558 463 Hispaniae,
585 421 625 452 et
646 416 933 461 Ferdinandus,
954 416 1031 452 dux
1051 416 1147 452 Par-

192 470 353 512 mensis,
381 469 555 506 eiusdem
583 470 687 517 regis
713 471 854 515 frater;
881 471 919 506 hi
942 475 1024 506 tres
1043 470 1148 516 prin-

194 523 300 570 cipes
324 522 374 558 ad
401 523 612 559 eiiciendos
640 535 660 559 e
690 523 810 559 terris
837 524 1003 560 Iesuitas
1029 533 1054 558 a
1079 534 1146 569 gu-

196 575 333 612 bernio
360 577 576 623 Hispanico
603 577 764 613 excitati
791 582 892 613 sunt.

242 630 478 666 Iesuitarum
515 631 649 667 hostes
682 643 758 666 non
786 631 932 678 quieti,
960 630 1146 678 quamdiu

190 683 347 719 illorum
380 684 604 720 Institutum
641 685 731 720 alibi
764 687 981 728 existeret,
1008 696 1146 720 omnes

190 737 296 773 vires
329 749 421 774 suas
448 738 487 773 in
513 738 551 773 id
576 738 855 783 intenderunt,
882 743 926 775 ut
952 738 1055 775 istud
1083 738 1146 774 de-

191 795 302 827 creto
321 791 520 839 pontit-icio
537 792 679 840 ubique
698 793 977 840 abrogaretur3
996 791 1063 828 sed
1083 803 1146 828 eo-

189 856 278 881 rum
293 846 464 882 consiliis
479 847 904 883 etcomminationibus
913 851 1144 883 constanter

189 899 337 935 restitit
353 900 538 937 Clemens
557 901 661 937 XIII.
687 901 817 942 Quum
836 901 926 936 huic
946 899 1143 944 Pontifici,

191 954 308 1000 paulo
325 958 411 1000 post
426 955 545 998 (1769)
565 954 766 999 defuncto,
781 955 1043 991 successisset
1061 954 1145 992 Cle-

190 1018 303 1043 mens
321 1008 429 1053 XIV,
450 1009 564 1044 aulae
578 1009 825 1045 Boi-bonicae
840 1009 946 1044 omni
962 1008 1043 1052 via,
1061 1019 1146 1055 pre·

190 1061 319 1105 cibus,
351 1063 569 1110 promissis,
599 1063 967 1099 comminationibus
987 1074 1077 1098 eum
1098 1063 1146 1097 ad

190 1116 516 1163 supprimendam
543 1117 684 1164 ubique
712 1118 955 1153 Societatem
976 1116 1145 1163 compel-

187 1169 271 1206 lere
303 1171 552 1208 studuerunt.
580 1172 730 1209 Contra
756 1172 795 1207 in
822 1172 984 1207 Austria
1001 1199 1010 1214 ,
1038 1171 1143 1206 Hun-

188 1225 316 1271 garia,
337 1225 542 1269 Bohemia,
563 1226 676 1261 Italia
694 1230 734 1262 et
750 1225 888 1272 Belgio
906 1225 1140 1261 Iesuitarum

186 1278 414 1315 Institutum
457 1281 694 1327 protegebat
731 1280 971 1327 imperatrix
1011 1277 1142 1313 Maria

188 1332 396 1377 Theresia,
415 1338 454 1369 et
475 1345 544 1382 pro
564 1335 648 1370 eius
667 1333 970 1370 conservatione
988 1333 1143 1368 litteras

189 1386 296 1423 dedit
334 1388 382 1423 ad
421 1389 665 1425 Clementem
706 1388 779 1436 Pp.
811 1387 977 1423 Polonia
1008 1386 1143 1429 etiam,

187 1453 260 1477 rex
287 1441 508 1487 Sardiniae,
539 1443 680 1478 civitas
711 1442 990 1484 Venetiarum‚
1010 1451 1145 1488 respu-

189 1494 290 1531 blica
321 1495 568 1540 Genuensis,
598 1496 797 1544 principes
824 1496 1021 1531 electores
1047 1494 1146 1529 Tre—

188 1550 373 1594 virensis,
383 1551 645 1594 Coloniensis,
658 1547 1144 1597 Moguntinusfalatinus

188 1607 229 1640 et
254 1604 486 1649 Bavaricus‚
513 1604 711 1641 Helvetici
739 1604 832 1651 pagi
861 1601 1140 1643 Lucernensis‚

186 1657 471 1705 Friburgensis
485 1664 525 1695 et
535 1658 826 1701 Salodurensis,
839 1656 1144 1693 sollicitudinem

188 1716 229 1748 et
253 1712 492 1749 desiderium
511 1724 624 1749 suum
644 1723 714 1760 pro
735 1710 1009 1748 conservando
1026 1709 1146 1746 Iesui-

189 1769 317 1803 tarum
346 1768 529 1804 Instituto
548 1767 734 1804 Pontifici
752 1767 1043 1814 significarunt.
1060 1765 1145 1800 Fri-

188 1820 345 1858 dericus
376 1823 407 1858 II
426 1851 434 1866 ,
463 1833 534 1859 rex
561 1823 802 1865 Borussiae,
831 1833 907 1857 non
935 1821 1064 1857 solum
1091 1818 1147 1855 Ie-

189 1875 312 1911 suitas
345 1876 384 1911 in
419 1877 560 1913 Silesia
593 1877 792 1924 protexit,
826 1875 895 1912 sed
923 1875 1044 1910 etiam
1074 1884 1144 1920 pro

189 1941 326 1966 eorum
343 1931 648 1967 conservatione
666 1930 714 1966 ad
725 1930 956 1966 Pontificem
969 1928 1141 1976 scripsit.

190 1984 343 2020 Horum
376 1986 600 2033 principum
627 1990 720 2021 vota
745 1983 951 2020 commode
979 1983 1145 2019 aderant

189 2038 383 2075 Clementi
400 2039 491 2075 XIV
508 2039 556 2075 ad
573 2038 834 2075 resistendum
852 2039 1033 2074 aularum
1050 2038 1147 2072 Bor-

189 2091 421 2129 bonicarum
453 2094 664 2130 instantiis.
699 2095 772 2130 Ast
803 2093 971 2130 Carolus
998 2092 1046 2127 III
1075 2103 1146 2128 rex

190 2146 407 2194 Hispaniae
423 2148 475 2183 nil
498 2149 645 2191 omisit,
664 2152 707 2183 ut
725 2153 908 2184 caeteros
928 2146 1143 2193 principes,

190 2202 430 2247 praesertim
463 2201 634 2237 Mariam
663 2201 914 2243 Tlieresiam,
944 2202 982 2235 in
1010 2204 1146 2247 partes

191 2265 284 2291 suas
302 2254 566 2302 pertraheret.
589 2255 737 2303 Reipsa
755 2255 1059 2302 augustissimae
1078 2255 1148 2290 im—

192 2309 401 2355 peratricis
434 2310 657 2345 constantia
681 2309 1053 2356 gimportunitatibus
1079 2308 1143 2344 filii

190 2362 249 2399 sui
269 2363 421 2411 Iosephi
440 2364 486 2407 11,
511 2367 552 2400 et
578 2363 678 2400 filiae
699 2375 807 2406 suae,
824 2363 988 2410 reginae
1006 2363 1147 2399 utrius-

191 2427 264 2463 que
296 2417 482 2461 Siciliae,
518 2419 624 2454 victa
650 2422 721 2454 est.
763 2418 874 2452 Tunc
908 2417 1028 2453 cessit
1063 2417 1146 2453 Cle-

194 2483 307 2507 mens
331 2472 439 2516 XIV,
459 2476 499 2508 et
517 2472 591 2508 xu⁰
608 2471 793 2508 calendas
808 2472 958 2507 sextilis
974 2482 1037 2506 an.
1057 2471 1147 2507 1773

193 2525 323 2563 Breve
341 2526 458 2568 dedit,
471 2526 663 2563 Dominus
683 2538 731 2562 ac
746 2525 986 2573 Redemptor
1000 2528 1145 2568 nascer,

194 2590 269 2626 quo
296 2580 538 2617 Societatem
566 2581 667 2624 Iesu,
694 2590 793 2628 quae
821 2590 844 2614 a
862 2579 955 2614 data
974 2591 997 2614 a
1024 2579 1145 2615 Paulo

195 2632 268 2679 Pp.
305 2634 353 2669 111
389 2635 689 2671 confirmatoria
720 2633 823 2670 bulla
858 2633 927 2669 233
954 2634 1066 2669 annis
1093 2634 1146 2668 vi-

197 2694 352 2733 guerat,
380 2693 420 2725 et
446 2689 519 2725 hoc
547 2694 725 2737 tempore
743 2688 850 2723 ultra
867 2687 1001 2728 ‘BQOOO
1020 2688 1146 2722 socios

196 2740 402 2786 habuerat,
435 2755 521 2779 cum
541 2743 719 2779 omnibus
738 2742 818 2778 suis
838 2741 1071 2789 privilegiis,
1092 2743 1147 2777 of-

196 2794 293 2831 ficiis
320 2801 360 2833 et
386 2798 617 2834 ministeriis
638 2799 673 2833 in
693 2796 830 2845 quavis
849 2795 1066 2843 provincia,
1089 2807 1145 2831 re-

196 2860 275 2895 gno
310 2854 350 2886 et
375 2851 521 2888 ditione
548 2862 801 2900 suppressam
829 2849 1144 2896 exstinctamque

195 2903 425 2942 declaravit.
459 2907 671 2944 Caeterum
705 2905 821 2941 sociis
855 2905 1076 2947 concessit,
1104 2910 1146 2940 ut

197 2958 242 2993 ad
260 2959 358 2995 alios
377 2960 583 3007 religiosos
601 2960 771 2997 Ordines
789 2958 958 2995 transire
975 2963 1144 3006 possent,

188 3013 255 3047 vel
285 3018 469 3061 tanquam
498 3014 633 3051 clerici
658 3014 888 3050 saeculares
906 3024 1044 3049 sacras
1063 3013 1145 3049 fun-

197 3066 346 3104 ctiones
370 3081 563 3117 peragere
584 3074 650 3105 aut
669 3068 859 3104 iuventuti
881 3067 1143 3104 instituendae

196 3129 357 3166 operam
387 3134 535 3160 navare
563 3123 632 3159 sub
654 3122 894 3158 auctoritate
914 3121 1143 3157 OrdInario-

200 3184 298 3218 rum,
315 3175 352 3211 in
368 3188 533 3224 quorum
553 3177 798 3214 dioecesibus
816 3175 1053 3211 domicilium
1069 3176 1147 3213 elc—

198 3234 341 3272 gei-int.

766 134 935 161 EPOCHA
956 133 1028 160 XII·
1052 134 1081 159 A
1101 134 1269 162 LITIBVS
1289 133 1594 163 IANSENISTICIS

1238 204 1409 241 Iesuitae
1425 216 1517 241 raro
1532 205 1778 241 obedientiae
1794 204 1976 251 exemplo
1994 215 2036 241 se
2045 204 2148 241 Pon-

1197 257 1314 294 tificis
1340 259 1561 294 sententiae
1589 258 1868 295 submiserunt.
1899 257 2049 293 Mirum
2074 262 2150 302 est,

1199 310 1374 347 eiusdem
1414 313 1654 356 Societatis,
1687 313 1796 348 cuius
1831 312 2149 359 suppressionem

1202 364 1403 413 principes
1431 366 1614 402 catholici
1633 377 1657 401 a
1675 365 1866 401 Pontifice
1885 368 2151 410 extorserunt,

1200 419 1467 464 patrocinium
1492 420 1712 467 suscepisse
1731 419 1827 455 duos
1845 419 2044 467 principes
2063 429 2153 455 aca-

1197 472 1363 509 tholicos
1380 502 1388 518 ‚
1423 474 1611 510 nimirum
1648 472 1892 509 Fridericum
1921 473 1951 509 II
1974 501 1982 517 ‚
2010 484 2150 520 regem

1198 525 1425 571 Borussiae‚
1446 531 1486 563 et
1502 527 1761 565 Catharinam
1780 526 1828 570 II,
1854 526 2152 573 imperatricem

1197 579 1380 617 Russiae.
1409 582 1568 618 Etenim
1595 581 1634 616 in
1662 580 1803 616 Silesia
1829 582 1869 615 et
1894 579 2038 616 Russia
2063 580 2154 616 alba

1197 644 1363 680 quarum
1390 635 1498 681 prior
1525 635 1573 671 ad
1599 634 1845 677 Bohemiam,
1874 633 2071 679 posterior
2102 632 2151 668 ad

1198 686 1402 724 Potoniam
1431 693 1522 725 ante
1549 688 1810 736 pertinuerat,
1842 686 2013 723 Iesuitae
2039 686 2153 734 plura

1199 741 1367 788 collegia
1386 742 1599 790 domosque
1617 741 1828 777 habebant.
1849 740 1976 775 Ambo
1991 738 2031 775 hi
2046 739 2152 786 prin-

1199 793 1306 841 cipes
1333 796 1587 843 publicationi
1614 795 1756 831 Brevis
1782 793 1986 841 pontificii,
2018 791 2153 829 Domi-

1198 859 1269 884 nus
1304 861 1353 884 ac
1389 850 1631 899 Redemptor
1665 850 1821 893 noster,
1850 850 1889 884 et
1916 847 2153 884 Iesuitarum

1199 904 1467 950 suppressioni
1487 903 1828 947 contradixerunt;
1844 913 1931 938 cum
1945 902 2149 942 Clemente

1199 955 1272 1004 Pp.
1301 957 1393 993 XIV
1421 963 1461 994 et
1489 958 1559 993 Pio
1586 958 1640 993 VI
1658 986 1667 1002 ,
1693 957 1778 993 eius
1805 966 2051 998 successore,
2079 964 2151 1001 pro

1200 1009 1358 1046 illorum
1387 1012 1690 1049 conservatione
1717 1014 1900 1058 egerunt.
1928 1010 1970 1045 In
1995 1008 2149 1051 Silesia,

1201 1063 1413 1102 Borussiae
1440 1067 1618 1103 subiecta
1639 1094 1647 1109 ‚
1674 1065 1862 1109 Iesuitae,
1891 1075 1968 1099 non
1995 1063 2153 1099 obstan-

1199 1119 1300 1155 tibus
1328 1120 1538 1156 contrariis
1564 1119 1758 1155 Friderici
1787 1119 1819 1154 II
1844 1118 1961 1161 votis,
1989 1127 2062 1164 pro
2079 1126 2153 1152 sua

1199 1184 1298 1219 erga
1340 1174 1609 1220 Apostolicam
1653 1172 1796 1209 Sedem
1839 1170 2064 1208 obedientia
2109 1180 2152 1206 se

1200 1227 1320 1263 Brevi
1348 1227 1552 1263 Pontificis
1578 1227 1899 1268 conformarunt,
1926 1229 1968 1262 et
1992 1224 2031 1260 in
2061 1234 2152 1260 con·

1199 1281 1346 1318 ditione
1373 1282 1624 1319 sacerdotum
1656 1281 1938 1324 saecularium,
1965 1280 2004 1315 in
2035 1279 2152 1315 colle-

1198 1336 1287 1383 giis,
1316 1341 1356 1373 et
1381 1337 1653 1373 Universitate
1678 1334 1987 1372 Uratislaviensi
2018 1333 2149 1370 convi-

1201 1402 1295 1427 vere
1338 1395 1378 1427 et
1412 1391 1686 1427 adolescentes
1722 1390 1929 1426 instituere
1963 1398 2150 1435 perrexe-

1199 1449 1303 1480 runt.
1333 1446 1392 1481 Ex
1418 1445 1632 1481 eorundem
1653 1444 1887 1480 Pontificum
1906 1442 2153 1490 indulgentia

1199 1499 1236 1534 in
1271 1500 1416 1535 Russia
1451 1500 1540 1535 alba
1574 1500 1744 1535 Iesuitae
1769 1498 1809 1534 in
1835 1498 2014 1533 domibus
2039 1497 2121 1534 suis
2143 1524 2152 1541 ‚

1200 1553 1378 1601 collegiis
1405 1558 1445 1590 et
1471 1553 1719 1589 missionibus
1740 1551 1955 1589 secundum
1975 1550 2152 1599 priscum

1199 1619 1311 1643 suum
1341 1608 1565 1643 Institutum
1594 1606 1890 1654 perdurarunt;
1917 1609 1958 1641 et
1985 1608 2153 1652 accepta

1201 1672 1265 1697 an.
1289 1661 1380 1698 1778
1406 1662 1594 1698 facultate
1622 1659 1859 1707 suscipiendi
1885 1659 2071 1704 novitios,
2097 1662 2154 1695 at-

1198 1727 1271 1762 que
1291 1726 1357 1751 an.
1379 1716 1470 1753 1783
1489 1716 1651 1752 obtenta
1669 1718 1865 1762 potestate
1883 1712 2057 1760 eligendi
2078 1713 2153 1749 sibi

1198 1770 1402 1805 Vicarium
1427 1770 1656 1817 generalem
1677 1769 1886 1817 plurimum
1903 1767 2010 1803 aucti
2023 1769 2152 1804 suntl.

1246 1824 1304 1861 68.
1325 1824 1536 1861 Clementis
1553 1823 1663 1860 XIV
1682 1823 1808 1859 obitus
1824 1822 2059 1859 -Clemens
2077 1821 2150 1870 Pp.

1198 1879 1291 1914 XIV
1319 1889 1344 1914 a
1362 1889 1576 1925 suppressa
1595 1878 1796 1914 Societate
1815 1877 1901 1913 Iesu
1921 1876 2070 1913 viribus
2087 1875 2154 1913 de-

1198 1934 1307 1969 stitui
1329 1934 1474 1980 coepit.
1502 1934 1617 1968 Anno
1646 1933 1738 1970 1774
1763 1932 1976 1968 Iubilaeum
1996 1931 2152 1974 indixit,

1198 1987 1267 2024 sed
1283 1987 1442 2035 aperire
1461 1999 1538 2023 non
1556 1988 1832 2034 potuit,morte
1849 1989 2091 2034 praeventus
2105 1985 2151 2022 x⁰

1199 2041 1384 2078 calendas
1402 2041 1576 2077 octobris
1594 2041 1737 2077 aetatis
1755 2051 1851 2077 suae
1871 2051 1974 2076 anno
1992 2039 2038 2076 69
2056 2051 2154 2075 non-

1198 2096 1288 2131 dum
1323 2095 1514 2131 absoluto.
1551 2095 1684 2136 Quare
1720 2094 1834 2142 plura
1851 2123 1860 2138 ,
1887 2104 1985 2141 quae
2011 2093 2049 2128 in
2077 2094 2151 2129 Ec-

1200 2150 1449 2186 clesiasticae
1484 2153 1524 2185 et
1554 2149 1735 2196 publicae
1762 2149 1821 2185 rei
1849 2148 1992 2184 bonum
2019 2148 2152 2184 animo

1198 2204 1397 2247 volvebat,
1417 2214 1537 2250 opere
1558 2202 1758 2250 complere
1773 2201 1876 2238 haud
1892 2201 2030 2249 potuit.
2049 2202 2150 2238 Eum

1199 2269 1352 2294 veneno
1368 2257 1487 2293 fuisse
1504 2257 1737 2300 extinctum,
1754 2255 1954 2292 calumnia
1969 2258 2030 2292 est
2044 2255 2090 2291 R.
2105 2255 2151 2290 Ρ.

1200 2312 1380 2348 Marzoni
1408 2312 1509 2347 Min.
1536 2312 1681 2354 Conv.,
1710 2311 1770 2358 qui
1799 2309 2033 2346 moribundo
2059 2321 2152 2346 con-

1198 2372 1351 2403 stanter
1371 2366 1534 2409 adstitit,
1554 2370 1594 2401 et
1612 2365 1791 2402 Salicetti
1812 2365 2056 2412 aliorumque
2071 2376 2151 2402 me-

1199 2421 1375 2457 dicorum
1403 2420 1638 2456 testimoniis
1660 2419 1878 2456 confutata.
1906 2419 2149 2456 Morientem

1201 2476 1431 2512 Pontificem
1465 2474 1705 2510 miraculosa
1730 2486 1760 2511 s.
1791 2473 1982 2522 Alphonsi
2010 2475 2057 2510 de
2089 2475 2150 2510 Li-

1200 2530 1310 2577 gorio
1343 2528 1572 2576 praesentia
1606 2528 1725 2565 fuisse
1761 2528 2028 2564 confortatum
2056 2527 2149 2575 legi-

1200 2596 1285 2619 mus
1321 2583 1358 2617 in
1393 2583 1487 2617 Vita
1516 2581 1630 2617 liuius
1656 2582 1783 2618 sancti
1809 2581 1898 2617 viri.
1927 2580 2148 2618 Ecclesiam

1199 2638 1302 2673 rexit
1321 2638 1343 2673 5
1361 2647 1470 2680 ann„
1489 2636 1510 2671 4
1530 2646 1665 2679 mens,
1680 2635 1814 2672 <liebus
1833 2636 1867 2673 3.
1886 2635 1943 2672 De
1959 2635 2033 2671 hoc
2048 2634 2149 2670 Pon·

1200 2692 1301 2727 tisice
1329 2690 1431 2726 varii
1458 2689 1571 2725 varia
1595 2690 1853 2736 scripserunt;
1873 2689 2046 2737 quidam,
2067 2699 2150 2725 ma-

1199 2747 1303 2782 xime
1329 2748 1537 2792 suspectae
1566 2744 1654 2780 fidei
1675 2744 1868 2788 homines,
1887 2744 2050 2780 summis
2069 2744 2151 2780 lau-

1198 2801 1309 2836 dibus
1339 2799 1593 2841 cxtulerunt;
1626 2799 1692 2835 alii
1724 2799 1849 2834 nimia
1875 2798 2059 2835 libertate
2085 2797 2150 2835 de·-

1200 2857 1441 2901 presserunt.
1470 2852 1606 2888 Vitam
1635 2853 1720 2888 eius
1746 2856 1787 2889 et
1812 2852 2010 2899 Epistolas
2029 2851 2150 2889 edidit

1246 2960 1251 2980 ¹
1274 2960 1308 2992 L.
1332 2958 1488 2996 l'ombal,
1513 2957 1670 2991 choiseul
1689 2961 1720 2992 et
1738 2957 1888 2999 Aranda,
1907 2969 1950 2993 ou
1969 2959 2147 3000 l'intriyue

1197 3007 1254 3038 dex
1280 3006 1361 3038 trois
1387 3005 1562 3043 catinam
1593 3006 1634 3037 Dc
1663 3006 1906 3045 saint-Victor,
1938 3005 2081 3037 Tableau
2107 3005 2148 3037 de

1201 3053 1307 3089 l’aris,
1340 3051 1435 3088 i.1V,
1456 3055 1539 3092 part.
1567 3049 1600 3090 “2;
1627 3050 1908 3094 Cretincau-Joly,
1935 3050 2080 3084 Histoire
2107 3051 2148 3083 <le

1198 3099 1229 3129 la
1259 3098 1375 3139 Comp.
1403 3097 1442 3129 (Ic
1467 3094 1577 3136 Jcsus,
1606 3100 1628 3128 t.
1659 3097 1693 3136 V,
1723 3107 1751 3130 c.
1779 3098 1851 3137 3-7‚
1881 3095 2146 3130 ssrux0n.1845.

1201 3145 1318 3182 meere
1347 3152 1475 3185 quoquc
1506 3144 1594 3175 iuvat
1619 3144 1758 3176 huiusce
1785 3144 1968 3186 scriptoris,
1991 3140 2147 3176 clement

1199 3189 1276 3221 XIV
1293 3192 1323 3221 el
1341 3190 1386 3220 les
1409 3188 1568 3223 Je'sm'taes,
1590 3190 1690 3228 Paris,
1712 3189 1849 3229 Mollior,
1870 3189 1969 3227 1847;
1990 3189 2032 3221 De
2050 3187 2148 3222 Bavi-

1199 3246 1296 3275 gnan,
1327 3234 1479 3267 clement
1506 3235 1592 3267 ΧΙΙΙ
1615 3238 1647 3267 et
1673 3235 1718 3268 XI
1730 3235 1764 3275 V,
1789 3235 1880 3270 Paris
1909 3234 2010 3268 1854.
