2241 3473
563 166 800 192 APPARATVS
831 166 882 191 AD
914 164 1131 191 HISTORIAM
1160 163 1492 192 ECCLESIASTICAM

63 232 170 280 tani,
196 230 341 272 Libros
368 243 422 271 ss.
446 242 500 270 ex
522 227 702 270 hebraeo
726 229 946 270 verterunt
967 228 1008 268 in

63 303 274 347 graecum,
285 290 430 343 estque
442 287 546 329 haec
555 286 730 329 celebris
739 286 879 328 versio
890 285 1010 327 LXX

65 351 349 403 Interpretum
384 348 410 389 ¹.
445 348 547 388 Post
586 347 744 400 aliquot
782 356 915 386 annos
947 344 1009 384 Iu-

65 409 264 452 daeorum
287 407 399 448 natio
432 406 589 448 tributa
622 403 818 460 pependit
840 402 1010 456 regibus

65 467 227 524 Syriae;
239 470 282 508 et
295 468 380 507 tum
396 464 447 506 ab
460 465 621 507 histum
637 461 840 517 aregibus
851 462 1011 516 AEgyp-

66 529 97 570 ti
120 525 274 568 multas
292 525 539 566 vexationes
562 534 759 578 perpessa
780 523 856 562 est.

125 586 230 627 Post
270 582 501 625 Alexandri
547 582 602 624 M.
644 584 822 622 mortem
870 578 1011 620 Iudaei

65 644 179 686 haud
200 643 376 697 amplius
407 655 451 684 se
483 643 594 682 intra
626 639 889 681 Palaestinae
912 637 1013 678 limi-

68 707 131 746 tes
147 704 457 745 continuerunt.
477 700 564 741 Iam
576 697 652 740 sub
669 697 918 739 Ptolomaeo
936 697 1013 738 La-

69 763 111 818 gi
133 761 251 804 multi
271 760 390 803 sedes
419 758 605 800 fixerunt
635 758 676 798 in
699 757 906 811 AEgypto.
929 755 1014 796 Alii

70 821 260 875 deinceps
276 821 315 860 in
328 819 432 860 alias
444 818 637 871 regiones
650 816 732 857 late
751 813 885 857 diffusi
902 819 1015 863 sunt,

71 879 315 935 praesertim
355 889 447 918 cum
481 875 716 918 Antiochus
747 874 803 916 M.
837 887 1014 929 regnum

70 938 218 993 Syriae
241 939 417 978 teneret.
442 935 535 982 Quo
568 934 723 976 factum
751 937 830 982 est,
857 937 902 975 ut
925 934 1017 974 veri

70 997 145 1038 Dei
163 996 291 1044 notio,
311 995 448 1038 cultus
461 997 587 1048 atque
605 993 779 1034 oracula
791 992 902 1047 apud
920 1005 1017 1048 gen-

70 1059 134 1098 tes
153 1055 318 1110 longius
339 1054 672 1101 innotescerent,
696 1053 1018 1105 mortaliumque

70 1114 196 1156 animi
217 1113 270 1156 ad
292 1113 472 1155 Messiae
495 1111 737 1160 adventum,
758 1112 827 1165 qui
849 1111 1018 1166 propius

71 1172 325 1218 imminebat,
349 1174 717 1227 praepararentur.

132 1232 198 1274 18.
231 1230 498 1273 Pet-secutio
530 1229 615 1272 sub
648 1230 871 1272 Antiocho
904 1229 1019 1282 Epi-

66 1292 221 1346 phane
237 1288 329 1345 (an.
349 1303 408 1332 m.
425 1289 539 1332 3836
556 1292 650 1331 ant.
679 1288 723 1331 C.
746 1288 844 1344 164)
861 1313 919 1318 —-
935 1287 1020 1330 Sub

73 1350 280 1393 Antiocho
303 1349 531 1404 Epiphane‚
550 1349 747 1391 Antiochi
764 1349 820 1390 M.
840 1347 937 1396 filio,
955 1347 1023 1388 Iu-

74 1410 168 1452 daei
198 1409 414 1450 durissime
447 1408 576 1450 habiti
609 1411 718 1449 sunt.
750 1408 790 1449 Is
813 1419 1020 1448 summum

76 1469 324 1511 Iudaeorum
353 1467 640 1522 pontificatum
664 1467 856 1508 venalem
878 1465 1020 1507 reddi-

77 1528 147 1576 dit,
169 1527 290 1582 plura
314 1540 459 1569 eorum
483 1526 607 1568 millia
630 1530 766 1569 morte
789 1524 940 1573 affecit,
959 1538 1024 1566 sa-

78 1600 149 1629 cra
178 1586 322 1641 templi
351 1599 457 1629 vasa
489 1586 672 1641 diripuit,
696 1585 809 1627 Iovis
842 1584 1023 1640 Olympii

77 1645 344 1688 simulacrum
367 1647 407 1687 in
430 1645 583 1699 templo
607 1644 842 1692 collocavit,
862 1645 1023 1699 legem-

79 1717 157 1759 que
175 1703 308 1752 dedit,
330 1717 411 1758 qua
443 1703 661 1757 prohibitis
684 1703 923 1751 sacrificiis,
948 1704 1023 1744 cir-

80 1763 341 1811 cumcisione,
375 1763 644 1804 sabbatorum
679 1763 964 1810 observantia,
984 1775 1023 1802 a·

79 1822 220 1876 liisque
243 1822 346 1876 legis
379 1823 588 1864 Mosaicae
621 1821 784 1870 ritibus,
808 1821 952 1863 Iudaei
975 1833 1024 1861 ac

79 1881 147 1924 alii
177 1880 329 1922 subditi
360 1881 435 1922 sub
468 1881 613 1922 mortis
645 1894 782 1935 poena
810 1880 861 1921 ad
895 1892 1023 1921 unum

81 1940 351 1993 eumdemque
368 1939 539 1980 deorum
558 1939 714 1981 cultum
732 1939 1023 1992 adigebantur.

80 2000 186 2042 Hinc
206 2011 334 2040 saeva
355 1999 396 2039 in
419 1998 597 2039 Iudaeos
622 1999 856 2052 persecutio
881 1998 1024 2039 conci-

81 2061 172 2102 tata
191 2061 269 2106 est,
293 2070 375 2111 qua
397 2058 575 2099 durante
597 2058 706 2099 inter
723 2057 826 2098 alios
847 2057 1026 2098 illustria

83 2118 344 2159 constantiae
368 2116 560 2170 exempla
583 2116 731 2158 dedere
748 2129 879 2158 senex
896 2117 1025 2158 Elea-

83 2189 204 2218 zarus
227 2179 270 2218 et
291 2178 446 2230 septem
469 2176 643 2217 iuvenes
665 2175 910 2217 Machabaei
933 2188 1026 2216 cum

83 2239 215 2278 matre
235 2248 323 2284 sua,
343 2248 416 2289 pro
441 2236 525 2276 Deo
549 2240 592 2277 et
608 2235 700 2290 lege
724 2235 861 2290 patria
878 2234 1027 2276 fortis-

84 2296 184 2337 sime
206 2294 499 2336 occumbentes
525 2293 552 2334 ².

146 2353 211 2395 19.
230 2353 495 2395 Machabaez‘
508 2378 566 2385 —
584 2351 758 2395 Afflictis
777 2352 1029 2395 Iudaeorum

87 2413 208 2455 rebus
230 2417 273 2454 et
293 2413 541 2466 periclitanti
572 2412 783 2468 Religioni
815 2425 935 2467 opem
958 2416 1030 2454 tu-

87 2472 134 2514 lit
155 2473 279 2520 Deus,
301 2472 496 2514 excitatis
514 2471 566 2513 ad
584 2485 729 2513 eorum
748 2471 1031 2514 defensionem

89 2534 132 2573 et
160 2530 445 2572 liberationem
474 2532 722 2573 Asmonaeis
754 2544 828 2572 seu
850 2530 1030 2572 Macha-

90 2589 228 2638 baeis,
261 2601 436 2643 quorum
468 2591 658 2645 princeps
691 2589 770 2632 fuit
801 2590 1032 2632 Mathatias

90 2648 299 2690 sacerdos.
322 2647 399 2690 Hic
429 2651 580 2691 cuncta
601 2649 822 2704 privilegia
843 2662 868 2690 a
892 2650 1033 2691 Persis

90 2711 264 2762 accepta
281 2709 324 2748 et
340 2705 391 2747 ab
408 2707 650 2749 Alexandro
669 2708 928 2756 confirmata,
946 2721 1035 2762 pes-

90 2766 286 2814 sumdari,
308 2766 519 2820 ipsamque
540 2767 799 2821 Religionem
826 2768 865 2809 in
887 2772 1031 2810 extre-

90 2839 202 2868 mum
220 2825 437 2867 discrimen
457 2828 600 2867 vocari
617 2840 792 2868 cernens
809 2830 852 2869 et
868 2826 1032 2881 lugens,

90 2886 253 2941 piorum
274 2885 507 2925 exercitum
539 2885 730 2943 collegit,
753 2888 796 2928 et
816 2898 892 2940 pro
915 2885 1034 2927 Reli-

92 2945 226 3000 gionis
248 2956 300 2994 ac
320 2943 457 2998 populi
489 2942 726 2986 defensione
749 2945 916 2988 fortiter
938 2957 1034 2986 cer—

91 3003 214 3046 tavit.
237 3002 345 3044 Eum
366 3005 460 3057 post
482 3015 635 3044 annum
668 3017 795 3045 unum
816 3005 857 3045 in
879 3003 1033 3046 ducatu

93 3068 145 3100 —1
159 3078 542 3116 Calmet‚Dict2·onnaire
558 3079 598 3108 cle
619 3078 654 3108 la
670 3079 774 3116 Bible,
787 3083 843 3110 art.
857 3079 1035 3118 Septante;

96 3121 234 3161 Bergien
250 3119 498 3150 Dictionnaire
513 3120 552 3150 de
574 3119 603 3150 T
601 3119 762 3159 lze'oloyie,
777 3124 834 3151 art.
850 3120 937 3151 idem.

96 3202 113 3233 Ι.
132 3161 550 3234 ἓιῇξ.ιιῗίαεήαὸαεονα7η,·
572 3161 612 3191 Fl.
638 3161 754 3200 loseph.
778 3161 948 3201 Antiquit.
965 3161 1034 3192 iud.
1056 3158 1057 3167 ¹

1870 161 1941 188 x1x

1052 229 1323 282 exceperunt,
1343 226 1451 269 alter
1463 229 1558 281 post
1568 225 1762 273 alterum,
1774 224 1897 266 Iudas
1909 224 1995 266 Ma·

1052 286 1276 335 chabaeus,
1295 286 1465 328 Ionatas
1487 288 1530 328 et
1551 285 1692 327 Simon
1713 282 1785 325 filii
1806 284 1908 333 eius;
1927 283 1997 337 qui

1052 347 1215 400 saepius
1235 347 1391 400 exigua
1412 357 1539 386 manu
1556 343 1627 385 sed
1644 341 1722 385 Dei
1740 343 1896 384 auxilio
1915 341 1998 383 fre—

1052 406 1097 452 ti,
1121 405 1260 446 hostes
1283 405 1628 459 prostraverunt,
1650 403 1845 456 populum
1869 414 1894 442 a
1915 401 1998 442 tri-

1054 464 1164 506 butis
1181 465 1333 517 etiugo
1351 466 1500 504 extero
1512 462 1793 510 vindicarunt,
1813 459 1999 515 reipubli-

1030 570 1033 579 .
1055 536 1128 564 cae
1151 536 1253 564 suae
1276 522 1511 563 libertatem
1534 522 1829 568 restituerunt,
1852 517 1999 574 purifi-

1055 586 1151 624 cato
1184 581 1336 635 templo
1368 581 1554 622 divinum
1597 580 1753 622 cultum
1784 580 2000 621 instaura-

1057 645 1173 689 runt,
1196 644 1239 682 et
1271 653 1364 682 cum
1395 640 1596 680 Romanis
1628 642 1753 693 atque
1785 638 2002 693 Spartanis

1058 699 1230 742 foedera
1251 702 1562 752 percusserunt.
1588 698 1694 745 Quin
1721 700 1803 740 imo
1826 696 2003 740 Simonis

1058 761 1097 801 in
1120 758 1277 800 ducatu
1299 770 1562 799 successores
1585 770 1734 798 nomen
1757 759 1798 799 et
1813 756 2004 798 diadema

1060 819 1222 873 regium
1245 820 1498 870 acceperunt
1523 819 1548 856 ¹.

1115 877 1183 919 20.
1218 876 1499 918 Iudaeorum
1531 877 1678 916 status
1709 874 2005 917 dilabitur·—

1058 938 1292 989 Postquam
1313 934 1455 976 Iudaei
1473 934 1639 975 circiter
1660 933 1717 974 80
1738 935 1856 975 annis
1877 933 2006 974 liber-

1060 999 1148 1038 tate
1172 1008 1250 1036 sua
1280 993 1458 1035 fuissent
1479 993 1613 1047 potiti,
1633 1005 1777 1034 eorum
1799 1005 1868 1033 res
1900 991 2007 1033 dila-

1060 1056 1112 1103 bi,
1136 1056 1356 1107 statusque
1378 1052 1566 1108 publicus
1587 1065 1753 1106 pessum
1777 1052 1838 1092 ire
1857 1051 2006 1105 coepit.

1062 1114 1236 1156 Exortis
1257 1113 1366 1153 inter
1398 1113 1626 1154 Hircanum
1657 1113 1700 1152 et
1721 1110 2008 1152 Aristobulum

1063 1173 1217 1215 fratres
1237 1171 1286 1213 de
1310 1185 1444 1226 regno
1467 1176 1511 1212 et
1542 1169 1788 1226 pontificatu
1819 1168 2008 1217 dissidiis,

1063 1232 1308 1287 Pompeius,
1335 1231 1405 1284 qui
1435 1233 1537 1272 tunc
1568 1230 1760 1271 victricia
1790 1229 2009 1270 Romano-

1063 1306 1158 1333 rum
1183 1304 1301 1333 arma
1332 1303 1406 1345 per
1428 1288 1643 1331 Orientem
1676 1286 2010 1336 circumferebat,

1065 1350 1402 1405 Hierosolymam
1421 1348 1657 1402 occupavit,
1672 1347 1869 1401 litemque
1887 1347 1946 1388 sic
1959 1346 2013 1388 di·

1069 1411 1204 1457 remit,
1219 1412 1265 1450 ut
1278 1408 1547 1450 Aristobulus
1560 1407 1725 1448 vinctus
1736 1406 1910 1448 Romam
1925 1406 2014 1447 mit·

1067 1474 1248 1518 teretur;
1272 1468 1480 1510 Hircanus
1505 1479 1609 1508 vero
1631 1471 1855 1520 regnaret,
1879 1464 1951 1506 sed
1972 1466 2014 1506 in

1065 1528 1144 1570 fide
1179 1531 1222 1570 et
1253 1527 1446 1569 clientela
1478 1525 1617 1580 populi
1637 1526 1830 1567 Romani.
1853 1525 2015 1566 Verum

1066 1587 1137 1630 filii
1160 1586 1394 1629 Aristobuli
1416 1586 1567 1626 bellum
1590 1584 1714 1626 civile
1737 1589 1884 1626 contra
1909 1584 2015 1625 Hir-

1067 1660 1217 1689 canum
1253 1647 1565 1687 continuarunt.
1591 1643 1748 1692 Quibus
1780 1642 1954 1685 dissidiis
1975 1645 2018 1683 et

1068 1706 1187 1748 bellis
1201 1705 1293 1746 inde
1310 1705 1468 1746 secutis
1488 1704 1724 1758 Antipater,
1738 1703 1907 1744 natione
1924 1702 2016 1743 Idu-

1068 1771 1233 1812 r'naeus,
1267 1763 1515 1818 pecuniosus
1548 1766 1590 1804 et
1622 1762 1847 1809 factiosus,
1878 1761 1930 1802 ad
1953 1760 2020 1802 sui

1069 1824 1373 1866 exaltationem
1396 1836 1508 1870 usus,
1533 1822 1592 1863 ita
1615 1835 1658 1862 se
1680 1822 1719 1861 in
1745 1821 1835 1862 Iulii
1855 1819 2016 1861 Caesa-

1068 1885 1126 1925 ris
1149 1883 1331 1938 gratiam
1354 1881 1597 1928 insinuavit,
1621 1882 1667 1921 ut
1691 1879 1742 1921 ab
1765 1893 1814 1920 eo
1836 1878 2019 1920 Iudaeae

1069 1945 1321 1998 procurator
1352 1939 1478 1982 fuerit
1511 1940 1779 1987 constitutus,
1814 1951 2018 1992 suumque

1069 2001 1199 2043 filium
1245 1999 1456 2041 Herodem
1500 1998 1752 2053 praefecerit
1793 1997 2018 2039 Galilaeae.

1071 2061 1201 2102 Brevi
1232 2062 1328 2114 post
1349 2058 1609 2113 Antigonus,
1632 2056 1741 2098 filius
1773 2056 2020 2104 Aristobuli‚

1071 2120 1329 2162 Parthorum
1364 2131 1440 2172 ope
1472 2118 1702 2159 Hircanum
1735 2120 1778 2158 et
1808 2129 1940 2170 regno
1978 2118 2021 2156 et

1072 2178 1311 2221 sacerdotio
1335 2177 1498 2224 deiecit,
1522 2189 1654 2230 eaque
1675 2176 1760 2229 ipse
1782 2175 2020 2230 occupavit.

1130 2238 1199 2280 21.
1224 2235 1434 2280 Herodes
1454 2236 1512 2277 M.
1531 2248 1619 2277 rex
1636 2234 1833 2277 Iudaeae
1849 2233 1942 2289 (an.
1961 2247 2020 2275 m.

1073 2297 1188 2340 3963
1210 2310 1269 2339 an
1279 2300 1307 2338 t.
1337 2295 1380 2338 C.
1400 2295 1475 2351 37)
1492 2318 1547 2326 —
1566 2295 1684 2335 Tunc
1705 2293 1905 2341 Herodes,
1930 2293 2020 2335 Ga-

1072 2357 1220 2399 lilaeae
1243 2355 1477 2404 tetrarcha,
1501 2354 1679 2396 Romam
1697 2352 1956 2407 properavit,
1980 2354 2022 2393 et

1075 2416 1248 2458 Antonii
1271 2419 1395 2468 atque
1416 2413 1641 2456 Octaviani
1672 2425 1804 2467 opera
1824 2425 1850 2453 a
1872 2412 2023 2452 senatu

1077 2489 1155 2517 rex
1172 2474 1354 2517 Iudaeae
1372 2473 1610 2515 declaratus
1623 2472 1951 2525 est.Antigonus
1969 2482 2024 2512 ex

1076 2537 1411 2578 Asmonaeorum
1451 2546 1526 2574 seu
1556 2530 1912 2573 Machabaeorum
1945 2542 2023 2583 ge-

1075 2608 1174 2636 nere
1196 2607 1273 2634 rex
1296 2592 1478 2643 ultimus,
1502 2591 1554 2632 ab
1577 2590 1744 2632 Herode
1768 2592 1811 2630 et
1823 2588 2025 2630 Romanis

1076 2653 1262 2695 deiectus
1295 2655 1337 2693 et
1368 2650 1612 2693 interfectus
1645 2651 1732 2697 est,
1765 2661 1860 2689 cum
1892 2647 2024 2689 tribus

1077 2713 1194 2754 annis
1226 2713 1469 2766 regnasset;
1492 2711 1550 2751 sic
1582 2709 1760 2750 ducatus
1784 2720 1877 2748 cum
1897 2719 2023 2760 scep-

1078 2777 1144 2814 tro
1162 2785 1187 2813 a
1208 2771 1312 2813 Iuda
1329 2768 1561 2813 translatus
1583 2770 1646 2808 est
1663 2766 1715 2808 ad
1731 2766 2024 2820 alienigenam,

1076 2830 1284 2874 Herodem
1300 2842 1460 2883 nempe,
1480 2828 1548 2882 qui
1566 2826 1766 2880 religione
1779 2825 1944 2880 quidem
1961 2825 2026 2866 Iu-

1077 2890 1207 2932 daeus
1229 2888 1299 2931 sed
1322 2888 1489 2929 natione
1512 2885 1735 2928 Idumaeus
1756 2887 1849 2926 erat
1866 2883 1894 2925 ².

1135 2949 1382 2991 Advenerat
1399 2957 1501 3000 ergo
1519 2944 1734 2999 plenitudo
1754 2943 1964 2998 temporis,
1983 2943 2025 2983 in

1077 3021 1159 3063 qua
1176 3007 1342 3049 veniret
1370 3005 1459 3051 Qui
1477 3003 1726 3046 mittendus
1746 3005 1838 3045 erat
1854 3006 1880 3043 ³.
1905 3001 2026 3056 Reip-

1121 3119 1127 3139 ¹
1146 3118 1219 3149 lbid.

1118 3159 1131 3180 '2
1148 3159 1188 3190 Fl.
1206 3158 1323 3197 loseph.
1345 3158 1361 3187 l.
1379 3157 1430 3188 cit.

1119 3200 1134 3221 '0'
1151 3201 1264 3232 Genes.
1284 3199 1379 3229 xLix.
