2241 3473
230 141 308 180 354

179 235 288 260 mens
314 223 396 259 VIII
417 233 485 259 eos
505 222 608 257 inter
627 219 809 256 catholici
833 219 951 255 Orbis
970 219 1129 266 plausus

525 134 692 180 EPOCHA
714 151 804 178 X111.
832 154 856 177 Α
882 149 1063 177 PVBLICA
1085 148 1234 176 RERVM
1258 149 1299 176 IN
1322 147 1493 176 GALLIIS
1514 148 1805 177 SVBVERSIONE

1230 219 1319 254 Non
1346 218 1472 254 solum
1500 219 1646 255 Graeci
1659 219 1795 262 -unit-i,
1822 218 1890 256 sed
1924 219 2043 256 etiam
2078 230 2138 256 ca-

175 277 392 324 exceperit‚
420 286 495 322 qua
521 273 662 310 deinde
692 272 954 309 sollicitudine
982 273 1130 308 Sancta
1184 272 1318 308 tholici
1345 273 1445 308 ritus
1473 272 1583 308 latini
1610 273 1649 308 in
1674 273 1822 308 Russia
1840 277 1955 321 atque
1975 273 2141 310 Polonia

177 331 300 367 Sedes
335 330 440 376 ipsos
472 332 701 363 constanter
728 327 847 362 fuerit
874 331 1128 373 prosequuta,

1183 327 1449 374 persecutioni
1476 327 1637 363 obnoxii
1659 328 1830 363 fuerunt.
1847 327 2021 365 Eaedem
2042 339 2139 375 pene

177 395 254 432 qua
285 381 555 429 indulgentiae
595 380 818 427 sagacitate
861 379 1128 424 tractaverit,
1180 381 1371 416 adversus
1398 380 1628 418 Catholicos
1652 381 1871 424 Romanos,
1891 393 1983 429 quas
2001 386 2141 418 contra

177 440 270 484 quot
297 436 529 483 quantisque
558 434 682 469 modis
702 433 859 477 iuverit,
879 433 1128 481 apertissime

179 494 376 526 testantur
395 487 650 535 Apostolicae
670 487 1128 524 ConstitutionesMole-

178 542 394 578 stissimum
422 540 603 588 equidem
631 541 719 584 fuit,
739 541 1004 577 instauratam
1031 540 1129 576 adeo

181 596 348 632 feliciter
365 606 451 630 cum
468 595 649 630 Romana
664 595 844 630 Ecclesia
857 594 1128 631 Ruthenorum

180 649 497 685 coniunctionem
525 648 703 684 adversis
731 648 881 685 vicibus
901 648 1018 684 fuisse
1044 659 1131 695 pro-

181 714 323 750 gressu
349 702 540 748 temporis
558 701 780 738 obnoxiam.
802 702 899 738 Illud
918 707 1052 738 tamen
1071 713 1131 737 su-

183 761 348 803 pererat
382 756 541 792 omnino
576 756 802 792 laetandum
822 785 830 800 ,
857 756 956 803 quod
990 756 1131 803 ingens

182 810 341 845 illorum
369 820 462 855 pars
480 813 559 845 tam
578 809 747 845 firmiter
764 809 1020 857 Apostolicae
1040 809 1130 845 Sedi

181 863 325 899 devota
341 863 667 911 permanserit,ut
681 864 930 910 serpentibus
944 863 1036 899 licet
1052 863 1129 899 ela-

182 929 250 964 pso
277 917 436 952 saeculo
465 928 536 963 per
564 927 656 952 suas
684 917 868 963 regiones
896 917 1025 953 inanis
1052 916 1131 963 phi-

182 971 384 1019 losophiae
418 970 585 1007 fallaciis
607 999 615 1014 ,
651 971 862 1018 pravisque
903 970 1130 1019 opinionum

182 1024 430 1068 commentis,
450 1035 473 1060 a
491 1024 721 1062 Catholicae
736 1024 943 1061 doctrinae
961 1024 1129 1072 fideique

182 1077 414 1125 integritate
442 1077 654 1114 nullimode
681 1077 900 1114 deflexerit.

228 1131 294 1174 At,
315 1142 410 1178 quos
438 1136 571 1178 patres
598 1137 638 1168 et
657 1136 857 1178 pastores,
876 1131 997 1168 duces
1016 1136 1132 1179 atque

181 1185 392 1231 magistros
419 1185 595 1232 experiri
622 1185 870 1229 debuissent,
899 1191 940 1222 ut
967 1186 1131 1222 arctiori

181 1251 302 1286 usque
329 1251 434 1276 nexu
463 1239 620 1286 corpori
647 1239 818 1283 Christi,
847 1240 947 1287 quod
974 1244 1036 1276 est
1060 1241 1132 1276 Ec-

182 1295 316 1338 clesia,
344 1295 466 1336 iuncti
493 1299 768 1338 servarentur,
787 1295 1048 1332 Graeci-uniti
1065 1307 1134 1331 seu

183 1349 378 1393 Rutheni,
405 1351 460 1386 uti
487 1350 656 1387 diximus
675 1380 683 1394 ,
711 1362 780 1386 eos
810 1350 1043 1387 defectionis
1068 1361 1134 1385 au-

182 1408 312 1440 ctores
338 1404 574 1442 habuerunt.
610 1407 726 1441 Anno
758 1406 900 1454 quippe
930 1405 1020 1442 1839
1055 1408 1136 1440 tres

182 1458 381 1507 Episcopi,
410 1461 593 1496 nimirum
623 1460 811 1508 Iosephus
838 1460 1046 1507 episcopus
1075 1459 1137 1494 Li-

184 1513 384 1557 thuaniae‚
413 1515 585 1551 Basilius
611 1515 819 1562 episcopus
838 1513 994 1551 Orchae
1014 1513 1133 1549 admi-

185 1567 375 1604 nistrator
410 1568 639 1606 dioeceseos
667 1569 834 1605 Russiae
853 1568 981 1612 albae,
1001 1572 1040 1604 et
1058 1569 1135 1603 An-

187 1621 314 1658 tonius
329 1623 534 1671 episcopus
549 1622 730 1659 Brestiae
746 1623 1023 1669 suffraganeus
1035 1621 1135 1657 dioe-

186 1687 321 1712 ceseos
349 1676 596 1721 Lithuaniae‚
624 1688 711 1713 cum
732 1677 827 1713 cleri
848 1681 888 1713 et
908 1677 1038 1723 populi
1066 1676 1136 1712 sibi

188 1730 326 1767 crediti
355 1736 467 1779 parte
495 1743 518 1767 a
544 1731 819 1768 communione
851 1731 896 1766 R.
932 1731 1136 1768 Ecclesiae

187 1784 235 1819 ad
255 1785 426 1821 schisma
446 1785 707 1822 Ruthenicum
729 1786 986 1821 transierunt.
1004 1785 1136 1822 Pridie

187 1839 271 1875 idus
290 1839 466 1876 februar.
486 1842 610 1877 citato
629 1851 733 1876 anno
752 1840 896 1877 litteris
915 1852 983 1876 suo
1002 1841 1137 1888 suique

188 1894 324 1939 gregis
350 1894 508 1931 nomine
537 1895 585 1930 ad
611 1896 895 1942 imperatorem
916 1894 1033 1937 datis,
1052 1906 1139 1941 sup-

190 1946 313 1992 plices
340 1949 560 1984 emiserunt
589 1960 709 1984 voces
728 1977 736 1991 ,
763 1948 899 1995 quibus
930 1948 978 1984 ad
1006 1949 1138 1984 Eccle-

190 1999 289 2035 siam
308 2001 715 2038 Graeco-Russiacam
736 2002 953 2049 aggregari
971 2002 1140 2048 postula-

190 2053 294 2089 bant.
338 2055 485 2092 Eodem
513 2067 615 2092 anno
655 2056 931 2092 schismaticae
972 2056 1137 2104 synodi,

190 2106 394 2154 Petropoli
421 2109 607 2152 sedentis,
627 2110 791 2146 decreto
819 2114 859 2145 et
885 2110 1137 2156 imperatoris

190 2161 393 2198 sanctione
421 2165 655 2209 aggregatio
675 2165 953 2210 episcoporum
974 2163 1138 2199 istorum

191 2215 364 2263 clerique
398 2227 444 2252 ac
479 2218 611 2264 populi
645 2218 692 2254 ad
723 2218 935 2254 ecclesiam
968 2217 1141 2254 Graeco-

191 2269 425 2306 Russiacam
445 2272 680 2308 confirmata
698 2276 738 2308 et
757 2271 984 2308 solemniter
1004 2283 1140 2308 conce-

194 2322 346 2359 lebrata
379 2328 452 2361 est.
480 2325 558 2361 Vix
586 2325 692 2362 credi
720 2329 850 2372 potest
881 2330 1028 2372 quauta
1061 2326 1140 2361 vio-

194 2375 315 2413 lentia
339 2379 532 2426 exagitati
560 2380 708 2416 suerint
734 2379 757 2414 ii
785 2390 950 2420 omneS,
979 2380 1040 2427 qui
1070 2392 1141 2417 nec

193 2431 343 2467 artibus
359 2432 460 2468 illusi
477 2444 549 2469 nec
565 2434 678 2468 minis
694 2433 995 2481 perterriti,nec
1012 2445 1141 2470 exem-

196 2484 242 2529 pli
273 2486 470 2531 pravitate
496 2487 660 2529 seducti,
681 2488 848 2523 firmiter
867 2487 903 2521 in
925 2487 1141 2525 catholicae

192 2541 477 2577 vommunionis
503 2542 659 2577 vinculo
688 2542 961 2589 perstiterunt-

244 2593 533 2639 Deplorandam
575 2596 676 2631 hanc
715 2595 1004 2637 defectionem,
1043 2608 1141 2643 quae

194 2649 364 2684 omnuim
394 2650 534 2697 ubique
562 2650 856 2686 Catliolicorum
882 2649 1034 2684 animos
1054 2662 1137 2685 ‹5011-

196 2702 381 2745 tristavit,
409 2704 625 2749 Gregorms
654 2704 724 2751 Pp.
750 2703 842 2739 XVI
866 2703 1036 2738 maximo
1056 2716 1141 2739 cum

195 2755 329 2793 dolore
350 2758 545 2794 nuntiavit
563 2758 837 2795 Cardinalibus
857 2769 926 2804 per
946 2758 1143 2793 allocutio-

197 2821 284 2845 nem
315 2811 351 2845 in
379 2812 622 2849 Consistorio
648 2817 804 2849 secreto
826 2812 997 2847 habitam
1019 2812 1063 2846 κ’)
1082 2824 1146 2846 ca-

200 2863 299 2899 lend.
327 2864 528 2900 decembr.
559 2867 660 2903 18:39.
694 2866 894 2908 Pontifex,
921 2870 962 2900 ut
985 2876 1141 2900 omnem

199 2918 463 2964 negligentiae
491 2921 662 2964 speciem
693 2920 726 2954 in
762 2919 947 2954 curandis
974 2917 1145 2955 Catholi-

199 2982 331 3006 (τοι-ιω]
361 2972 397 3007 in
427 2974 590 3019 imperio
611 2975 800 3009 Russiaeo
823 2973 938 3007 relius
957 2983 980 3007 a
999 2984 1039 3007 se
1062 2984 1146 3019 {iro-

201 3027 387 3069 pulsaret„
410 3026 443 3060 iu
475 3027 552 3061 alia
579 3027 814 3063 allocutione
836 3025 967 3060 habita
989 3026 1044 3059 iv‘·
1066 3025 1145 3059 idn<

202 3079 278 3112 iulii
308 3079 397 3114 1842
416 3108 423 3118 ,
452 3092 607 3115 onlnem
637 3081 780 3115 seris-,in
809 3090 994 3113 suu-arum
1016 3107 1024 3119 ,
1051 3090 1147 3125 quas

203 3144 270 3177 pro
308 3133 483 3168 lim-lesia
516 3134 722 3169 Catholira
751 3135 786 3168 in
823 3137 1044 3168 memorato
1081 3134 1145 3167 iin-

202 3185 309 3230 porio
336 3193 579 3233 susceperat,
601 3188 788 3235 peculiari
817 3186 1062 3232 expositione
1085 3198 1147 3234 pa-

203 3239 335 3274 tesetsii

1180 435 1356 470 Graecos
1382 435 1509 470 factas
1526 434 1708 477 diximus,
1728 446 1745 470 s
1759 434 1977 471 eductionis
1997 439 2038 471 et
2054 446 2140 483 per-

1179 488 1392 523 secutionis
1419 491 1527 524 artes
1554 487 1757 524 adhibitae
1780 492 1870 524 sunt
1886 500 1895 532 ;
1913 489 2061 526 multae
2079 500 2140 526 ec-

1181 541 1324 578 clesiae
1352 541 1556 577 catholicis
1581 541 1813 589 ademptae,
1833 542 2005 589 pluribus
2028 554 2140 590 paro-

1182 595 1304 639 chiis,
1331 599 1375 632 ut
1411 599 1454 631 ut
1502 595 1634 630 invitis
1671 595 1875 639 fidelibus,
1913 596 2142 633 sacerdotes

1182 649 1426 685 schismatici
1443 648 1822 696 praepositi,populi
1839 648 1876 684 in
1895 649 2029 685 multis
2046 649 2142 685 locis

1183 701 1231 737 ad
1268 702 1643 738 communicandum
1679 713 1768 738 cum
1796 701 2059 738 schismaticis
2084 713 2143 738 sa-

1183 756 1406 792 cerdotibus
1443 756 1479 791 vi
1519 756 1711 803 compulsi
1734 785 1741 798 ,
1769 756 1923 803 aliaque
1949 756 2063 803 plura
2087 757 2143 792 sic

1183 815 1440 858 comparata,
1468 815 1511 846 ut
1538 810 1577 845 in
1610 809 1797 846 universo
1829 810 2047 846 Russorum
2078 809 2143 845 do-

1183 865 1301 900 minio
1321 864 1459 911 religio
1478 864 1673 900 catholica
1690 865 1915 901 aboleretur
1933 867 1960 897 1.
1980 865 2033 901 At
2050 876 2138 912 per-

1185 919 1294 954 multi
1315 918 1419 954 inter
1439 918 1654 955 catholicos
1681 919 1812 954 omnia
1826 919 1931 954 mala
1946 919 2072 965 potius
2082 922 2136 954 to-

1184 973 1315 1008 lerare
1335 973 1572 1016 maluerunt,
1588 983 1705 1019 quam
1734 983 1758 1007 a
1789 971 1865 1008 fide
1892 972 2088 1008 catholica
2105 978 2146 1008 et

1183 1026 1386 1062 Ecclesiae
1413 1026 1566 1062 unitate
1592 1025 1830 1062 desciscere.

1232 1080 1342 1115 Dura
1368 1085 1502 1116 tamen
1529 1079 1822 1117 Catholicorum
1848 1090 1940 1115 sors·
1966 1079 2004 1115 in
2035 1079 2135 1116 Rus-

1185 1133 1244 1170 sia
1270 1135 1382 1182 eique
1407 1135 1519 1170 unito
1546 1145 1670 1180 regno
1699 1132 1888 1169 Poloniae
1913 1133 2132 1181 aliquantu-

1187 1188 1265 1224 lum
1294 1189 1426 1225 levata
1452 1192 1533 1232 est,
1553 1200 1640 1224 cum
1669 1199 1772 1223 anno
1799 1187 1892 1224 1845
1917 1188 2143 1235 Imperator

1187 1242 1374 1278 Nicolaus
1401 1243 1570 1278 Romam
1600 1242 1800 1289 profectus
1826 1245 1908 1284 est,
1928 1244 1968 1278 et
1984 1242 2136 1288 Grego-

1188 1297 1286 1333 rium
1317 1297 1388 1344 Pp.
1412 1297 1506 1333 XVI
1535 1296 1683 1339 invisit,
1710 1296 1774 1343 qui
1803 1299 1882 1332 tam
1910 1295 2140 1343 eloquenter

1187 1361 1277 1386 eum
1304 1351 1352 1387 de
1380 1352 1525 1388 misera
1557 1351 1841 1387 catholicorum
1862 1353 1970 1386 sorte
1997 1350 2036 1385 in
2064 1349 2139 1385 illis

1188 1405 1398 1442 ditionibus
1424 1406 1650 1454 degentium
1678 1406 1874 1441 allocutus
1902 1408 1976 1447 est,
2003 1409 2046 1440 ut
2071 1404 2142 1440 Ni-

1189 1460 1323 1497 colaus
1349 1461 1387 1496 in
1415 1460 1498 1508 ipso
1518 1460 1711 1508 colloquio
1731 1459 1845 1496 valde
1864 1459 1984 1495 fuerit
2006 1459 2139 1495 animo

1189 1518 1410 1551 commotus
1432 1543 1440 1558 ‚
1479 1518 1520 1551 et
1547 1514 1727 1551 turbatus
1754 1525 1775 1550 e
1803 1517 2017 1560 conspectu
2044 1513 2139 1550 Gre-

1189 1569 1292 1616 gorii
1325 1569 1513 1606 exierit‘2,
1543 1569 1647 1605 Hinc
1673 1567 1898 1616 persecutio
1929 1567 2058 1604 evasit
2083 1579 2143 1604 re-

1190 1624 1365 1667 missior;
1394 1624 1511 1660 immo
1529 1623 1715 1660 Nicolaus
1729 1633 1792 1659 an.
1812 1622 1915 1664 1847,
1937 1622 1999 1658 111⁰
2019 1633 2142 1658 nonas

1189 1679 1346 1725 augusti
1368 1707 1375 1720 ,
1403 1678 1716 1716 Conventionem
1743 1688 1813 1714 seu
1853 1675 2141 1714 Concordatum

1190 1733 1276 1769 iniit
1309 1744 1397 1768 cum
1435 1732 1505 1767 Pio
1534 1732 1603 1779 Pp.
1627 1732 1711 1772 IX,
1739 1731 1798 1767 uti
1833 1735 1971 1778 postea
2002 1729 2142 1767 dicturi

1189 1798 1337 1823 sumus.

1237 1841 1292 1878 50.
1323 1841 1373 1875 In
1400 1840 1739 1876 Lusitania—Ab
1765 1850 1868 1876 anno
1889 1839 1980 1877 1832
1999 1849 2144 1887 magna

1193 1895 1250 1930 rei
1269 1894 1563 1930 ecclesiasticae
1582 1893 1824 1941 perturbatio
1839 1894 2011 1930 excitata
2025 1894 2139 1929 estin

1194 1949 1408 1984 LusitanIa.
1428 1949 1586 1984 Etenim
1608 1948 1773 1984 Ioannes
1791 1959 1861 1984 rex
1879 1947 1946 1990 VI,
1966 1958 2028 1983 an.
2051 1947 2144 1985 1826

1191 2001 1427 2041 defunctus.
1455 2012 1727 2038 successorem
1768 2002 1987 2048 scripserat
2019 2001 2142 2038 filium

1192 2067 1304 2091 suum
1333 2055 1510 2098 Petrum,
1538 2055 1820 2101 imperatorem
1847 2054 2056 2096 Brasiliae,
2080 2054 2142 2102 qui

1193 2121 1280 2144 cum
1308 2114 1468 2156 propter
1494 2109 1713 2145 absentiam
1740 2119 1853 2145 suam
1874 2108 1972 2145 solio
1991 2109 2140 2144 Lusita·

1193 2163 1516 2206 niae‚secundum
1528 2163 1639 2209 regni
1657 2161 1899 2210 leges,potiri
1912 2173 1988 2197 non
1998 2167 2141 2209 posset,

1194 2219 1374 2264 reginam
1403 2217 1623 2253 declaravit
1654 2217 1825 2252 Mariam
1849 2245 1856 2258 ,
1884 2216 2004 2252 filiam
2031 2227 2143 2252 suam

1195 2272 1499 2319 quinquennem.
1515 2270 1590 2306 Sed
1611 2270 1723 2316 regni
1738 2269 1908 2307 Ordines
1923 2270 1993 2306 sibi
2009 2281 2142 2317 regem

1195 2326 1404 2372 elegerunt
1424 2325 1677 2367 Michaelem,
1694 2324 1858 2360 fratrem
1878 2323 1987 2360 Petri
2006 2328 2046 2360 et
2060 2325 2144 2360 Ma-

1196 2380 1278 2415 riae
1306 2385 1502 2425 patruum,
1532 2379 1595 2426 qui
1625 2390 1742 2426 usquc
1771 2378 1817 2413 ad
1837 2389 1899 2414 an.
1923 2378 2013 2415 1832
2031 2379 2143 2425 regui

1195 2433 1465 2480 gubernacula
1493 2433 1630 2469 tenuit.
1653 2431 1796 2468 Petrus
1814 2443 1876 2468 an.
1899 2433 1990 2470 1830
2008 2443 2031 2468 a
2049 2433 2144 2469 Bra-

1194 2487 1416 2524 siliensibus
1434 2491 1716 2523 exauctoratus
1743 2491 1783 2522 et
1809 2487 1857 2522 ad
1879 2487 2085 2533 imperium
2103 2487 2143 2522 fi-

1197 2542 1245 2577 lio
1265 2553 1334 2577 suo
1352 2542 1514 2589 puerulo
1532 2540 1747 2578 cedendum
1768 2545 1941 2584 coactus,
1955 2541 2145 2577 adversus

1197 2595 1435 2632 Micliaelem
1464 2596 1627 2631 fratrem
1649 2606 1763 2631 suum
1790 2595 2077 2642 expeditionem
2107 2595 2143 2630 in

1196 2650 1437 2685 Lusitaniam
1459 2649 1626 2696 paravit.
1651 2650 1765 2684 Anno
1793 2649 1885 2687 1832
1901 2649 2144 2686 Michaelsu-

1244 2787 1249 2806 ¹
1274 2787 1510 2819 rei-secutions
1532 2790 1562 2818 et
1583 2787 1790 2829 snuffrances
1805 2786 1844 2819 de
1869 2788 1889 2819 l*
1904 2773 2013 2828 &alise
2032 2787 2146 2819 calho-

1196 2833 1283 2873 lique
1304 2843 1344 2864 en
1366 2833 1483 2865 [cussie
1502 2842 1558 2874 par
1577 2842 1619 2863 uu
1638 2834 1750 2865 ancien
1769 2832 1957 2865 Conseiller
1972 2833 2002 2864 (Γ
2017 2824 2090 2865 Emi
2105 2834 2144 2865 de

1198 2879 1332 2916 ltussic,
1354 2880 1497 2911 Imuvnin
1518 2878 1618 2911 1844.
1639 2878 1682 2909 Ad
1702 2887 1767 2910 rem
1787 2880 1980 2912 documenta
1998 2879 2142 2911 invenies

1197 2926 1226 2956 in
1249 2925 1305 2958 cit.
1327 2926 1371 2958 La
1391 2925 1531 2958 Scienza
1549 2935 1565 2957 c
1584 2926 1616 2956 la
1637 2924 1742 2964 Fede,
1762 2926 1827 2958 vol.
1848 2934 1893 2961 iv.
1909 2934 1962 2967 pp.
1978 2924 2116 2958 81-146.

1240 2970 1252 2990 9
1275 2971 1315 3002 Dc
1343 2973 1399 3004 Iioc
1427 2972 1592 3014 colloquio
1612 2971 1704 3003 verba
1720 2971 1841 3004 faciens
1857 2971 2045 3004 Vincentius
2069 2971 2143 3004 Gio-

1197 3016 1275 3048 berti
1292 3018 1421 3049 sci-ibit:
1448 3030 1459 3046 a
1485 3018 1648 3057 nigniioso
1665 3025 1681 3047 ο.
1708 3016 1808 3049 sermo
1836 3027 1852 3050 c
1877 3017 2033 3050 cristiano
2059 3018 2090 3050 l'u
2119 3018 2140 3049 il

1197 3072 1254 3093 suo
1288 3065 1412 3103 pai-lare
1447 3063 1613 3106 (Gregorii
1633 3062 1775 3105 nempe)
1806 3062 2141 3095 nell'alilioccamenlo

1198 3117 1255 3139 con
1284 3108 1394 3141 Niculsi
1421 3110 1450 3140 ‹Ii
1480 3110 1608 3144 IIussia,
1636 3119 1651 3140 e
1678 3108 1862 3146 ‹licrsi.rlie
1883 3110 2026 3141 ilnuovo
2044 3109 2141 3140 ΛῐῑίΙιι

1198 3155 1241 3184 sia
1260 3159 1344 3185 stato
1363 3165 1539 3187 commosse
1559 3166 1621 3187 nou
1637 3155 1818 3187 altrimenti
1834 3156 1891 3188 che
1909 3155 2037 3186 I'antico
2053 3155 2141 3187 dalla

1199 3200 1315 3231 ssivnlln
1342 3210 1358 3231 ο,
1385 3201 1504 3233 marsia
1530 3202 1719 3243 pontificale
1740 3213 1779 3241 »;
1810 3200 1947 3235 Gesaita
1965 3199 2140 3241 moderno,

1200 3248 1265 3277 vni.
1288 3255 1332 3284 iv,
1355 3257 1386 3287 p.
1407 3248 1599 3283 70,'1‘0i·inn
1626 3247 1720 3279 1845.
