2241 3473
248 148 327 188 352

192 235 297 283 ipsos
324 236 497 272 Batavos
516 233 700 280 regimini
726 244 795 269 suo
821 243 962 280 parum
991 233 1142 271 deditos

191 292 394 338 expertus,
422 299 484 324 an.
508 287 600 324 1840
628 298 795 334 regnum
822 287 942 323 cessit
965 287 1045 323 filio
1074 300 1144 325 suo

192 343 403 380 Guilielmo
431 342 474 377 II.

242 396 369 437 Quum
396 396 434 431 in
468 395 605 441 Belgio
632 395 670 430 vi
699 405 826 432 novae
853 396 1144 433 constitutionis

195 450 371 497 regimen
390 447 703 484 ecclesiasticum
720 459 744 484 a
762 448 867 484 civili
886 449 1027 486 fuisset
1040 449 1145 486 inde-

196 503 370 551 pendens
387 530 395 545 ,
423 513 653 550 summaque
679 502 873 550 viguisset
907 504 1142 551 religionum

194 557 380 600 libertas,
415 556 588 604 episcopi
615 557 807 593 ecclesias
834 557 956 594 libere
984 558 1146 594 admini-

191 614 366 648 strantes
394 615 612 647 conventus
639 614 776 658 agunt,
803 622 892 647 cum
916 612 1147 660 Apostolica

191 665 293 701 Sede
321 664 674 701 communicantes.
704 664 946 708 Praeterea,
976 666 1146 702 auctori-

191 721 274 754 tate
301 718 486 764 Gregorii
513 717 586 765 Pp.
606 718 700 754 XVI
720 730 741 755 e
761 718 836 765 piis
854 718 1027 755 fidelium
1046 720 1147 755 votis

194 771 428 808 catholicam
456 771 673 807 studiorum
692 772 1006 810 Universitatem
1037 785 1144 810 crea-

192 829 296 867 runt,
315 835 415 872 quae
431 824 556 873 pridie
571 836 696 862 nonas
709 826 935 863 novembris
951 827 1042 864 1834
1061 827 1146 863 Me·-

192 878 362 915 chliniae
385 881 539 926 coepta,
562 882 602 916 et
620 879 794 916 calendis
811 880 1034 917 decembris
1052 881 1145 917 anni

191 932 616 980 sequentisLovanium
633 934 842 977 translata,
861 934 1143 982 discipulorum

189 986 412 1034 frequentia
446 990 487 1023 et
512 987 756 1035 [disciplinae
797 999 843 1024 ac
887 988 1146 1025 scientiarum

188 1041 302 1077 laude
320 1041 616 1077 florescit.Mox
631 1044 751 1078 etiam
767 1041 938 1078 Ordines
956 1042 1145 1090 religiosi,

191 1094 395 1142 utriusque
410 1106 540 1139 sexus,
556 1095 779 1132 resuscitati
791 1099 940 1139 sunt,et
953 1096 1146 1141 instituta,

189 1148 359 1195 collegia
373 1148 652 1197 domusque,in
668 1149 805 1197 quibus
821 1150 1093 1187 adolescentes
1107 1156 1147 1187 et

188 1203 343 1250 puellae
363 1214 450 1239 cum
467 1202 684 1240 christiana
698 1204 857 1240 vivendi
873 1204 1027 1241 ratione
1043 1205 1142 1242 litte-

188 1267 253 1292 ras
279 1260 320 1293 et
345 1257 532 1293 scientias
557 1269 692 1294 corum
714 1258 928 1294 conditioni
947 1270 1145 1307 congruas

189 1310 450 1355 addiscerent,
480 1313 583 1348 mira
607 1312 857 1350 incrementa
879 1318 1084 1362 ceperunt.

235 1365 276 1401 In
305 1365 513 1402 Hollandia
529 1367 662 1410 etiam,
678 1379 750 1404 seu
764 1369 1143 1415 septentrionalibus

188 1420 337 1456 veteris
348 1420 474 1467 Belgii
486 1422 703 1468 provinciis
713 1422 815 1466 1‚suh
826 1421 1034 1458 Guilielmo
1046 1434 1142 1471 rege

188 1474 235 1517 Il,
254 1474 329 1518 cui,
349 1475 404 1510 uti
422 1474 567 1511 dictum
587 1479 668 1518 est,
688 1480 804 1523 pater
823 1487 995 1523 regnum
1015 1488 1142 1514 cesse-

189 1531 265 1571 rat,
284 1528 409 1564 maior
428 1529 604 1574 libertas,
631 1534 818 1578 quantum
849 1530 898 1566 ad
923 1530 1142 1578 Religionis

188 1582 389 1629 negotium
418 1587 587 1630 spectat,
613 1584 826 1621 Catholicis
844 1585 951 1620 facta
968 1589 1040 1621 est.
1062 1586 1142 1621 An-

189 1647 239 1672 no
267 1637 354 1674 1841
383 1637 618 1685 gubernium
639 1651 727 1675 cum
747 1639 928 1675 Romano
948 1639 1140 1677 Pontifice

188 1690 236 1727 de
264 1692 549 1728 constituendis
575 1693 773 1741 episcopis
799 1693 895 1740 egit.

235 1745 292 1782 48.
322 1745 373 1781 In
392 1746 680 1783 Borussia—In
702 1748 892 1784 Borussia
914 1746 1141 1784 Fridericus

187 1799 421 1836 Guilielmus
448 1812 520 1837 rex
546 1801 610 1845 111,
629 1801 810 1849 quamvis
837 1813 900 1838 an.
932 1801 1022 1839 1821
1049 1813 1139 1838 cum

186 1854 416 1901 Apostolica
434 1855 535 1891 Sede
556 1855 834 1892 concordatum
855 1855 1022 1899 iniisset,
1044 1855 1140 1892 mul-

187 1907 328 1944 tifariis
355 1912 394 1945 et
420 1908 612 1945 abstrusis
635 1909 709 1945 viis
736 1910 971 1957 religionem
1008 1910 1142 1946 catho-

186 1961 303 1997 licam
331 1966 561 2009 persecutus
589 1967 670 2006 est,
697 1963 845 1999 sensim
872 1963 955 2000 eius
982 1964 1140 2000 liberta-

188 2019 265 2051 tem
302 2015 465 2063 iuraque
498 2017 732 2065 infringens,
761 2028 885 2065 eoque
912 2017 1043 2054 studia
1069 2029 1141 2054 sua

184 2069 416 2113 collineans‚
435 2075 479 2107 ut
498 2071 737 2118 pedetentim
759 2083 899 2108 omnes
925 2071 1068 2108 subditi
1087 2072 1135 2108 ad

185 2135 302 2160 unam
316 2125 548 2172 religionem
567 2126 814 2163 lutheranam
828 2126 1137 2163 adducerentur.

186 2178 227 2214 In
255 2177 358 2214 hunc
375 2179 496 2216 finem
518 2179 554 2215 id
573 2180 718 2227 ipsum,
738 2180 938 2228 quodiam
959 2191 1022 2216 an.
1047 2181 1138 2218 1803

185 2232 387 2268 sancierat
415 2244 484 2281 pro
511 2234 726 2280 provinciis
754 2234 1033 2278 orientalibuS,
1053 2236 1139 2271 xv1⁰

186 2286 374 2323 calendas
400 2287 637 2335 septembris
665 2299 730 2323 an.
754 2288 843 2325 1825
869 2288 1135 2324 meridionali-

185 2339 254 2376 bus
281 2341 492 2387 provinciis
519 2343 796 2389 praescripsit,
815 2342 1000 2379 nimirum
1028 2346 1071 2378 ut
1099 2343 1135 2378 in

186 2395 449 2431 matrimoniis
480 2396 613 2432 mixtis
645 2395 757 2432 liberi
791 2396 994 2443 utriusque
1020 2408 1138 2433 sexus

187 2448 222 2483 in
243 2449 436 2496 religione
456 2450 579 2497 patris
606 2448 886 2492 educarentur;
906 2461 1059 2497 unaque
1079 2462 1139 2487 sa-

185 2501 407 2539 cerdotibus
434 2502 650 2546 interdixit,
671 2514 718 2539 ne
739 2514 761 2538 a
780 2504 975 2550 personis,
1005 2506 1138 2540 matri-

187 2557 319 2592 monia
337 2557 558 2593 huiusmodi
579 2557 988 2599 contracturis,ullam
1009 2559 1139 2605 exige-

189 2614 277 2647 rent
302 2622 422 2658 super
440 2611 630 2658 religiosa
650 2611 875 2647 nasciturae
897 2612 1013 2658 prolis
1034 2613 1139 2648 insti-

188 2665 338 2701 tutione
366 2666 634 2712 sponsionem.
656 2666 765 2702 Haec
794 2676 858 2701 res
877 2665 1082 2712 episcopos
1101 2672 1141 2703 et

185 2719 413 2756 sacerdotes
440 2720 476 2755 in
505 2731 672 2768 magnas
703 2719 927 2756 anxietates
955 2721 1138 2763 eonie‹·it;

187 2784 302 2820 quum
331 2773 521 2810 eiusmodi
550 2773 805 2810 matrimonia
831 2773 929 2820 legis
956 2774 1142 2810 ecclcsia-

186 2827 309 2863 sticae
337 2832 380 2862 ut
407 2828 600 2864 interdum
629 2829 748 2864 etiam
776 2827 932 2864 divinae
955 2857 964 2871 ,
992 2828 1140 2875 regulis

186 2882 379 2928 opposita,
409 2883 513 2917 nullo
532 2882 646 2918 modo
666 2882 825 2930 probari
846 2882 1005 2929 possint.
1024 2884 1138 2917 Anno

188 2935 278 2972 1828
304 2935 477 2984 episcopi
505 2947 595 2972 suas
628 2936 853 2972 anxietates
885 2936 1138 2984 Apostolicae

188 2988 278 3024 Sodi
306 2995 589 3036 exposuerunt,
608 2995 650 3026 ut
669 3001 738 3027 eas
757 2990 837 3025 suis
857 2990 1055 3038 responsis
1074 3002 1138 3025 au—

188 3042 325 3079 ferret·
340 3044 441 3079 Hinc
457 3043 551 3079 Pius
567 3045 668 3087 VIII,
684 3045 774 3080 viii⁰
789 3043 862 3080 cal.
881 3044 1017 3091 aprilis
1034 3045 1139 3086 1830,

188 3097 393 3142 epistolam
423 3098 460 3133 in
488 3099 617 3134 forma
644 3098 801 3140 Brevis,
822 3097 984 3134 Litteris
1010 3098 1138 3134 altero

190 3150 333 3184 abhinc
361 3163 479 3194 anno,
507 3151 611 3188 dedit
631 3152 679 3188 acl
699 3152 1040 3199 archiepiscopum
1067 3152 1138 3189 Co-

238 3263 245 3284 τ
276 3264 398 3298 videsis
417 3275 469 3308 pp.
492 3265 570 3305 176,
587 3264 662 3304 182,
681 3263 850 3303 maan-1,
865 3264 947 3303 ⁴265,
962 3264 1042 3302 271,
1061 3263 1138 3297 340.

532 160 699 188 EPOCHA
721 159 808 186 XIII.
831 160 858 185 A
880 158 1062 186 PVBLICA
1084 160 1233 187 RERVM
1257 160 1300 187 IN
1322 159 1497 188 GALLIIS
1518 160 1808 191 SVBVERSIONE

1197 234 1426 270 loniensem
1453 236 1571 281 atque
1607 235 1812 282 episcopos
1844 235 2152 282 Trevirensem,

1196 287 1567 324 Paderbornensem
1584 291 1624 324 et
1638 289 2152 339 Monasteriensem‚eisque

1196 342 1391 378 rationem
1420 341 1691 389 praescripsit,
1719 352 1835 389 quam
1861 343 1901 378 in
1927 355 2048 380 causa
2073 356 2154 381 ma-

1196 395 1473 432 trimoniorum
1507 395 1723 432 mixtorum
1756 402 2031 443 sequerentur.
2052 398 2152 434 Pon-

1196 449 1312 486 tifiois
1346 449 1490 485 litteris
1526 449 1839 492 instructionem,
1868 450 2153 489 sanctissimas

1195 502 1402 545 Dominus,
1424 503 1572 539 addidit
1588 503 1801 539 cardinalis
1814 504 1970 540 Albani.
1997 506 2148 543 Verum

1199 557 1434 604 gubernium
1461 556 1715 604 Apostolicae
1734 556 1846 593 Sedis
1865 559 2064 606 responsis
2081 561 2152 596 mi-

1197 611 1301 647 nime
1329 613 1575 653 contentum,
1603 621 1652 646 ea
1677 613 1833 647 secreta
1869 611 1996 648 tenuit
2033 617 2073 649 et
2111 625 2149 650 e·

1198 664 1369 712 piscopis
1384 664 1486 701 haud
1499 664 1941 712 communicavit;quum
1956 677 2029 712 per
2038 677 2151 704 suum

1197 722 1399 755 oratorem
1434 729 1458 754 a
1490 718 1687 765 Gregorio
1720 718 1812 754 XVI
1838 729 1942 754 nova
1967 719 2006 755 in
2034 731 2147 768 prae-

1196 773 1295 809 senti
1316 772 1475 819 negotio
1496 776 1819 819 temperamenta
1842 771 1994 809 frustra
2018 777 2148 822 postu-

1197 827 1342 870 lasset,
1370 837 1473 862 anno
1506 826 1597 863 1834
1630 826 1733 862 inter
1759 826 1993 874 gubernium
2020 832 2061 865 et
2086 840 2149 866 ar·-

1198 881 1490 928 chiepiscopum
1533 880 1810 918 Coloniensem
1834 909 1843 924 ‚
1869 882 2062 919 Comitem
2097 883 2145 920 de

1199 935 1371 982 Spiegel‚
1401 934 1588 970 convenit
1621 934 1669 971 de
1697 934 1843 982 aliquot
1868 936 2017 983 regulis
2043 948 2067 973 a
2092 948 2152 974 sa-

1199 989 1423 1026 cerdotibus
1454 989 1562 1024 circa
1587 988 1842 1025 matrimonia
1867 990 1993 1026 mixta
2017 990 2153 1028 obser-

1197 1043 1335 1079 vandis
1352 1071 1360 1086 ‚
1389 1042 1457 1080 sed
1483 1054 1582 1091 quae
1608 1042 1770 1079 minime
1797 1054 1887 1079 cum
1915 1043 2063 1081 litteris
2088 1044 2152 1082 Pii

1197 1097 1285 1133 VIII
1312 1097 1494 1144 componi
1522 1100 1730 1144 poterant,
1757 1100 1798 1133 et
1823 1107 1928 1134 nova
1950 1100 2151 1147 tempera-

1197 1155 1331 1188 menta
1356 1162 1380 1187 a
1405 1151 1598 1199 Gregorio
1617 1151 1711 1187 XVI
1738 1151 1890 1188 reiecta
1915 1152 2149 1200 probabant.

1198 1205 1397 1242 praefatis
1423 1206 1574 1253 regulis
1600 1205 1868 1242 adhaeserunt
1887 1206 2061 1254 episcopi
2079 1207 2152 1244 Pa-

1196 1260 2151 1304 derbornensis,MonasteriensisetTrevirensis.

1197 1314 1322 1352 Paulo
1350 1318 1435 1362 post
1462 1314 1785 1362 archiepiscopus
1811 1310 2062 1352 Coloniensis
2088 1327 2150 1352 co·

1197 1381 1282 1405 mes
1307 1369 1355 1405 de
1383 1369 1558 1416 Spiegel‚
1579 1369 1642 1404 vir
1660 1369 1821 1405 nimium
1842 1369 1997 1406 mobilis
2015 1370 2064 1406 ad
2083 1382 2152 1408 nu-

1196 1427 1278 1459 tum
1307 1422 1491 1470 gubernii
1512 1451 1520 1465 ‚
1549 1422 1730 1459 decessit.
1769 1422 1986 1470 Episcopus
2013 1423 2151 1461 Trevi-

1197 1476 1325 1513 rensis
1352 1476 1399 1512 de
1417 1476 1626 1520 Hommer,
1645 1486 1749 1512 anno
1777 1476 1868 1513 1836
1886 1476 1994 1513 letali
2012 1478 2148 1515 morbo

1195 1534 1404 1578 correptus
1421 1541 1603 1567 errorem
1629 1541 1742 1566 suurn
1768 1530 1972 1567 confessus
1997 1536 2058 1569 est
2084 1544 2148 1570 re-

1195 1585 1460 1632 tractavitque
1478 1614 1487 1627 ,
1515 1584 1616 1620 datis
1643 1585 1701 1620 1v0
1727 1584 1814 1621 idus
1829 1585 2069 1623 xnovembris
2100 1586 2150 1623 ad

1194 1639 1435 1686 Gregorium
1452 1638 1524 1686 Pp.
1541 1638 1636 1674 XVI
1651 1638 1807 1675 litteris.
1823 1638 2008 1676 Pontifex
2018 1643 2149 1677 autem

1194 1698 1335 1729 contra
1354 1692 1525 1736 modum,
1545 1703 1618 1740 quo
1638 1692 1809 1740 praefati
1827 1692 2002 1740 episcopi
2018 1694 2150 1731 Breve

1194 1746 1251 1782 Pii
1271 1747 1360 1783 VIII
1380 1747 1609 1795 intepretati
1629 1747 1804 1790 fuerant,
1822 1751 1862 1784 et
1879 1751 2020 1784 contra
2037 1758 2149 1796 prae·

1192 1801 1364 1848 scriptas
1382 1802 1431 1837 ab
1450 1802 1496 1837 iis
1512 1802 1672 1848 regulas
1688 1801 1922 1838 reclamavit
1935 1801 1975 1837 in
1991 1801 2148 1846 litteris,

1193 1866 1217 1891 a
1235 1855 1426 1892 cardinali
1441 1855 1993 1898 Lambruschini,Secretario
2001 1856 2136 1893 Status

1192 1909 1317 1946 idibus
1344 1910 1478 1945 martii
1506 1909 1597 1946 1836
1625 1913 1665 1946 et
1691 1910 1755 1945 111⁰
1782 1920 1907 1946 nonas
1931 1910 2031 1946 febr.
2058 1910 2149 1948 1837

1191 1964 1294 2000 datis
1319 1964 1369 1999 ad
1395 1968 1596 2000 oratorem
1624 1964 1730 2009 regis
1757 1964 1985 2001 Borussiae.

1239 2019 1368 2059 Quum
1403 2030 1497 2055 vero
1532 2029 1657 2054 novus
1687 2017 2011 2066 archiepiscopus
2035 2018 2149 2056 Colo-

1191 2072 1353 2113 niensis,
1380 2073 1564 2110 Clemens
1590 2073 1793 2119 Augustus
1819 2072 1962 2108 Droste
1989 2071 2036 2108 de
2063 2072 2150 2108 Vis-

1192 2127 1372 2174 chering,
1390 2132 1472 2163 tum
1489 2131 1674 2175 quantum
1691 2126 1740 2162 ad
1756 2126 2011 2162 matrimonia
2026 2126 2150 2163 mixta

1190 2181 1415 2228 spectabat,
1448 2185 1530 2217 tum
1558 2182 1598 2216 In
1625 2191 1746 2216 causa
1773 2180 2143 2225 Hermesianorum,

1191 2247 1261 2272 seu
1288 2246 1428 2271 eorum
1461 2235 1524 2282 qui
1544 2234 1773 2270 damnatam
1793 2234 1957 2281 Georgii
1974 2234 2146 2272 Hermes

1192 2289 1413 2325 doctrinam
1441 2288 1723 2331 defendebant,
1750 2288 2005 2336 Apostolicae
2031 2289 2144 2326 Sedis

1191 2344 1398 2380 sententiis
1425 2346 1465 2380 et
1490 2342 1813 2379 instructionibus
1841 2341 2084 2386 inhaereret,
2100 2343 2144 2378 v⁰

1193 2397 1380 2434 calendas
1406 2396 1629 2434 decembris
1658 2397 1750 2433 1837
1777 2396 1960 2443 gubernii
1988 2396 2095 2434 iussu
2124 2408 2149 2434 a

1192 2452 1285 2488 sede
1316 2463 1388 2488 sua
1412 2451 1610 2487 violenter
1637 2450 1826 2486 abductus
1854 2454 1893 2487 et
1919 2450 2079 2488 Mindae
2105 2451 2145 2487 in

1193 2505 1442 2552 XVestplialia
1478 2504 1633 2540 carceri
1665 2504 1915 2551 mancipatus
1941 2504 2026 2541 fuit.
2054 2504 2146 2542 Inde

1193 2560 1362 2596 turbatio
1392 2559 1528 2606 gravis
1555 2559 1592 2594 in
1621 2557 1904 2595 archidioecesi
1932 2558 2146 2608 coloniensi

1190 2618 1330 2650 secuta
1356 2619 1428 2650 est.
1450 2612 1598 2649 Eadem
1617 2612 1665 2648 de
1684 2623 1806 2648 causa
1822 2612 2004 2660 gubernii
2023 2623 2146 2650 vexas

1193 2668 1307 2703 subiit
1336 2667 1534 2704 Martinus
1559 2677 1635 2702 von
1663 2666 1808 2709 Dunin,
1839 2666 2013 2712 archiep.
2044 2667 2146 2704 Gne·

1192 2721 1600 2758 snen-Posnaniensis.
1613 2720 1829 2767 Gregorius
1849 2719 2018 2767 Pp-XVI
2037 2720 2075 2756 in
2094 2720 2149 2757 al-

1195 2776 1389 2823 locutione
1407 2775 1541 2811 habita
1558 2775 1614 2810 1v⁰
1631 2774 1717 2811 idus
1731 2772 2147 2817 decembris,dolorem

1192 2841 1303 2866 suum
1338 2833 1500 2878 propter
1536 2829 1684 2865 illatam
1713 2827 2010 2876 archiepiscopo
2035 2827 2145 2866 Colo-

1192 2883 1342 2926 niensi,
1370 2884 1560 2931 simulque
1595 2883 1801 2919 Ecclesiae
1827 2887 1868 2919 et
1895 2882 2148 2930 Apostolicae

1194 2938 1300 2980 Sedi,
1321 2938 1539 2974 maximam
1559 2936 1755 2978 iniuriam,
1773 2947 1860 2972 cum
1875 2934 2148 2973 Cardinalibus

1193 2992 1510 3032 communicavit,
1539 2995 1579 3027 et
1598 2994 1737 3026 contra
1754 2988 1936 3026 eamdem
1956 2989 2146 3026 reclama·

1191 3045 1258 3081 vit.
1297 3046 1450 3094 Gaspar
1478 3044 1799 3085 Maximilianus,
1826 3043 2036 3090 episcopus
2061 3042 2146 3078 Mo-

1193 3100 1464 3142 nasteriensis,
1476 3104 1516 3135 et
1535 3098 1763 3135 Fridericus
1780 3097 1980 3140 Clemens,
1997 3095 2147 3143 episeo-

1193 3164 1262 3198 pus
1302 3153 1642 3189 Paderbornensis
1662 3181 1670 3191 .
1710 3162 1828 3199 quum
1868 3149 2147 3198 cognovissent

1194 3207 1348 3243 modum
1367 3218 1441 3254 quo
1463 3208 1591 3242 Breve
1611 3205 1670 3241 Pii
1691 3205 1778 3242 VIIl
1799 3203 2050 3251 interpretati
2064 3204 2145 3241 sue-

1192 3265 1310 3303 rant,
1345 3266 1385 3297 et
1413 3261 1572 3307 regulas
1597 3270 1694 3307 quas
1719 3270 1784 3296 an.
1815 3259 1904 3296 1834
1930 3258 2038 3296 circa
2065 3268 2145 3295 ma-
