2241 3473
696 182 834 214 vSQvE
857 183 912 212 AD
932 181 1221 212 PRAESENTEM
1243 182 1451 211 ΑΕΤΑΤΕΜ

105 253 255 301 cupatis
273 263 297 289 a
315 251 528 290 foederatis
546 253 727 299 Parisiis,
745 254 889 292 cecidit
907 264 1054 291 corona

102 307 150 344 de
167 307 296 354 capite
317 308 597 354 persecutoris,
615 309 677 356 qui
699 309 759 344 ιιι0
778 308 862 344 idus
881 307 1053 345 eiusdem

105 361 251 397 mensis
277 360 314 396 in
342 360 479 397 eodem
509 362 654 408 palatio
681 360 1052 408 Fontis-Bellaquei‚

105 414 143 449 in
169 424 244 461 quo
270 414 539 451 venerabilem
568 414 800 451 Pontificem
836 419 892 450 tot
917 425 1058 462 oppro-

103 467 199 503 briis
232 471 512 511 saturaverat,
548 467 836 504 abdicationem
869 479 980 504 suam
1008 468 1058 504 si-

104 520 253 568 gnavit.
278 520 460 557 Pontifex
486 526 620 558 autem
650 521 722 557 iter
749 531 861 556 suum
888 521 1056 556 Romam

103 583 244 609 versus
272 582 501 620 prosecutus
528 575 564 610 in
593 573 730 610 mediis
765 573 1057 610 acclamationi-

104 625 202 670 bus,
230 627 288 663 1x⁰
316 627 468 664 calend.
497 628 592 664 iunii
621 637 765 674 magna
793 637 881 663 cum
913 637 1058 673 pompa

108 678 146 715 in
177 679 322 716 Urbem
350 685 530 717 sanctam
557 686 738 728 receptus
757 684 828 717 cst.
851 682 955 716 Ante
975 690 1055 715 om-

107 732 174 769 nIa
199 732 402 770 descendit
431 735 468 770 in
504 734 706 771 basilicam
738 733 927 782 principis
956 734 1057 780 Apo-

105 786 322 831 stolorum,
357 792 400 823 ut
432 787 693 835 omnipotenti
727 787 809 823 Deo
844 798 915 834 pro
951 790 1059 822 tanto

106 839 297 876 beneficio
324 841 477 887 gratias
503 846 655 888 ageret,
675 840 762 877 inde
790 851 942 876 summo
970 850 1057 876 cum

106 892 244 940 plausu
271 898 312 930 et
345 894 547 930 exultante
586 894 699 930 simul
737 894 924 930 universo
964 893 1059 929 orbe

106 946 298 984 catholico
343 947 486 984 clivum
533 952 573 985 et
618 948 809 995 palatium
855 947 1059 989 Quirinale

107 999 370 1048 triumphator
398 1001 638 1038 conscendit.

157 1053 255 1090 Mox
289 1053 462 1090 animum
489 1054 632 1091 adiecit
667 1054 900 1102 reparandis
933 1054 1060 1092 eccle-

107 1106 292 1144 siasticae
319 1112 359 1145 et
385 1108 535 1145 civicae
564 1108 621 1145 rei
640 1107 818 1153 damnis;
838 1108 991 1156 iniquas
1010 1109 1060 1145 le·

107 1172 198 1208 geS,
226 1172 326 1209 quae
355 1166 537 1209 tempore
566 1162 780 1198 anarchiae
809 1163 968 1199 fuerant
993 1173 1061 1209 pu-

107 1214 276 1252 blicatae
295 1243 303 1259 ‚
332 1215 524 1260 abolevit;
552 1226 689 1252 sacras
717 1216 1058 1263 Congregationes

107 1269 308 1313 restituit3
334 1268 568 1305 iudiciorum
596 1274 634 1306 et
667 1269 920 1316 vectigalium
948 1268 1059 1305 Ordi-

107 1333 198 1358 nem
225 1322 480 1366 instauravit;
501 1323 754 1359 restituendis
779 1323 983 1369 utriusque
1003 1334 1060 1358 se-

106 1386 179 1411 xus
204 1376 454 1412 monasteriis
472 1387 635 1423 operam
661 1376 793 1420 dedit;
821 1376 1059 1412 Societatem

106 1429 195 1465 Iesu
221 1429 403 1465 sollemni
422 1431 701 1466 constitutIOne
721 1429 912 1473 restituit3
931 1429 1061 1465 Willi-

107 1482 240 1518 brordi
266 1483 355 1519 Van
383 1483 452 1527 Os,
472 1494 495 1519 a
522 1483 748 1520 Iansenistis
774 1484 813 1518 in
834 1482 1059 1530 pseudo-ar-

108 1535 402 1584 chiepiscopum
428 1537 737 1573 Ultraiectinum
757 1536 966 1583 assumpti,
985 1536 1059 1573 ele-

109 1589 284 1626 ctionem
310 1590 459 1626 nullam
495 1594 535 1626 et
568 1590 907 1626 consecrationem
941 1590 1062 1625 sacri-

108 1642 238 1690 legam
288 1643 534 1688 declaravit;
587 1643 828 1679 cardinalem
877 1643 1060 1680 Consalvi

108 1696 307 1732 Viennam
351 1696 527 1743 legavit,
569 1703 613 1733 ut
653 1696 765 1732 Sedis
806 1697 1059 1744 Apostolicae

109 1749 197 1786 iura
225 1751 264 1785 in
284 1750 504 1798 principum
524 1751 825 1799 Europaeorum
844 1760 1060 1796 congressu

109 1802 367 1847 defenderet;
401 1804 715 1841 Constitutiones
748 1804 963 1841 Clementis
989 1804 1060 1840 XII

111 1861 152 1893 et
179 1857 384 1894 Benedicti
410 1857 502 1893 XIV
531 1861 669 1894 contra
694 1858 906 1894 societates
933 1857 1059 1893 occul-

110 1913 190 1953 tas,
217 1921 312 1958 quas
338 1910 441 1947 Galli
468 1910 506 1946 in
533 1915 660 1947 status
695 1910 914 1958 pontificios
941 1910 1060 1946 intro-

110 1963 318 2010 duxerant,
345 1964 574 2009 renovavit,
603 1965 756 2012 aliaque
785 1964 900 2010 plura
925 1964 1061 2001 Eccle-

110 2017 193 2054 siae
219 2019 320 2055 bono
347 2018 564 2063 constituit,
590 2024 633 2055 ut
658 2018 891 2055 videbimus.

157 2073 217 2109 27.
246 2073 488 2120 Conyressus
517 2072 967 2109 Viennensis-Deiecto
985 2072 1062 2108 Na-

111 2127 290 2175 poleone,
307 2126 529 2163 Ludovicus
548 2126 676 2162 XVIII
697 2138 767 2163 rex
786 2126 951 2169 Galliae,
968 2126 1061 2162 Fer-

110 2181 301 2217 dinandus
337 2181 408 2216 VII
449 2191 522 2217 rex
560 2180 810 2228 Hispaniae,
849 2180 1065 2216 Ferdinan-

110 2235 181 2271 dus
206 2235 258 2271 IV
286 2246 356 2271 rex
380 2233 570 2282 Neapolis
597 2234 741 2282 aliique
769 2234 969 2281 principes
997 2245 1060 2281 pa-

113 2292 228 2325 terna
254 2289 338 2324 sola
355 2291 607 2335 receperunt.
627 2288 754 2329 Quum
775 2293 907 2324 autern
933 2288 1062 2324 Gallo-

113 2353 200 2378 rum
219 2341 384 2389 imperio
404 2353 474 2389 per
491 2342 719 2377 universam
741 2352 840 2389 pene
859 2342 1060 2389 Europam

113 2406 178 2432 res
203 2395 382 2443 publicae
415 2395 580 2431 fuissent
611 2396 865 2443 perturbatae
885 2423 893 2439 ‚
921 2395 1061 2442 princi-

113 2460 183 2497 pes
209 2448 258 2485 ad
284 2448 594 2496 componendum
628 2449 826 2496 publicum
859 2449 1062 2485 societatis

113 2504 348 2551 Europaeae
378 2506 521 2539 statum
545 2531 554 2546 ,
587 2502 768 2539 Viennae
805 2514 1062 2549 congressum

112 2557 368 2602 indixerunt,
399 2557 463 2604 qui
501 2556 673 2593 calendis
709 2557 934 2594 novembris
971 2557 1063 2594 1814

114 2615 291 2660 coeptus,
310 2615 350 2648 et
374 2611 418 2646 v·⁰
446 2610 530 2647 idus
555 2611 648 2647 iunii
668 2611 761 2647 anni
780 2611 979 2658 sequentis
998 2611 1062 2647 ab·

114 2665 263 2701 solutus
289 2669 361 2701 est.
384 2663 520 2700 Editus
546 2664 583 2700 in
603 2676 648 2701 eo
666 2664 738 2700 fuit
758 2669 950 2700 tractatus
971 2676 1063 2702 con-

113 2723 225 2756 stans
252 2719 318 2756 120
343 2718 532 2762 articulis,
554 2718 687 2766 quibus
715 2718 926 2754 concordia
943 2722 983 2754 et
1002 2718 1062 2755 ius

115 2773 310 2821 publicum
343 2773 446 2809 inter
484 2773 712 2820 Europaeos
746 2771 942 2820 principes
976 2783 1062 2808 san-

115 2827 195 2864 cita
220 2830 324 2871 sunt,
351 2837 488 2864 eorum
517 2821 718 2862 territos-ia
745 2825 1060 2873 circumscripta,

114 2881 330 2918 relationes
357 2881 577 2923 ordinatae,
598 2884 637 2916 ct
662 2879 970 2916 fundamentalis
988 2880 1062 2916 Eu-

115 2945 237 2983 ropae
264 2934 488 2971 constitutio
516 2937 754 2969 constructa.
775 2932 854 2969 Per
879 2933 1060 2970 eumdem

117 2992 330 3026 tractatum
364 2989 476 3026 Sedis
503 2987 753 3035 Apostolicae
795 2987 1062 3034 possessiones

116 3043 305 3090 pristinae
327 3073 335 3087 ,
375 3047 542 3090 excepta
580 3041 814 3084 Avenione,
855 3041 1062 3079 restitutae

117 3100 231 3142 sunt;
258 3097 395 3134 domus
421 3095 634 3132 Austriaca
659 3098 783 3131 status
809 3104 899 3130 suos
924 3094 962 3129 in
989 3095 1063 3132 Ita-

117 3150 170 3186 lia
194 3152 371 3199 recepit;
397 3149 625 3188 Guilielmus
644 3176 652 3191 ‚
693 3148 876 3194 princeps
905 3148 1060 3185 Arausi-

118 3214 239 3241 eanus
257 3233 266 3249 ,
293 3203 539 3241 Hollandiam
559 3230 567 3246 ,
595 3201 775 3248 Belgium
802 3205 842 3237 et
867 3201 1062 3249 principa-

118 3260 199 3294 tum
230 3258 487 3296 Leodiensem
515 3267 605 3293 cum
632 3254 742 3302 regio
769 3255 926 3292 nomine
945 3259 984 3292 et
1008 3256 1061 3292 di-

1922 167 2001 207 333

1106 254 1257 302 gnitate
1277 283 1285 299 ‚
1312 257 1428 302 atque
1456 252 1780 298 Luxemburgum
1807 249 1878 286 sub
1906 250 2056 296 magni-

1105 308 1214 345 ducis
1234 308 1361 352 titulo,
1381 307 1555 354 accepit;
1577 317 1645 342 rex
1665 303 1876 340 Borussiae
1895 307 2056 350 praeter

1107 367 1262 409 partem
1283 361 1489 403 Poloniao,
1511 368 1744 396 consecutus
1762 361 1823 394 est
1841 356 2053 404 possessio-

1108 427 1178 452 nes
1216 415 1348 462 plures
1381 415 1419 450 in
1457 413 1697 455 Germania,
1737 415 1776 447 et
1813 410 1862 447 ad
1900 411 2054 446 laevam

1110 469 1233 505 Rheni
1260 479 1382 515 usque
1408 467 1456 503 ad
1482 467 1652 503 confinia
1679 465 1858 508 Galliae;
1885 464 2056 511 Impera-

1110 522 1184 558 tori
1212 522 1444 564 Russorum,
1464 531 1553 556 cum
1582 520 1692 556 titulo
1719 518 1825 566 regis
1850 517 2055 560 Poloniae,

1110 575 1320 612 attributus
1346 574 1418 610 suit
1444 573 1607 610 ducatus
1632 572 1934 615 Varsoviensis3
1953 571 2056 618 prin·

1109 629 1217 675 cipes
1242 627 1469 665 Germanici
1489 626 1592 662 inter
1610 637 1652 662 se
1671 625 1960 661 constituerunt
1977 623 2055 659 foe-

1108 681 1191 724 dus,
1213 681 1358 717 dictum
1385 680 1684 722 Germanicum,
1706 679 1815 715 cuius
1841 681 2058 714 conventus

1110 734 1385 771 Francofordii
1419 734 1507 781 cogi
1539 733 1744 769 decretum
1778 736 1852 768 est.
1880 731 1919 767 Id
1954 731 2058 767 inter

1109 789 1186 824 alia
1212 788 1419 824 dolendum
1447 792 1521 831 est,
1548 786 1648 834 quod
1675 785 1933 822 ecclesiastici
1962 785 2058 820 Ger-

1111 843 1265 879 maniae
1300 841 1544 890 principatus
1571 851 1647 876 non
1680 840 1805 876 solum
1842 850 1918 874 non
1947 837 2058 874 resti·

1112 896 1212 939 tuti,
1244 897 1313 932 sed
1347 894 1586 943 principibus
1626 893 1855 930 acatholicis
1894 890 2059 928 subiecti

1110 951 1257 987 fuerint
1295 950 1335 986 in
1375 959 1563 997 magnum
1603 948 1805 995 religionis
1842 946 2058 984 catholicae

1110 1004 1404 1041 detrimentum.

1156 1057 1214 1094 28.
1242 1056 1456 1094 Societacis
1483 1056 1576 1092 Iesu
1602 1054 1956 1091 restitutio-Inter
1983 1053 2059 1101 pri·

1112 1112 1259 1148 marias
1285 1122 1403 1147 curas
1431 1110 1490 1146 Pii
1517 1110 1609 1154 VII,
1637 1113 1680 1145 ut
1706 1109 1975 1156 Apostolicam
2001 1121 2059 1146 se-

1111 1166 1198 1202 dem
1226 1177 1314 1202 cum
1351 1166 1532 1202 libertate
1560 1164 1737 1211 recepit,
1767 1164 1839 1199 fuit
1866 1163 2061 1200 restitutio

1112 1220 1304 1256 Ordinum
1333 1220 1622 1267 religiosorum.
1644 1219 1859 1266 Speciatim
1884 1230 1975 1256 mox
1993 1220 2062 1256 So-

1114 1275 1299 1311 cietatem
1334 1276 1419 1311 Iesu
1453 1285 1477 1310 a
1508 1274 1714 1311 Clemente
1741 1274 1812 1321 Pp.
1847 1274 1940 1310 XIV
1975 1285 2063 1322 sup-

1115 1339 1294 1376 pressam
1320 1327 1485 1364 solemni
1513 1328 1626 1363 Bulla
1660 1327 1909 1363 instauravit.
1944 1327 2063 1364 lesui·

1113 1387 1242 1418 tarum
1271 1381 1521 1424 Institutum‚
1550 1392 1599 1417 ex
1624 1392 1787 1417 assensu
1814 1381 1926 1418 Sedis
1959 1382 2062 1428 Apo-

1114 1435 1277 1471 stolicae
1305 1435 1446 1471 saltem
1474 1435 1607 1478 tacito,
1628 1434 1665 1469 in
1692 1435 1835 1470 Russia
1854 1434 2064 1482 perduras-

1112 1499 1168 1531 se,
1186 1499 1306 1536 supra
1323 1488 1491 1525 diximus
1504 1491 1530 1522 1.
1552 1487 1772 1524 Praeterea
1790 1487 2064 1525 Ferdinandus

1112 1542 1190 1578 dux
1216 1542 1458 1587 Parmensis,
1487 1542 1549 1590 qui
1567 1553 1671 1578 anno
1691 1542 1798 1586 1768,
1817 1542 1866 1578 ab
1886 1542 1977 1578 aula
1995 1541 2063 1577 Hi·-

1113 1596 1274 1642 spanica
1287 1596 1495 1639 excitatus,
1510 1595 1677 1632 lesuitas
1693 1595 1835 1631 ducatu
1862 1607 1932 1632 suo
1951 1595 2060 1632 exire

1113 1649 1303 1691 iusserat,
1324 1654 1461 1696 postea
1487 1661 1656 1686 cernens
1673 1649 1850 1685 funestos
1867 1649 1980 1685 huius
1998 1648 2056 1685 rei

1111 1704 1289 1746 effectus,
1309 1703 1479 1739 maxime
1499 1707 1686 1750 quantum
1705 1702 1753 1738 ad
1772 1702 1984 1739 iuventutis
2001 1702 2056 1738 in·

1113 1756 1351 1793 stitutionem
1379 1757 1571 1804 pertiuet,
1598 1756 1684 1792 illos
1708 1760 1992 1801 revocaverat3
2018 1755 2058 1792 in

1112 1810 1328 1847 Academia
1347 1810 1567 1847 litterarum
1588 1820 1635 1845 ac.
1652 1809 1904 1846 scientiarum
1933 1808 2068 1846 cathe-v

1112 1863 1205 1900 dras
1230 1863 1378 1900 eisdem
1405 1862 1642 1907 crediderat,
1671 1866 1710 1899 et
1735 1873 1837 1899 anno
1857 1863 1947 1900 1793
1966 1874 1990 1899 a
2007 1863 2064 1899 vi-

1113 1917 1220 1953 cario
1247 1916 1426 1964 generali
1445 1916 1677 1953 lesuitarum
1697 1916 1735 1951 in
1755 1916 1897 1953 Russia
1915 1917 2064 1964 aliquot

1115 1975 1250 2018 patres
1283 1971 1549 2018 impetrarat,
1586 1970 1649 2018 qui
1675 1981 1756 2007 una
1788 1981 1876 2007 cum
1912 1970 2066 2007 lesuitis

1115 2025 1395 2062 parmensibus
1422 2024 1682 2073 provinciam,
1710 2025 1861 2061 vicario
1887 2025 2066 2073 generali

1116 2080 1155 2115 in
1181 2080 1323 2116 Russia
1349 2080 1586 2123 subiectam,
1604 2083 1645 2116 et
1669 2078 1902 2115 novitiatum
1923 2079 2066 2115 forma-

1116 2137 1220 2170 runt.
1247 2134 1394 2170 Paulus
1420 2134 1448 2177 Ι,
1469 2134 1532 2180 qui
1559 2144 1623 2169 an.
1642 2133 1734 2170 1796
1759 2133 1997 2171 Catharinae
2017 2132 2064 2179 11,

1117 2188 1235 2224 matri
1261 2199 1356 2224 suae
1376 2216 1384 2232 ,
1412 2187 1451 2222 in
1477 2187 1694 2223 Russorum
1723 2187 1887 2235 imperio
1913 2198 2067 2224 succes-

1116 2242 1178 2286 sit,
1197 2253 1275 2278 non
1305 2241 1449 2277 minori
1477 2252 1524 2277 ac
1551 2241 1617 2277 illa
1634 2241 1771 2277 favore
1791 2241 1954 2277 Iesuitas
1977 2252 2066 2288 pro-

1116 2300 1277 2332 secutus
1306 2300 1394 2340 est3
1422 2295 1468 2331 iis
1495 2295 1705 2332 ecclesiam
1732 2294 1965 2331 catholicam
1991 2294 2064 2332 Pe-

1116 2350 1299 2398 tropolis,
1328 2350 1518 2398 pluraque
1545 2349 1711 2396 collegia
1737 2348 1776 2384 in
1802 2348 1969 2385 diversis
1994 2348 2066 2385 im-

1114 2404 1213 2452 perii
1247 2404 1424 2451 partibus
1466 2402 1653 2446 tradidit,
1690 2402 1968 2441 Poloniensem
2003 2414 2065 2440 co-

1115 2457 1293 2494 rumdem
1319 2457 1553 2493 novitiatum
1580 2455 1759 2492 subsidiis
1786 2455 1908 2500 auxit,
1932 2460 1972 2492 et
1996 2467 2061 2493 an.

1116 2512 1207 2549 1800
1233 2522 1257 2547 a
1283 2511 1353 2546 Pio
1381 2511 1452 2558 Pp.
1481 2510 1551 2545 VII
1579 2509 1803 2557 postulavit,
1831 2513 1874 2545 ut
1901 2510 2060 2547 lesuita-

1115 2577 1201 2602 rum
1235 2566 1457 2602 Institutum
1479 2593 1487 2607 ‚
1523 2562 1623 2611 quod
1654 2562 1839 2600 decessor
1871 2565 1956 2601 eius
1989 2576 2061 2612 pro

1114 2619 1351 2655 difficillimis
1378 2623 1598 2665 temporum
1619 2616 1925 2654 circumstantiis
1941 2618 2062 2656 tacite

1114 2674 1331 2720 probarat,
1369 2681 1560 2719 >expressa
1597 2670 1749 2706 ratione
1792 2671 2060 2709 confirmaret.

1114 2727 1207 2764 Pius
1239 2728 1309 2763 VII
1328 2756 1336 2772 ‚
1363 2726 1452 2762 dato
1487 2725 1599 2760 nonis
1624 2725 1754 2760 martii
1789 2725 1880 2763 1810
1915 2726 2063 2772 Brevi,

1113 2781 1349 2818 Catholicae
1395 2779 1543 2824 Fidei,
1582 2779 1822 2816 Societatem
1865 2781 1951 2817 Iesu
1991 2792 2061 2828 pro

1113 2835 1256 2872 Russia
1282 2834 1466 2871 restituit.

1161 2889 1252 2925 Inde
1291 2888 1338 2924 ab
1376 2897 1479 2923 anno
1515 2887 1607 2923 1794
1636 2888 1812 2925 nonnulli
1838 2888 2061 2937 presbyteri

1113 2942 1227 2985 Galli,
1249 2942 1352 2978 inter
1371 2952 1465 2988 quos
1483 2940 1531 2977 de
1550 2942 1729 2990 Broglie,
1749 2943 1964 2992 Tournely,
1983 2944 2060 2980 Va-

1115 2997 1175 3031 rin
1193 3024 1201 3039 ,
1229 2995 1311 3042 Pey
1328 3022 1336 3038 ,
1371 2994 1586 3031 secundum
1614 3001 1789 3033 mentem
1823 2998 2058 3045 regulasque

1113 3061 1144 3085 s.
1173 3048 1316 3095 Ignatii
1341 3048 1379 3083 in
1406 3048 1544 3095 Belgio
1571 3051 1859 3087 constituerunt
1883 3051 2061 3098 Congrea

1114 3102 1311 3149 gationem
1338 3112 1388 3136 ss.
1421 3101 1560 3138 Cordis
1587 3103 1674 3139 Iesu
1691 3132 1699 3147 ,
1727 3103 1851 3140 donec
1885 3104 2058 3141 Societa-

1114 3160 1191 3191 tem
1220 3155 1305 3191 Iesu
1333 3155 1545 3193 restituere
1572 3156 1726 3194 liceret.
1745 3157 1803 3193 Illi
1830 3158 1944 3206 paulo
1971 3162 2059 3207 post

1161 3259 1170 3280 ¹
1189 3260 1225 3293 P.
1246 3259 1322 3291 300.
