2241 3473
275 88 352 126 204

223 176 352 203 secum
372 165 513 216 populo
532 177 600 203 suo
619 174 918 214 permansurum
938 163 978 199 in
999 174 1046 199 ea
1070 173 1167 199 con-

222 219 365 265 cordia,
380 230 498 267 quam
517 219 693 255 decessor
711 228 800 254 cum
820 215 959 264 Pipino
979 215 1124 253 inierat
1142 213 1165 252 ¹.

222 271 385 320 Pipinus
406 271 585 309 Pontifici
605 269 883 319 gratulatorias
902 269 1055 306 litteras
1074 268 1167 305 red-

222 325 332 371 didit,
346 323 610 373 promisitque,
625 335 665 360 se
681 333 892 371 numquam
907 322 956 359 R.
972 321 1168 359 Ecclesiae

221 377 433 426 patrocinio
455 376 693 422 defuturum,
710 378 752 413 ut
770 375 880 413 brevi
901 377 984 424 post
1004 374 1141 423 patuit.

273 430 427 467 Etenim
448 441 536 466 cum
552 429 785 475 Desiderius,
801 428 868 477 qui
883 427 1089 477 Aistulpho
1105 440 1166 466 an.

221 483 296 520 756
312 485 462 520 mortuo
481 486 736 529 successerat,
756 482 935 520 civitates
952 481 1164 519 secundum

220 536 277 572 sui
302 536 611 585 praedecessoris
641 548 726 573 cum
748 536 885 585 Pipino
905 537 1062 584 pactum
1090 546 1166 571 non

220 590 456 634 restitueret,
476 589 570 637 quin
591 590 681 634 imo,
700 589 904 626 immemor
924 601 964 626 se
986 587 1167 625 Pontifici

219 652 383 690 regnum
403 642 553 689 debere,
574 643 815 692 provinciam
837 641 1096 691 Pentapoleos
1111 652 1169 678 ar-

219 697 324 733 mata
352 707 469 733 manu
491 698 685 742 vastaret,
705 696 959 745 Spoletanum
980 698 1019 732 et
1038 695 1168 731 Bene-

220 751 428 787 ventanum
444 749 560 788 duces
570 750 765 796 deiecerit,
773 752 1006 798 pactumque
1021 747 1169 785 iniisset

218 813 305 839 cum
325 803 497 850 Graecis3
517 803 679 852 Pipinus
695 815 767 840 rex
782 802 1024 840 Francorum
1040 801 1171 838 Ponti-

217 854 298 893 ficis
326 855 469 894 litteris
498 856 792 906 interpellatus,
811 868 871 894 an.
900 855 977 893 760
1005 854 1169 892 fratrem

218 920 330 946 suum
350 910 585 959 Remigium,
602 910 937 959 archiepiscopum
958 909 1170 946 Rothoma-

217 973 397 1010 gensem,
425 967 464 1000 et
492 964 754 1002 Autcharinm
777 964 913 1000 ducem
933 963 981 1000 ad
1002 962 1168 1000 Deside-

218 1015 320 1053 rium
336 1016 498 1065 legavit,
511 1020 554 1055 ut
568 1030 655 1055 eum
674 1017 722 1055 ad
738 1017 934 1066 implenda
946 1018 1058 1065 pacta
1071 1027 1168 1053 com-

218 1069 417 1117 pellerent.
437 1070 660 1109 Desiderius
689 1071 749 1108 his
778 1070 1032 1119 perterritus,
1054 1070 1169 1107 urbes

218 1125 256 1160 et
275 1125 509 1172 patrimonia
538 1136 586 1162 ex
618 1127 729 1174 parte
758 1124 932 1161 restituit
948 1153 957 1169 ,
978 1123 1168 1160 alteram-

217 1188 294 1225 que
314 1180 465 1226 partem
485 1189 526 1215 se
554 1178 658 1216 intra
684 1179 801 1215 breve
819 1180 973 1227 tempus
993 1177 1168 1214 redditu-

217 1242 303 1268 rum
322 1231 526 1280 spopondit
542 1230 567 1269 ².

270 1284 378 1321 Idem
400 1284 581 1322 Pontifex
599 1288 687 1322 tum
706 1285 966 1335 legationibus
993 1288 1077 1322 tum
1097 1283 1166 1321 lit-

716 99 872 126 EPOCHA
901 98 939 125 V.
969 98 994 124 Α
1022 96 1383 125 PSEVDOPROPHETA
1411 97 1608 126 MAHOMET

1208 162 1450 200 Artabasdus
1483 174 1574 200 mox
1605 163 1795 213 imagines
1823 164 2158 215 Constantinopoli

1210 215 1394 253 restituit.
1415 216 1492 253 Sed
1517 228 1578 254 an.
1598 216 1676 254 744
1696 217 1972 256 Constantinus
1999 230 2157 268 compe-

1209 268 1366 306 titorem
1386 280 1497 306 suum
1519 269 1680 315 deiecit,
1698 270 1808 319 eique
1826 272 1958 309 oculos
1978 272 2060 310 erui
2078 272 2157 311 ius-

1210 321 1272 359 sit.
1297 322 1448 360 Deinde
1476 322 1642 361 dissidiis
1669 323 1857 373 bellisque
1873 325 2038 363 internis
2055 325 2159 363 inter

1212 375 1428 413 Saracenos
1448 387 1516 412 seu
1536 376 1686 413 Arabes
1714 378 1860 415 exortis
1888 390 2001 426 usus,
2021 381 2158 417 contra

1210 427 1295 465 illos
1315 427 1355 465 in
1374 428 1489 477 Syria
1508 440 1692 478 prospere
1712 429 1931 478 dimicavit,
1945 431 2157 481 pluresque

1212 481 1395 519 civitates
1414 482 1672 531 recuperavit.
1692 482 1864 521 Firmato
1884 484 1939 522 sic
1958 485 2052 523 solio
2072 497 2157 533 SUO,

1212 546 1362 571 omnem
1383 547 1539 584 operam
1559 535 1748 585 impendit
1766 537 2022 577 exturbandis
2035 537 2158 577 sacris

1210 587 1447 637 imaginibus
1467 592 1506 627 et
1525 589 1695 638 picturis.
1716 589 1777 627 Ne
1797 602 1891 627 vero
1919 602 2002 628 rem
2020 604 2070 630 ex
2089 604 2157 630 ar-

1211 641 1326 679 bitrio
1346 653 1463 691 agere
1480 642 1688 689 videretur,
1705 655 1765 681 an.
1783 644 1860 682 754
1879 644 2156 682 Constantino-

1211 692 1288 742 poli
1320 695 1529 733 concilium
1542 725 1551 742 ,
1585 708 1653 734 seu
1687 696 1812 746 potius
1841 698 2160 744 conciliabulum,

1211 747 1288 784 338
1308 749 1576 798 episcoporum
1596 749 1667 787 sibi
1688 750 1934 788 addictorum
1949 762 2160 800 congrega-

1210 800 1279 838 vit.
1309 801 1454 840 Nullus
1484 802 1609 840 adfuit
1638 803 1879 852 patriarcha3
1908 816 2000 842 nam
2027 805 2159 854 Cpnus

1209 854 1373 899 obierat,
1396 856 1609 902 Romanus,
1628 857 1931 903 Alexandrinus,
1951 858 2158 895 Antioche-

1210 920 1303 954 nus,
1324 909 1702 958 Hierosolymitanus
1731 913 1771 948 et
1797 911 1962 949 subiecti
1990 911 2047 948 eis
2073 911 2159 960 epi-

1209 962 1327 1011 scopi,
1338 963 1592 1000 conciliabulo
1607 965 1766 1002 minime
1781 964 2058 1010 interfuerunt,
2072 963 2158 1002 ideo

1211 1015 1406 1064 praesedit
1427 1016 1679 1055 Theodosius
1711 1018 1959 1067 metropolita
1992 1017 2157 1067 Ephesi-

1210 1079 1295 1106 nus.
1309 1069 1546 1119 Congregati
1565 1070 1747 1120 episcopi,
1763 1083 1841 1108 non
1857 1071 2070 1109 secundum
2088 1071 2161 1109 Ec-

1210 1121 1350 1159 clesiae
1370 1123 1641 1170 traditionem,
1662 1126 1729 1162 sed
1759 1125 1970 1163 secundum
1988 1126 2160 1162 mentem

1210 1175 1455 1224 imperatoris
1484 1180 1657 1226 agentes,
1684 1178 1722 1215 in
1752 1178 1887 1227 primis
1915 1178 2074 1227 quidem
2092 1189 2159 1216 sa-

1211 1241 1364 1267 crarum
1382 1230 1602 1280 Imaginum
1622 1232 1743 1269 cultui
1760 1234 2036 1281 opposuerunt,
2046 1231 2160 1269 illum

1211 1294 1293 1320 esse
1322 1283 1607 1322 idololatricum
1621 1316 1630 1332 ,
1650 1289 1689 1323 et
1710 1285 1841 1323 favere
1861 1285 1967 1332 Arii,
1987 1284 2160 1323 Nestorii

218 1338 313 1375 teris
335 1337 634 1376 Constantinum
654 1339 940 1388 Copronymum
960 1369 969 1385 ,
991 1338 1165 1374 Graeco·
1187 1339 1191 1388 l
1210 1339 1248 1373 et
1280 1338 1512 1386 Eutychetis
1536 1338 1801 1388 blasphemiis,
1821 1339 1956 1376 Mosen
1985 1338 2160 1376 omnium

217 1403 306 1428 rum
333 1391 609 1441 imperatorem
627 1422 635 1438 ,
656 1393 703 1430 ab
725 1393 1058 1430 iconoclastarum
1086 1392 1164 1428 im-
1187 1390 1190 1443 ξ
1212 1401 1344 1428 rerum
1358 1421 1367 1436 ,
1396 1391 1625 1429 coelestium
1646 1396 1685 1430 et
1705 1393 1965 1439 terrestrium,
1984 1391 2159 1430 delinea-

218 1445 362 1493 pietate
391 1448 430 1482 et
458 1446 725 1494 persecutione
751 1447 788 1483 in
810 1446 1029 1483 Catholicos
1048 1456 1165 1481 revo-

218 1510 308 1535 care
329 1501 490 1536 conatus
511 1508 568 1537 est
587 1530 596 1545 ,
616 1500 682 1537 sed
702 1499 862 1537 frustra.
886 1500 1017 1541 Quum
1037 1500 1168 1536 autem

1211 1445 1356 1482 tionem
1385 1446 1648 1494 prohibuisse,
1671 1446 1870 1484 Christum
1889 1447 2024 1483 beatos
2043 1457 2160 1494 prae-

1212 1497 1341 1535 dicare
1364 1511 1438 1536 non
1461 1499 1636 1537 videntes
1656 1505 1695 1537 et
1713 1506 1845 1537 tamen
1861 1500 2074 1544 credentes,
2090 1500 2162 1536 Pa-

216 1552 331 1589 multi
361 1553 540 1590 monachi
557 1582 566 1599 ,
587 1556 631 1590 nt
660 1553 967 1601 persecutionem
997 1552 1167 1589 declina·
1210 1554 1290 1588 tres
1311 1552 1428 1589 etiam
1446 1553 1682 1601 imaginibus
1710 1553 1925 1591 adversari.
1945 1552 2093 1590 Deinde
2112 1563 2162 1589 ex

218 1610 318 1651 rent,
336 1617 356 1642 e
374 1606 538 1643 Graecia
559 1607 597 1643 iu
615 1607 768 1644 Italiam
785 1605 1052 1655 confugerent,
1070 1606 1165 1642 Pau·
1209 1605 1430 1643 huiusmodi
1454 1607 1630 1644 absurdis
1651 1607 1865 1644 rationibus
1886 1608 2161 1652 decreverunt,

217 1658 279 1696 lus
300 1659 331 1704 I,
359 1671 424 1696 eos
453 1660 602 1697 Romae
631 1664 793 1709 paterno
824 1659 965 1697 affectu
997 1658 1167 1707 collegit,

217 1713 498 1750 monasterium
519 1726 587 1762 pro
607 1714 654 1751 iis
675 1713 852 1751 extruxit
869 1713 1108 1762 dotavitque,
1128 1713 1166 1748 in

217 1778 292 1814 quo
313 1765 368 1803 illi
388 1766 490 1804 idem
520 1768 744 1805 institutum
771 1780 815 1804 ac
836 1768 874 1804 in
895 1767 1054 1804 Oriente
1074 1777 1166 1816 pro-

217 1819 434 1866 fiterentur,
456 1822 686 1870 proprioque
715 1821 796 1858 ritu
813 1821 932 1858 sacris
953 1831 1166 1870 operaren-

217 1875 282 1910 tur
298 1871 325 1911 3.
338 1895 387 1901 —-
400 1873 526 1912 Multa
542 1876 777 1912 Sanctorum
798 1886 960 1924 corpora
981 1888 1001 1912 e
1022 1886 1169 1911 coeme-

217 1926 326 1964 teriis
345 1957 353 1972 ‚
381 1938 482 1976 quae
511 1928 858 1978 Longobardorum
886 1926 1166 1966 incursionibus

218 1980 395 2029 exposita
423 1981 569 2019 multas
594 1982 770 2020 fecerant
788 1983 942 2028 ruinas,
961 1977 1168 2020 transtulit

219 2033 259 2070 in
279 2033 438 2081 Urbem,
460 2039 499 2072 et
519 2036 557 2072 in
579 2035 674 2074 locis
695 2036 980 2074 decentioribus
1001 2035 1167 2073 colloca-

219 2086 288 2124 vit.
311 2087 354 2124 In
374 2088 433 2125 his
455 2089 575 2127 etiam
596 2101 734 2139 corpus
753 2102 782 2128 s.
799 2090 1044 2128 Petronillae
1065 2088 1168 2126 filiae

218 2140 262 2178 B.
286 2141 397 2178 Petri
413 2141 438 2179 ⁴¹.

270 2194 332 2232 76.
353 2194 559 2233 Ecclesiae
583 2198 798 2235 orientalis
817 2202 952 2234 status
970 2197 1043 2234 sub
1059 2197 1167 2235 Con-

217 2249 402 2286 stantino
437 2249 759 2299 Copronymo—
776 2251 820 2288 In
849 2251 1008 2288 Oriente
1037 2251 1167 2289 Leone

219 2302 355 2339 Isauro
375 2314 422 2340 ss.
445 2303 663 2352 Imaginum
685 2316 895 2353 earumque
924 2304 1166 2342 defensorem

218 2360 496 2404 persecutore,
517 2368 577 2394 an.
616 2358 690 2395 741
730 2359 928 2403 extincto,
963 2357 1167 2406 imperium

219 2412 447 2447 consecutus
467 2413 526 2447 est
547 2410 823 2449 Constantinus
843 2411 958 2457 filius,
979 2412 1171 2460 cognomi-

219 2474 266 2500 ne
288 2463 569 2512 Copronymus.
587 2463 658 2502 Hic
681 2476 754 2502 non
775 2465 902 2503 minor
923 2477 967 2502 ac
987 2470 1099 2514 pate-r
1119 2477 1168 2502 ss.

218 2516 437 2566 Imaginum
459 2517 578 2555 hostis
593 2548 602 2564 ,
623 2522 824 2567 praeterea
845 2518 1015 2556 crudelis
1033 2521 1071 2556 et
1092 2518 1167 2556 im-

219 2570 401 2619 pudicus,
420 2571 636 2609 multorum
657 2572 788 2609 odium
810 2572 939 2609 subiit.
963 2572 1010 2609 Hi
1032 2572 1170 2609 adhae-

218 2627 353 2661 serunt
373 2625 590 2663 Artabasdo
610 2625 867 2671 Constantini,
885 2625 1028 2663 sororis
1048 2626 1168 2663 mari-

218 2680 280 2721 to,
300 2678 406 2716 illius
435 2678 473 2716 in
494 2679 588 2717 Asia
607 2679 879 2727 belligerantis
901 2679 1074 2716 absentia
1096 2679 1170 2725 usi,

220 2731 282 2779 qui
314 2731 647 2783 Constantinopoli
677 2744 700 2771 a
729 2733 924 2782 plerisque
953 2732 1169 2781 imperator

220 2784 480 2833 proclamatus
510 2786 586 2824 fuit
613 2791 652 2825 et
681 2798 768 2825 cum
787 2786 939 2824 laetitia
969 2789 1170 2835 exceptus.

260 2919 270 2939 ¹
289 2920 423 2960 Epistola
437 2920 489 2951 illa
506 2920 586 2959 apud
605 2921 717 2958 Labbe,
736 2919 853 2953 Concil.
877 2924 896 2950 t.
916 2920 959 2955 Vl,
977 2919 1075 2959 prima
1092 2918 1170 2949 ‹lici-

221 2965 278 2997 tur,
295 2963 325 2991 in
345 2960 460 2993 Codice
475 2966 577 2992 autem
597 2962 747 2994 Carolino
760 2966 807 2993 est
820 2962 910 2993 tertia
926 2962 1053 2992 decima.

261 3004 273 3023 ”·’
290 3002 384 3044 Epist.
395 3003 477 3034 Pauli
491 3004 509 3039 l,
526 3004 607 3042 apud
627 3004 738 3041 Labbr,
757 3003 873 3036 Concil.
892 3008 909 3034 ι.
928 3003 976 3041 w,
993 3012 1019 3043 p.
1041 3001 1170 3033 1675-79

220 3048 249 3076 et
271 3045 300 3076 in
327 3043 438 3077 Codice
457 3044 599 3076 Carolin.

259 3086 273 3107 3
290 3088 398 3119 Anast.
415 3085 499 3119 Vuae
515 3085 574 3117 mi.
594 3086 869 3126 Pontis..Paulu.s·
886 3086 905 3118 1.

261 3129 273 3149 ⁴
292 3128 354 3159 vid,
372 3127 509 3163 Sandini,
527 3127 673 3159 Historia
691 3129 892 3169 Apostolira.
911 3129 961 3159 nbi
986 3128 1023 3158 de
1045 3129 1170 3165 Aposto-

221 3168 255 3197 lis
273 3171 300 3199 in
320 3171 503 3202 universnm,
523 3169 624 3200 adnot.
655 3171 686 3198 ΙΝ

1211 1671 1345 1697 omnes
1367 1660 1648 1708 cuiuscumque
1669 1660 1856 1698 materiae
1876 1662 1947 1698 aut
1966 1659 2105 1697 coloris
2124 1660 2161 1696 i-

1211 1713 1385 1762 magines
1411 1725 1495 1751 esse
1516 1713 1770 1761 abiiciendas;
1795 1726 1859 1751 eos
1888 1713 1953 1763 qui
1983 1715 2023 1751 in
2041 1714 2163 1762 poste-

1211 1778 1296 1802 rum
1326 1767 1536 1816 imaginem
1566 1767 1824 1814 confecerint,
1845 1767 1885 1804 in
1915 1766 2081 1805 ecclesia
2100 1765 2164 1803 vel

1213 1821 1328 1857 domo
1358 1821 1514 1869 privata
1542 1821 1768 1870 posuerint,
1790 1821 1984 1859 coluerint
2011 1824 2081 1858 aut
2099 1831 2165 1857 oc-

1216 1874 1415 1919 cultarint,
1437 1875 1467 1912 si
1489 1874 1620 1912 clerici
1641 1879 1781 1921 essent,
1802 1887 1886 1913 esse
1907 1873 2165 1924 deponendos,

1212 1928 1242 1965 si
1263 1928 1444 1965 monachi
1475 1929 1537 1966 vel
1556 1928 1671 1975 laici,
1689 1927 2105 1973 excommunicandos,
2124 1930 2165 1964 et

1211 1981 1373 2030 insuper
1404 1982 1537 2030 poenis
1566 1983 1613 2019 ab
1644 1983 1878 2031 imperatore
1907 1981 2065 2019 statutis
2084 1979 2166 2018 affi-

1214 2034 1381 2073 ciendos.
1402 2035 1576 2085 Denique
1605 2036 1644 2073 in
1668 2035 1798 2073 sedem
1819 2035 1887 2084 Cp.
1908 2036 2068 2073 evectus
2092 2033 2168 2071 fuit

1213 2088 1500 2135 Constantinus,
1520 2090 1734 2127 monachus
1754 2091 1794 2127 et
1812 2089 2013 2138 episcopus
2033 2086 2168 2137 Sylaei

1211 2142 1250 2179 in
1262 2142 1495 2192 Pamphilia,
1506 2143 1567 2180 vir
1577 2142 1837 2192 nequissimus
1848 2143 1887 2180 et
1897 2143 2057 2190 apertus
2068 2138 2168 2179 Ima-

1213 2196 1346 2244 ginum
1378 2195 1535 2234 hostis1.
1558 2196 1640 2233 Hoc
1667 2197 1792 2245 ipsum
1812 2194 2127 2240 conciliabulum,
2146 2205 2170 2232 a

1214 2249 1294 2287 solo
1315 2249 1564 2298 imperatore,
1584 2262 1659 2286 non
1695 2248 1871 2287 consulto
1892 2249 1939 2286 R.
1962 2246 2169 2293 Pontifice,

1213 2305 1484 2349 convocatum,
1499 2305 1538 2340 et
1557 2314 1580 2340 a
1600 2303 1688 2340 solis
1703 2302 1888 2352 episcopis
1905 2300 2169 2340 iconomachis

1214 2355 1394 2405 imperii,
1420 2368 1544 2406 neque
1565 2356 1758 2394 Pontifice
1779 2367 1902 2405 neque
1923 2355 2008 2393 eius
2027 2353 2170 2404 legatis

1212 2409 1537 2458 praesidentibus,
1557 2409 1811 2455 celebratum,
1831 2413 1872 2446 et
1891 2412 2100 2458 praeterea
2120 2407 2169 2445 ab

1213 2462 1436 2511 Apostolica
1456 2463 1555 2500 Sede
1577 2464 1840 2512 reprobatum,
1853 2463 1901 2501 ab
1916 2461 2169 2501 Iconoclastis

1213 2516 1503 2554 oecumenicum
1521 2517 1729 2554 concilium
1746 2517 1820 2554 VII
1836 2516 2074 2566 appellatum
2095 2516 2169 2552 est.

1266 2569 1483 2618 Imperator
1509 2570 1755 2608 conciliabuli
1774 2571 1934 2608 decreta
1953 2581 2021 2620 per
2039 2569 2169 2606 totum

1213 2622 1417 2672 imperium
1448 2624 1665 2662 executioni
1694 2624 1916 2662 mandanda
1943 2635 1988 2661 ac
2008 2621 2170 2672 proinde

1214 2676 1409 2725 imagines
1438 2677 1580 2726 ubique
1610 2677 1844 2715 deiiciendas
1872 2675 2090 2726 praecepit3
2121 2675 2169 2712 ab

1217 2730 1394 2767 omnibus
1415 2730 1576 2769 subditis
1597 2731 1862 2769 iusiurandum
1884 2730 1932 2768 de
1952 2742 2027 2767 non
2048 2727 2173 2766 colen·

1215 2783 1276 2820 dis
1298 2783 1545 2833 imaginibus,
1569 2788 1608 2822 et
1628 2785 1676 2823 ab
1695 2783 1883 2834 episcopis
1903 2786 2020 2832 atque
2040 2793 2172 2820 mona-

1215 2837 1296 2874 chis
1309 2867 1317 2880 ,
1339 2840 1381 2874 ut
1402 2837 1592 2886 praefatis
1612 2838 1776 2876 decretis
1795 2836 2105 2882 subscriberent,
2126 2846 2166 2872 e-

1216 2892 1336 2939 xegit.
1354 2890 1481 2932 Quum
1497 2903 1589 2930 vero
1606 2891 1664 2930 his
1680 2890 1806 2942 impiis
1823 2889 2015 2928 mandatis
2029 2888 2165 2927 Catho-

1214 2943 1289 2989 lici,
1302 2944 1529 2993 praesertim
1547 2945 1739 2991 monachi,
1756 2956 1826 2982 non
1841 2943 2168 2993 obtemperarent,

1216 2997 1430 3046 imperator
1451 3002 1587 3036 contra
1607 3011 1671 3037 eos
1688 2997 1918 3036 horrendam
1934 2995 2171 3047 persecutio·

1216 3063 1317 3095 nem,
1340 3051 1585 3099 potissimum
1606 3053 1654 3090 ab
1683 3064 1743 3090 an.
1763 3051 1841 3089 762
1870 3049 2082 3093 excitavit;
2102 3047 2168 3088 alii

1257 3172 1262 3189 ¹
1285 3171 1395 3203 tablw.
1414 3170 1529 3201 concil.
1551 3174 1568 3200 t,
1588 3170 1645 3205 Vll,
1664 3178 1690 3208 p.
1710 3167 1781 3206 395»,
1797 3167 1917 3199 ‹fluas-2.
