2241 3473
227 138 306 177 276

879 145 1037 174 EPOCHA
1066 145 1121 173 VI.
1150 146 1178 173 A
1208 145 1365 173 CAROLO
1393 146 1436 174 M.

174 213 391 251 domestica
421 212 657 250 Polonorum
690 210 849 262 dissidia
879 212 1132 248 accesserunt
1178 209 1288 257 regni
1319 212 1359 246 et
1388 209 1494 246 vitae
1522 209 1718 248 iacturam
1747 211 1953 260 praedixit.
1983 211 2128 262 Reipsa

172 266 337 303 hostiles
383 264 628 302 incursiones
676 263 840 301 Iaroslai
883 263 1052 301 Russiae
1092 266 1131 300 et

171 317 393 355 Praedislai
427 315 640 353 Bohemiae
674 316 795 354 ducis.
835 317 950 354 Anno
971 316 1128 353 demum

173 371 272 408 1041
309 369 449 407 Poloni
469 369 529 405 his
550 368 663 405 malis
684 368 871 414 lacessiti,
896 368 969 406 sibi
989 370 1129 405 mutuo

170 422 335 460 iniurias
366 421 650 467 condonarunt,
673 423 712 458 et
732 421 772 458 in
813 421 981 458 comitiis
1003 421 1130 458 Gnes—

168 476 354 513 nensibus
375 476 670 520 consenserunt,
696 476 740 511 ut
761 474 977 512 Casimirus
998 474 1045 510 ad
1063 474 1132 510 du-

173 531 304 564 catum
317 526 784 564 revocaretur.Oratores
797 527 1030 564 Cluniacum
1043 526 1131 563 mis-

171 580 203 618 si
232 580 324 617 sunt
357 578 594 616 Casimirum
616 579 819 628 rogaturi,
842 582 884 617 ut
905 579 1070 616 afflictae
1091 581 1131 616 et

170 644 267 681 pene
301 643 466 669 eversae
489 632 643 679 patriae
665 633 870 679 misertus,
891 632 997 669 illius
1018 631 1128 680 regi-

168 697 262 722 men
282 684 511 733 susciperet.
531 685 752 734 Respondit
766 685 811 730 is,
827 697 869 723 se
887 688 1021 733 utpote
1037 696 1125 721 mo-

171 737 341 775 nachum
363 736 580 786 professum
602 742 642 775 et
658 738 866 775 diaconum
887 738 1126 783 ordinatum,

168 790 207 827 id
229 790 360 828 facere
378 802 454 827 non
475 802 599 838 posse.
622 791 735 828 Tunc
756 794 933 828 oratores
953 803 973 827 e
996 790 1126 827 consi-

168 841 220 880 lio
258 843 412 880 abbatis
451 843 722 882 Cluniacensis
761 845 928 881 Romam
964 842 1128 892 profecti

170 898 274 942 sunt,
295 898 335 933 et
355 908 378 933 a
394 895 607 933 Benedicto
625 897 776 945 Pp.IX,
793 896 872 941 vel,
888 898 932 933 ut
947 896 1033 933 aliis
1051 896 1127 943 pla-

174 949 250 995 cet,
270 961 293 986 a
313 948 512 986 Clemente
533 949 568 986 ΙΙ
589 949 872 998 impetrarunt,
895 950 938 986 ut
959 948 1126 986 Casimi-

172 1013 239 1039 rus
260 1002 309 1039 ad
326 1001 589 1050 principatum
607 1002 801 1039 maiorum
817 1013 979 1040 suorum
996 1001 1125 1038 redire

169 1057 210 1092 et
232 1066 396 1092 uxorem
418 1055 562 1092 ducere
583 1058 725 1104 posset.
747 1055 961 1092 Casimirus
982 1054 1022 1091 in
1047 1055 1125 1091 Po-

168 1107 313 1145 loniam
330 1107 469 1154 redux,
489 1108 740 1146 restituendis
756 1109 874 1145 rebus
889 1111 928 1144 et
944 1119 1126 1156 reparan-

169 1160 228 1198 dis
248 1160 365 1198 malis
386 1162 589 1210 egregiam
611 1173 770 1209 operam
792 1161 969 1207 navavit,
996 1172 1127 1197 mona-

167 1214 262 1251 chos
282 1213 556 1252 Cluniacenses
572 1214 611 1251 in
628 1214 833 1252 Poloniam
850 1214 1027 1260 vocavit;
1044 1214 1125 1251 Ma-

166 1265 286 1312 riam,
315 1266 480 1304 Iaroslai
508 1267 677 1304 Russiae
706 1267 892 1315 principis
926 1278 1097 1304 sororem
1114 1295 1124 1313 ,

170 1330 336 1356 uxorem
357 1319 484 1365 duxit,
505 1321 545 1356 et
560 1331 625 1365 an,
644 1320 746 1358 1058
763 1320 944 1365 moriens,
957 1331 1123 1368 regnum

167 1372 340 1420 undique
357 1378 541 1420 pacatum
558 1372 717 1421 reliquit
733 1373 816 1410 filio
832 1384 902 1410 suo
915 1371 1124 1410 Boleslao¹.

219 1425 264 1461 In
286 1425 516 1472 Hunyaria
535 1425 656 1462 etiam
678 1427 765 1474 post
793 1427 961 1463 mortem
983 1436 1012 1463 s.
1030 1426 1124 1463 Ste-

166 1477 287 1526 phani
319 1476 460 1527 (1038)
489 1477 689 1527 Religioni
718 1480 934 1527 tempestas
963 1477 1125 1527 grandis

166 1530 280 1569 illata
299 1532 370 1568 est.
391 1530 614 1579 Stephanus
630 1543 795 1580 regnum
811 1531 1026 1579 reliquerat
1042 1532 1124 1568 Pe-

165 1589 240 1631 tro,
261 1582 391 1632 nepoti
419 1595 502 1630 suo,
524 1584 591 1621 sed
613 1596 677 1622 an.
703 1585 801 1622 1041
820 1584 1013 1633 Hungari,
1030 1583 1124 1621 reie-

165 1639 228 1674 cto
255 1637 397 1682 Petro,
412 1647 578 1685 regnum
607 1637 838 1675 detulerunt
854 1637 992 1675 Ovoni.
1014 1637 1124 1674 Petri

166 1691 298 1738 partes
318 1688 475 1727 fortiter
494 1689 669 1728 defendit
696 1702 726 1728 s.
749 1690 949 1728 Gerardus
976 1690 1123 1739 episco-

166 1754 238 1793 pus
257 1742 515 1791 Morissenus,
535 1746 574 1781 et
593 1743 721 1781 Ovoni
741 1746 829 1793 post
848 1746 929 1782 tres
947 1755 1071 1782 annos
1087 1746 1127 1781 et

208 1905 219 1926 ¹
236 1905 410 1945 Duglossus
435 1914 489 1936 seu
513 1905 680 1945 Longinus,
702 1905 787 1937 Hest.
811 1905 929 1938 Polon.
956 1907 975 1937 l.
998 1907 1057 1945 llI;
1081 1906 1126 1938 M.

168 1947 344 1984 Cromerus,
361 1945 406 1977 Dc
423 1946 551 1986 origine
566 1949 598 1978 et
615 1947 710 1978 rebus
725 1948 828 1987 Uesti-s*
844 1947 954 1979 Polou.
972 1948 991 1978 l.
1010 1949 1054 1980 lV.
1077 1949 1127 1979 Hi-

168 1988 297 2018 storiam
310 1987 347 2018 ‹le
357 1988 507 2019 Casimiro
519 1989 598 2019 votis
608 1989 748 2019 exsoluto
765 1993 922 2028 tamquam
936 1999 1039 2020 veram
1059 1999 1128 2029 pro-

167 2029 319 2066 pugnavit
335 2029 464 2060 Azorius
481 2031 575 2069 (Part.
591 2031 600 2060 1
615 2029 690 2060 Insl.
703 2030 824 2060 Moral.
843 2031 899 2062 lib.
915 2030 964 2070 1⁹2,
981 2041 1006 2062 c.
1025 2031 1067 2069 7),
1080 2030 1128 2070 fa-

166 2068 315 2100 bulosam
330 2078 406 2105 esse,
420 2070 469 2100 vel
484 2070 598 2102 saltem
615 2070 751 2102 dubiam
767 2071 879 2102 asserit
895 2071 912 2102 l.
928 2073 1013 2109 Bapt.
1032 2073 1128 2103 Gonet

166 2112 198 2146 (t.
218 2111 237 2140 V
260 2109 374 2151 Clypei
395 2111 543 2151 Theoloy.
566 2112 718 2143 Thomist.
737 2113 881 2151 disputat.
900 2113 928 2150 9,
953 2114 1002 2144 De
1022 2114 1128 2153 impe-

165 2150 244 2182 dim.
264 2150 457 2189 dirzrn.,a.⁹2,
471 2151 486 2192 β,
502 2152 790 2191 4),Τ1ιοῐηιῑ1351ηιιε
804 2156 812 2190 (
824 2153 883 2185 Vel.
901 2156 932 2185 et
948 2163 1030 2185 nova
1043 2154 1125 2186 Eccl.

166 2192 293 2232 discipl.
309 2202 338 2232 p.
356 2193 376 2231 l,
394 2193 411 2223 Ι.
430 2192 459 2230 ⁰2,
476 2203 502 2224 c.
517 2193 575 2232 42,
593 2194 607 2233 ξ
624 2194 651 2231 9,
669 2197 699 2224 et
714 2203 743 2233 p.
758 2194 808 2232 Ill,
824 2195 843 2226 l.
857 2194 883 2233 3,
898 2205 923 2225 c.
939 2194 1017 2235 222
1037 2196 1084 2233 12)
1099 2199 1128 2226 et

168 2234 358 2273 Capisuccus
383 2232 630 2271 (Controversia
657 2235 709 2271 11,
732 2234 747 2275 ἔ
771 2235 810 2271 3).
834 2236 1029 2267 illaldonatus
1056 2246 1127 2267 vero

166 2275 210 2314 (in
227 2275 329 2306 Tract.
344 2274 381 2305 cle
392 2274 679 2313 Sacramentis,De
694 2276 922 2315 impedimento
936 2277 1005 2309 voti
1020 2287 1069 2317 qu.
1084 2277 1126 2316 3),

169 2315 242 2346 (lato
260 2316 342 2356 quod
361 2317 438 2347 haec
455 2320 485 2347 ct
501 2316 582 2355 aliae
600 2317 690 2347 huius
708 2318 831 2355 generis
859 2318 1007 2349 historiae
1035 2328 1126 2349 verae

171 2357 241 2395 sint,
259 2357 431 2396 respondet
453 2367 548 2397 posse
565 2367 695 2389 caussas
713 2358 836 2399 aliquas
850 2359 997 2398 incidere,
1011 2361 1040 2389 in
1058 2361 1126 2399 qui-

168 2398 226 2429 bus
253 2399 397 2429 Ecclesia
427 2408 487 2430 non
518 2399 641 2439 quidem
659 2400 820 2437 dispenset
844 2400 873 2430 in
891 2405 960 2431 voto
985 2402 1126 2439 solemni,

164 2439 219 2469 sed
237 2448 293 2478 per
310 2440 595 2479 interpretationem
625 2441 714 2479 aequi
732 2444 762 2471 et
784 2441 855 2471 boni
874 2442 1030 2480 declaret,
1046 2451 1125 2480 eum,

168 2481 218 2519 qui
237 2481 346 2523 feccrit
364 2485 467 2512 votum
481 2506 488 2519 ‚
513 2490 573 2512 non
598 2481 695 2512 teneri
720 2485 800 2512 voto.
826 2483 900 2513 Nam
930 2492 997 2514 cum
1016 2483 1057 2513 sit
1074 2493 1125 2514 re-

166 2522 239 2561 gula
264 2523 438 2562 generabit,
457 2523 587 2554 collecta
612 2532 647 2553 ex
666 2523 732 2553 iure
756 2524 858 2555 divino
883 2527 912 2554 ct
935 2524 1078 2561 naturali,
1095 2529 1125 2555 ut

167 2566 270 2593 votum
291 2563 420 2594 minoris
433 2564 505 2595 honi
524 2564 678 2595 relaxetur
694 2574 750 2603 per
768 2568 870 2596 votum
895 2566 1022 2596 maioris
1040 2566 1123 2603 boni,

167 2607 278 2635 etcum
295 2613 355 2635 non
373 2605 485 2636 debeat
501 2614 572 2636 esse
589 2606 735 2636 iudicium
753 2607 906 2645 privatum
926 2608 1121 2637 uniuscuius-

168 2653 227 2684 que
241 2670 248 2683 ,
266 2655 304 2676 an
319 2646 445 2685 aliquod
463 2647 588 2685 bonum,
602 2647 684 2687 qupd
701 2647 834 2678 fortasse
849 2649 993 2685 occurrit,
1007 2649 1046 2678 sit
1058 2657 1122 2678 ma-

167 2685 232 2723 ius,
253 2695 343 2725 quam
360 2696 489 2718 servare
507 2689 683 2718 castitatem
701 2692 901 2727 perpetuam,
919 2689 957 2719 ad
977 2699 1069 2729 quam
1088 2700 1122 2720 se

166 2728 351 2758 constrinxit
364 2731 434 2759 voto
451 2729 580 2760 solemni
592 2739 600 2767 ;
614 2729 668 2760 sed
688 2729 799 2760 debeat
816 2731 845 2760 id
863 2731 992 2770 relinqui
1010 2731 1121 2761 iudicio

166 2768 259 2798 totius
277 2769 445 2800 Ecclesiae:
463 2774 492 2800 ct
509 2779 577 2800 cum
590 2771 691 2810 possit
703 2771 870 2810 aliquando
885 2780 1050 2802 occurrere
1066 2773 1121 2802 hu-

166 2809 298 2839 iusmodi
313 2810 426 2840 bonum
442 2811 536 2842 multo
551 2813 650 2842 maius
661 2835 668 2849 ,
683 2821 775 2852 quam
795 2816 841 2843 cst
856 2821 982 2843 servare
997 2814 1120 2843 castita-

167 2852 306 2886 tem3non
324 2851 449 2881 dubium
466 2856 522 2889 cst,
535 2854 608 2892 quin
626 2857 696 2883 tunc
709 2853 860 2891 Ecclesia,
872 2858 922 2884 aut
941 2855 1061 2885 nomine
1079 2858 1118 2885 to-

166 2891 224 2920 tius
235 2891 395 2922 Ecclesiae
407 2894 543 2923 Pontifex
555 2895 654 2930 possit
670 2895 842 2933 declarare,
852 2895 936 2926 illum
953 2896 982 2925 in
995 2905 1031 2926 eo
1045 2905 1118 2926 casn

165 2940 225 2962 non
240 2934 336 2962 teneri
355 2934 393 2963 ad
409 2934 658 2966 observationem
678 2937 747 2966 voti.
764 2937 851 2973 Quod
867 2936 1056 2967 credendum
1072 2942 1119 2967 est

165 2972 277 3003 secisse
306 2974 389 3004 illum
413 2976 527 3013 Papam
545 2986 613 3007 cum
631 2977 756 3008 llamiro
781 2986 856 3018 rege
875 2979 1064 3018 Aragonum,
1089 2982 1118 3009 et

166 3014 249 3044 illum
276 3015 407 3046 alterum
439 3026 506 3047 cum
543 3026 617 3056 rege
641 3019 804 3057 roloniae,
830 3020 903 3059 quia
925 3020 1119 3058 iudicarunt,

166 3054 280 3086 bonum
298 3057 455 3096 publicum
474 3053 566 3088 totius
583 3060 680 3100 Regni
699 3069 770 3091 esse
788 3061 1008 3099 praestantius,
1022 3070 1113 3101 quam

1173 273 1235 299 an.
1260 262 1361 299 1044
1383 261 1466 299 Ovo
1491 262 1530 299 in
1556 263 1655 300 bello
1676 266 1814 302 contra
1833 264 2050 302 Henricum
2069 266 2128 304 III

1172 325 1308 362 regem
1329 314 1565 352 Germaniae
1587 315 1756 361 occisus,
1777 320 1817 354 et
1837 318 1983 355 Petrus
2004 317 2125 355 resti-

1172 367 1285 403 tutus
1315 369 1386 404 est.
1419 367 1568 404 Verum
1598 370 1685 416 post
1714 369 1916 406 biennium
1947 370 2128 419 Hungari
2166 373 2170 375 ’

1174 430 1331 456 rursum
1361 420 1513 457 deiecto
1544 420 1664 458 Petro
1694 421 1897 470 oculisque
1919 422 1955 459 ei
1977 423 2102 460 erutis
2118 452 2128 468 ‚

1172 482 1336 520 regnum
1371 473 1599 510 obtulerunt
1632 474 1814 511 Andreae
1853 486 1900 512 ea
1933 475 2019 524 lege
2036 504 2046 522 ,
2083 478 2128 512 ut

1172 524 1370 561 ethnicam
1383 525 1611 574 religionem
1626 527 1980 564 restitueret.Tunc
1992 539 2128 565 cruen-
2143 545 2148 549 ·

1172 578 1213 613 ta
1249 578 1467 625 persecutio
1507 582 1645 615 contra
1678 578 1920 616 Christianos
1950 580 2126 619 excitata

1171 632 1242 675 est,
1264 630 1455 668 ecclesiae
1476 631 1718 676 destructae,
1738 631 1899 680 plurimi
1919 632 2021 678 laici,
2042 632 2124 670 cle-

1172 681 1243 718 rici
1263 684 1303 719 et
1324 683 1509 732 episcopi,
1534 683 1637 722 inter
1657 696 1754 732 quos
1773 696 1802 722 s.
1825 682 2025 722 Gerartlus
2046 685 2127 722 Mo-

1169 734 1356 781 rissenus,
1372 735 1585 773 interfecti.
1603 736 1890 774 Verumtamen
1908 737 2024 785 paulo
2042 739 2128 786 post

1170 787 1533 837 Andreas,regnum
1550 789 1996 838 adeptus,persecutioni
2009 789 2127 828 finem

1170 840 1398 887 constituit,
1426 842 1699 879 ethnicismum
1721 854 1789 890 per
1814 844 1938 879 totam
1960 842 2128 891 Hunga-

1167 892 1267 930 riam
1295 893 1544 943 proscripsit,
1575 897 1615 932 et
1643 895 1879 932 christianae
1909 895 2129 945 Religionis

1168 945 1448 993 professionem
1473 947 1614 995 ubique
1636 947 1814 985 restituit
1832 945 1855 985 ¹.

1225 998 1311 1036 127.
1329 999 1540 1037 Hem-icus
1561 1000 1637 1037 III
1652 1001 1880 1049 imperator
1908 1001 2131 1039 Romanus

1170 1051 1267 1088 -In
1289 1052 1504 1089 Germania
1525 1065 1586 1091 an.
1612 1053 1714 1092 1039
1730 1053 1908 1090 Conrado
1929 1053 1967 1090 ΙΙ
1982 1065 2130 1092 succes-

1167 1104 1218 1141 sit
1247 1105 1442 1143 Henricus
1471 1105 1540 1151 III,
1571 1105 1678 1143 filius
1707 1106 1805 1151 eius,
1835 1106 1902 1154 qui
1922 1117 2060 1155 pacem
2081 1106 2121 1143 in

1166 1158 1379 1195 Germania
1406 1158 1620 1196 stabilivit:
1652 1171 1714 1196 an.
1741 1159 1842 1197 1043
1862 1159 1901 1196 in
1923 1159 2094 1196 comitiis
2110 1187 2121 1205 ,

1167 1210 1418 1248 Constantiae
1435 1212 1481 1249 ad
1500 1212 1685 1249 Rhenum
1702 1211 1857 1257 habitis,
1874 1212 2126 1253 concordiam

1167 1263 1271 1301 inter
1300 1264 1493 1313 principes
1522 1267 1562 1302 et
1583 1267 1788 1313 magnates
1810 1264 2064 1310 conciliavit,
2088 1267 2129 1303 et

1167 1317 1382 1365 Trewgam
1402 1317 1489 1361 Dei,
1510 1317 1548 1354 in
1570 1317 1709 1355 Galliis
1729 1317 1974 1365 institutam,
1995 1317 2128 1356 intro-

1167 1369 1298 1416 duxit3
1320 1370 1383 1407 an.
1409 1369 1511 1407 1046
1534 1370 1729 1418 profectus
1749 1370 1787 1407 in
1810 1370 1982 1416 Italiam,
1997 1370 2123 1408 Ticini

1168 1434 1237 1459 rex
1263 1423 1559 1471 Longobardiae
1588 1425 1798 1461 coronatus
1819 1426 1904 1470 est3
1926 1426 2019 1461 tunc
2039 1424 2125 1461 Ro-

1167 1487 1271 1512 mam
1290 1476 1478 1524 perrexit,
1499 1476 1695 1525 rebusque
1712 1476 1751 1512 in
1769 1476 1864 1513 urbe
1886 1475 2124 1524 compositis,

1168 1530 1212 1565 ut
1230 1527 1336 1565 infra
1357 1528 1576 1566 videbimus
1594 1559 1603 1575 ,
1624 1541 1648 1566 a
1667 1529 1866 1567 Clemente
1888 1530 1958 1577 Pp.
1979 1528 2018 1567 II
2047 1529 2127 1566 im-

1168 1583 1324 1629 perator
1343 1584 1553 1620 coronatus
1574 1581 1668 1628 fuit,
1688 1582 1978 1631 imperavitque
2007 1594 2128 1632 usque

1166 1634 1215 1671 ad
1236 1645 1382 1672 annum
1405 1633 1518 1672 1056.

1224 1687 1310 1725 128.
1335 1687 1376 1725 S.
1396 1687 1626 1725 Eduardus
1647 1700 1723 1727 reso
1742 1687 2026 1737 Anylz‘ae—In
2048 1688 2125 1726 An-

1168 1740 1247 1789 glia
1276 1740 1509 1787 Eduardus,
1529 1741 1602 1778 sub
1623 1741 1782 1790 regibus
1804 1741 1925 1779 Danis
1946 1741 2097 1779 Canuto
2113 1770 2124 1788 ,

1169 1792 1344 1830 Hal-aldo
1370 1795 1410 1831 et
1429 1793 1725 1840 Hardecanuto‚
1741 1794 1856 1841 exul,
1872 1805 1933 1833 an.
1952 1794 2057 1832 1042
2075 1795 2126 1832 ad

1170 1848 1377 1895 paternum
1398 1846 1540 1884 solium
1556 1848 1766 1885 revocatus
1782 1849 1852 1894 est,
1865 1847 2125 1897 regnavitque

1173 1910 1296 1948 usque
1316 1900 1366 1937 ad
1385 1911 1450 1937 an.
1475 1899 1588 1938 1066.
1610 1900 1799 1949 Princeps
1818 1900 1976 1949 pietatis
1996 1902 2037 1938 et
2056 1912 2126 1938 ca-

1170 1952 1380 1990 stimoniae
1410 1953 1540 1990 studio
1570 1953 1906 2001 spectatissimus,
1935 1953 2127 2003 singulari

1172 2006 1474 2043 mansuetudine
1503 2017 1669 2054 regnum
1690 2007 1915 2044 moderatus
1935 2008 1996 2044 est
2009 2035 2018 2052 ,
2038 2017 2127 2044 ma-

1170 2070 1248 2107 gna
1269 2059 1370 2107 apud
1391 2070 1482 2096 suos
1502 2059 1737 2104 reverentia,
1759 2059 1863 2108 apud
1880 2061 2038 2097 exteros
2052 2071 2128 2097 me-

1169 2113 1212 2148 tu
1233 2111 1330 2156 fuit,
1356 2111 1463 2160 leges
1492 2111 1658 2160 optimas
1687 2112 1801 2155 tulit,
1823 2111 2040 2160 Religionis
2079 2124 2126 2150 ac

1169 2164 1409 2213 reipublicae
1430 2164 1681 2213 prosperitati
1701 2164 1864 2203 studuit.
1886 2165 1982 2202 Eius
2004 2164 2127 2214 pieta-

1170 2216 1201 2254 ti
1221 2216 1434 2265 aliquando
1455 2216 1627 2265 obrepsit
1647 2217 1850 2255 Goduinus
1866 2229 2008 2264 comes,
2026 2218 2125 2256 Em-

1171 2281 1275 2306 mam
1297 2270 1403 2318 regis
1418 2271 1589 2307 matrem
1606 2270 1825 2307 accusando
1842 2270 2020 2308 criminis
2036 2282 2127 2308 cum

1170 2322 1347 2359 Roberto
1387 2322 1678 2371 archiepiscopo
1717 2323 1994 2362 Cantuariensi
2015 2337 2025 2371 3
2059 2324 2127 2362 sed

1170 2375 1409 2412 calumniam
1443 2375 1558 2412 diluit
1586 2375 1726 2424 regina
1755 2375 1987 2423 castissima,
2011 2376 2126 2415 nudis

1170 2420 1332 2476 pedibu's
1352 2427 1508 2466 calcans
1529 2439 1670 2465 novom
1689 2428 1835 2477 ignitos
1854 2440 2047 2468 vomeres.
2068 2430 2125 2468 Ε-

1171 2480 1346 2518 duardus
1368 2481 1583 2518 virtutibus
1604 2483 1721 2530 atque
1742 2482 1946 2521 miraculis
1967 2482 2098 2520 clarus
2114 2511 2125 2530 ‚

1169 2534 1217 2570 ab
1238 2533 1466 2572 Alexandro
1487 2534 1632 2584 Pp2111
1652 2535 1790 2573 Ssrum
1808 2535 1897 2574 albo
1913 2536 2126 2585 inscriptus

1170 2585 1246 2623 fuit
1261 2585 1285 2623 ².

1221 2638 1307 2676 129.
1333 2639 1558 2687 Greyorz'us
1588 2637 1652 2680 VI
1666 2641 1871 2690 Pontz'feoe
1906 2639 2123 2692 (cm.1044)

1165 2713 1215 2718 —-
1232 2692 1413 2730 Romana
1435 2704 1527 2730 vero
1549 2694 1714 2732 ecclesia
1729 2694 1891 2732 tristem
1909 2694 1951 2732 in
1972 2695 2123 2732 statum

1164 2745 1249 2782 crat
1269 2744 1457 2791 coniecta,
1478 2746 1690 2785 Benedicto
1711 2747 1771 2785 IX
1791 2749 1831 2785 et
1850 2747 2045 2785 Silvestro
2067 2743 2124 2785 III

1163 2797 1279 2834 simul
1314 2798 1562 2846 pontificatus
1592 2800 1680 2837 iura
1708 2800 1782 2838 sibi
1820 2799 2122 2847 vindicantibus,

1164 2850 1332 2887 Ioannes
1351 2851 1575 2900 Gratianus,
1594 2853 1801 2903 presbyter
1816 2852 2042 2902 religiosus,
2060 2864 2123 2891 an.

1166 2903 1264 2940 1044
1287 2905 1496 2954 utrumque
1516 2907 1816 2954 competitorem
1832 2906 1880 2943 ad
1905 2905 2122 2943 cedendum

1164 2956 1364 3004 pontificia
1392 2958 1483 2995 sede
1513 2958 1949 3008 pecuniae-largitione
1971 2958 2121 3008 perdu-

1204 3062 1211 3083 ¹
1231 3061 1402 3093 Hermann.
1420 3063 1576 3095 Contract.
1597 3063 1802 3102 Chronicon;
1817 3062 2045 3096 Bolland.Acea
2061 3062 2117 3096 SS.

166 3095 280 3127 bonum
299 3098 450 3136 privatum
469 3100 557 3130 unius
575 3102 727 3132 monachi.
743 3102 802 3132 Sed
823 3102 881 3134 hoc
899 3111 959 3133 non
977 3106 1024 3133 est
1042 3112 1116 3141 pro—
1159 3102 1199 3133 21
1215 3108 1292 3141 sept.

167 3137 234 3174 pric
251 3138 450 3184 ‹lispensare;
464 3150 535 3171 nam
550 3141 743 3180 dispensatio
758 3147 895 3181 vocatur,
909 3152 977 3174 cum
996 3153 1119 3174 manen-

169 3181 197 3207 te
216 3182 285 3210 voto
302 3184 435 3220 integro,
446 3182 558 3222 aliquis
574 3183 724 3215 liberatur
737 3184 776 3215 ab
793 3185 874 3216 illius
888 3185 1117 3217 observatione.

1202 3145 1215 3166 2
1234 3145 1371 3176 willelm.
1397 3146 1592 3179 malmesbur.
1610 3147 1659 3179 De
1677 3146 1773 3179 rebus
1782 3146 1904 3188 Anyti.
1922 3146 1964 3186 11;
1980 3145 2122 3179 Bouana.

1160 3185 1245 3217 Λεία
1262 3186 1317 3219 SS.
1340 3186 1374 3218 13
1392 3188 1513 3219 octobr.
