2241 3473
581 167 708 198 stvE
736 168 790 195 AD
819 167 1136 196 cONVERSmNEM
1164 166 1430 195 CONSTANTINI
1458 166 1502 194 M.

1873 154 1925 192 55

31 243 118 273 usos
137 231 256 270 fuisse
275 230 521 268 coemeteriis
540 241 610 268 seu
629 229 726 268 locis
741 229 936 267 distinctis
952 241 975 267 a
1005 242 1110 268 mum
1140 229 1388 279 imperatoris
1417 227 1598 266 cubiculo
1627 227 1884 276 praefectum,
1914 227 1979 265 Fi-

32 283 277 328 ludaeorum,
297 283 589 320 haereticorum
605 286 645 320 et
660 282 907 320 ethnicorum
922 294 978 319 se-

30 336 268 386 pulturis,ex
285 335 370 384 ipsa
386 335 586 383 religionis
601 334 851 380 diversitate,
863 345 884 371 e
900 336 981 371 stu-

33 389 108 433 dio,
128 400 204 436 quo
224 387 532 425 communionem
554 399 642 424 cum
663 386 708 424 iis
731 385 922 430 vitabant,
938 390 977 423 ct

33 452 83 479 ex
109 440 257 478 invidia
288 440 451 487 odioque
485 439 623 487 quibus
655 438 720 476 isti
737 438 979 476 Christianos

35 493 383 542 persequebantur,
395 492 647 529 manifestum
665 493 734 528 est.
753 490 860 527 Haec
877 490 983 527 Chri-

34 546 250 584 stianorum
280 544 514 582 coemeteria
545 544 600 581 uti
620 555 756 580 eorum
777 543 892 580 aedes
911 545 978 580 sa‘-

35 609 122 636 cras
133 598 367 635 durantibus
381 596 661 646 persecutionis
680 595 846 632 saeculis
864 595 983 631 fuisse

35 650 204 695 occulta,
235 662 303 698 per
330 662 370 687 se
390 652 508 698 patet.
531 648 622 685 Illos
643 648 790 684 Romae
813 643 986 684 adhunc

39 714 149 740 usum
171 702 336 751 elegisse
356 704 512 749 cryptas
530 700 742 745 arenarias,
760 711 860 748 quae
877 704 985 736 cata-

39 755 199 794 tumbae
217 767 285 792 seu
306 754 569 792 catacetmbae
589 753 715 789 dictae
735 754 841 797 sunt,
857 752 987 788 certis-

39 808 135 846 sime
151 810 304 844 constat
323 810 409 843 tum
423 817 444 842 e
461 807 638 842 veterum
654 804 889 842 testimoniis
903 806 987 840 tum

37 871 87 897 ex
102 857 901 908 inseriptionibus,figuris,emblematibus,
914 867 987 893 va-

40 912 92 950 sis
118 911 283 959 aliisque
314 910 588 955 monumentis,
611 910 648 946 in
670 910 809 946 iisdem
840 908 990 957 cryptis

40 963 215 1012 repertis.
240 964 403 1000 Constat
423 962 582 1011 insuper
595 991 604 1008 ,
624 962 809 1010 sepulcra
829 963 1004 998 sancto-'

40 1027 130 1054 rum
143 1017 363 1064 martyrum
381 1014 499 1052 fuisse
512 1026 668 1063 semper
679 1014 798 1051 certis
810 1014 930 1062 signis
943 1013 990 1050 ab

41 1069 207 1106 aliorum
237 1067 426 1116 sepulcris
453 1067 637 1104 distincta
651 1097 660 1113 ‚
680 1068 729 1104 ad
749 1078 990 1103 conservan-

42 1121 131 1159 dam
151 1124 193 1159 et
211 1121 412 1157 colendam
436 1131 571 1156 corum
597 1120 827 1156 memoriam
844 1124 884 1156 et
899 1117 993 1155 offe-

42 1173 165 1211 renda
194 1172 274 1210 illic
294 1172 500 1210 sacrificia.
524 1172 723 1209 Eiusmodi
743 1172 855 1220 signa
875 1171 994 1219 quin-

44 1237 118 1274 que
137 1228 317 1262 numerat
331 1225 567 1262 Benedictus
583 1224 692 1269 XIV,
709 1236 846 1273 nempe
863 1223 995 1260 inscri-

42 1278 229 1327 ptionem,
249 1278 514 1315 instrumenta
534 1277 733 1325 martyrii,
754 1287 996 1325 monogram-

45 1342 110 1368 ma
137 1330 302 1367 nominis
329 1330 496 1375 Christi,
518 1330 687 1378 palmam
701 1360 709 1376 ‚
731 1333 771 1367 et
791 1329 996 1366 vasculum

46 1383 258 1432 sanguinis.
287 1383 462 1424 Quorum
490 1383 694 1431 signorum
724 1394 794 1431 ope
824 1381 998 1419 Ecclesia

47 1447 163 1473 veras
183 1439 408 1473 sanctorum
427 1438 650 1483 martyrum
671 1435 857 1482 reliquias
878 1446 902 1472 a
918 1433 996 1471 fat-

48 1489 100 1526 sis
118 1493 160 1525 et
178 1488 306 1525 dubiis
327 1488 508 1536 dignovit
525 1486 549 1525 ¹.

101 1540 163 1578 50.
194 1541 455 1588 Asartyrz'am
486 1541 546 1577 Ss.
582 1541 746 1577 Callisti
770 1545 810 1577 et
842 1539 1003 1577 Urbana·

50 1594 369 1641 Pontificum—
385 1593 571 1633 Quamvis
592 1593 817 1630 Alexander
837 1593 1001 1640 impera-

52 1650 116 1683 tor
134 1646 172 1682 in
184 1645 423 1683 Christianos
444 1645 635 1694 benignus
651 1646 843 1690 extiterit,
854 1646 926 1682 sub
942 1644 1001 1692 ip-

55 1699 136 1735 sius
164 1699 648 1745 tamen,quemadmodum
674 1699 745 1735 sub
766 1698 849 1734 eius
869 1698 1002 1733 deces-

53 1750 152 1788 soris
165 1750 409 1798 Heliogabali
430 1751 607 1798 imperio,
619 1750 794 1787 nonnulli
809 1749 1002 1798 martyrio

57 1802 187 1840 affecti
208 1802 405 1850 leguntur.
433 1803 540 1840 Inter
561 1802 654 1840 alios
675 1815 704 1840 s.
725 1802 910 1840 Callistus
933 1802 1002 1848 Pp.

60 1855 330 1904 pontificatum
368 1855 534 1903 quinque
574 1867 769 1892 annorum
813 1853 1004 1901 martyrio

59 1907 348 1945 consummavit
362 1905 388 1944 ².
419 1908 457 1944 S.
481 1908 685 1953 Urbanus,
717 1908 783 1955 qui
808 1909 895 1956 post
923 1905 1008 1942 Cal-

58 1960 191 1997 listum
223 1960 271 1996 ab
302 1972 363 1996 an.
384 1960 462 1997 224
484 1972 606 2008 usque
636 1961 684 1997 ad
712 1961 789 1997 231
813 1968 1007 1997 summum

57 2012 328 2062 pontificatum
356 2013 498 2061 gessit,
528 2015 648 2050 etiam
681 2013 818 2061 capitis
857 2010 1007 2049 abscis-

59 2066 205 2102 sionem
239 2065 420 2113 mart-yrii
449 2077 604 2102 cursum
636 2065 806 2103 absolvit
830 2063 857 2101 ⁴.
892 2063 1008 2100 Hunc

60 2117 289 2154 Pontificem
319 2129 347 2154 s.
379 2117 607 2163 Caeciliam,
636 2118 796 2165 eiusque
826 2125 1010 2165 sponsum

59 2170 328 2216 Valerianum,
350 2170 570 2207 Tiburtium
601 2169 785 2216 fratrem,
815 2181 860 2207 ac
889 2167 1012 2206 Maxi-

105 2296 115 2317 ¹
133 2296 246 2327 Bened.
268 2297 342 2333 xiv,
364 2296 414 2325 De
431 2305 612 2326 servorum
633 2296 695 2326 Dei
710 2294 968 2335 beatificatione
984 2298 1015 2322 et

64 2337 344 2373 canonizatione,
360 2337 379 2368 1.
395 2338 441 2374 lV,
458 2346 485 2375 p.
503 2337 546 2372 113
564 2339 594 2367 Ρ.
611 2339 738 2376 Aringb.
751 2337 865 2367 Roma
880 2336 1017 2366 subter-

66 2388 196 2414 ranea,
219 2378 317 2415 1651,
340 2377 358 2406 ⁹2
383 2378 441 2408 vol.
457 2379 570 2415 in-t'01.;
588 2379 625 2409 Μ.
642 2379 673 2408 Α.
692 2378 832 2415 Boldetti,
851 2376 1016 2407 Osserva-

69 2419 165 2449 aioni
179 2427 284 2458 sopra
300 2418 314 2448 i
328 2418 494 2457 cimiteri,
511 2420 596 2449 Rom.
614 2418 704 2457 1720,
721 2418 838 2456 in—fol.;
854 2416 1019 2453 Mamachi,

71 2459 232 2498 Oriyines
255 2463 311 2489 etc.
334 2463 353 2489 t.
376 2459 434 2496 111;
464 2459 616 2496 Fabretti,
647 2459 807 2498 Inscript.
832 2458 1016 2496 antiquar.

70 2500 282 2539 eaeplicatio,
310 2501 395 2530 Rom.
421 2500 499 2531 1609
523 2500 641 2537 in-fol.;
671 2501 833 2537 Mabillou,
856 2498 1019 2530 Mus-eum

70 2541 146 2571 ital.
169 2545 188 2571 t.
205 2541 228 2571 1.
242 2557 279 2562 —
293 2542 391 2576 Quum
415 2541 470 2570 viri
494 2541 522 2570 in
539 2550 649 2571 sacrae
665 2540 892 2580 Arcbeologiae
909 2539 1018 2570 studiis

72 2581 161 2611 vaide
177 2581 269 2620 periti
283 2581 433 2611 adversus
449 2582 586 2612 Phialam
602 2582 806 2622 sanguineam
821 2583 925 2620 utpote
936 2579 1020 2610 indu-

74 2621 156 2652 bium
173 2621 309 2660 Martyrii
329 2622 450 2661 signum
467 2622 691 2659 decertassent,
708 2624 780 2653 Pius
796 2623 851 2652 PP.
867 2622 904 2652 lx
923 2621 1022 2650 istius-

72 2662 155 2693 modi
179 2662 374 2693 difficultates
389 2663 419 2692 in
437 2663 570 2701 quadam
592 2663 741 2702 peculiari
758 2664 786 2693 S.
800 2664 834 2693 R.
847 2664 1023 2701 Congrega-

75 2704 156 2733 tioue
172 2712 280 2733 severo
297 2703 426 2733 examini
443 2703 554 2734 subiici
571 2705 669 2735 iussit.
684 2706 720 2734 Et
736 2705 766 2735 S.
778 2704 820 2740 G.,
835 2712 909 2742 prae
926 2702 1022 2732 oculis

74 2744 193 2774 habens
211 2744 385 2773 universam
398 2748 646 2783 argumentorum
663 2746 846 2783 seriem‚per
864 2746 1023 2774 Decretum

75 2785 135 2815 diei
156 2784 190 2815 10
206 2784 365 2815 decembr.
392 2783 477 2821 1863,
497 2793 515 2814 a
537 2785 628 2816 SSmo
652 2786 866 2825 approbatum,
891 2784 1026 2814 declara-

76 2825 130 2863 vit,
152 2829 242 2863 atque
264 2825 406 2854 sancivit:
424 2826 546 2855 Pbialas
563 2827 705 2864 vufflens,
722 2829 774 2856 aut
789 2826 933 2865 figulinas
950 2832 1026 2854 san-

77 2867 170 2905 guine
186 2867 309 2902 tinctas,
322 2874 400 2904 quac
415 2865 452 2894 ad
470 2866 586 2896 loculos
602 2868 790 2906 sepultorum
803 2868 832 2897 iu
849 2876 890 2897 ss.
907 2866 1027 2896 Coeme-

78 2906 162 2936 teriis
186 2907 232 2936 vel
255 2907 337 2935 intus
363 2906 408 2936 vel
425 2910 510 2936 extra
526 2907 610 2944 ipsos
627 2908 829 2946 reperiuntur,
846 2906 965 2937 censeri
979 2905 1028 2934 de-

78 2946 310 3017 ὺεπεῃΜἎι-ῑένὶἰ
334 2947 466 2986 siguum.
482 2947 544 2977 Vid.
562 2947 622 2978 citt.
639 2947 682 2978 La
698 2948 831 2979 Setenza
847 2957 863 2978 e
879 2947 922 2978 La
938 2945 1029 2982 Fede,

80 2996 107 3017 v.
126 2989 145 3018 L
176 3012 183 3023 ‚
201 2997 229 3026 p.
267 2988 284 3018 5
301 2996 346 3026 sq.

121 3027 137 3048 2
152 3028 189 3058 Ct'
199 3028 313 3064 Butler,
331 3027 406 3058 Vies
423 3028 463 3058 clo
479 3027 537 3058 SS.
554 3027 591 3058 tt
603 3031 676 3065 oct,
689 3029 824 3067 Sandini,
839 3028 940 3060 Vitae
953 3027 1029 3058 ΒΕ.

83 3067 171 3105 ΡΡ.,
195 3067 373 3100 Callistus.
399 3070 429 3099 ln
446 3068 654 3108 Pontificali
667 3070 694 3099 ei
711 3070 856 3100 tribuitur
871 3070 1029 3100 decretum

84 3109 122 3139 de
144 3109 254 3139 ieiunio
278 3113 411 3147 quatuor
433 3114 621 3147 temporum;
642 3110 671 3139 in
689 3119 780 3148 quam
796 3119 859 3140 rem
876 3110 967 3148 plura
983 3109 1031 3139 di-

85 3153 211 3188 sputant
230 3150 329 3180 Natat.
353 3150 436 3182 Alex.
458 3150 552 3180 Diss.
569 3151 605 3180 lv
621 3149 661 3179 in
681 3160 765 3181 saec.
790 3150 833 3189 11;
856 3151 969 3182 Baron.
992 3148 1031 3180 ad

86 3198 134 3222 an.
150 3190 199 3222 57.
215 3207 254 3214 —-
269 3191 283 3214 ⁴
298 3190 484 3232 Martyrol.
499 3191 598 3222 Rom.
613 3190 654 3221 ad
668 3190 709 3221 25
724 3191 804 3222 maii.

1018 283 1079 321 dei
1103 282 1324 332 praeceptis
1349 281 1588 327 instituisse,
1608 284 1649 318 et
1668 281 1717 317 ad
1749 280 1977 318 obeundum

1018 347 1086 384 pro
1107 336 1262 373 Christo
1283 334 1520 382 martyrium
1540 334 1742 371 hortatum
1759 332 1894 376 fuisse,
1911 344 1977 369 an-

1020 388 1128 425 nales
1153 387 1411 425 ecclesiastici
1434 389 1636 424 testantur
1663 382 1685 422 ¹.
1715 404 1762 414 -—·
1786 385 1828 422 In
1853 385 1981 420 Libro

1023 440 1265 488 Ponte'ficalz'
1285 440 1452 485 legitur,
1473 450 1563 476 eum
1585 438 1719 476 fecisse
1738 438 1980 475 ministeria

1020 493 1163 528 omnia
1183 496 1383 539 arqeoztea
1404 491 1647 529 ².—Urbano
1668 490 1855 528 successit
1875 489 1980 526 Pon-

1024 544 1169 589 tianus,
1192 543 1406 580 Romanus.

1076 597 1139 633 51.
1161 595 1295 632 [azius
1314 596 1550 643 Asi-c'canus
1566 616 1615 624 -
1633 595 1787 633 Floruit
1814 595 1886 632 sub
1921 593 1986 630 his

1027 648 1279 685 Pontificibus
1302 647 1425 684 Iulius
1447 647 1672 694 Africanus,
1693 648 1759 696 qui
1780 647 1896 696 plura
1919 645 1984 682 in-

1025 700 1128 749 genii
1167 700 1229 737 sui
1267 701 1522 736 monumenta
1561 700 1744 748 reliquit3
1768 698 1987 748 praecipua

1026 757 1128 790 sunt:
1141 752 1425 799 Clironologiae
1455 752 1543 788 libri
1569 754 1594 789 5
1615 765 1636 789 a
1665 753 1800 789 mundi
1823 750 1988 789 exordio

1029 816 1147 853 usquc
1168 804 1215 841 ad
1243 816 1304 841 an.
1325 804 1424 847 221;
1448 804 1611 852 epistola
1631 805 1678 841 ad
1700 804 1918 842 Aristidem
1940 803 1988 840 de

1028 856 1233 905 apparenti
1258 856 1522 903 discrepantia
1542 856 1645 893 inter
1660 868 1707 894 ss.
1731 857 1986 894 Matthaeum

1029 915 1068 946 et
1087 910 1232 946 Lucam
1250 909 1288 945 in
1309 908 1539 957 genealogia
1558 908 1769 954 Cliristi,et
1794 909 1923 946 altera
1943 919 1986 944 e-

1030 962 1169 1010 pistola
1199 962 1248 998 ad
1276 961 1486 1010 Origenem
1516 961 1562 998 de
1592 962 1796 998 Sus-annae
1822 960 1987 998 historia

1031 1014 1134 1063 apud
1155 1013 1370 1059 Danielem,
1400 1024 1518 1061 quam
1552 1013 1868 1050 commentitiam
1903 1023 1988 1050 esse

1031 1067 1316 1115 suspicabatur3
1336 1066 1401 1103 sed
1419 1077 1593 1102 errorem
1613 1066 1695 1103 eius
1719 1077 1811 1103 mox
1833 1064 1992 1103 erudita

1032 1119 1194 1168 epistola
1215 1118 1387 1155 correxit
1409 1118 1596 1167 Origenes
1613 1116 1639 1156 ³.

1088 1171 1151 1209 52.
1167 1172 1359 1218 Oriqenes
1373 1173 1680 1218 interpretatur
1696 1171 1995 1219 Scripturas—

1035 1225 1228 1272 Origenes
1251 1226 1344 1260 tunc
1363 1223 1549 1271 temporis
1569 1223 1704 1260 labore
1729 1223 1907 1272 improbo
1929 1222 1995 1258 in-

1036 1276 1301 1324 terpretandis
1329 1287 1378 1313 ss.
1400 1275 1616 1323 Scripturis
1639 1275 1913 1313 adlaborabat.
1934 1274 1995 1311 Ad

1038 1331 1139 1366 bunc
1168 1329 1287 1366 finem
1317 1340 1394 1365 non
1424 1331 1582 1365 tantum
1612 1329 1802 1366 hebraeos
1823 1327 1992 1371 codices,

1037 1384 1102 1420 sed
1133 1381 1253 1418 etiam
1288 1381 1485 1419 versiones
1515 1382 1688 1419 Graecas
1723 1381 1999 1418 scrutabatur.

1037 1434 1166 1472 Tanta
1195 1435 1282 1471 erat
1303 1433 1449 1482 ingenii
1469 1433 1552 1471 eius
1573 1434 1836 1480 foecunditas,
1869 1435 1913 1470 ut
1932 1443 1997 1470 se-

1039 1490 1143 1536 ptem
1167 1489 1207 1524 et
1232 1486 1398 1534 amplius
1419 1487 1563 1523 notarii
1584 1498 1653 1524 seu
1675 1496 1943 1525 amanuenses
1963 1485 1999 1521 ei

1039 1551 1108 1589 per
1125 1540 1229 1577 vices
1246 1539 1488 1585 assisterent,
1507 1539 1571 1587 qui
1589 1552 1688 1588 quae
1705 1540 1789 1588 ipse
1812 1538 2000 1582 dictabat,

1041 1593 1274 1630 scribebant.
1298 1592 1464 1629 Praeter
1484 1593 1730 1630 vastissimos
1753 1592 2002 1629 commenta-

1041 1646 1119 1682 rios
1148 1646 1186 1681 in
1217 1644 1426 1692 utriusque
1455 1644 1683 1693 Scripturae
1706 1645 1829 1682 libros
1848 1673 1857 1690 ,
1879 1642 2003 1680 edidit

1043 1698 1261 1734 Bibliorum
1291 1697 1479 1745 Tetrapla
1507 1699 1546 1734 et
1571 1697 1777 1745 Hexapla,
1798 1697 1867 1733 illa
1887 1697 2005 1732 erant

1045 1763 1112 1799 per
1139 1750 1313 1798 singulas
1342 1750 1507 1798 paginas
1534 1749 1723 1787 distincta
1742 1752 1916 1798 quatuor
1936 1760 2003 1784 co-

1045 1803 1187 1840 lumnis
1203 1831 1213 1848 ,
1244 1813 1412 1850 quarum
1446 1801 1490 1838 1a
1511 1802 1736 1839 versionem
1755 1801 1936 1849 Aquilae,
1956 1798 2004 1836 2²

1045 1854 1284 1904 Symmachi,
1305 1853 1351 1891 3a
1372 1854 1486 1891 LXX
1506 1855 1788 1902 Interpretum,
1808 1852 1856 1890 4²²
1873 1853 2006 1890 Theo-

1047 1907 1213 1945 dotionis
1242 1907 1471 1952 exhibebam
1498 1906 1677 1955 Hexapla
1704 1906 1905 1943 volumina
1926 1905 2008 1942 dis-

1048 1961 1199 1997 tributa
1220 1962 1334 1996 erant
1361 1959 1401 1995 in
1431 1970 1501 1996 sex
1532 1959 1756 2005 columnas,
1776 1968 1944 2006 quarum
1968 1956 2012 1993 1³

1051 2014 1202 2049 textum
1221 2012 1445 2049 Hebraeum
1460 2011 1605 2050 litteris
1621 2011 1827 2058 hebraicis,
1842 2010 2013 2048 eaeum-
2049 2011 2051 2013 ’

1097 2127 1107 2148 ¹
1126 2129 1240 2165 Butler,
1256 2128 1330 2158 ibid.
1346 2125 1386 2156 ⁶22
1404 2129 1481 2164 oct.;
1498 2127 1625 2158 Sandin.
1643 2126 1728 2166 ibid,
1750 2127 1923 2157 Urbanus.

1096 2167 1110 2188 ‘2
1125 2170 1259 2200 Adnotat
1281 2170 1366 2199 Bona
1383 2167 1477 2205 (Rer.
1495 2167 1665 2208 Limryic.
1685 2169 1703 2198 l.
1717 2169 1738 2205 I,
1755 2178 1780 2199 c.
1797 2167 1847 2204 ⁹25,
1863 2166 1879 2208 ἓ
1895 2166 1937 2206 2),
1952 2174 2015 2196 non

1055 2211 1126 2241 hinc
1142 2209 1348 2247 inserendum,
1366 2212 1396 2239 ut
1412 2209 1536 2248 quidam
1552 2218 1715 2248 perperam
1729 2209 1856 2243 faciunt,
1868 2212 1940 2238 tuuc
1954 2207 2015 2245 pri-

1054 2260 1136 2282 mum
1152 2260 1188 2281 ex
1205 2254 1336 2290 argento
1353 2258 1446 2279 cusos
1464 2250 1578 2280 calices
1596 2250 1701 2280 fuisse.
1717 2250 1793 2280 Nam
1807 2249 1909 2279 Liber
1922 2248 2013 2277 Pon-

1058 2292 1204 2332 tificalis
1221 2292 1323 2328 refert,
1340 2290 1411 2330 quid
1429 2290 1479 2320 ille
1496 2290 1611 2328 fecerit,
1627 2291 1702 2330 quid
1718 2299 1791 2321 vero
1809 2291 1847 2319 ab
1863 2288 1931 2319 aliis
1945 2292 2016 2318 ante

1056 2334 1156 2372 ipsum
1182 2333 1296 2363 factum
1320 2333 1371 2369 sit,
1393 2334 1423 2361 et
1445 2331 1558 2370 quibus
1583 2333 1665 2361 vasis
1688 2332 1735 2361 usi
1760 2331 1833 2368 sint,
1851 2339 1912 2360 non
1932 2329 2014 2359 dicit.

1057 2374 1226 2405 Concilium
1243 2373 1451 2409 Triburiense,
1468 2380 1517 2401 au.
1534 2371 1594 2402 895
1611 2372 1810 2409 celebratum,
1825 2380 1891 2401 can.
1911 2369 1949 2399 *18
1966 2369 2017 2398 De

1059 2415 1255 2446 Consecrat.
1280 2413 1410 2443 distinct.
1430 2413 1452 2449 1,
1469 2422 1495 2443 c.
1511 2412 1601 2443 Vasa
1617 2412 1657 2442 ,tt
1673 2413 1770 2450 (apud
1786 2412 1857 2442 Lab.
1876 2415 1895 2440 t.
1914 2411 1970 2448 tx,
1990 2415 2020 2440 et

1059 2456 1260 2491 Harduiuum,
1275 2455 1442 2492 t.Vl),haec
1456 2453 1562 2483 habet:
1573 2465 1584 2481 «
1595 2454 1694 2489 Vasa,
1709 2453 1749 2482 in
1763 2452 1887 2491 quibus
1900 2459 2018 2484 sacro-

1058 2501 1184 2528 sancta
1196 2495 1440 2535 conjiciuntur
1451 2494 1633 2534 Mysteria‚
1649 2493 1780 2524 Calices
1793 2497 1889 2527 sunt,
1904 2496 1934 2521 et
1947 2491 2016 2521 Pa-

1063 2543 1173 2568 tenae.
1196 2537 1247 2566 De
1269 2536 1395 2575 quibus
1417 2536 1596 2566 Bonit’acius
1614 2540 1759 2574 martyr
1775 2539 1807 2564 et
1822 2532 2014 2572 Episcopus

1061 2579 1314 2617 inte7'r09atus,
1330 2577 1355 2606 si
1372 2577 1477 2607 liceret
1493 2576 1524 2606 in
1541 2576 1675 2606 vasculis
1690 2575 1800 2614 ligneis
1816 2575 2016 2604 Sacramenta

1062 2617 1421 2656 conficere,7·esp0ndit:
1435 2617 1595 2653 Quondam
1609 2616 1787 2646 sacerdotes
1802 2614 1889 2645 aurei
1904 2614 2018 2653 ligneis

1062 2660 1211 2691 calicibus
1243 2661 1423 2695 utebantur,
1446 2667 1525 2687 nunc
1548 2667 1564 2687 e
1588 2660 1695 2686 contra
1717 2656 1812 2693 lignei
1835 2655 2018 2685 sacerdotes

1064 2701 1168 2731 aure1s
1181 2703 1306 2729 utuntur
1318 2699 1476 2729 calicibus.
1492 2697 1715 2738 Zeplzyrinus
1730 2695 1886 2727 decimus
1897 2700 2020 2725 sextus

1065 2743 1248 2772 Romanus
1271 2739 1462 2778 Episcopus
1480 2740 1599 2777 patenis
1616 2738 1720 2767 vitreis
1736 2737 1849 2767 Missas
1867 2736 2020 2767 celebrari

1065 2781 1261 2813 constituit.
1282 2781 1369 2811 Tum
1393 2779 1518 2811 deinde
1541 2779 1683 2809 Urbanus
1707 2777 1861 2808 decimus
1878 2783 2020 2808 octavus

1066 2823 1170 2862 Papa
1193 2823 1296 2852 omnia
1311 2821 1482 2851 ministeria
1498 2822 1622 2849 sacrata
1639 2819 1710 2849 fecit
1725 2821 1885 2858 argentea.
1902 2817 1948 2848 In
1963 2818 2024 2847 hoc

1067 2864 1173 2900 enim,
1196 2863 1290 2892 sicut
1311 2867 1345 2892 et
1367 2861 1407 2891 in
1423 2860 1572 2899 reliquis
1588 2859 1748 2896 cultibus,
1768 2859 1884 2898 mayis
1901 2864 1932 2888 et
1949 2868 2025 2888 ma-

1065 2905 1122 2945 yis
1134 2914 1201 2944 per
1217 2903 1438 2933 incrementa
1456 2907 1652 2940 temporum
1666 2901 1769 2931 decus
1781 2900 1953 2930 succrevit
1970 2899 2030 2929 Ec-

1069 2945 1301 2976 etesiarum».
1316 2944 1357 2972 De
1375 2943 1456 2972 vasis
1473 2941 1574 2971 sacris
1591 2941 1722 2980 aliisque
1739 2941 1779 2970 ad
1795 2941 1909 2971 Missae
1926 2940 2027 2970 sacri-

1070 2987 1170 3017 ficium
1187 2983 1408 3015 celebrandum
1424 2983 1610 3012 necessariis
1627 2983 1722 3012 multa
1738 2981 1874 3020 loquitur
1891 2980 2027 3011 Benedi-

1071 3030 1138 3059 ctus
1155 3026 1229 3061 XIV,
1246 3024 1296 3053 De
1314 3023 1498 3063 Sacrificio
1513 3022 1654 3061 Missae,
1667 3026 1740 3053 sect.
1757 3023 1780 3060 Ι,
1797 3031 1825 3052 n.
1842 3020 1892 3052 ⁶23.

1111 3067 1125 3088 3
1141 3066 1268 3101 Euseb.,
1295 3064 1382 3094 Hist.
1407 3063 1481 3095 eccl.
1497 3064 1515 3093 l.
1534 3064 1586 3101 Vl,
1601 3063 1657 3101 31;
1673 3073 1698 3094 S.
1715 3063 1837 3093 Hieron.
1859 3061 1970 3093 Catal.
1987 3061 2030 3091 Ex

1072 3107 1219 3146 operibus
1248 3105 1315 3135 tulii
1338 3104 1472 3135 Africani
1496 3107 1621 3143 praeter
1643 3104 1807 3143 epistolam
1830 3103 1868 3133 de
1891 3102 2029 3132 historia

1073 3149 1243 3182 Susmnac,
1267 3147 1384 3175 tantum
1406 3148 1572 3184 supersunt
1595 3145 1779 3185 fragmenta,
1802 3144 1873 3174 hinc
1897 3142 1969 3173 inde
1989 3142 2030 3172 ab

1075 3188 1208 3221 Eusebio
1225 3190 1254 3218 et
1271 3186 1340 3216 aliis
1357 3186 1497 3217 collecta.
