2241 3473
599 171 723 202 VSQUE
742 171 795 198 AD
815 169 1010 197 EXCIDIVM
1031 167 1186 196 IMPERII
1208 169 1487 199 ocelnEN'rALts

111 247 197 276 cum
217 235 348 273 Persis
369 246 462 284 pace
481 234 518 272 in
540 234 735 272 Orientem
755 233 970 277 adveniret,
990 233 1047 270 di-

111 300 246 328 versae
266 288 489 325 arianorum
510 288 695 325 factiones
714 288 795 325 eius
815 285 1047 324 benevolen-

112 343 207 380 tiam
228 345 386 390 captare
406 344 566 378 conatae
586 345 686 378 sunt.
709 341 792 389 Ipse
814 351 920 383 vero,
942 350 989 375 ne
1010 339 1047 374 iu

109 394 204 433 Fide
233 394 606 438 circumveniretur,
637 398 679 431 ut
699 393 921 430 Constantio
949 391 1048 427 obti-

108 449 233 496 gerat,
264 446 417 485 litteras
445 447 551 484 dedit
579 448 627 483 ad
657 457 840 494 magnum
868 444 1047 482 Athana-

107 500 227 545 sium,
249 502 395 537 rectam
425 500 636 538 catholicae
662 499 750 536 fidei
772 497 1046 547 expositionem

109 552 322 602 postulans.
345 554 590 602 Quapropter
609 564 637 589 s,
661 551 894 589 Athanasius
915 552 1049 587 coacta

107 605 372 644 Alexandriae
381 607 646 655 episcoporum
663 602 1048 653 synoncpistolam,

106 659 364 696 orthodoxam
398 659 514 696 fidem
543 660 581 695 et
596 657 813 695 Nicaenum
830 655 1046 706 symbolum

107 712 388 756 continentem,
408 713 456 749 ad
477 712 749 760 imperatorem
770 710 886 747 dedit.

160 765 304 802 Eodem
323 768 498 814 tempore
519 763 787 802 Macedoniani
809 775 876 800 seu
895 761 1046 799 Semia-

107 817 222 864 riani,
243 818 323 867 qui,
341 818 519 866 quamvis
536 828 670 854 vocem
685 816 1048 853 consubstantialis

108 871 274 908 necdum
297 871 570 914 admitterent,
591 872 723 907 tamen
743 869 884 906 Filium
908 880 1047 906 secun-

107 924 199 961 dum
223 924 482 962 substantiam
498 923 608 961 Patri
628 923 788 960 similem
811 921 1048 971 profiteban-

107 979 185 1022 tur,
207 977 366 1014 Ioviano
386 977 558 1014 libellum
580 976 818 1020 obtulerunt,
833 987 907 1024 quo
925 978 1048 1023 postu-

107 1029 256 1076 labant,
277 1032 320 1068 ut
339 1030 365 1067 ii
385 1031 451 1079 qui
470 1030 612 1067 Filium
633 1029 744 1066 Patri
760 1028 982 1066 dissimilem
999 1028 1049 1064 di-

107 1086 258 1128 cerent,
277 1096 326 1122 ex
345 1084 516 1121 ecclesiis
534 1082 787 1132 pellerentur,
817 1081 889 1130 ipsi
918 1084 1046 1118 autem

107 1147 174 1173 eas
194 1137 427 1186 acciperent.
448 1137 662 1185 Imperator
680 1135 766 1172 illos
800 1136 933 1172 reiecit
960 1146 1045 1171 cum

107 1189 179 1226 hoc
199 1201 402 1239 responso:
425 1203 447 1227 «
468 1190 550 1238 Ego
566 1189 849 1226 contentionem
866 1188 951 1225 odio
967 1199 1049 1236 pro-

106 1253 259 1292 sequor3
280 1254 344 1280 eos
365 1243 430 1292 qui
449 1243 676 1280 concordiae
697 1241 816 1279 dediti
835 1244 938 1287 sunt,
950 1253 1048 1278 com-

107 1295 256 1344 plector
275 1308 406 1334 amore
427 1307 667 1343 venerorque
687 1307 723 1332 ».

159 1350 326 1387 Aeacius
345 1350 613 1387 Caesareensis
633 1351 672 1386 et
691 1348 755 1397 qui
776 1359 864 1385 cum
893 1359 937 1384 eo
965 1359 1047 1384 sen-

106 1401 266 1449 tiebant,
292 1406 524 1449 metuentes,
544 1415 604 1447 ne,
625 1404 723 1451 quod
744 1401 816 1449 ipsi
834 1404 950 1438 antea
970 1402 1046 1438 Ca-

103 1455 257 1493 tholicis
278 1456 464 1501 fecerant,
479 1456 650 1493 ecclesiis
665 1455 744 1492 suis
759 1454 1009 1499 eiicerentur,
1024 1466 1046 1491 a

103 1508 263 1546 Meletio
279 1511 502 1559 patriarcha
517 1509 773 1554 Antiocheno,
789 1519 900 1556 quem
919 1508 965 1544 ab
981 1507 1046 1544 im-

104 1564 305 1610 peratore,
326 1566 409 1601 tum
428 1564 467 1600 in
489 1563 584 1600 urbe
604 1563 682 1600 ista
701 1569 861 1610 agente,
894 1572 1046 1598 summo

103 1616 142 1652 in
163 1617 286 1665 pretio
308 1616 444 1654 haberi
464 1617 673 1660 noverant,
692 1615 880 1664 synodum
909 1616 1044 1663 postu-

101 1667 247 1707 larunt.
269 1669 312 1706 In
332 1682 376 1708 ea
397 1670 564 1707 Aeacius
580 1671 619 1706 et
634 1668 699 1706 alii
714 1668 765 1705 :25
780 1667 947 1717 episcopi
961 1667 1044 1704 eius

103 1733 290 1770 sequaces
310 1735 386 1760 una
405 1735 494 1760 cum
513 1721 673 1760 Meletio
694 1721 831 1770 synodi
856 1721 1043 1769 praeside,

101 1786 196 1812 voce
216 1777 584 1814 consubstantialis
612 1778 651 1812 et
670 1774 843 1812 Nicaena
863 1774 937 1811 fide
969 1775 1041 1811 ad-

100 1828 227 1866 missis
243 1858 253 1875 ,
286 1830 464 1866 unionem
490 1841 576 1866 cum
596 1827 806 1865 Catholicis
825 1827 996 1864 inierunt
1017 1826 1039 1865 ¹.

100 1881 210 1919 Unde
230 1882 481 1920 manifestum
507 1884 591 1927 est,
622 1885 860 1929 quantopere
888 1881 1040 1918 sectarii

99 1934 148 1971 ad
168 1940 307 1972 nutum
329 1937 376 1973 ob
397 1935 631 1974 sententiam
652 1946 797 1979 eorum,
818 1934 885 1982 qui
910 1946 1038 1971 rerum

98 1987 360 2036 potiebantur,
381 2000 532 2038 semper
551 2000 592 2026 se
611 1987 767 2024 flectere
788 1987 891 2024 soliti
911 1988 1000 2025 sint.

148 2041 363 2080 Praeterea
390 2043 571 2080 Iovianus
599 2041 708 2078 illata
729 2052 752 2078 a
773 2040 922 2078 Iuliano
942 2041 1040 2079 reli-

95 2093 203 2141 gioni
222 2096 458 2134 christianae
476 2095 580 2133 mala
609 2094 835 2141 resarcivit3
861 2093 967 2143 leges
1000 2095 1039 2132 in

95 2145 200 2185 illius
222 2148 398 2186 favorem
417 2149 518 2187 latas
537 2151 576 2186 et
596 2148 644 2185 ab
665 2160 710 2184 eo
731 2148 953 2196 abrogatas,
974 2159 1038 2185 re—

95 2200 246 2248 stituit3
266 2203 352 2240 illos
372 2204 437 2251 qui
458 2202 566 2239 Fidei
582 2212 703 2238 causa
720 2201 758 2237 in
775 2201 936 2238 exilium
953 2200 1039 2238 fue-

94 2256 186 2292 rant
204 2256 329 2302 eiecti,
349 2257 565 2300 revocavit3
586 2265 720 2303 pacem
741 2254 936 2291 Ecclesiae
956 2256 1041 2292 red-

94 2306 203 2346 didit.
224 2309 268 2346 Id
289 2321 382 2346 vero
401 2309 628 2354 dolendum,
654 2309 755 2354 quod
775 2308 837 2345 hic
866 2308 1038 2357 impera-

94 2361 168 2406 tor,
189 2373 279 2400 cum
308 2362 517 2400 Antiochia
543 2360 733 2399 transiret
761 2361 1036 2399 Constantino-

94 2412 213 2461 polim
227 2444 237 2460 ,
264 2418 515 2465 praematura
550 2417 675 2452 morte
709 2414 883 2452 sublatus
920 2414 1038 2453 fuerit

94 2476 156 2504 an.
177 2468 268 2506 364.

146 2520 209 2558 38.
232 2521 394 2570 Synodz'
416 2523 672 2571 Gangrensis
690 2526 729 2560 et
745 2522 976 2559 Ladiocena
989 2544 1037 2549 ——

97 2574 156 2614 Ad
171 2574 266 2611 haec
281 2576 436 2613 circiter
444 2579 619 2624 tempora
634 2575 859 2613 referuntur
875 2587 898 2612 a
914 2575 1036 2624 pluri-

93 2628 165 2664 bus
195 2628 334 2676 synodi
368 2629 606 2678 Gangrensis
634 2629 673 2665 in
704 2628 971 2677 Paphlagonia
998 2632 1037 2666 et

92 2680 311 2718 Laodicena
329 2681 368 2718 in
390 2682 564 2731 Phrygia
584 2682 814 2727 Pacatiana,
836 2682 1036 2730 utriusque

93 2737 224 2771 tamen
246 2745 371 2772 annus
390 2735 563 2772 incertus
582 2738 651 2773 est.
674 2735 788 2773 Prior
807 2739 944 2772 coacta
963 2735 1037 2772 fuit

93 2787 277 2824 adversus
292 2787 537 2824 Eustathium
558 2789 776 2836 quemdam,
795 2800 864 2825 seu
885 2789 1034 2826 Eutac-

93 2841 192 2886 tum,
211 2844 254 2878 ut
273 2852 362 2877 eum
383 2842 497 2877 vocat
517 2841 706 2878 Baronius
723 2839 748 2878 ².
778 2841 846 2878 Ille
875 2842 1034 2890 nuptia-

94 2903 179 2929 rum
196 2894 449 2939 honestatem,
462 2894 649 2932 bonorum
664 2894 937 2942 temporalium
956 2907 1037 2943 pos-

94 2946 314 2993 sessionem,
333 2950 488 2995 recepta
508 2946 546 2983 in
566 2947 740 2984 Ecclesia
766 2947 923 2994 ieiunia,
952 2960 1037 2985 con-

94 3002 235 3037 ventus
263 3003 302 3037 et
334 3000 569 3046 oblationes,
598 3010 695 3047 quae
733 3001 780 3038 ad
813 3003 1032 3038 sanctorum

134 3124 191 3158 ¹S.
214 3127 358 3158 Athanas.
382 3126 413 3159 L.
431 3126 468 3158 de
490 3126 568 3159 Fide
590 3125 631 3157 ad
655 3126 786 3165 Ιουὶαη.;
810 3127 926 3159 socrat.
945 3128 963 3160 1.
981 3128 1033 3167 111,

95 3175 120 3198 c.
143 3166 262 3207 22-253
279 3169 437 3200 Sozomen.
454 3169 472 3200 l.
495 3170 538 3208 Vl,
556 3178 577 3200 c.
598 3167 665 3199 4-5,

134 3206 150 3229 ‘²
166 3209 211 3240 Ad
227 3218 277 3241 an.
294 3209 363 3242 319.

1891 161 1966 199 105

1091 236 1313 282 martyrum
1334 236 1539 273 memorias
1559 233 1868 279 celebrabantur,
1880 233 2032 284 aliaque

1091 286 1354 335 impugnabat.
1372 289 1520 326 Conditi
1537 289 1628 326 sunt
1645 287 1685 324 in
1706 287 1776 323 hac
1796 287 1942 335 synodo
1963 300 2031 325 ca-

1092 351 1209 376 nones
1225 341 1286 386 20,
1307 342 1444 389 quibus
1461 341 1569 379 avita
1583 345 1622 378 ct
1635 342 1743 378 recta
1758 340 1932 377 doctrina
1947 352 2032 378 con-

1092 391 1264 439 firmata,
1284 398 1324 431 ct
1343 396 1535 432 novitates
1555 395 1587 432 ei
1609 393 1804 443 oppositae
1824 394 2030 431 damnatae

1090 448 1179 482 suut
1201 446 1227 483 ¹.

1145 497 1187 534 In
1210 499 1431 537 Laodicena
1446 501 1592 548 synodo
1607 499 1744 537 sanciti
1760 500 1850 536 sunt
1865 510 2032 538 canones

1090 549 1152 596 60,
1164 551 1302 598 quibus
1318 552 1433 600 plura
1450 553 1601 591 utiliter
1615 555 1764 591 statuta
1778 552 1888 590 fuere
1899 552 1945 590 de
1956 565 2033 590 mo-

1091 602 1136 639 do
1158 604 1366 652 recipiendi
1390 606 1594 643 redeuntes
1617 607 1664 643 ab
1686 606 1883 645 haeretica
1902 607 2032 654 pravi-

1090 658 1183 701 tate,
1206 657 1253 693 (le
1272 658 1392 694 sacris
1412 658 1742 704 Ordinationibus,
1763 659 1810 695 de
1839 659 2031 696 Christia-

1091 721 1227 746 norum
1248 710 1448 759 coniugiis,
1469 712 1514 748 de
1535 711 1764 748 clericorum
1783 712 1969 758 moribus,
1986 713 2032 750 de

1091 762 1230 800 divinis
1250 763 1384 801 officiis
1399 763 1598 812 aliisque2.
1623 764 1754 801 Canon
1776 766 1936 803 ultimus
1947 777 2033 802 con-

1090 815 1189 853 tinet
1208 828 1256 854 ss.
1278 816 1483 854 Librorum
1503 817 1666 854 indicem
1683 847 1692 863 ‚
1720 817 1757 854 in
1779 830 1855 866 quo
1875 830 1896 855 e
1915 819 1963 856 V.
1985 819 2029 856 T.

1090 868 1115 905 ii
1135 871 1287 906 tantum
1309 873 1565 908 numerantur
1579 899 1588 916 ,
1608 871 1672 918 qui
1693 870 1732 906 in
1762 871 2029 908 Hebraeorum

1091 933 1238 959 canone
1258 934 1339 960 esse
1361 924 1618 971 putabantur3
1640 935 1660 959 e
1679 923 1729 961 N.
1750 924 1795 961 T.
1830 925 1946 961 iidem
1974 936 2031 961 re-

1090 979 1310 1021 censentur,
1327 987 1422 1024 quos
1441 976 1714 1013 Tridentinum
1734 977 1938 1014 concilium
1955 990 2029 1015 nu-

1089 1031 1234 1074 merat,
1268 1031 1431 1077 excepto
1460 1029 1559 1066 libro
1588 1029 1899 1078 Apoealypseos;
1928 1031 2029 1068 ratio

1090 1084 1161 1127 est,
1182 1082 1283 1130 quod
1304 1083 1350 1119 de
1371 1082 1453 1119 istis
1473 1082 1600 1127 libris,
1620 1083 1660 1119 in
1682 1082 1753 1119 hoc
1773 1083 1896 1120 indice
1915 1095 2030 1132 prae-

1088 1135 1287 1182 termissis,
1308 1136 1346 1172 in
1366 1135 1600 1184 quibusdam
1618 1134 1791 1173 ecclesiis
1811 1136 1938 1173 adhuc
1953 1149 2028 1174 ex-

1088 1190 1193 1224 taret
1211 1188 1343 1236 aliqua
1362 1189 1565 1234 dubitatio,
1586 1200 1685 1237 quae
1705 1190 1852 1237 postea,
1870 1190 1934 1226 ubi
1955 1202 2031 1227 me-

1088 1240 1163 1278 lius
1182 1241 1255 1278 hac
1275 1244 1313 1278 in
1335 1253 1375 1279 re
1395 1242 1442 1278 de
1471 1242 1669 1279 Ecclesiae
1697 1242 1906 1280 traditione
1935 1254 2029 1280 con-

1087 1294 1200 1339 stitit,
1220 1294 1375 1332 sublata
1393 1295 1481 1333 fuit.

1141 1348 1203 1385 39.
1220 1348 1425 1385 Ecclesiae
1441 1353 1573 1385 status
1588 1348 1661 1386 sub
1682 1349 1976 1387 Valentiniano
1992 1355 2031 1386 ct

1099 1400 1262 1438 Valente
1281 1400 1366 1451 (cm.
1386 1401 1759 1451 &ian—Exstincto
1779 1402 1937 1439 Ioviano
1956 1402 2030 1439 im-

1088 1455 1239 1502 perium
1258 1466 1394 1492 rursus
1413 1454 1580 1492 divisum
1609 1456 1695 1493 fuit.
1730 1455 2029 1493 Valentinianus

1089 1508 1126 1543 in
1148 1507 1355 1546 Occidente
1372 1538 1380 1554 ,
1403 1508 1548 1545 Valens
1570 1508 1693 1547 frater
1713 1509 1795 1546 eius
1814 1508 1854 1545 in
1874 1508 2030 1547 Oriente

1087 1560 1315 1609 imperavit3
1336 1561 1398 1598 hic
1418 1562 1771 1611 Constantinopoli,
1791 1561 1856 1598 ille
1878 1561 2028 1599 Medio-

1085 1613 1166 1651 lani
1184 1614 1336 1662 imperii
1355 1615 1483 1652 sedem
1503 1615 1642 1664 posuit.
1662 1616 1786 1653 Ambo
1815 1614 2027 1663 imperato-

1086 1678 1149 1704 res
1169 1672 1208 1704 et
1226 1667 1414 1716 religione
1433 1670 1472 1705 et
1491 1668 1663 1707 moribus
1682 1670 1795 1706 erant
1809 1668 2026 1706 dissimiles.

1086 1720 1383 1758 Valentinianus
1417 1721 1628 1759 catholicae
1666 1721 1755 1759 fidei
1793 1721 2027 1770 professione

1085 1773 1246 1819 claruit3
1274 1774 1435 1823 pacifica
1457 1777 1584 1812 tamen
1607 1775 1771 1812 aliorum
1791 1774 1966 1812 cultuum
1983 1788 2027 1813 e-

1085 1827 1248 1864 xercitia
1264 1827 1523 1865 toleravit.Ab
1539 1828 1725 1877 episcopis
1746 1828 2027 1876 interpellatus,

1086 1892 1177 1916 num
1195 1880 1265 1917 sibi
1286 1881 1334 1917 ad
1353 1881 1588 1918 dirimendas
1608 1882 1720 1919 Fidei
1740 1881 2026 1919 controversias

1083 1933 1289 1970 convenire
1305 1933 1455 1980 liceret,
1470 1935 1686 1972 rectissime
1702 1934 1910 1983 respondit:
1925 1946 1946 1971 «
1957 1935 2028 1972 Mi-

1083 1986 1121 2022 hi
1143 1986 1294 2035 quidem
1315 1988 1354 2023 in
1374 1987 1708 2025 laicorumordine
1725 1988 1949 2033 constitutO,
1967 1987 2025 2026 fas

1084 2051 1158 2076 non
1180 2042 1238 2076 est
1256 2039 1476 2078 huiusmodi
1496 2041 1653 2090 negotia
1672 2041 1864 2078 curiosius
1883 2044 2028 2079 scruta-

1085 2093 1127 2130 ri.
1144 2093 1370 2131 Sacerdotes
1390 2094 1645 2142 vero,quibus
1660 2095 1699 2132 id
1712 2106 1827 2132 curae
1848 2096 1918 2139 est,
1928 2106 2026 2132 seor-

1081 2158 1167 2183 sum
1202 2146 1435 2195 ubicumque
1469 2147 1679 2193 voluerint,
1713 2148 1948 2185 conveniant
1963 2147 2024 2186 3».

1083 2199 1326 2248 Quapropter
1345 2200 1384 2237 in
1404 2200 1623 2246 Occidente,
1635 2201 1848 2238 catholicae
1863 2201 1950 2238 fidei
1965 2202 2027 2238 de-

1082 2252 1253 2290 fensione
1282 2254 1330 2291 ab
1368 2253 1547 2291 omnibus
1581 2254 1852 2292 vexationibus
1880 2255 2025 2292 libera-

1081 2308 1135 2350 ta,
1150 2306 1382 2344 arianismus
1402 2319 1497 2355 pene
1518 2308 1713 2345 extinctus
1727 2310 1797 2345 est.
1814 2307 1969 2354 Contra,
1983 2308 2023 2344 in

1081 2359 1238 2396 Oriente
1262 2360 1421 2406 Valens,
1449 2372 1473 2397 a
1493 2361 1656 2410 coniuge
1675 2373 1747 2398 sua
1767 2361 1900 2398 ariana
1919 2363 1957 2398 et
1977 2361 2024 2398 ab

1081 2412 1258 2449 Eudoxio
1274 2413 1449 2462 episeopo
1459 2414 1525 2462 Cp.
1537 2414 1836 2460 circumventus,
1852 2415 1899 2451 ab
1916 2414 2024 2450 initio

1080 2465 1180 2503 favit
1190 2466 1345 2504 Arianis
1360 2469 1399 2504 et
1410 2467 1564 2515 quidem
1576 2468 1795 2513 Anomaeis,
1807 2467 1873 2515 qui
1883 2467 2024 2504 Filium

1082 2519 1189 2556 Patri
1210 2519 1437 2557 dissimilem
1462 2520 1643 2558 dicebant
1658 2551 1668 2567 ,
1688 2521 1802 2558 aliter
1821 2531 1914 2557 vero
1934 2532 2022 2557 sen-

1081 2572 1236 2619 tientes,
1256 2574 1423 2611 maxime
1444 2573 1677 2620 Catholicos,
1698 2573 1871 2622 graviter
1889 2585 2023 2622 perse-

1079 2628 1192 2663 cutus
1213 2629 1283 2663 est.

1131 2678 1193 2716 40.
1227 2679 1488 2717 Scmz'arz'am'
1513 2681 1739 2717 Na‘eaenam
1767 2679 1888 2728 fidem
1915 2681 2022 2717 rcci-

1074 2733 1204 2781 piunt
1216 2755 1267 2759 ——
1279 2733 1457 2770 Diximus
1470 2763 1479 2779 ,
1500 2733 1684 2771 Acacium
1699 2732 1868 2780 aliosque
1888 2745 2023 2770 vocem

1077 2786 1442 2822 consubstantialis
1466 2788 1504 2822 et
1523 2786 1736 2823 Nicaenam
1755 2785 1869 2822 fidem
1894 2786 2021 2823 admi-

1077 2839 1308 2887 sisse,atque
1323 2839 1372 2876 ad
1391 2839 1565 2875 unionem
1582 2850 1668 2875 cum
1686 2838 1884 2876 catholicis
1899 2843 2022 2877 trans-

1077 2892 1178 2929 iisse.
1200 2892 1344 2929 Eorum
1374 2891 1593 2939 exemplum
1616 2892 1686 2929 sub
1701 2891 1921 2941 principatu
1937 2893 2021 2930 Va-

1076 2945 1190 2984 lentis
1216 2945 1336 2982 secuti
1371 2946 1460 2982 sunt
1487 2944 1732 2982 Semiariani.
1762 2945 1890 2987 Quum
1919 2946 2020 2983 enim

1118 3089 1127 3111 ¹
1145 3089 1256 3128 Labbc,
1276 3088 1392 3121 Concil.
1412 3092 1430 3119 t.
1448 3090 1482 3126 Π,
1498 3099 1527 3129 p.
1543 3088 1611 3120 4111.

1117 3131 1131 3152 ‘2
1146 3131 1222 3162 ibid.
1247 3136 1265 3161 t.
1289 3132 1311 3169 Ι,
1335 3140 1362 3170 p.
1389 3129 1475 3162 1495.
1493 3132 1576 3162 Hanc
1595 3131 1746 3171 synodum
1763 3134 1832 3162 ante
1846 3132 2012 3164 Nicaenam

1077 3173 1170 3204 fuisse
1186 3172 1383 3210 celebratam,
1399 3172 1475 3202 falso
1492 3176 1635 3204 asserunt
1650 3174 1802 3204 Baronius
1820 3175 1849 3204 et
1861 3174 1978 3205 Binius.

1117 3214 1131 3235 3
1147 3214 1316 3251 Sozomen,
1331 3213 1350 3244 1.
1367 3214 1413 3252 Vl,
1429 3222 1456 3245 c.
1470 3214 1499 3244 .7.
