2241 3473
726 141 862 171 stvs
882 141 935 169 An
955 141 1239 169 PRAESENTEM
1261 143 1466 171 AETATEM
1933 129 2010 168 379

131 210 335 258 caliginem
350 222 534 248 serenum
550 211 726 248 omnibus
741 211 897 249 unionis
910 216 1068 259 optatae

129 263 242 300 iubar
259 264 504 302 illucescat».
524 266 685 302 Interim
704 265 876 307 Litteris,
897 264 988 300 Iam
1006 276 1068 300 cos

129 328 267 355 omnes,
300 317 393 355 Pius
422 319 484 356 die
504 320 546 356 13
563 319 797 366 septembris
818 318 907 356 1868
936 318 1069 355 Prote-

127 374 278 408 stantes
312 372 484 420 aliosque
519 372 760 408 acatholicos
786 372 848 419 qui
874 385 893 406 <t
913 372 1066 408 etiamsi

126 423 293 460 eundem
321 425 447 462 lesum
462 426 659 462 Christum
685 425 807 461 veluti
835 425 1068 470 Redempto-

127 488 211 514 rem
226 488 458 525 agnoscunt,
474 485 512 516 et
531 479 568 514 in
585 479 798 514 christiano
819 478 972 514 nomine
988 479 1067 525 glo—

127 530 290 575 rientur,
312 539 444 569 tamen
463 544 599 569 veram
624 532 741 569 fidem
757 531 858 566 haud
886 532 1066 578 profiten-

125 587 202 627 tur,
217 597 342 634 neque
370 587 584 623 catholicae.
605 585 806 622 Ecclesiae
827 589 1067 621 communio-

126 649 216 674 nem
231 647 445 686 sequuntur
461 653 496 682 2,
524 641 672 676 monuit
690 644 730 675 et
745 638 978 681 obsecravit,
997 644 1066 675 «ut

122 692 227 727 serio
247 694 498 730 considerare
519 699 557 729 et
584 692 902 728 animadvertere
928 692 1064 735 velint,

122 756 215 780 num
249 746 321 792 ipsi
340 748 445 782 viam
473 747 520 782 ab
541 745 677 783 eodem
711 745 865 782 Christo
901 745 1064 780 Domino

121 800 409 847 praescriptam
441 805 655 842 sectentur,
675 809 773 845 quae
793 798 840 834 ad
860 803 1062 834 aeternam

123 851 226 888 ducit
242 853 407 890 salutem
425 866 456 888 ›.
476 856 602 901 Atque
619 864 687 889 eos
702 852 879 888 hortatus
899 856 959 888 est
985 865 1003 886 «
1024 856 1065 888 ut

123 907 370 943 occasionem
387 908 678 954 amplectantur
694 906 974 944 huiusConcilii
990 917 1062 953 quo

122 959 302 996 Ecclesia
326 961 532 1003 catholica,
558 961 618 996 cui
645 971 781 996 eorum
806 960 978 996 maiores
1000 959 1062 994 ad-

120 1014 254 1060 scripti
272 1019 399 1058 erant,
426 1025 569 1050 novum
597 1014 757 1049 intimae
783 1013 945 1048 unitatis
971 1017 1010 1049 et
1037 1014 1062 1049 i-

121 1069 419 1115 nexpugnabilis
437 1069 567 1104 vitalis
584 1068 643 1104 sui
662 1067 813 1103 roboris
827 1067 991 1119 exhibet>
1003 1078 1065 1103 ar-

119 1129 362 1168 gumentum,
378 1134 425 1159 ac
450 1122 673 1169 indigentiis
692 1132 826 1158 eorum
856 1121 983 1157 cordis
1002 1133 1060 1158 re—

118 1177 370 1224 spondentes,
383 1177 431 1213 ab
451 1188 496 1213 eo
511 1183 614 1212 statu
634 1188 674 1212 se
691 1176 847 1223 eripere
861 1174 1060 1218 studeant,

119 1231 157 1266 in
185 1243 258 1279 quo
283 1231 330 1268 de
364 1231 523 1278 propria
548 1230 674 1266 salute
708 1229 836 1265 securi
864 1241 951 1266 esse
984 1240 1060 1264 non

117 1290 331 1332 possunt».
370 1285 447 1322 Sed
481 1284 680 1320 Pontificis
718 1283 988 1321 invitationem
1021 1288 1059 1320 et

116 1338 378 1376 hortationem
404 1338 645 1376 schismatici
663 1338 716 1374 illi
735 1342 849 1385 atque
868 1338 1060 1374 haeretici

115 1398 351 1440 spreverunt
379 1404 425 1429 ac
452 1393 689 1429 reiecerunt.

162 1446 310 1483 Verum
348 1447 474 1489 enim,
510 1457 581 1493 per
607 1444 880 1492 ephemerides
911 1445 1058 1480 Doctor

113 1499 336 1547 Cumming,
353 1501 505 1541 Scotus,
526 1499 574 1535 ab
592 1499 766 1535 Henrico
785 1498 966 1534 Eduardo
986 1499 1056 1533 Ar-

114 1553 363 1601 chiepiscopo
374 1551 811 1593 XVestmonasteriensi,
832 1563 922 1587 num
950 1551 987 1586 in
1002 1551 1057 1587 fu-

114 1611 200 1642 turo
226 1607 402 1643 Concilio
436 1605 711 1641 dissidentibus
740 1605 907 1640 facultas
940 1604 1056 1641 fieret

113 1670 161 1695 ea
178 1659 403 1706 proferendi
417 1664 667 1706 argumenta,
681 1669 779 1705 quae
799 1669 892 1694 suae
908 1658 1055 1704 opinio-

112 1712 150 1747 ni
175 1713 388 1759 suffragari
416 1712 725 1753 arbitrabantur,
753 1711 956 1758 quaesivit.
983 1712 1054 1746 Ar-

110 1765 380 1813 chiepiscopus
398 1764 610 1813 respondit,
629 1764 666 1800 id
685 1776 708 1800 a
725 1765 904 1800 Romano
925 1765 1054 1801 Ponti-

107 1818 181 1855 fice
195 1830 282 1855 esse
300 1818 603 1862 decernendum,
619 1818 776 1865 ipseque
796 1818 867 1853 hac
882 1818 929 1855 de
945 1831 987 1855 re
1005 1819 1053 1854 ad

109 1871 222 1908 Pium
248 1873 416 1920 scripsit.
452 1872 632 1907 Pontifex
666 1883 734 1918 per
770 1872 985 1918 Epistolam
1013 1873 1052 1907 in

108 1925 238 1962 forma
263 1926 401 1962 Breuis
419 1926 726 1972 Archiepiscopo
746 1925 808 1960 die
833 1926 856 1961 4
883 1930 1052 1973 septem-

108 1979 187 2015 bris
206 1980 297 2016 1869
314 1981 371 2016 sic
390 1981 580 2026 reposuit:
602 1979 673 2015 «Si
692 1980 954 2026 postulantem
974 1992 1050 2015 non

108 2032 204 2069 latet
236 2033 518 2069 catholicorum
553 2032 649 2068 fides
681 2032 727 2068 de
763 2033 993 2079 magisterio
1028 2045 1051 2070 a

107 2086 248 2122 Divino
264 2088 471 2123 Salvatore
490 2087 699 2123 commisso
719 2087 922 2124 Ecclesiae
939 2099 1047 2132 suae,

107 2145 148 2177 et
165 2140 211 2177 de
229 2141 341 2177 huius
368 2141 644 2177 infallibilitate
669 2146 882 2188 propterea
901 2141 939 2176 in
959 2142 1048 2178 defi-

108 2195 261 2231 niendis
279 2195 568 2242 quaestionibus
594 2194 639 2230 de
667 2194 850 2241 dogmate
876 2200 915 2231 et
933 2196 1049 2231 mori-

89 2247 190 2292 ·bus,
217 2248 396 2284 dubitare
424 2248 616 2295 nequibit,
645 2248 734 2295 quin
762 2248 939 2284 Ecclesia
966 2250 1049 2296 ipsa

105 2301 188 2347 pati
203 2313 279 2337 non
297 2302 451 2346 debeat,
478 2303 660 2338 revocari
687 2313 842 2337 rursum
869 2302 907 2338 in
927 2303 1049 2340 disce—

105 2355 323 2401 ptationem
350 2367 509 2392 errores
526 2385 535 2399 ,
563 2366 656 2402 quas
682 2354 815 2391 sedulo
843 2357 1046 2402 expendit,

106 2408 294 2445 iudicavit
326 2415 367 2446 et
398 2409 624 2453 damnavit;
663 2409 761 2456 quod
802 2410 1045 2447 notificatum

104 2462 176 2497 fuit
195 2463 234 2498 in
252 2463 391 2499 litteris
410 2463 629 2510 Encyclicis
654 2463 731 2499 diei
751 2462 795 2499 13
813 2465 1047 2508 septembris

105 2515 194 2553 1868
212 2530 246 2552 a.

149 2571 339 2611 Attamen
368 2571 513 2618 aliquot
542 2583 563 2607 e
595 2571 915 2608 dissentientibus
945 2571 1044 2609 haec

104 2624 189 2672 ipsa
205 2625 329 2661 verba
346 2625 401 2660 ita
419 2625 711 2668 intellexerunt,
727 2630 769 2661 ut
794 2637 951 2661 omnem
971 2627 1042 2662 sibi

103 2680 350 2726 praeclusam
377 2679 647 2715 existimarent
660 2680 763 2715 viam
780 2678 828 2714 ad
847 2690 1042 2726 exponen—

102 2733 171 2770 das
187 2733 453 2777 difficultates,
479 2734 614 2780 quibus
647 2733 885 2777 detinentur,
920 2728 968 2770 ne
993 2735 1041 2771 ad

101 2788 314 2825 catholicas
340 2794 472 2835 partes
490 2787 738 2831 accederent,
762 2788 1038 2835 interceptum-

101 2856 175 2892 que
192 2845 263 2881 sibi
278 2844 404 2881 ferme
418 2847 624 2880 censerent
639 2843 687 2878 ad
702 2843 922 2878 Romanum
940 2842 1040 2879 Pon-

102 2899 248 2935 tificem
274 2899 436 2935 aditum.
453 2898 586 2938 Quare
614 2896 706 2932 Pius
726 2896 796 2942 Pp.
818 2897 871 2932 IX
891 2897 959 2932 sub
976 2898 1038 2935 die

102 2954 147 2992 30
165 2954 334 2990 octobris
361 2953 451 2990 1869
481 2951 552 2998 ipsi
582 2950 894 2997 Archiepiscopo
909 2950 1039 2987 &Vest-

100 3007 402 3044 monasteriensi
429 3006 545 3042 aliam
565 3004 781 3051 Epistolam
808 3004 980 3051 scripsit,
1000 3005 1037 3040 in

98 3073 174 3110 qua
191 3061 366 3098 dicebat:
389 3060 501 3095 «Nos
527 3058 619 3093 nihil
638 3057 738 3093 votis
755 3057 1038 3095 incensioribus

98 3120 328 3162 expetamus
347 3142 355 3156 ,
391 3124 505 3160 quam
539 3116 583 3148 ut
622 3112 836 3148 revertenti
882 3112 1039 3148 cuilibet

98 3172 264 3216 paterno
290 3168 434 3204 affectu
462 3165 623 3202 brachia
652 3165 888 3211 protendere
919 3165 1037 3212 possi-

98 3233 197 3258 mus.
217 3221 302 3258 Nec
328 3231 496 3267 unquam
525 3223 632 3256 certe
659 3218 853 3255 silentium
880 3218 955 3254 illis
980 3219 1042 3254 inm

1121 212 1251 249 dicere
1277 214 1473 250 voluimus
1498 213 1584 261 qui,
1601 221 1725 261 prava
1741 210 1984 248 institutione
2003 212 2065 248 de-

1123 267 1238 314 cepti,
1262 272 1518 316 putantesque
1545 278 1586 303 se
1614 269 1720 302 recte
1737 264 1900 306 sentire,
1920 263 2065 300 dissen-

1122 331 1208 356 sum
1227 333 1339 358 suum
1359 332 1382 357 a
1398 320 1520 356 Nobis
1538 319 1677 356 validis
1696 317 1806 354 inniti
1823 317 2066 364 argumentis

1121 374 1382 418 arbitrentur,
1413 385 1510 421 quae
1538 377 1750 421 propterea
1776 382 1800 408 a
1825 369 2067 418 sapientibus

1122 428 1450 475 prudentibusque
1486 427 1590 463 serio
1625 425 1791 473 expendi
1825 423 2064 461 desiderent.

1120 481 1230 517 Licet
1256 481 1359 517 enim
1402 480 1437 516 id
1471 480 1558 516 fieri
1585 482 1754 527 nequeat
1795 477 1833 513 in
1877 476 2065 520 Concilio,

1119 534 1190 569 viri
1220 539 1349 570 tamen
1369 533 1591 569 divinarum
1613 543 1745 569 rerum
1767 530 1881 580 periti
1901 541 1924 566 a
1942 529 2064 565 Nobis

1118 586 1344 634 designandi
1371 587 1464 633 ipsis
1491 597 1567 622 non
1596 586 1774 628 deerunt,
1794 584 1931 632 quibus
1958 594 2063 620 men-

1119 644 1195 676 tem
1224 652 1333 677 suam
1361 640 1517 688 aperire
1538 640 1698 687 possint.
1722 640 1928 685 omniaque
1948 637 2065 674 ratio-

1118 705 1207 728 num
1235 699 1438 730 momenta
1456 693 1681 730 sententiae
1704 703 1797 728 suae
1817 692 1981 728 fidenter
1999 702 2064 728 ex-

1121 758 1282 793 ponere,
1308 752 1363 791 ut,
1381 759 1432 784 ex
1458 748 1540 795 ipso
1567 745 1874 794 disceptationis,
1892 745 1974 781 solo
1999 755 2064 780 ve·

1117 801 1244 837 ritatis
1263 800 1532 848 assequendae
1550 800 1678 836 studio
1698 800 1912 842 institutae,
1932 797 2064 834 confli-

1117 856 1198 895 ctu,
1216 854 1389 890 uberiori
1416 854 1501 890 luce
1531 852 1710 901 perfundi
1730 852 1903 895 valeant,
1922 862 1998 898 qua
2015 849 2064 887 ad

1119 906 1224 942 illam
1251 907 1518 955 perducantur
1535 920 1569 941 2).

1163 960 1224 996 Ad
1239 971 1286 997 ea
1301 961 1576 1008 praeparanda
1601 971 1698 1007 quae
1725 959 1761 994 in
1782 959 1956 996 Concilio
1976 969 2063 1005 per-

1119 1015 1324 1050 tractanda
1343 1019 1471 1058 erant,
1489 1015 1673 1050 Summus
1692 1012 1875 1049 Pontifex
1892 1012 2061 1058 theologi

1115 1081 1162 1105 ex
1181 1069 1309 1112 Italia,
1328 1069 1472 1111 Gallia,
1499 1066 1727 1110 Germania,
1746 1066 1900 1112 Belgio,
1925 1066 2060 1112 Hispa-

1115 1123 1179 1158 nia
1209 1122 1371 1168 aliisque
1399 1121 1602 1157 Ecclesiae
1630 1119 1842 1167 provinciis
1871 1130 2060 1155 convoca-

1114 1181 1242 1220 verat,
1262 1178 1325 1223 qui
1349 1187 1427 1212 una
1446 1187 1534 1212 cum
1554 1174 1746 1221 theologis
1772 1174 1961 1209 Romanis
1982 1185 2059 1210 ma-

1113 1241 1191 1277 gna
1217 1242 1306 1266 cum
1338 1229 1597 1266 sollicitudine
1633 1239 1797 1264 munere
1827 1228 1922 1274 ipsis
1956 1239 2059 1264 com·

1111 1284 1227 1320 misso
1256 1283 1379 1319 functi
1406 1287 1512 1319 sunt.
1540 1282 1601 1318 Ne
1627 1293 1724 1318 vero
1752 1281 1864 1328 operi
1890 1286 1970 1317 tam
1997 1292 2058 1317 ar-

1109 1337 1182 1373 duo
1212 1338 1385 1384 tantique
1413 1336 1604 1373 momenti
1623 1335 1778 1372 deesset
1802 1335 2058 1382 Omnipoten-

1111 1391 1157 1426 tis
1184 1391 1373 1428 dexterae
1405 1390 1591 1427 auxilium
1624 1393 1664 1426 et
1691 1388 1860 1425 coeleste
1894 1388 2026 1425 lumen
2049 1417 2057 1433 ,

1108 1445 1248 1481 litteris
1265 1445 1394 1481 Nemo
1413 1445 1516 1480 certe
1548 1443 1722 1491 ignorat,
1754 1442 1816 1479 die
1847 1442 1889 1478 11
1922 1443 2058 1490 aprilis

1109 1509 1172 1534 an.
1202 1499 1311 1543 1869,
1344 1499 1436 1535 Pius
1466 1509 1606 1546 preces
1637 1496 1811 1545 publicas
1837 1496 1988 1541 indixit,
2017 1502 2057 1534 et

1107 1552 1298 1589 caelestes
1325 1551 1660 1600 indulgentiarum
1687 1548 1893 1586 thesauros
1908 1550 2052 1588 Christi

1105 1605 1282 1642 fidelibus
1311 1606 1524 1642 reseravit.

1154 1660 1223 1696 Die
1251 1660 1295 1696 27
1321 1671 1411 1695 nov.
1440 1659 1533 1696 1869
1560 1658 1664 1694 idem
1690 1657 1874 1694 Pontifex
1900 1657 2052 1695 litteras

1104 1714 1355 1760 Apostolicas
1373 1713 1492 1756 dedit,
1512 1713 1648 1760 quibus
1667 1710 1773 1747 Ordo
1792 1712 1990 1757 generalis
2012 1713 2050 1748 in

1104 1767 1355 1803 Sacrosancti
1381 1766 1545 1804 Concilii
1570 1765 1754 1801 Vaticani
1786 1764 2049 1802 celebratione

1103 1820 1319 1857 servandus
1346 1819 1672 1856 constituebatur.
1696 1819 1737 1854 In
1764 1818 1822 1854 his
1848 1819 1893 1854 Im
1932 1825 2049 1867 caput

1103 1874 1186 1921 agit
1212 1875 1257 1910 de
1286 1873 1400 1910 modo
1426 1873 1585 1910 vivendi
1610 1873 1649 1908 in
1675 1872 1848 1910 Concilio
1865 1901 1874 1915 ‚
1902 1873 1964 1909 11m
1999 1873 2046 1910 de

1102 1928 1187 1964 iure
1214 1932 1253 1964 et
1279 1927 1393 1963 modo
1422 1926 1677 1974 proponendi,
1705 1927 1785 1962 111m
1820 1925 1867 1962 de
1892 1930 2046 1964 secreto

1101 1981 1295 2018 servando
1331 1981 1370 2016 in
1395 1981 1597 2024 Concilio,
1633 1980 1715 2016 IVm
1736 1979 1783 2016 de
1818 1979 1955 2016 ordine
1988 1992 2046 2017 se—

1101 2034 1242 2078 dendi,
1270 2040 1311 2071 et
1335 2034 1382 2070 de
1409 2046 1484 2070 non
1515 2033 1719 2070 inferendo
1747 2033 1863 2070 alicui
1893 2034 2048 2080 praeiu-

1101 2089 1216 2132 dicio,
1235 2089 1299 2122 Vm
1315 2088 1361 2124 de
1381 2088 1569 2124 iudicibus
1584 2087 1883 2124 excusationum
1895 2091 1935 2123 et
1953 2099 2044 2135 que-

1102 2143 1288 2185 relarum,
1309 2142 1395 2177 Vim
1415 2141 1462 2178 de
1489 2141 1717 2177 officialibus
1743 2141 1923 2184 Concilii‚
1943 2141 2044 2177 VIIm

1099 2196 1146 2233 de
1173 2196 1558 2244 Congregationibus
1584 2195 1837 2242 generalibus
1863 2194 2042 2239 Patrum,

1101 2250 1219 2286 Vlllm
1239 2250 1286 2286 de
1313 2249 1560 2287 Sessionibus
1579 2248 1758 2296 publicis,
1784 2248 1874 2283 le
1891 2247 1937 2284 de
1966 2259 2041 2284 non

1099 2303 1332 2340 discedendo
1358 2315 1382 2339 a
1408 2303 1598 2347 Concilio,
1625 2302 1699 2338 Xm
1721 2300 1913 2337 Indultum
1937 2302 2045 2348 Apo-

1098 2357 1278 2393 stolicum
1298 2357 1344 2394 de
1364 2368 1442 2392 non
1462 2356 1678 2393 residentia
1696 2367 1767 2403 pro
1786 2354 1848 2398 iis,
1867 2354 1929 2401 qui
1943 2355 2042 2392 Con-

1099 2410 1187 2446 cilio
1218 2411 1500 2447 interfuissent.
1536 2410 1607 2445 Die
1642 2410 1663 2445 2
1694 2408 1913 2444 decembris
1946 2407 2040 2444 Pius

1100 2464 1170 2511 Pp.
1187 2465 1241 2500 IX
1259 2465 1330 2501 has
1361 2475 1521 2500 normas
1556 2462 1713 2499 tradidit
1730 2461 1934 2508 Episcopis
1961 2473 2041 2498 om-

1098 2519 1221 2563 nibus,
1249 2519 1313 2566 qui
1338 2519 1489 2555 Romae
1516 2512 1799 2560 convenerant,
1825 2515 1959 2562 eisque
1986 2516 2039 2552 al-

1097 2573 1329 2609 locutionem
1356 2572 1503 2616 habuit,
1529 2571 1650 2608 Sacri
1683 2569 1931 2606 Oecumenici
1959 2569 2040 2606 Va-

1095 2626 1220 2662 ticani
1243 2626 1430 2670 Coneilic',
1457 2627 1494 2661 in
1521 2635 1596 2672 qua
1621 2623 1796 2660 laudibus
1823 2623 2040 2659 celebravit

1093 2681 1283 2717 unitatem
1311 2684 1354 2716 et
1378 2678 1629 2715 concordiam
1656 2688 1742 2712 cum
1769 2687 1906 2712 eorum
1926 2676 2036 2712 Petri

1095 2734 1308 2777 cathedra,
1342 2732 1565 2779 tempestati
1595 2735 1753 2767 nostrae
1785 2741 2036 2777 summopere

1093 2790 1373 2825 necessariam.
1409 2786 1698 2824 Constitutione
1726 2785 1822 2820 Cam
1845 2784 2037 2820 Romanis

1092 2842 1371 2891 Pontificibus,
1394 2841 1455 2877 die
1470 2841 1492 2877 4
1506 2840 1725 2876 decembris
1744 2836 1917 2890 eiusdem
1945 2839 2035 2874 anni

1092 2907 1253 2932 normas
1280 2895 1439 2931 tradidit
1464 2895 1510 2931 de
1538 2894 1730 2930 electione
1749 2893 1916 2936 Romani
1936 2892 2035 2928 Pon-

1093 2950 1222 2993 tificis,
1241 2950 1272 2985 si
1299 2949 1504 2995 contingat
1522 2948 1663 2984 Sedem
1685 2947 1953 2995 Apostolicam
1972 2958 2036 2983 va-

1093 3015 1184 3040 care
1211 3003 1376 3039 durante
1403 3002 1576 3039 Concilio
1604 3001 1885 3038 Oecumenico.

1137 3058 1198 3092 Ex
1234 3060 1312 3092 toto
1343 3066 1462 3103 porro
1494 3055 1587 3091 orbe
1621 3055 1832 3091 christiano
1864 3056 2031 3091 Romam

1090 3109 1300 3145 Praesules
1326 3109 1572 3146 advenerant
1598 3109 1780 3155 plurimi,
1807 3109 1863 3144 ita
1891 3112 1933 3144 ut
1958 3108 2030 3144 cir—

1092 3164 1190 3200 citer
1217 3162 1454 3209 septingenti
1482 3161 1640 3210 Synodo
1666 3161 1880 3198 adfuerint:
1907 3162 2028 3198 iuncti

1087 3220 1177 3254 sunt
1211 3217 1258 3252 iis
1290 3216 1463 3253 Abbates
1493 3216 1621 3259 varii,
1652 3214 1840 3251 Ordinum
1871 3215 2025 3263 religio—
