2241 3473
630 157 756 189 VSQVE
785 158 838 185 AD
867 157 1016 184 OBITVM
1045 157 1074 184 S.
1104 157 1265 185 IOANNIS
1294 158 1481 186 APOSTOLI

97 224 251 262 stanter
269 223 307 261 in
329 233 476 260 canone
491 234 541 261 ss.
563 223 767 261 Librorum
784 222 1006 259 numeravit
1023 252 1032 269 ,

97 278 173 316 alia
194 277 563 327 pseudo-evangelia
583 278 620 314 in
641 277 767 314 lucem
788 274 1031 324 prodierunt,

98 331 279 369 nimirum
321 330 579 377 Evangelium
614 331 693 368 XII
727 328 1003 378 Apostolorum
1021 358 1030 373 ,

105 382 500 431 Proto-evangelium
527 395 555 420 s.
585 383 725 428 Iacobi,
745 381 950 429 Evangelii
981 394 1030 419 ss.

96 436 219 482 Petri,
236 436 424 480 Thomna,
442 436 570 481 Iudae,
588 435 804 485 Evangelia
819 435 1030 471 soc-,undum

97 490 294 528 Hebraeos
311 493 350 526 et
368 490 577 526 secundum
593 489 818 538 AEgyptios,
829 487 916 525 alia.
927 487 1032 525 Haec

96 543 159 581 vel
185 543 233 581 ab
257 543 448 592 imperitis
468 542 689 579 christianis
712 541 772 578 vel
792 541 840 578 ab
860 540 1032 578 haereti·

95 597 150 635 cis
170 598 263 634 sunt
291 596 481 641 conficta,
501 596 548 633 ab
568 595 741 632 Ecclesia
761 605 969 641 numquam
993 594 1031 631 in

94 663 124 688 s.
153 650 350 687 Canonem
387 650 542 697 recepta
569 659 592 685 a
621 647 817 685 veteribus
847 646 1032 684 Patribus

97 706 319 742 constanter
340 702 484 739 reiecta
497 703 537 738 et
556 713 579 738 a
597 700 748 738 Gelasio
762 700 831 749 Pp.
852 700 943 736 Ian.
956 700 1032 737 494

97 757 135 794 in
174 757 352 794 Romana
388 754 534 803 synodo
572 753 797 802 apocrypha
834 753 1033 791 declarata

97 812 187 848 sunt
204 807 228 846 ¹.
250 809 358 846 Idem
377 810 460 844 esto
481 807 670 844 iudicium
689 807 736 844 de
756 806 866 844 Actis
899 817 947 844 ss.
965 807 1035 844 Pe-

95 863 147 901 tri
166 864 206 900 et
226 861 355 906 Pauli,
377 859 543 906 Ioannis,
566 860 757 908 Philippi,
777 860 964 905 Thomac,
985 860 1032 896 de

96 914 416 953 Revelationibus
429 915 467 950 et
477 913 713 962 Apocalypsi
725 924 774 950 ss.
785 913 907 958 Petri,
920 912 1032 950 Pauli

96 971 135 1006 et
149 967 320 1005 Thomae
341 964 367 1003 ².
379 967 529 1004 Extant
544 966 660 1003 etiam
673 966 743 1004 sub
755 965 907 1003 nomine
924 967 1033 1014 Apo-

95 1021 284 1059 stolorum
305 1020 428 1066 Petri,
449 1019 590 1065 Iacobi,
612 1019 817 1064 Matthaei,
835 1018 960 1056 Marci
988 1019 1033 1056 li-

95 1073 261 1123 turgiae,
290 1084 387 1122 quae
415 1073 554 1111 saltem
584 1075 628 1109 ut
656 1073 768 1110 hodie
797 1072 1031 1120 compositae

94 1130 198 1172 sunt,
227 1127 273 1164 iis
299 1129 545 1176 arrogantur.
566 1126 684 1163 Forte
704 1125 900 1174 Apostolis
920 1125 1031 1162 attri-

94 1181 211 1217 butae
231 1182 334 1226 sunt,
356 1180 456 1227 quod
478 1179 624 1216 fuerint
656 1178 890 1228 compositae
924 1190 945 1215 e
977 1178 1032 1216 ri-

94 1233 211 1280 tibus,
231 1233 279 1270 ab
298 1232 494 1281 Apostolis
514 1232 560 1270 iis
581 1232 765 1279 ecclesiis,
785 1243 880 1280 quas
896 1231 1033 1269 funda-

97 1289 201 1332 runt,
231 1286 388 1324 traditis
416 1288 456 1323 ct
484 1297 695 1335 progressu
718 1285 905 1334 temporis
920 1284 1030 1322 locu-

94 1339 262 1390 pletatis.
295 1339 472 1388 Liturgia
500 1339 602 1376 enim
632 1338 912 1387 Apostolorum
933 1349 1030 1375 aevo

93 1405 162 1442 pro
182 1394 401 1442 temporum
421 1392 722 1430 circumstantiis
743 1391 907 1440 simplex
924 1393 1031 1437 erat,

95 1445 404 1494 consistebatque
433 1445 679 1495 potissimum
706 1445 744 1482 in
774 1457 822 1483 ss.
849 1444 1031 1482 Euchari-

94 1500 192 1538 stiae
221 1511 287 1537 seu
316 1499 494 1537 sacrificii
514 1499 724 1545 oblatione,
743 1497 1030 1536 consecratione

93 1555 134 1590 et
143 1553 376 1602 sumptione,
385 1553 423 1590 in
436 1554 776 1591 Sacramentorum
789 1552 938 1597 ritibus,
947 1551 984 1588 in
996 1563 1032 1588 o-

93 1606 243 1644 ratione
256 1606 718 1652 Dominica‚Psalmorum
728 1609 894 1651 cantu,s.
905 1604 988 1642 Scri
994 1617 1033 1653 p-

93 1661 206 1697 turae
219 1658 475 1707 expositione,
486 1659 575 1696 fidei
590 1658 840 1708 professione,
857 1659 1032 1696 obsecra-

95 1712 278 1754 tionibus,
294 1712 660 1760 postulationibuset
672 1712 888 1761 gratiarum
904 1711 1030 1748 actio-

97 1765 221 1803 nibus.
252 1765 470 1814 Progressu
490 1765 677 1814 temporis
696 1765 901 1814 primaeva
921 1764 1032 1801 litur-

93 1818 158 1867 gia
168 1818 288 1856 variis
300 1818 552 1855 caeremoniis
562 1820 677 1856 aucta
688 1820 844 1864 est,tum
859 1818 906 1855 ad
915 1818 1033 1854 maie-

92 1874 232 1908 statem
242 1871 459 1908 divinorum
473 1871 747 1920 mysteriorum
760 1871 1032 1908 commendan-

93 1925 194 1971 dam,
211 1926 293 1961 tum
311 1924 358 1961 ad
379 1924 550 1961 fidelium
567 1926 717 1961 mentes
734 1925 779 1961 ad
797 1935 930 1961 eorum
949 1935 1032 1960 con-

90 1976 384 2026 templationem
413 1977 654 2014 excitandas.
676 1977 727 2015 Et
747 1988 865 2025 quum
886 1977 925 2013 in
958 1977 1031 2014 hac

91 2041 152 2076 re,
173 2030 346 2079 exceptis
367 2030 426 2076 iis,
447 2042 545 2079 quae
566 2031 613 2067 ad
634 2030 815 2068 sacrificii
836 2032 876 2067 et
895 2041 1030 2067 sacra-

91 2086 308 2121 mentorum
337 2087 520 2121 naturam
548 2083 760 2132 pertinent,
788 2095 866 2120 non
893 2083 1027 2120 eadem

91 2136 211 2174 fuerit
229 2136 402 2174 omnium
423 2137 676 2175 ecclesiarum
699 2136 915 2186 disciplina,
936 2136 1027 2186 plu-

91 2201 154 2228 res
174 2191 214 2228 et
228 2190 360 2228 variae
380 2190 566 2239 liturgiae
587 2192 748 2228 exortae
767 2191 861 2228 sunt
876 2188 902 2227 3.

51 2251 100 2288 ψ
142 2243 204 2281 28.
225 2244 296 2281 Lz's
315 2243 362 2280 de
382 2245 478 2292 Zeyz's
493 2244 698 2282 Mosaieae
717 2244 1025 2282 observantia—

88 2296 122 2333 E
141 2296 417 2334 controversiis
437 2297 660 2334 christianis
681 2296 950 2346 antiquissima
967 2299 1028 2334 est

87 2361 147 2396 ea,
165 2361 266 2398 quae
286 2349 332 2387 de
353 2350 605 2388 observantia
620 2350 816 2388 Mosaicae
836 2349 934 2399 legis
949 2349 1028 2399 agi-

89 2404 172 2440 tata
191 2402 278 2440 fuit.
300 2402 488 2441 Nonnulli
509 2403 643 2441 Iudaei
665 2403 842 2441 conversi
863 2405 1027 2440 conten-

88 2455 244 2502 debant,
265 2455 567 2495 circumcisionis
587 2456 829 2505 aliorumque
845 2458 1025 2494 veterum

88 2508 273 2558 legalium
299 2510 585 2548 observantiam
607 2509 829 2548 christianis
850 2510 1026 2548 omnibus

90 2561 173 2599 sive
194 2574 215 2599 e
234 2562 425 2600 iudaismo
445 2563 526 2601 sive
547 2575 596 2601 ex
616 2563 845 2601 ethnicismo
863 2575 947 2601 esse
964 2575 1027 2600 ne-

88 2614 298 2652 cessariam
337 2616 385 2653 ad
423 2618 735 2666 consequendam
774 2616 952 2654 salutem.
983 2616 1026 2654 Id

86 2669 297 2718 praecipue
327 2669 554 2707 Antiochiae
583 2670 871 2708 contenderunt
891 2671 1026 2707 contra

87 2721 318 2759 christianos
339 2734 388 2759 ex
410 2723 652 2769 ethnicismo,
673 2723 741 2771 qui
760 2723 1025 2761 circumcisio—

87 2775 145 2812 nis
173 2774 415 2824 aliorumque
443 2776 591 2814 rituum
620 2777 666 2814 V.
692 2776 807 2825 Legis
828 2776 1026 2814 molestias

88 2829 324 2866 recusabant
342 2842 351 2875 3
381 2829 481 2866 unde
501 2841 575 2867 non
596 2830 740 2879 exigua
760 2830 965 2867 commotio
986 2829 1024 2866 in

125 2980 136 3001 ¹
153 2980 190 3012 Cf
200 2980 222 3011 1.
240 2981 272 3012 A.
285 2980 416 3017 Fabric„
432 2978 598 3021 Codexap
600 2990 657 3012 ocr
659 2981 738 3022 y.ph
751 2982 788 3014 N.
797 2980 1024 3019 Testamenti,

86 3021 346 3094 Coaevarrtiliiasff)
297 3021 346 3062 ΟΡ
348 3032 393 3053 ei.
410 3025 428 3052 t
446 2990 620 3060 11‚1.IV‚Pc
637 3023 682 3054 17.

152 3063 194 3094 lbi

123 3104 190 3136 ³Cs
206 3105 301 3137 Nalal
322 3104 468 3135 Alexand.
487 3104 594 3143 ‚llis-c.
611 3105 683 3136 eccl
701 3115 781 3138 saec
798 3107 819 3146 Ι,
834 3115 860 3138 c.
877 3105 924 3144 12,
941 3115 968 3137 a.
987 3105 1023 3145 33

83 3145 169 3176 Card.
193 3146 290 3184 Bona,
315 3146 451 3177 Rerum
473 3131 662 3185 l’icuryicao
665 3157 724 3178 um
746 3148 797 3179 lib.
819 3148 844 3185 1;
869 3149 907 3178 Le
930 3148 1022 3185 Biun,

82 3186 305 3226 Explication
322 3188 362 3218 de
377 3188 412 3218 la
428 3187 555 3225 Messe,·
573 3189 748 3228 Renaudot,
766 3189 909 3220 Recueil
924 3189 957 3221 d'
961 3199 1023 3221 an-

81 3228 221 3260 ciennes
234 3229 262 3260 li
267 3229 401 3269 turyies
415 3239 456 3261 or
458 3229 612 3261 ἱεηιαῖεε.

1916 150 1963 188 15

1074 223 1238 262 eeclesia
1277 224 1518 263 Antiochena
1551 226 1637 263 orta
1665 226 1738 263 est.
1768 225 1895 268 Quam
1923 238 2012 264 cum

1076 277 1220 315 Paulus
1241 280 1279 316 et
1300 279 1509 326 Barnabas,
1530 290 1599 328 pro
1620 278 1804 316 libertate
1825 290 1847 316 a
1867 279 1914 317 V.
1936 279 2013 318 Le-

1076 332 1133 381 gis
1154 332 1346 369 servitute
1368 334 1577 379 certantes,
1597 332 1732 369 sedare
1749 344 1824 369 non
1841 338 2008 381 possent,

1077 386 1230 434 utrique
1261 385 1362 433 parti
1395 385 1551 433 placuit,
1584 387 1628 423 ut
1657 386 1921 424 controversia
1940 398 2009 435 per

1076 438 1224 487 legatos
1253 437 1469 476 deferretur
1499 439 1804 488 Hierosolymas,
1834 440 1881 477 ab
1901 440 2008 489 Apo-

1073 492 1182 529 stolis
1215 494 1255 529 et
1288 492 1526 541 presbyteris
1555 492 1607 530 ibi
1639 492 1881 530 morantibus
1910 492 2010 531 diri-

1074 546 1226 582 menda.

1125 597 1459 647 Opportunissime
1475 600 1568 635 tunc
1584 598 1862 649 Hierosolymis
1875 599 2012 637 aderat

1074 651 1346 700 Apostolorum
1376 651 1551 700 princeps
1583 653 1724 690 Petrus
1753 681 1763 698 ,
1791 653 1857 701 qui
1896 664 2014 691 causa

1073 704 1276 742 Claudiani
1296 704 1511 753 edicti,quo
1532 705 1663 742 Iudaei
1676 705 1803 743 Roma
1822 706 2014 755 pelleban-

1074 760 1152 804 tur,
1168 758 1208 795 in
1227 757 1428 796 Orientem
1445 769 1626 796 reversus
1643 761 1740 796 erat.
1758 759 1834 797 Ubi
1846 759 2013 809 primum

1074 810 1222 849 Paulus
1242 814 1282 848 et
1300 810 1502 848 Barnabas
1522 812 1561 848 et
1580 811 1646 860 qui
1666 823 1753 849 cum
1770 812 1862 862 ipsis
1886 815 2013 860 erant,

1073 864 1365 913 Hierosolymas
1384 866 1590 911 venerunt,
1611 876 1845 914 causamque
1871 866 2020 905 missio·

1074 918 1132 955 nis
1160 929 1253 955 suae
1284 919 1565 966 exposuerunt,
1585 918 1758 966 Apostoli
1780 921 1819 957 et
1843 919 2018 958 seniores

1073 983 1175 1008 anno
1194 971 1246 1009 50
1274 970 1313 1008 in
1335 982 1454 1007 unum
1474 973 1755 1017 convenerunt,
1777 975 1821 1010 ut
1843 973 2016 1022 proposi-

1072 1027 1152 1062 tam
1173 1023 1444 1072 quaestionem
1465 1024 2019 1075 examinarent,sollemnique

1073 1077 1268 1115 sententia
1296 1089 1379 1115 rem
1410 1077 1630 1116 definirent.
1653 1078 1752 1116 Cum
1781 1078 1858 1116 iam
1878 1091 2020 1129 magna

1072 1131 1179 1169 facta
1199 1133 1301 1169 esset
1320 1132 1366 1168 de
1386 1131 1581 1180 praesenti
1603 1131 1759 1180 negotio
1791 1131 1991 1180 inquisitio
2008 1163 2018 1180 ‚

1073 1186 1218 1222 Petrus
1248 1196 1315 1233 pro
1344 1184 1536 1233 primatus
1565 1184 1665 1231 iure,
1695 1184 1843 1234 primus
1864 1186 1910 1223 de
1930 1187 2017 1224 exi-

1072 1238 1219 1275 mendis
1232 1250 1254 1275 a
1266 1237 1449 1287 legalium
1464 1237 1687 1276 observanti
1699 1250 1721 1275 a
1743 1238 1922 1277 fidelibus
1940 1252 2021 1277 sen-

1071 1291 1233 1329 tentiam
1251 1291 1362 1338 dixit,
1383 1292 1627 1340 ostenditque
1655 1292 1833 1340 exemplo
1849 1293 2016 1331 Cornelii

1073 1344 1323 1391 centurionis,
1352 1344 1418 1393 qui
1438 1345 1529 1382 licet
1556 1344 1868 1392 incircumcisus,
1888 1346 2015 1396 Spiri-

1071 1401 1153 1435 tum
1174 1397 1211 1436 S.
1230 1401 1446 1447 acceperat,
1467 1399 1632 1436 Iudaeos
1662 1400 1702 1436 et
1725 1399 1889 1448 gentiles
1909 1399 2017 1438 iusti-

1071 1451 1180 1489 ficari
1200 1451 1289 1498 fide,
1311 1463 1412 1500 quae
1433 1463 1500 1500 per
1515 1452 1748 1489 charitatem
1764 1454 1963 1502 operatur,
1974 1456 2014 1491 et

1073 1504 1216 1543 salvari
1237 1517 1304 1554 per
1323 1504 1493 1554 gratiam
1515 1506 1602 1543 Iesu
1625 1505 1777 1544 Christi.
1803 1506 1913 1544 Petri
1934 1518 2018 1544 sen-

1071 1558 1237 1596 tentiam
1268 1558 1553 1596 confirmarunt
1578 1559 1724 1597 Paulus
1744 1561 1782 1597 et
1802 1560 2015 1607 Barnabas,

1073 1614 1277 1649 narrantes
1298 1614 1446 1660 quanta
1461 1612 1565 1650 Deus
1586 1624 1718 1650 eorum
1744 1613 1959 1651 ministerio
1976 1614 2015 1651 in

1072 1665 1249 1714 gentibus
1277 1664 1442 1703 fecisset.
1463 1665 1544 1703 Illis
1568 1666 1755 1714 perdocta
1774 1666 1947 1704 oratione
1969 1667 2016 1705 de

1072 1719 1248 1767 gentium
1277 1718 1499 1765 vocatione,
1529 1719 1815 1768 Prophetarum
1844 1721 2013 1759 oraculis

1070 1771 1359 1821 praenuntiata,
1388 1772 1582 1810 consensit
1611 1773 1809 1822 apostolus
1836 1773 2011 1812 Iacobus.

1072 1826 1183 1863 Unde
1211 1825 1404 1862 communi
1433 1825 1632 1874 suffragio,
1652 1826 1841 1875 dirigente
1863 1827 2011 1875 Spiritu

1071 1878 1108 1915 S.
1136 1877 1165 1925 ²,
1193 1879 1386 1916 sancitum
1416 1880 1489 1924 est,
1516 1879 1713 1917 conversis
1732 1880 1780 1917 ad
1803 1879 1945 1917 Christi
1966 1880 2009 1917 fi-

1070 1932 1157 1969 dem
1177 1931 1273 1968 nihil
1293 1932 1400 1969 ultra
1415 1931 1544 1969 oneris
1559 1932 1833 1981 imponendum
1858 1935 2014 1982 praeter

1071 1984 1348 2022 abstinentiam
1367 1986 1416 2022 ab
1431 1985 1643 2023 immolatis
1665 1985 1973 2033 simulacrorum,
1992 1999 2015 2025 a

1070 2037 1259 2087 sanguine
1279 2041 1318 2075 et
1338 2038 1527 2076 suffocato
1557 2041 1675 2088 atque
1709 2039 1964 2077 fornicatione
1984 2039 2011 2078 2.

1069 2091 1207 2129 Soluto
1236 2091 1410 2138 concilio,
1433 2091 1590 2129 litterae
1611 2104 1680 2141 per
1707 2092 1888 2140 Paulum,
1907 2094 2009 2131 Bar-

1070 2146 1223 2191 nabam,
1254 2145 1465 2183 Barsabam
1488 2148 1528 2183 et
1549 2145 1668 2183 Silam
1701 2146 1839 2184 missae
1859 2148 1949 2184 sunt
1968 2148 2016 2185 ad

1068 2198 1367 2245 Antiochenam,
1388 2198 1564 2247 aliasque
1584 2211 1652 2247 per
1680 2198 1837 2249 Syriam
1858 2202 1897 2237 et
1916 2200 2014 2238 Cili-

1069 2252 1173 2290 ciam
1193 2251 1390 2298 ecclesias,
1410 2252 1552 2301 quibus
1579 2252 1900 2302 significabantur
1915 2265 2014 2302 quae

1069 2305 1107 2342 in
1145 2305 1505 2354 Hierosolymitano
1548 2306 1710 2344 concilio
1749 2306 1909 2345 fuerant
1944 2308 2013 2345 de-

1070 2360 1178 2396 creta
1198 2356 1224 2396 ³.

1121 2412 1182 2450 Ita
1210 2411 1383 2462 Apostoli
1412 2412 1610 2459 conciliis,
1637 2425 1737 2462 quae
1768 2413 1947 2462 deinceps
1977 2414 2015 2450 in

1068 2465 1243 2503 Ecclesia
1263 2465 1415 2515 saepius
1437 2466 1634 2504 celebrata
1650 2469 1755 2513 sunt,
1775 2466 1938 2503 formam
1955 2467 2017 2504 de·

1068 2519 1177 2565 dere3
1198 2521 1238 2556 et
1266 2519 1314 2556 ad
1345 2531 1480 2556 eorum
1509 2520 1734 2568 exemplum
1763 2519 2015 2557 ecclesiarum

1065 2572 1262 2621 praesules
1282 2584 1350 2621 per
1369 2572 1496 2610 omnia
1511 2574 1666 2611 saecula
1689 2573 1915 2610 convenisse
1931 2584 2016 2610 con-

1066 2625 1245 2674 spicimus
1264 2627 1349 2663 tum
1370 2626 1418 2663 ad
1448 2627 1735 2665 controversias
1765 2625 2014 2674 dirimendas,

1107 2730 1205 2762 1Αστ)
1222 2731 1282 2769 XV,
1298 2730 1345 2763 28.

1106 2771 1261 2804 2ΟοηεΙΙΙΙ
1275 2756 1432 2805 'decretum
1449 2774 1633 2805 cliiislianos
1650 2773 1689 2803 ab
1706 2773 1905 2805 observantia
1920 2774 1969 2815 leg
1957 2783 2010 2804 a-

1066 2814 1137 2844 lium
1162 2814 1278 2844 solutos
1302 2811 1457 2854 declarat3
1479 2816 1555 2846 haec
1578 2818 1709 2855 quatuor
1730 2815 1806 2855 ipsis
1833 2816 2010 2846 nominatim

1067 2855 1237 2886 interdicit·
1256 2856 1498 2894 fornicationem,
1511 2856 1591 2895 quod
1607 2865 1674 2887 eam
1689 2857 1790 2888 minus
1805 2865 1931 2897 gravem
1946 2857 2009 2888 cul-

1065 2906 1136 2936 pam
1153 2906 1222 2928 esse
1240 2898 1414 2937 cogitaicnt
1429 2881 1577 2938 genliles3
1594 2907 1677 2929 esum
1692 2899 1840 2936 carnium,
1853 2908 1931 2946 quae
1946 2899 2014 2929 ido-

1065 2939 1103 2970 lis
1120 2938 1240 2970 fuerant
1255 2939 1441 2977 immolatae,
1453 2943 1546 2978 atque
1563 2939 1745 2971 suffocatum
1765 2949 1801 2970 ac
1817 2941 2009 2980 sanguinem.

1066 2980 1137 3011 Tria
1160 2981 1334 3019 posteriora
1357 2981 1457 3011 solum
1480 2981 1517 3010 ad
1542 2984 1662 3020 tempus
1685 2982 1908 3013 interdixerunt
1924 2983 2011 3021 Apo-

1066 3021 1147 3059 stoll,
1162 3026 1193 3052 ut
1207 3021 1328 3052 tacilius
1342 3022 1581 3053 christianorum
1593 3031 1609 3053 e
1622 3022 1773 3054 iudaismo
1787 3027 1816 3054 et
1829 3023 2008 3054 ethnicismo

1066 3063 1158 3093 animi
1175 3063 1394 3094 coalescerent.
1411 3064 1514 3095 ludaei
1531 3063 1611 3095 enim
1627 3073 1713 3095 esum
1730 3065 1891 3105 sanguinis
1906 3068 1934 3095 et
1947 3064 2009 3095 suf-

1066 3105 1235 3135 focatorum
1259 3104 1495 3152 aversabantur,
1518 3108 1548 3136 et
1562 3114 1649 3137 esum
1666 3105 1893 3137 immolatorum
1911 3106 2012 3137 idolo-

1064 3145 1173 3176 latriae
1187 3146 1321 3185 speciem
1336 3154 1405 3177 esse
1421 3147 1668 3186 suspicabantur.
1681 3148 1717 3179 Cf
1736 3148 1833 3179 Natal.
1847 3147 2008 3186 Alexand„

1065 3187 1148 3219 Hist
1166 3187 1241 3218 eccl.
1259 3196 1342 3219 saec.
1358 3188 1379 3227 Ι,
1396 3187 1469 3219 diss.
1488 3187 1536 3220 10.

1105 3228 1120 3249 3
1135 3229 1202 3260 Act.
1221 3229 1278 3260 XV.
