2241 3473
574 160 699 191 VSQVE
727 161 779 186 AD
809 157 1003 187 Excmn’M
1031 160 1189 187 IMPERII
1217 160 1493 187 OCCIDEN'I'ALIS

102 224 450 264 Priscilliamstae
466 245 515 250 —
533 223 574 260 In
596 222 783 272 Hispania
811 224 988 259 veterum

48 278 316 317 Gnosticorum
335 306 344 321 ,
389 276 706 313 Manichaeorum
749 275 988 321 aliorumque

47 333 246 372 haereses,
267 329 340 366 iam
366 341 462 376 pene
493 329 691 371 exoletas,
721 328 989 365 instaurarunt

46 382 380 424 Priscillianistac,
406 383 459 419 sic
474 382 600 419 vocati
616 394 638 418 a
657 380 910 423 priscilliano,
928 392 989 415 no-

49 436 208 480 bilitate,
229 434 410 471 facundia
431 438 470 472 et
490 439 656 472 externa
693 431 923 470 humilitatis
943 443 986 468 ac

46 488 259 527 devotionis
293 488 419 535 specie
452 487 669 534 conspicuo.
705 486 740 522 Is
769 497 792 522 a
822 484 986 532 quodam

46 542 178 580 Marco
199 540 392 588 ,Egyptio
410 540 605 577 erroribus
622 538 872 583 infectus,eos
892 536 985 574 niul-

45 595 95 632 tis
114 593 318 641 utriusque
339 605 455 630 sexus
475 592 672 639 omnisque
699 591 855 635 ordinis,
870 590 984 627 etiam

46 647 194 684 duobus
211 646 408 694 episcopis,
420 646 607 682 instantio
625 647 665 681 et
681 643 878 688 Salviano,
895 654 985 692 per-

44 699 177 738 suasit.
197 698 516 736 Priscillianistae
533 709 735 745 corporum
749 696 986 733 creationem

44 764 118 790 non
141 752 219 789 Deo
241 752 307 789 sed
327 750 504 788 daemoni
525 762 545 787 e
576 750 737 787 materia
769 760 893 798 prava
921 748 988 785 tri-

44 805 226 843 buebant.
252 804 411 841 Realem
433 802 717 840 distinctionem
740 803 861 839 trium
881 801 984 839 divi-

42 869 184 895 narum
207 868 474 906 personarum,
495 868 628 892 veram
651 855 790 893 Christi
811 855 985 892 incarnet«

44 912 201 955 tionem,
221 909 456 946 matrimonii
477 909 718 946 honestatem
736 937 745 953 ,
765 918 988 956 corporum-

43 976 116 1012 que
132 962 460 1000 resurrectionem
477 962 682 1010 negabant.
696 961 817 999 Vetus
832 960 989 1009 figmen-

44 1023 128 1054 tum
145 1017 190 1053 de
211 1015 520 1053 emanationibus
540 1014 681 1051 divinis
708 1026 774 1051 seu
803 1014 986 1061 aeonibus

45 1069 296 1107 renovabant.
319 1069 478 1105 Animas
499 1068 538 1105 in
557 1067 706 1116 peccati
727 1078 892 1115 poenam
907 1077 988 1103 cor-

43 1122 199 1172 poribus
219 1120 400 1167 inclusas,
422 1132 578 1168 easque,
601 1120 656 1157 uti
675 1124 714 1157 et
733 1131 894 1169 corpora
914 1120 985 1156 ho-

45 1175 206 1220 minum,
233 1174 417 1212 fatalibus
436 1173 557 1211 stellis
576 1173 762 1211 obnoxias
782 1184 864 1210 esse
880 1184 986 1210 asse-

43 1229 191 1266 rebant.
216 1228 438 1276 Scripturas
457 1226 698 1275 apocryphas
714 1226 987 1271 obtendebant,

44 1281 184 1330 quibus
196 1284 417 1318 commenta
436 1291 508 1317 sua
524 1279 753 1316 confirmare
767 1279 985 1316 studebant.

43 1334 104 1372 Ad
124 1339 255 1372 sectae
283 1345 377 1371 suae
407 1345 550 1370 arcana
579 1332 808 1370 occultanda
837 1331 989 1369 menda-

44 1387 144 1424 cium
158 1391 196 1424 et
212 1386 422 1435 periurium
441 1387 551 1423 licita
571 1397 653 1424 esse
671 1385 989 1423 dicebant.Accu-

44 1443 180 1478 santur
200 1443 407 1488 praeterea
426 1439 531 1477 vitae
550 1438 676 1488 turpis
698 1436 723 1477 ¹.

99 1493 227 1535 Quum
255 1493 330 1530 iam
351 1493 389 1529 in
409 1493 490 1530 dies
509 1492 666 1530 sectarii
688 1503 850 1529 numero
872 1503 987 1540 auge-

45 1549 192 1592 rentur,
214 1548 299 1594 post
313 1546 425 1594 plura
441 1557 530 1583 cum
546 1545 594 1582 iis
610 1545 801 1594 colloquia
816 1547 855 1582 et
871 1544 987 1582 disce·

44 1599 236 1649 ptationes
251 1628 260 1644 ,
280 1611 341 1636 an.
361 1599 439 1636 380
459 1599 792 1647 Caesaraugustae
817 1598 988 1647 synodus

43 1652 187 1690 indicta
204 1655 275 1689 est.
295 1652 339 1688 In
359 1664 417 1698 ea,
438 1651 726 1689 accusatoribus
752 1652 879 1689 Idacio
899 1654 937 1688 et
952 1651 986 1687 1-

44 1705 173 1743 thacio
195 1704 403 1754 episcopis,
432 1704 721 1750 Priscillianus,
751 1703 987 1750 Instantius,

45 1758 266 1806 Salvianus,
276 1758 418 1806 aliique
431 1757 627 1795 Ecclesiae
645 1757 913 1795 communione
925 1769 989 1794 ex-

44 1811 156 1856 clusi,
171 1814 210 1848 et
229 1822 351 1859 prava
371 1823 505 1848 eorum
526 1811 710 1859 dogmata
730 1810 940 1848 canonibus
963 1810 987 1847 8

45 1864 228 1901 damnata
247 1866 340 1900 sunt
354 1861 379 1901 ².
408 1864 469 1901 Illi
489 1876 580 1901 vero
610 1863 921 1901 contumaciores
949 1865 988 1900 et

45 1917 271 1954 audaciores
312 1916 597 1954 Priscillianum
629 1916 669 1953 in
706 1916 844 1966 oppido
878 1916 988 1954 Abu-

45 1969 141 2007 lensi
164 1969 385 2018 episcopum
405 1971 600 2015 crearunt,
621 1969 867 2018 maioresque
896 1972 987 2006 tur-

45 2023 114 2060 bas
132 2022 171 2060 in
191 2022 379 2070 Hispania
395 2022 628 2060 excitarunt.
665 2022 877 2060 Gratianus
906 2022 982 2059 im-

46 2080 202 2125 perator
223 2077 271 2113 ab
291 2076 418 2113 Idacio
439 2080 478 2113 et
511 2075 658 2113 Ithacio
695 2076 982 2124 interpellatus,

45 2129 280 2178 rescriptum
300 2129 416 2175 dedit,
437 2140 510 2177 quo
527 2129 852 2166 Priscillianistae
869 2128 986 2166 eccle-

46 2182 112 2220 siis
131 2186 171 2219 et
193 2181 353 2219 urbibus
373 2181 630 2230 pellebantur3
653 2182 719 2219 sed
739 2182 834 2219 illud
853 2181 982 2219 consi-

44 2235 96 2272 lio
113 2234 331 2272 Macedonii
351 2235 565 2272 officiorum
582 2235 772 2284 magistri,
788 2235 898 2272 cuius
917 2247 986 2284 ope

47 2287 364 2326 Priscillianistae
384 2288 456 2326 sibi
477 2288 625 2326 aditum
646 2289 694 2325 ad
709 2287 982 2336 imperatorem

46 2340 238 2386 fecerant,
259 2341 372 2389 paulo
401 2345 486 2389 post
513 2341 671 2378 rescidit
703 2339 729 2378 ³.
764 2342 876 2379 Anno
909 2341 985 2379 383

47 2397 134 2441 post
153 2394 333 2431 Gratiani
353 2395 555 2432 interitum
574 2394 757 2440 Ithaeius,
774 2393 985 2431 acerrimus

49 2446 438 2484 Priscillianistarum
462 2447 673 2485 insectator
686 2476 695 2493 ,
716 2447 903 2485 adversus
923 2459 988 2484 eos

47 2499 215 2536 libellum
252 2500 391 2537 obtulit
419 2500 604 2546 Maximo,
634 2500 701 2549 qui
729 2501 934 2549 imperium
951 2512 989 2537 u-

47 2556 238 2599 surparat.
274 2553 347 2590 Hic
365 2554 592 2602 praecipuos
613 2565 632 2590 e
664 2553 840 2591 sectariis
860 2554 908 2591 ad
930 2565 989 2602 sy-

13 2627 17 2631 ·
47 2604 203 2650 nodum,
231 2616 292 2643 an.
309 2606 386 2643 385
401 2606 635 2653 Burdigalae
651 2610 914 2652 convocatam,
927 2607 990 2644 ad-

49 2657 140 2694 duci
159 2657 280 2694 iussit.
301 2658 512 2696 Instantius
528 2660 565 2695 in
583 2659 731 2708 synodo
747 2660 890 2697 erroris
906 2672 991 2696 con-

48 2710 187 2755 victus,
208 2711 298 2747 sede
329 2723 399 2748 sua
419 2712 612 2759 depositus
629 2715 698 2749 est.
720 2712 989 2750 Priscillianus

49 2774 144 2799 vero
165 2763 303 2811 synodi
324 2764 554 2801 sententiam
571 2765 781 2811 declinans,
802 2765 848 2803 ad
875 2765 990 2813 impe-

48 2819 217 2853 ratorem
241 2816 467 2865 provocavit
486 2816 513 2854 ⁴.
535 2818 635 2854 Eum
651 2830 739 2854 cum
770 2817 881 2855 sociis
901 2819 990 2855 Tre-

49 2868 155 2906 viros
169 2869 215 2906 ad
232 2869 504 2915 imperatorem
520 2870 747 2914 adductum,
763 2871 885 2907 secuti
902 2874 994 2908 sunt

52 2920 207 2958 Idacius
223 2925 262 2959 et
277 2921 451 2960 Ithacius
468 2925 723 2960 accusatores.
735 2923 899 2960 Demum
914 2924 994 2961 Ma-

93 3049 103 3070 ¹
120 3049 232 3089 Sulpic.
257 3051 358 3080 Sever.
376 3050 464 3080 Hist.
483 3058 566 3080 sacr.
583 3049 601 3080 1.
618 3050 657 3087 11;
676 3058 700 3080 s.
714 3050 772 3080 Leo
790 3052 825 3082 Μ.
843 3050 939 3091 Epist.
955 3050 994 3082 ad

55 3089 234 3128 Turibium3
251 3100 272 3121 s.
292 3093 420 3130 August.
438 3090 529 3122 Ilaer.
549 3090 596 3121 70.

90 3130 106 3152 Ἰ
121 3132 232 3168 Labhe,
252 3131 368 3164 Concil.
385 3136 403 3162 t.
418 3133 450 3169 ll,
467 3142 494 3171 p.
515 3132 614 3170 10093
631 3131 739 3169 Mansi,
756 3134 774 3162 t.
791 3132 838 3171 111,
856 3141 884 3172 p.
901 3132 969 3165 633.

89 3171 104 3193 3
119 3171 232 3212 Sulpic.
250 3172 353 3204 Sever.
371 3174 426 3203 loc.
445 3174 496 3204 cit.

91 3213 105 3235 ⁴
121 3213 230 3250 Labbe‚
244 3214 300 3244 loc.
320 3215 380 3253 cit,
397 3224 424 3253 p.
443 3213 532 3245 1033.

205 3266 452 3316 WOUTERS‚
480 3266 506 3307 Ι.

1842 149 1916 187 113

1032 221 1158 260 ximus
1175 222 1476 269 Priscillianum,
1493 222 1635 271 duplici
1651 222 1792 260 iudicio
1809 223 1855 261 ab
1871 223 1969 260 Evo-

1032 274 1105 319 dio,
1128 277 1320 322 praetorio
1336 276 1543 325 praefecto,
1565 275 1740 314 auditum
1756 278 1797 313 et
1812 288 1884 313 non
1902 275 1969 314 dif-

1032 327 1216 373 fitentem,
1245 330 1444 366 obscoenis
1476 341 1514 366 se
1549 328 1743 366 studuisse
1773 328 1969 375 doctrinis,

1031 380 1188 428 eiusque
1208 382 1330 419 socios
1350 382 1474 430 capite
1496 381 1610 429 plecti
1630 381 1742 419 iussit
1762 380 1786 419 ¹.
1808 381 1890 419 Hac
1909 384 1972 419 ta-

1031 444 1117 468 men
1143 433 1181 469 in
1208 446 1249 470 re
1278 446 1306 472 s.
1328 434 1540 472 Martinuin
1561 434 1827 472 Turonensem
1844 438 1883 472 et
1901 446 1966 472 sa·-

1031 485 1176 521 niorem
1191 487 1454 535 episcoporum
1469 491 1616 535 partem
1630 487 1769 536 agendi
1780 487 1968 525 rationem

1030 537 1145 574 Idacii
1176 541 1214 575 et
1242 539 1379 576 Itliacii
1408 540 1657 587 improbasse,
1676 540 1809 578 scribit
1836 539 1970 589 Sulpi-

1029 590 1110 627 cius
1131 590 1314 637 Severus,
1334 593 1432 640 quod
1454 593 1740 630 haereticorum
1756 605 1915 631 causam
1934 605 1971 630 a·

1030 643 1107 690 pud
1137 643 1414 692 imperatorem
1434 645 1481 682 ad
1504 657 1636 682 necem
1659 658 1790 694 usque,
1818 648 1972 695 praeter

1030 695 1225 736 Ecclesiae
1242 708 1387 735 morem
1407 700 1446 735 et
1465 698 1698 736 christianae
1714 699 1892 738 caritatis
1911 698 1970 737 le-

1030 761 1110 798 ges,
1130 750 1294 788 fuissent
1310 751 1514 799 persecuti.

1082 803 1285 842 Caeterum
1305 803 1458 841 sublato
1478 803 1745 851 Priscilliano,
1765 806 1870 843 secta
1899 816 1971 842 ex-

1029 855 1171 894 stincta
1187 868 1261 893 non
1276 858 1347 902 est3
1367 856 1492 893 denuo
1509 855 1548 892 in
1560 856 1748 894 Toletana
1764 869 1824 894 an.
1841 857 1917 895 400
1932 859 1970 895 et

1028 909 1255 948 Bracarensi
1272 909 1413 947 an.560
1428 909 1588 957 synodis
1608 909 1791 947 damnata
1806 909 1969 948 fuit.Sed

1029 963 1077 998 ab
1097 963 1169 1000 hoc
1188 965 1361 1011 tempore
1383 962 1570 1010 collapsa,
1590 962 1691 999 inter
1718 962 1877 1000 hostiles
1896 963 1968 1001 Sa-

1029 1027 1257 1053 racenorum
1277 1027 1345 1053 seu
1362 1015 1589 1053 Maurorum
1606 1015 1842 1054 incursiones
1858 1015 1971 1065 plane

1028 1080 1183 1117 pessum
1202 1068 1286 1116 ivit.

1081 1121 1143 1160 56.
1163 1122 1338 1159 Se‘rz'cz'us
1355 1121 1702 1169 Pontz'feoe—Post
1717 1131 1746 1158 s.
1762 1120 1973 1159 Damasum

1029 1187 1091 1212 an.
1112 1175 1189 1213 384
1205 1174 1402 1212 Ecclesiae
1421 1175 1596 1222 regimen
1612 1174 1885 1223 demandatum
1901 1174 1975 1212 fuit

1032 1227 1183 1273 Siricio,
1212 1229 1398 1272 Romano,
1419 1227 1484 1275 qui
1511 1227 1608 1265 illud
1637 1226 1757 1276 gessit
1784 1238 1905 1276 usque
1925 1227 1974 1265 ad

1030 1282 1189 1319 an.398.
1202 1281 1368 1318 Exstant
1389 1280 1503 1317 huius
1520 1280 1722 1318 Pontificis
1742 1280 1766 1317 4
1786 1279 1971 1329 epistolae

1029 1334 1253 1372 decretales
1275 1333 1407 1371 Prima
1427 1333 1677 1371 celeberrima
1693 1335 1733 1370 et
1747 1332 1973 1382 disciplinae

1031 1386 1315 1425 ecclesiasticae
1336 1386 1593 1424 instauratrix
1612 1391 1670 1424 est
1690 1386 1738 1423 ad
1758 1386 1975 1424 Himerium

1031 1441 1364 1478 Tarraconensem
1404 1440 1626 1488 episcopum
1645 1469 1654 1486 ,
1687 1439 1725 1476 in
1760 1451 1834 1488 qua
1866 1441 1977 1477 vetat

1030 1493 1227 1540 Pontifex,
1248 1505 1294 1530 ne
1316 1492 1440 1530 ariani
1459 1493 1759 1542 rebaptizentur3
1776 1505 1823 1530 ne
1844 1492 1974 1542 bapti-

1031 1559 1153 1594 smus,
1174 1548 1337 1595 excepto
1365 1546 1604 1584 necessitatis
1633 1557 1744 1592 casu,
1771 1547 1886 1584 extra
1904 1546 1978 1583 Pa-

1030 1601 1123 1637 scha
1143 1602 1181 1637 et
1200 1601 1456 1637 Pentecosten
1479 1600 1717 1646 celebretur3
1738 1611 1786 1636 ne
1806 1600 1973 1647 despon-

1030 1657 1117 1690 sata
1138 1653 1215 1699 uni,
1235 1653 1354 1690 nubat
1373 1653 1499 1699 alteri3
1520 1652 1771 1690 sacerdotum
1791 1654 1831 1688 et
1850 1652 1974 1689 diaco-

1030 1718 1167 1743 norum
1182 1706 1473 1751 continentiam,
1487 1706 1534 1743 ab
1546 1704 1776 1754 Apostolicis
1787 1705 1974 1754 tempori-

1030 1761 1100 1796 bus
1115 1759 1373 1804 observatam,
1389 1758 1474 1808 lege
1492 1759 1627 1804 sancit;
1644 1759 1698 1796 3¹¹¹
1712 1757 1875 1796 Nicaeni
1890 1771 1975 1796 con-

1029 1812 1109 1849 cilii
1129 1824 1316 1850 canonem
1335 1812 1382 1849 de
1401 1811 1578 1849 arcendis
1599 1811 1751 1849 feminis
1774 1823 1797 1848 a
1817 1811 1974 1849 clerico-

1031 1877 1117 1902 rum
1146 1865 1321 1903 domibus
1339 1867 1514 1912 renovat;
1531 1865 1751 1910 monachos,
1773 1876 1866 1912 quos
1886 1876 1972 1902 mo-

1030 1930 1116 1955 rum
1136 1918 1323 1968 gravitas,
1339 1920 1377 1955 et
1391 1917 1480 1955 fidei
1497 1929 1541 1954 ac
1556 1917 1661 1955 vitae
1677 1916 1871 1955 institutio
1890 1929 1973 1955 san-

1030 1976 1092 2009 cta
1124 1971 1390 2016 commendat,
1419 1971 1466 2008 ad
1495 1970 1723 2008 clericorum
1752 1970 1876 2008 officia
1905 1971 1978 2008 ad-

1030 2025 1132 2063 mitti
1148 2026 1257 2073 optat
1271 2023 1298 2071 ²3
1312 2023 1523 2061 interstitia
1538 2024 1638 2061 inter
1652 2023 1814 2061 Ordines
1831 2035 1972 2070 sacros,

1036 2078 1176 2127 quique
1197 2078 1245 2115 ad
1264 2078 1333 2115 hos
1353 2076 1582 2115 admittendi
1600 2089 1674 2113 non
1690 2076 1780 2123 sint,
1796 2076 1977 2125 explicat.

1029 2131 1207 2168 Secunda
1227 2130 1390 2179 epistola
1410 2130 1532 2176 estad
1548 2130 1744 2178 episcopos
1760 2129 1976 2177 Africanos,

1029 2183 1069 2221 in
1089 2197 1165 2233 qua
1193 2184 1328 2221 eadem
1350 2183 1431 2221 fere
1460 2183 1616 2220 decreta
1644 2182 1815 2220 inculcat
1834 2182 1976 2221 Ponti-

1030 2238 1108 2284 fex,
1137 2238 1390 2287 prohibetque
1420 2236 1585 2285 insuper,
1610 2235 1814 2284 quominus
1836 2235 1980 2285 episco-

1030 2291 1067 2339 pi
1096 2290 1309 2328 inconsulto
1340 2290 1506 2338 primate
1544 2291 1612 2327 aut
1638 2290 1686 2327 ab
1717 2301 1792 2326 uno
1822 2291 1978 2326 tantum

1030 2343 1205 2393 episcopo
1222 2344 1508 2388 consecrentur,
1529 2342 1733 2391 quominus
1755 2342 1921 2391 episcopi
1936 2354 1979 2379 a·

1029 2396 1152 2435 lienae
1181 2397 1399 2434 dioeceseos
1429 2395 1610 2434 clericum
1632 2396 1821 2442 ordinent,
1845 2399 1911 2432 aut
1931 2395 1979 2432 ab

1031 2450 1115 2487 aliis
1148 2449 1334 2499 episcopis
1366 2449 1559 2487 abiectum
1594 2448 1814 2486 admittant.
1845 2447 1980 2485 Tertia

1032 2505 1090 2540 est
1110 2503 1158 2540 ad
1177 2503 1371 2552 episcopos
1395 2502 1608 2547 universos,
1630 2502 1669 2539 in
1689 2513 1764 2551 qua
1789 2502 1911 2546 vetat,
1931 2513 1979 2538 ne

1032 2556 1156 2604 ignari
1176 2559 1215 2593 et
1237 2555 1417 2604 neophyti
1434 2556 1482 2593 ad
1510 2555 1672 2593 Ordines
1692 2566 1834 2600 sacros,
1855 2565 1979 2601 neque

1031 2609 1177 2658 indigni
1189 2609 1237 2646 ad
1246 2609 1509 2658 episcopatum
1526 2609 1839 2656 promoveantur.
1861 2607 1981 2648 Quar-

1032 2666 1074 2698 ta
1094 2666 1151 2699 est
1170 2663 1218 2699 ad
1238 2662 1430 2710 Anysium
1446 2660 1827 2699 Thessalonicensem
1849 2664 1889 2697 et
1904 2660 1980 2709 epi-

1033 2727 1166 2764 scopos
1194 2715 1339 2764 Illyrici
1367 2721 1503 2752 contra
1531 2714 1727 2751 Bonosum
1755 2713 1978 2751 haeresiar-

1034 2769 1158 2815 cham,
1178 2768 1224 2805 de
1246 2781 1319 2817 quo
1338 2767 1442 2811 infra
1462 2767 1645 2804 dicemus.

1074 2887 1084 2908 1
1104 2886 1216 2925 sulpic.
1233 2885 1337 2917 Sever.
1361 2885 1418 2916 loc.
1434 2883 1494 2921 cit„
1511 2886 1539 2914 et
1561 2881 1684 2923 Dialoq.
1706 2882 1725 2914 l.
1741 2883 1795 2922 111,
1817 2892 1843 2914 c.
1861 2881 1979 2922 11-13;

1035 2929 1143 2958 Baron.
1162 2928 1199 2957 ad
1217 2937 1264 2957 an.
1281 2926 1350 2958 385.

1075 2968 1090 2990 2
1106 2969 1245 2999 Menaeni
1262 2976 1351 2998 sacro
1370 2967 1601 3005 Presbyteratus
1615 2964 1730 2997 Ordine
1745 2965 1861 2996 initiari
1880 2965 1981 3004 coepti

1035 3014 1105 3040 sunt
1121 3013 1229 3049 quarto
1245 3009 1400 3039 Ecclesiae
1417 3008 1550 3038 saeculo.
1566 3008 1686 3038 Primus
1702 3007 1834 3038 omnium
1849 3016 1874 3038 s.
1890 3007 1983 3037 Atha-

1036 3053 1139 3081 nasius
1157 3051 1243 3080 elei-0
1258 3049 1461 3079 Alexandrino
1476 3048 1653 3079 sacerdotes
1666 3058 1701 3079 ex
1718 3048 1876 3079 monachis
1891 3047 1982 3078 dedit.

1036 3093 1106 3122 Eius
1130 3091 1267 3130 vestigiis
1291 3091 1319 3120 in
1346 3091 1483 3129 partibus
1502 3089 1676 3120 Occidentis
1701 3090 1816 3129 primus
1833 3088 1941 3119 institit
1959 3098 1982 3119 S.

1036 3133 1184 3163 Eusebius
1203 3131 1404 3162 vercellensis
1423 3131 1602 3170 Episcopus,
1617 3134 1692 3162 teste
1704 3132 1737 3161 D.
1750 3130 1911 3161 Ambrosio
1924 3129 1982 3170 (Ε-

1035 3174 1161 3214 ρῐει,63,
1179 3172 1193 3213 ἓ
1209 3172 1269 3211 66).
1287 3172 1412 3204 Siricius
1429 3172 1587 3203 monachis
1602 3173 1691 3203 etiam
1708 3172 1748 3203 ad
1761 3172 1978 3211 Episcopatum

1037 3215 1150 3246 aditum
1163 3214 1313 3254 patefecit.

1689 3269 1714 3305 9
