2241 3473
489 123 630 155 VSQVE
651 124 705 154 AD
725 124 941 154 PVBLICAM
962 123 1112 154 RERVM
1133 124 1175 153 IN
1196 125 1365 154 GALLIIS
1384 125 1709 155 SVBVERSIONEM

179 196 348 236 Tantum
373 195 511 242 abfuit,
529 201 574 234 ut
589 198 815 246 Courrayer
839 197 1080 235 assertiones

131 262 223 290 suas
248 255 483 296 revocaret,
509 257 553 289 ut
578 256 717 288 contra
742 252 792 288 ad
818 251 976 289 easdem
1017 251 1079 288 de-

131 305 345 343 fendendas
372 305 541 343 alterum
570 306 711 343 librum
738 317 804 342 an.
834 306 924 343 1726
942 305 1079 343 emise-

131 359 196 403 rit,
223 359 262 395 in
288 370 363 406 quo
390 363 603 407 praeterea
620 359 669 396 de
687 360 859 406 primatu
881 360 927 395 R.
948 359 1078 395 Ponti·

128 412 228 457 ficis,
243 413 522 462 cpiscoporum
538 413 790 455 auctoritate,
808 413 1079 449 Eucharistiae

130 471 384 503 sacramento
411 472 451 504 et
477 467 688 510 sacrificio,
715 466 926 514 anglicana
954 466 1080 513 magis

131 530 247 568 quam
275 521 472 556 catholica
506 520 662 556 ratione
695 519 879 556 disseruit
903 521 928 553 ¹.
958 519 1080 555 Ludo-

132 572 242 609 vicus
261 585 332 610 rex
349 574 424 610 XV
442 578 650 620 utrumque
669 572 923 620 Courrayerii
939 571 1079 607 librum

132 625 377 664 denuntiavit
403 627 598 675 episcopis
631 638 693 662 an.
728 625 818 662 1727
847 625 1009 661 Parisiis
1042 636 1081 660 a·

133 680 326 727 gentibus.
355 681 406 717 Hi
433 692 597 717 numero
631 680 677 718 20
709 679 810 725 apud
841 678 1078 715 cardinalem

132 733 180 770 de
207 734 333 782 Bissy,
360 735 585 782 episcopum
613 733 858 770 Meldensem
879 761 888 774 ‚
916 743 1080 779 congre-

134 787 233 834 gati,
260 788 305 825 37
334 788 647 836 propositiones,
675 799 696 824 e
722 787 830 822 libris
861 787 1080 833 Courraye-

134 841 182 876 rii
223 847 435 889 excerptas
457 871 465 886 ,
504 842 625 878 variis
663 840 842 877 censuris
879 843 1079 876 notarunt.

132 893 305 932 Proinde
332 896 433 943 regii
461 896 611 932 consilii
645 894 806 931 decreto
842 893 958 930 iidem
993 894 1080 929 libri

133 950 346 997 proscripti
372 954 474 986 sunt.
504 949 673 986 Eosdem
702 948 821 984 libros
846 948 984 984 eodem
1015 958 1081 983 an-

133 1013 184 1037 no
209 1002 413 1040 damnavit
438 1002 690 1050 provIncialiS
715 1001 888 1049 synodus
909 1001 1081 1037 Ebrodu-

134 1057 282 1099 nensis,
301 1062 340 1094 et
366 1057 604 1093 Benedictus
629 1055 700 1101 Pp.
721 1055 811 1090 XIII
829 1055 989 1092 decreto
1009 1055 1083 1090 vn⁰

134 1109 209 1145 cal.
229 1109 342 1147 iulias
370 1110 462 1148 1728
487 1109 590 1146 dato.
611 1109 684 1145 His
702 1108 916 1144 conformis
934 1111 994 1144 est
1011 1108 1083 1144 Ec—

136 1163 281 1201 clesiae
310 1165 468 1212 praxis,
503 1174 602 1212 quae
636 1161 821 1206 mandat,
856 1166 899 1198 ut
931 1162 1082 1209 quoties

136 1218 315 1256 minister
349 1219 486 1266 aliquis
513 1217 743 1265 anglicanus
768 1216 817 1253 ad
851 1216 1082 1252 catholicam

135 1274 252 1311 fidem
280 1275 442 1318 redeat,
471 1275 503 1311 si
529 1275 672 1322 dignus
696 1274 747 1310 sit
772 1274 835 1322 qui
859 1275 896 1309 in
933 1274 1082 1311 clerum

136 1334 344 1378 cooptetur
365 1360 374 1376 ,
400 1335 584 1379 tanquam
615 1342 750 1368 merus
787 1331 910 1368 laicus
949 1342 1084 1368 omnes

136 1385 307 1423 Ordines
345 1388 547 1436 suscipiat.
576 1387 803 1434 Courrayer
841 1397 904 1422 an.
934 1386 1026 1423 1728
1063 1397 1084 1421 e

135 1440 265 1478 Gallia
291 1442 467 1490 confugit
492 1442 531 1478 in
558 1442 742 1490 Angliam
765 1470 773 1485 ,
811 1441 874 1477 ubi
913 1440 1086 1486 vulgatis

138 1494 286 1543 aliquot
309 1496 468 1543 scriptis
485 1525 493 1539 ,
521 1496 570 1532 ab
597 1495 826 1543 Apostolica
852 1493 953 1531 Sede
980 1493 1085 1530 dam·

136 1549 255 1593 natis,
282 1560 347 1585 an.
375 1550 467 1587 1776
492 1549 752 1596 impoenitens
778 1547 960 1584 decessit-

179 1604 238 1641 44.
266 1603 566 1652 Αρρεῖίαηέίιιιη
590 1605 717 1640 statas
746 1602 786 1638 ιἰι
807 1602 948 1639 Gallico
966 1624 1001 1629 —
1022 1602 1086 1638 Di—

137 1661 243 1694 ctum
257 1662 317 1694 est
331 1669 450 1706 supra
465 1657 513 1695 de
528 1662 632 1694 statu
643 1657 824 1694 factionis
836 1656 1087 1693 Ianseniano-

136 1710 442 1752 Quesnellianae
462 1740 470 1755 ,
502 1723 571 1748 seu
601 1710 896 1758 Appellantium
923 1721 947 1747 a
973 1710 1087 1746 Bulla

140 1763 389 1813 Unigyenitus,
404 1777 526 1813 usque
543 1765 591 1801 ad
605 1765 751 1801 obitum
767 1765 984 1802 Clementis
994 1765 1084 1801 X12.

137 1817 233 1855 Post
264 1819 377 1855 huius
406 1819 610 1855 Pontificis
635 1823 805 1855 mortem
831 1818 948 1861 (1721)
982 1818 1087 1854 blan-

137 1871 344 1909 diebantur
369 1873 442 1909 sibi
468 1872 635 1916 factiosi,
661 1872 748 1908 fore
773 1872 922 1919 utplus
939 1872 1087 1908 favoris

139 1930 206 1962 aut
232 1927 420 1973 praesidii
447 1937 589 1963 causae
609 1937 721 1969 suae,
740 1926 818 1962 iarn
837 1925 1087 1972 desperatae,

139 1979 179 2015 in
204 1980 289 2016 eius
314 1991 543 2017 successore
571 1980 808 2027 reperirent.
837 1979 1087 2027 Quapropter

137 2037 289 2080 septem
304 2034 477 2082 episcopi
497 2034 600 2070 Galli
616 2033 689 2068 vn⁰
705 2033 789 2069 idus
804 2033 884 2068 iulii
897 2033 986 2069 1721
1003 2034 1087 2069 ausi

138 2091 229 2124 sunt
255 2087 420 2131 litteras,
448 2099 610 2134 prorsus
632 2086 919 2129 schismaticas,
938 2087 976 2122 in
996 2086 1086 2123 felle

138 2142 409 2178 amaritudinis
434 2146 632 2184 exaratas,
654 2141 881 2178 Innocentio
900 2141 971 2188 Pp.
996 2141 1085 2177 XIII

138 2195 373 2240 inscribere,
390 2197 427 2232 in
444 2196 581 2244 quibus
595 2195 811 2233 Clementis
825 2194 880 2231 XI
896 2195 1087 2231 memoria

138 2250 388 2297 sempiternis
402 2250 579 2286 laudibus
593 2250 728 2298 digna,
744 2249 1086 2296 proscindebatur,

139 2305 355 2350 apostolica
379 2305 463 2342 eius
489 2305 714 2340 constitutIO
741 2303 981 2340 calumniose
1010 2307 1085 2339 tra-

139 2354 544 2405 ducebatur,utraque
554 2362 731 2404 potestas
741 2357 988 2403 impudenter
999 2368 1087 2392 con-

140 2410 405 2454 temnebatur,
423 2411 554 2447 divina
570 2415 685 2459 atque
701 2411 872 2447 humana
886 2410 1088 2447 haeretico

141 2462 280 2509 spiritu
312 2464 660 2500 confundebantur.
693 2465 743 2500 Et
776 2475 825 2500 ne
852 2464 942 2511 quid
968 2467 1088 2500 teme-

142 2515 272 2552 ritatis
291 2521 527 2563 argumento
547 2521 586 2554 et
603 2519 756 2554 cumulo
772 2517 941 2561 deesset,
957 2521 1087 2553 aucto—

141 2569 299 2606 ritatem
326 2571 417 2607 novi
444 2571 646 2608 Pontificis
671 2573 710 2607 in
737 2575 892 2619 partem
919 2575 958 2607 et
977 2582 1086 2619 prae-

141 2622 281 2660 sidium
309 2635 405 2660 suae
432 2625 706 2672 perversitatis
730 2635 879 2661 vocare
907 2635 983 2660 non
1003 2636 1088 2661 eru—

141 2677 323 2714 buerunt.
350 2679 438 2715 Hae
465 2679 620 2715 litterae
643 2683 683 2715 et
700 2678 953 2726 Apostolicae
972 2679 1088 2716 Sedis

141 2735 180 2768 et
194 2732 347 2768 concilii
358 2732 457 2779 regii
468 2732 626 2769 decreto
639 2733 886 2779 proscriptae
897 2736 1000 2769 sunt.
1013 2733 1086 2769 Ea-

141 2796 214 2832 que
227 2786 434 2822 occasione
450 2786 700 2822 Innocentius
714 2786 820 2829 XIII,
834 2786 893 2822 1Χο
903 2786 1087 2823 calendas

140 2838 275 2885 aprilis
303 2839 395 2876 1722
421 2839 573 2876 litteras
590 2868 599 2883 ,
627 2839 834 2887 apostolici
860 2839 1022 2886 spiritus
1048 2845 1087 2877 et

139 2893 287 2940 vigoris
313 2893 466 2940 plenas,
491 2893 598 2930 dedit
628 2893 675 2929 ad
694 2892 936 2929 Ludovicum
955 2894 1030 2929 XV
1049 2898 1088 2932 et

140 2945 362 2994 Philippum
394 2947 534 2984 ducem
567 2946 897 2983 Aurelianensem
917 2975 925 2990 ,
952 2947 1087 2995 quibus

139 2999 466 3037 refractariorum
493 2999 698 3037 audaciam
723 3011 793 3048 pro
812 3003 953 3038 merito
973 3003 1086 3039 casti-

141 3053 250 3097 gavit
276 3058 392 3100 atque
419 3055 610 3091 coercuit-

185 3121 197 3143 1
218 3122 358 3163 De'sense
376 3121 415 3154 cle
432 3122 465 3154 la
484 3121 707 3154 Dissertaticm
726 3131 786 3154 sur
811 3123 844 3155 la
869 3122 1007 3155 validite'
1031 3123 1087 3158 cles

146 3164 363 3200 Ordinations
384 3168 593 3209 anqlae'canes·‚
614 3167 717 3209 1726,
736 3168 757 3200 4
782 3168 860 3201 voll.
881 3167 1004 3202 iri-1⁹2⁰.

186 3211 200 3233 ‘³
219 3212 284 3246 vid.
301 3222 334 3256 p.
352 3212 514 3247 259-260.

1940 110 2020 153 263

1176 194 1414 232 Benedictus
1446 194 1567 237 XIII,
1599 191 1813 230 innocentii
1845 203 2076 240 successor,

1129 260 1232 286 anno
1260 249 1353 286 1725
1379 248 1418 284 in
1443 248 1625 284 Romana
1649 247 1820 296 synodo,
1847 246 1927 283 iam
1958 259 2078 284 enun-

1129 303 1248 346 ciata,
1263 301 1480 351 praecepit,
1495 305 1537 337 ut
1551 301 1775 338 constitutio
1795 301 2009 339 Clementis
2022 302 2078 340 XI

1130 357 1178 392 ab
1197 355 1391 398 omnibus,
1404 354 1574 391 cuiusvis
1589 354 1824 390 conditionis
1836 358 1906 390 aut
1917 354 2079 402 gradus,

1130 408 1355 445 omnImoda
1373 418 1461 444 cum
1477 407 1703 444 obedientia
1716 407 2012 452 observaretur;
2026 412 2079 453 et,

1130 464 1163 499 si
1189 473 1305 510 quern
1338 461 1617 508 cognovissent
1634 461 1806 508 episcopi
1826 461 1864 497 in
1882 462 1962 498 suis
1977 461 2080 499 dioe-

1131 516 1284 553 cesibus
1298 514 1346 551 de
1364 513 1569 561 praedicta
1584 514 1862 551 constitutione
1877 514 1980 552 male
1995 527 2080 552 sen-

1132 570 1206 607 tire
1233 571 1302 605 aut
1326 568 1444 614 loqui,
1473 578 1542 614 pro
1570 568 1760 614 pastorali
1789 579 1860 605 sua
1885 573 2082 617 potestate

1132 624 1169 659 in
1197 634 1285 659 eum
1313 621 1700 664 animadverterent;
1729 622 1960 668 pervicaces
1985 634 2082 660 vero

1131 676 1180 713 ad
1214 676 1483 722 Apostolicam
1521 675 1664 712 Sedem
1699 675 1929 722 deferrent3
1961 677 2083 714 libros

1131 730 1266 772 etiam,
1294 732 1436 765 contra
1460 728 1582 775 ipsam
1603 730 1924 766 constitutionem
1942 730 2082 775 editos,

1131 789 1198 819 aut
1222 782 1343 818 falsas
1369 781 1568 817 doctrinas
1591 782 1630 817 in
1649 793 1697 818 ea
1714 782 1923 820 damnatas
1941 795 2083 832 propu—

1132 840 1300 884 gnantes
1319 864 1327 880 ‚
1359 835 1572 882 diligenter
1600 837 1902 883 perquirerent,
1929 838 2080 885 sibique

1134 890 1235 927 tradi
1257 890 1507 932 mandarent,
1527 889 1780 936 Apostolicae
1800 891 1891 928 Sedi
1910 891 1999 928 dein
2018 891 2085 929 de-

1132 943 1387 979 nunciandos.

1181 997 1370 1034 Similiter
1389 997 1519 1034 clerus
1538 998 1765 1034 Gallicanus
1783 999 1821 1034 in
1838 999 2004 1035 comitiis
2018 1010 2083 1046 gc-

1134 1051 1347 1095 neralibus,
1375 1062 1477 1087 anno
1504 1052 1611 1096 1723,
1640 1052 1732 1088 1725
1757 1056 1798 1089 et
1815 1053 1906 1090 1726
1926 1053 2084 1098 habitis,

1135 1105 1346 1152 plurimum
1374 1109 1533 1152 questus
1559 1109 1620 1142 est
1643 1106 1691 1142 de
1718 1105 1891 1150 lIcentia,
1920 1117 1996 1154 qua
2027 1119 2086 1143 re-

1135 1159 1316 1196 fractarii
1348 1164 1487 1196 contra
1519 1161 1773 1208 Apostolicae
1804 1160 1917 1197 Sedis
1942 1166 1983 1198 et
2008 1161 2086 1209 epi-

1136 1225 1347 1261 scoporum
1374 1214 1652 1251 auctoritatem
1677 1214 1964 1260 declamabant,
1981 1220 2021 1252 et
2038 1216 2086 1254 de

1137 1268 1354 1314 molestiis,
1383 1279 1479 1316 quas
1514 1270 1648 1306 curiae
1677 1271 1904 1309 saeculares
1937 1274 2085 1321 episco-

1139 1328 1197 1374 pis
1211 1338 1425 1375 eorumque
1439 1325 1718 1364 iurisdictionis
1738 1330 1927 1365 exercitio
1941 1329 2088 1368 insere-

1138 1385 1245 1429 bant,
1265 1384 1441 1431 datisque
1468 1383 1518 1420 ad
1539 1383 1783 1420 Ludovicum
1803 1384 1895 1428 XV,
1922 1386 1986 1432 qui
2004 1386 2083 1422 iam

1138 1450 1332 1475 summam
1360 1437 1566 1485 regiminis
1592 1442 1839 1483 susceperat,
1859 1437 2003 1475 litteris
2019 1439 2086 1476 tri-

1137 1498 1238 1530 stem
1253 1493 1511 1530 ecclesiarum
1526 1495 1672 1528 statum
1691 1492 1976 1539 exposuit-Rex
1991 1494 2088 1530 cleri

1138 1546 1474 1595 expostulationes
1491 1545 1677 1591 suscepit,
1691 1556 1883 1592 opemque
1902 1545 1952 1581 ad
1966 1547 2088 1583 corri-

1139 1600 1267 1648 genda
1284 1600 1390 1636 mala
1407 1598 1627 1647 spopondit,
1644 1599 1759 1635 Anno
1772 1610 1870 1635 vero
1888 1600 1979 1638 1726
1993 1601 2090 1637 Soa-

1139 1666 1227 1698 nen,
1255 1654 1464 1702 episcopus
1490 1652 1741 1696 Sanitiensis‚
1761 1664 1860 1689 unus
1879 1665 1900 1690 e
1920 1658 2088 1701 quatuor

1139 1709 1276 1756 primis
1306 1707 1502 1755 episcopis
1529 1706 1818 1753 appellantibus
1837 1735 1846 1750 ,
1874 1707 2089 1744 emisitIn·

1139 1762 1400 1798 structionem
1429 1760 1686 1807 pastoralem,
1718 1759 1757 1795 in
1784 1770 1862 1806 qua
1887 1760 2089 1801 Quesnelli

1140 1816 1280 1851 librum
1301 1814 1618 1857 commendabat,
1644 1813 1890 1851 Clementem
1911 1815 1966 1851 XI
1989 1814 2087 1853 eius-

1139 1881 1213 1916 que
1233 1880 1486 1905 successores
1513 1871 1552 1904 et
1577 1867 1840 1903 assentientes
1865 1867 1913 1903 iis
1937 1868 2088 1915 episco-

1139 1934 1211 1969 pos
1233 1922 1524 1969 proscindebat,
1544 1920 1829 1967 appellantium
1848 1931 2008 1958 causam
2024 1922 2086 1960 de-

1138 1976 1324 2013 fendebat
1352 1986 1520 2023 suosque
1547 1974 1806 2010 dioecesanos
1831 1973 2087 2021 hortabatur,

1136 2033 1180 2065 ut
1205 2030 1244 2065 in
1272 2033 1438 2077 accepta
1456 2039 1480 2065 a
1496 2040 1538 2065 se
1558 2027 1738 2064 doctrina
1757 2031 1985 2065 constanter
2002 2041 2087 2076 per·
2127 2033 2138 2037 “

1137 2086 1383 2120 severarent.

1184 2137 1244 2172 Ad
1283 2136 1578 2184 reprimendam
1613 2139 1764 2173 tantam
1801 2137 2008 2173 audaciam
2039 2136 2087 2174 de

1138 2190 1285 2227 Guerin
1312 2191 1360 2227 de
1387 2190 1552 2233 Tencin,
1571 2190 1895 2238 archiepiscopus
1914 2191 2089 2226 Ebrodu-

1140 2245 1273 2281 nensis
1299 2248 1340 2281 et
1365 2244 1539 2292 episcopi
1566 2244 1801 2281 Sanitiensis
1819 2244 2085 2291 metropolita,

1140 2299 1242 2334 xvu⁰
1274 2298 1461 2334 calendas
1486 2298 1723 2344 septembris
1750 2298 1843 2334 1727
1869 2298 2088 2345 provincia-

1141 2352 1219 2388 lem
1245 2352 1437 2400 synodum
1464 2353 1502 2387 in
1529 2363 1602 2388 sua
1626 2351 1836 2399 metropoli
1865 2353 2010 2397 coegit,
2039 2351 2087 2388 ad

1140 2417 1254 2453 quam
1274 2405 1395 2442 etiam
1410 2405 1595 2442 invitavit
1609 2405 1816 2452 episcopus
1829 2404 2086 2441 finitimarum

1142 2459 1447 2506 provinciarum.
1466 2461 1745 2497 Convenerunt
1760 2458 1804 2494 14
1818 2457 1989 2505 episcopi
2006 2459 2086 2506 plu-

1140 2524 1282 2561 resque
1310 2513 1547 2562 presbyteri.
1567 2514 1722 2549 Soanen
1750 2511 1799 2547 ad
1826 2512 2016 2560 synodum
2036 2512 2086 2548 ci-

1142 2570 1247 2603 tatus
1279 2567 1527 2614 comparuit,
1560 2566 1629 2602 sed
1655 2569 1794 2611 contra
1819 2569 2087 2613 congregatos

1142 2625 1288 2667 patres,
1315 2621 1429 2669 quasi
1457 2620 1606 2656 iudices
1628 2620 1955 2667 incompetentes,
1973 2631 2086 2656 exce-

1141 2675 1212 2721 pit,
1226 2675 1482 2722 depositaque
1498 2672 1793 2717 reclamatione,
1806 2673 2002 2710 discessit.
2014 2674 2085 2721 Sy-

1140 2728 1262 2765 nodus
1288 2727 1509 2765 huiusmodi
1535 2727 1832 2764 reclamationis
1857 2727 2004 2764 nullam
2024 2738 2087 2764 ra-

1141 2782 1289 2819 tionem
1321 2782 1482 2826 habuit;
1515 2781 1753 2828 pastoralem
1780 2781 2085 2819 Instruetionem

1139 2835 1309 2872 Soanen.
1339 2847 1412 2872 ceu
1431 2834 1703 2879 temerariam,
1722 2835 2012 2879 scandalosam‚
2028 2846 2087 2871 se-

1140 2889 1322 2926 ditiosam
1341 2918 1349 2933 ,
1378 2888 1609 2924 iniuriosam
1635 2889 1865 2933 Ecclesiae,
1893 2889 2086 2936 episcopis

1141 2948 1181 2979 et
1206 2944 1344 2990 regiae
1373 2941 1614 2986 auctoritati,
1641 2942 1934 2979 schismaticam
1960 2945 2000 2978 et
2026 2953 2086 2978 er-

1140 2997 1295 3032 roribus
1322 2997 1492 3043 plenam,
1520 2996 1742 3041 damnavit;
1768 2997 1877 3033 illum
1904 2996 1952 3032 ab
1979 2996 2086 3032 omni

1138 3050 1406 3086 iurisdictione
1434 3054 1474 3085 et
1499 3050 1624 3086 officio
1652 3051 1862 3098 episcopali
1891 3060 1937 3086 ac
1954 3060 2086 3086 sacer-

1138 3103 1258 3139 dotali
1277 3102 1494 3150 suspendit,
1511 3106 1550 3140 et
1565 3104 1795 3140 Sanitiensis
1810 3103 2004 3140 ecclesiae
2019 3102 2086 3138 ad-

1139 3157 1467 3193 ministrationem
1494 3157 1786 3195 commendavit
1810 3158 1916 3194 Ioan.
1948 3157 1996 3194 de
2014 3157 2083 3193 Sa-

1139 3213 1227 3248 leon
1253 3222 1329 3259 qua
1353 3211 1503 3249 vicario
1530 3212 1721 3260 generali.
1748 3211 1968 3251 Praeterea
1994 3221 2083 3248 con-
