2241 3473
294 108 370 147 110

239 185 394 224 mnibus
424 183 600 222 ecclesiis
635 184 675 219 et
708 180 954 219 monasteriis
982 179 1174 218 celebrari

238 238 353 277 iussit
373 237 398 275 ¹.
417 239 472 275 At
490 247 578 273 cum
597 236 669 272 hoc
688 235 888 272 decretum
907 233 1105 271 conditum
1124 232 1174 270 sit

239 295 326 341 post
342 290 566 328 scissionem
585 289 688 325 inter
707 286 925 325 Concilium
944 291 984 324 et
1002 287 1052 324 R.
1073 287 1172 323 Pon-

241 345 398 388 tificem,
417 342 593 391 quaestio
615 353 691 378 non
712 340 786 379 fuit
805 340 978 378 definita.
988 342 1062 378 An.
1075 339 1176 376 1476

240 399 392 447 Xystus
412 396 482 444 Pp.
502 394 559 432 IV
575 394 722 443 amplas
738 394 1008 443 Indulgentias
1023 404 1176 430 conces-

241 452 291 489 sit
311 450 449 487 festum
470 448 749 485 Immaculatae
769 446 1038 496 Conceptionis
1059 446 1178 483 devo-

239 509 279 542 te
297 501 593 546 celebrantibus,
614 503 654 538 et
672 513 734 539 an.
759 501 860 539 1482
889 500 1014 539 altera
1033 498 1178 537 consti—

240 558 391 594 tutione
424 554 648 604 reprobavit
671 566 736 592 eos
763 555 831 603 qui
864 555 1039 591 dicerent
1071 553 1179 590 obie-

241 613 346 649 ctum
367 608 473 647 istius
492 608 582 646 festi
603 620 687 645 esse
706 608 913 646 dumtaxat
937 606 1179 656 spiritualem

243 662 534 711 conceptionem
552 673 619 699 seu
638 662 987 699 sanctificationem
1019 660 1064 698 B.
1084 659 1181 697 Vir-=

243 714 375 767 ginis2.
396 717 509 753 Anno
522 715 624 753 1497
632 715 815 753 Facultas
830 713 1049 763 theologica
1068 713 1182 750 Pari-

243 770 378 808 siensis
395 800 405 817 ,
433 768 638 807 constituit
659 771 701 806 ut
722 769 850 806 nullus
871 768 918 805 ad
939 767 1183 805 academicos

243 824 387 872 gradus
407 823 704 868 admitteretur,
721 822 793 860 nisi
809 821 917 871 prius
937 820 1183 858 iureiurando

244 889 284 915 se
299 877 578 915 obstrinxisset
589 876 639 913 ad
656 875 936 913 defendendam
949 874 1181 912 sententiam

245 931 291 968 de
311 930 566 968 Immaculata
586 929 775 978 Deiparae
796 929 1062 978 Conceptione3
1084 927 1183 976 quod

243 984 465 1033 exemplum
485 995 548 1021 an.
573 982 673 1020 1499
690 982 931 1020 Coloniensis
947 985 1062 1019 etan.
1083 980 1176 1018 1501

245 1037 481 1086 Moguntina
500 1036 687 1074 Facultas
722 1036 876 1073 imitata
897 1038 966 1074 est.
988 1036 1060 1072 An.
1083 1034 1183 1072 1564

245 1090 462 1130 Concilium
480 1090 755 1128 Tridentinum
783 1101 877 1127 sess.
899 1089 935 1127 V
956 1089 1185 1134 declaravit,

245 1157 320 1184 non
341 1143 425 1183 esse
444 1156 539 1183 suae
565 1143 793 1181 intentionis
813 1144 852 1180 in
872 1144 1027 1180 decreto
1047 1154 1118 1180 suo
1139 1142 1184 1179 de

245 1202 402 1248 peccato
424 1197 605 1247 originali
626 1197 953 1246 comprehendere
968 1197 1131 1233 Beatam
1147 1197 1188 1232 et

246 1252 546 1291 Immaculatam
578 1251 782 1300 Virginem
811 1250 979 1288 Mariam
998 1280 1007 1295 ‚
1027 1249 1094 1287 sed
1114 1249 1185 1286 ob-

245 1306 458 1345 servandas
478 1317 562 1343 esse
575 1305 872 1342 constitutiones
885 1303 1003 1353 Xysti
1012 1303 1078 1340 IV.
1090 1303 1186 1340 Sae-

247 1360 335 1398 culo
355 1359 533 1408 sequenti
553 1371 616 1396 an.
638 1358 755 1404 1616,
776 1357 926 1395 Paulus
946 1357 1016 1404 Pp.
1036 1356 1086 1403 V,
1114 1356 1187 1393 sub

245 1413 434 1462 gravibus
454 1412 598 1461 poenis,
619 1411 818 1461 prohibuit
831 1441 840 1457 ,
862 1423 907 1448 ne
927 1411 1014 1459 quis
1034 1410 1073 1447 in
1095 1411 1185 1447 actu

246 1467 399 1517 publico
415 1468 620 1512 assereret,
641 1465 853 1514 Deiparam
874 1464 1078 1512 Virginem
1099 1475 1185 1501 eum

245 1520 427 1570 originali
460 1522 619 1569 peccato
655 1518 777 1556 fuisse
811 1522 1036 1566 conceptam
1054 1530 1064 1563 3
1088 1518 1186 1566 quod

246 1575 362 1612 etiam
384 1576 423 1611 in
444 1573 608 1622 privatis
629 1571 973 1620 disceptationibus
992 1574 1031 1608 et
1046 1570 1190 1619 scripta

245 1640 308 1666 an.
322 1628 424 1666 1622
435 1627 629 1665 affirmare
645 1626 774 1663 vetuit
789 1625 1002 1673 Gregorius
1017 1624 1107 1671 XV,
1123 1624 1188 1673 qui

246 1687 333 1732 post
347 1681 515 1719 Paulum
534 1679 814 1718 Pontificatum
832 1679 963 1716 tenuit
977 1676 1003 1715 ³.

298 1738 408 1774 Anno
429 1735 525 1772 1661
541 1734 762 1772 Alexander
771 1731 1106 1779 VII,eonfirmatis
1121 1731 1187 1768 de·

248 1801 444 1828 cessorum
465 1799 621 1826 suorum
642 1786 999 1831 constitutionibus,
1021 1785 1189 1823 declara-

247 1844 328 1890 vit,
349 1843 542 1880 obiectum
563 1841 664 1886 festi,
684 1841 722 1877 in
749 1841 935 1877 honorem
957 1838 1189 1887 Conceptio-

249 1898 306 1934 nis
336 1897 380 1934 B.
411 1896 460 1934 V.
491 1897 544 1934 M.
579 1895 751 1932 instituti
785 1906 868 1931 esse
898 1893 1188 1942 conceptionem

248 1950 541 1988 immaculatam
555 1949 598 1986 B.
623 1947 810 1997 Virginis,
822 1946 1098 1996 praeveniente
1118 1945 1188 1983 sci-

248 2004 340 2042 licet
366 2004 533 2052 Spiritus
557 2002 594 2040 S.
616 2002 767 2051 gratia,
788 2014 811 2039 a
830 2004 985 2050 peccato
1007 1999 1187 2049 originali

248 2060 534 2108 praeservatae.

301 2111 474 2159 Denique
496 2109 707 2158 Gregorius
731 2108 827 2146 XVI
849 2108 1009 2156 eiusque
1029 2108 1188 2145 Succes-

250 2177 313 2203 sor
334 2165 426 2202 Pius
447 2165 516 2212 Pp.
535 2164 591 2200 IX
608 2193 617 2209 ,
651 2162 862 2200 secundum
896 2174 1030 2211 preces
1064 2161 1190 2210 pluri-

248 2230 401 2256 morum
422 2218 703 2266 episcoporum,
723 2216 979 2264 Superiorum
1002 2215 1190 2252 Ordinum

250 2276 290 2310 et
309 2276 504 2309 rectorum
525 2270 778 2308 ecclesiarum
795 2271 1081 2314 concesserunt,
1093 2272 1134 2305 ut
1153 2268 1191 2305 in

250 2325 494 2375 praefatione
527 2324 670 2362 Missae
710 2323 978 2372 Conceptionis
1000 2323 1042 2359 B.
1067 2321 1113 2359 V.
1137 2323 1188 2359 M.

253 2380 456 2418 diceretur:
467 2378 525 2416 Et
538 2383 572 2414 te
585 2379 629 2415 m
642 2379 899 2425 conceptione
912 2377 1192 2420 immaculata,

252 2436 370 2483 atque
392 2433 428 2470 in
449 2431 596 2469 litaniis
630 2430 886 2469 Lauretanis:
912 2431 1073 2477 Hcfse'na
1102 2430 1193 2466 sine

253 2489 340 2525 labe
363 2486 565 2534 orzjqz'nalz'
585 2490 790 2533 concepta.
810 2485 851 2520 Id
869 2483 994 2532 ipsum
1011 2495 1071 2519 an.
1094 2482 1192 2519 1843

253 2554 276 2578 a
292 2540 481 2578 Pontilice
503 2538 613 2587 petiit
635 2539 788 2575 nomine
805 2537 924 2574 totius
941 2536 1095 2573 Ordinis
1113 2535 1192 2572 FF.

252 2594 575 2632 Praedicatorum
594 2592 771 2629 minister
786 2590 988 2640 generalis.
1007 2590 1192 2626 Summus

251 2647 436 2685 Pontifex
458 2647 553 2684 Pius
574 2645 630 2684 IX
651 2658 674 2683 a
695 2645 831 2682 multis
861 2642 1126 2680 cardinalibus
1155 2644 1193 2678 et

253 2701 439 2751 episcopis
472 2702 634 2749 rogatus
652 2729 661 2746 ,
683 2702 724 2736 ut
758 2697 1050 2736 immaculatam
1082 2696 1123 2733 B.
1145 2695 1192 2732 V.

255 2755 547 2804 conceptionem
569 2753 787 2803 dogmatice
807 2751 999 2795 definiret,
1016 2761 1077 2786 an.
1095 2748 1195 2786 1849

253 2808 380 2846 2febr.
394 2807 534 2846 litteris
549 2806 759 2856 encyclicis
768 2806 923 2844 Caietae
937 2803 1038 2841 datis
1053 2803 1100 2840 ab
1117 2814 1194 2839 oni-

296 2998 304 3019 ¹
323 2999 434 3036 Lablw,
455 2996 573 3030 Ctmcil.
592 2999 608 3026 Ι.
626 2996 689 3032 xil,
708 3004 735 3032 p.
757 2993 825 3024 6⁹32.

297 3040 311 3061 ‘3
327 3041 501 3078 Extravaq.
523 3048 632 3068 «onim.
654 3038 672 3066 Ι.
693 3036 740 3072 111,
759 3036 802 3065 iit.
819 3035 866 3065 1⁸2,

295 3082 309 3103 5³
325 3084 361 3113 (ΞΓ
375 3081 528 3113 Benedici.
547 3080 625 3117 xlv,
646 3077 687 3108 Dc
705 3078 803 3107 Fas-tis
821 3076 855 3108 ΙΙ.
881 3074 912 3106 V.
928 3074 965 3106 M.

296 3124 307 3145 ⁴
326 3123 432 3155 insin<
451 3123 487 3152 de
505 3123 562 3152 liae
580 3120 707 3151 hisloi-ia
727 3118 792 3156 νμίῑ
816 3118 961 3148 laudatus-
980 3116 1000 3146 Ι.
1018 3117 1149 3146 l’crronc.
1168 3115 1195 3143 in

256 3167 304 3194 vit.
324 3176 371 3203 op.
394 3166 441 3194 1)ae
466 3161 677 3195 Immaculata
693 3161 716 3192 Ιί
737 3160 775 3192 M.
791 3159 819 3191 V.
833 3161 974 3199 concept.
999 3161 1054 3188 etc.
1074 3155 1197 3197 msqm-

256 3210 329 3237 stlzo
348 3206 534 3246 llccnluglica.

712 115 887 155 ‚EPOCHA
904 115 959 142 lx.
980 114 1032 141 AB
1059 113 1183 140 INITIO
1210 113 1441 142 SCHISMATIS
1469 115 1698 143 OCCIDENTIS

1214 180 1326 218 nibus
1343 180 1466 219 totius
1487 181 1592 219 orbis
1609 181 1800 230 episcopis
1829 181 1958 231 petiit,
1977 191 2080 229 quae
2097 191 2160 217 es·-

1215 235 1275 270 set
1293 245 1366 270 sua
1384 233 1556 282 ipsorum
1575 236 1616 272 et
1633 234 1808 272 fidelium
1833 234 1907 272 sibi
1927 233 2158 272 commisso-

1216 298 1301 324 rum
1317 287 1441 336 pietas
1456 299 1552 336 erga
1565 287 1858 325 immaculatam
1873 288 1916 325 B.
1932 287 1980 326 V.
1998 288 2052 325 M.
2069 299 2163 325 con-

1217 340 1448 388 ceptionem,
1468 341 1636 390 quidque
1665 341 1736 390 ipsi
1751 341 1981 390 praesertim
2001 341 2050 379 de
2064 341 2159 390 dog-

1219 394 1364 431 matica
1395 393 1499 432 illius
1531 394 1756 432 definitione
1776 394 1966 432 sentirent
1983 398 2023 432 et
2042 406 2157 443 exop-

1218 450 1358 484 tarent.
1380 447 1608 485 Generatim
1643 447 1814 497 episcopi
1847 459 1958 485 suam
1986 449 2164 486 su‘orum-

1219 511 1295 548 que
1327 500 1502 538 fidelium
1533 501 1721 550 pietatem
1755 511 1850 550 erga
1868 500 2161 539 immaculatam

1220 554 1265 592 B.
1280 554 1328 592 V.
1342 554 1396 592 M.
1418 554 1708 604 conceptionem
1728 554 1862 592 testati
1883 558 1975 593 sunt
1993 557 2044 600 et,
2063 566 2163 604 pau-

1220 607 1384 646 cissimis
1405 609 1594 657 exceptis,
1614 608 1816 645 doctrinae
1836 607 1951 645 huius
1970 607 2160 645 definitio-

1221 673 1310 698 nem
1331 664 1579 710 exoptarunt.
1598 662 1642 699 Id
1658 662 1783 710 ipsum
1805 661 1987 698 Pontifici
2007 660 2161 710 signifi-

1222 726 1314 752 caru
1321 718 1362 752 nt
1373 716 1484 763 plura
1492 715 1989 765 Capitula‚Universitates,
1999 716 2040 752 et
2052 726 2167 763 syno-

1223 768 1261 805 di
1280 768 1557 817 episcoporum.
1572 770 1665 806 Post
1673 769 1771 805 haec
1781 768 1964 806 Summus
1977 767 2164 806 Pontifex

1224 834 1285 859 an.
1305 821 1406 859 1854
1425 822 1623 871 episcopos
1644 834 1694 860 ex
1713 822 1892 860 omnibus
1912 821 2017 859 orbis
2035 820 2162 870 parti-

1223 877 1294 913 bus
1315 876 1482 913 Romam
1498 875 1741 921 convocavit,
1758 878 1798 912 et
1813 875 1872 912 die
1892 875 1917 912 8
1938 873 2164 912 Decembris

1225 929 1401 967 eiusdem
1423 929 1514 966 anni
1534 930 1639 966 intra
1657 929 1867 967 Missarum
1887 927 2076 966 solemnia
2095 928 2166 965 de-

1225 986 1376 1020 cretum
1387 983 1494 1032 legit,
1505 994 1581 1031 quo
1597 982 1773 1020 definivit
1788 1011 1798 1029 ,
1814 993 1896 1019 esse
1915 981 2005 1020 fidei
2024 981 2165 1029 dogma

1228 1037 1303 1074 «B.
1324 1036 1372 1075 V.
1393 1036 1562 1074 Mariam
1582 1037 1620 1073 in
1644 1036 1926 1085 primoinstant
1947 1047 2044 1072 suae
2062 1035 2167 1072 Con-

1225 1091 1413 1139 ceptionis
1432 1090 1621 1139 singulari
1643 1090 1714 1127 Dei
1740 1090 1868 1139 gratia
1886 1091 1927 1126 et
1945 1088 2170 1138 privilegio,

1226 1145 1374 1182 intuitu
1404 1145 1636 1182 meritorum
1672 1143 1816 1181 Christi
1850 1143 1967 1189 Iesu,
1986 1143 2035 1180 ab
2064 1141 2170 1179 omni

1228 1197 1431 1246 originalis
1448 1197 1585 1247 eulpae
1612 1197 1699 1235 labe
1730 1196 1847 1235 fuisse
1876 1197 2169 1245 praesen-vatam

1227 1253 1439 1289 immunem
1473 1264 1509 1303 >?·
1538 1251 1739 1289 Pontificis
1773 1251 1975 1288 decretum
2007 1249 2171 1287 summis

1230 1307 1372 1354 ubique
1392 1318 1480 1342 cum
1496 1305 1677 1344 laudibus
1694 1307 1734 1342 et
1747 1304 1898 1342 laetitia
1914 1302 2087 1341 maxima
2105 1314 2171 1341 su-

1229 1363 1405 1408 sceptum
1425 1359 1501 1397 fuit
1525 1357 1548 1396 ¹.

1280 1414 1316 1451 5.
1348 1413 1504 1451 Urbana·
1531 1412 1590 1449 VI
1599 1417 1716 1461 [festa
1731 1433 1780 1440 —
1797 1411 1893 1448 Cum
1909 1410 2093 1448 Urbanus
2113 1410 2167 1447 to-

1228 1470 1314 1505 tum
1335 1466 1416 1504 fere
1450 1466 1729 1503 Pontificatum
1750 1476 1818 1514 per
1837 1464 1996 1502 Italiam
2015 1463 2168 1502 discur-

1231 1532 1317 1558 rens
1336 1520 1518 1569 gessisset
1546 1520 1660 1557 valde
1688 1519 1934 1566 laboriosum,
1954 1529 2056 1555 anno
2075 1520 2171 1555 tan-

1230 1575 1317 1611 dem
1338 1574 1440 1612 1389
1456 1574 1583 1622 quiete
1604 1574 1748 1622 degens
1766 1573 1916 1610 Romae
1935 1571 2013 1609 tria
2032 1571 2173 1609 decre-

1232 1628 1289 1665 vit
1306 1641 1314 1664 :
1335 1628 1395 1665 Ad
1415 1627 1660 1665 recolendam
1690 1626 1838 1664 scilicet
1854 1636 2046 1663 annorum
2066 1624 2172 1663 vitae

1234 1681 1453 1719 Salvatoris
1474 1680 1596 1719 nostri
1615 1680 1653 1718 in
1673 1680 1790 1717 terris
1806 1678 2046 1716 memoriam
2065 1677 2173 1716 Iubi-

1235 1736 1363 1773 laeum
1384 1748 1534 1784 quoque
1568 1746 1670 1772 anno
1702 1732 1909 1782 trigesimo
1929 1732 2045 1770 tertio
2065 1731 2170 1769 cele-

1232 1790 1423 1827 brandum
1443 1788 1594 1835 statuit,
1615 1787 1796 1825 similiter
1818 1790 1862 1823 ut
1882 1786 2043 1823 Festum
2063 1784 2172 1824 Visi-

1233 1843 1392 1881 tationis
1404 1844 1447 1880 B.
1466 1843 1519 1880 M.
1536 1843 1583 1879 V.
1602 1842 1660 1879 vi⁰
1678 1852 1800 1878 nonas
1816 1839 1913 1886 iulii,
1928 1840 1999 1877 sub
2015 1839 2092 1878 ritu
2109 1839 2174 1876 du·

1232 1896 1324 1945 plici
1344 1909 1413 1946 per
1433 1898 1563 1934 orbem
1587 1895 1809 1933 universum
1843 1893 2070 1931 solemniter
2102 1904 2172 1930 co-

1233 1951 1404 1997 leretur3
1421 1951 1621 1998 edixitque
1656 1953 1698 1986 ut
1725 1948 1764 1985 in
1797 1947 1891 1985 locis
1919 1947 2052 1993 etiam,
2086 1946 2175 1995 qui-

1237 2006 1305 2043 bus
1324 2016 1434 2043 sacra
1455 2006 1582 2042 essent
1602 2002 1823 2047 interdicta,
1839 2000 1973 2038 liceret
1992 2000 2054 2037 die
2075 1999 2176 2037 festo

1235 2059 1415 2108 Corporis
1431 2057 1573 2096 Christi
1595 2069 1674 2093 rem
1693 2055 1866 2093 divinam
1882 2054 2010 2091 facere
2028 2053 2174 2103 apertis

1235 2113 1360 2151 ianuis
1381 2127 1388 2150 :
1409 2113 1543 2149 eodem
1567 2121 1722 2159 prorsus
1742 2110 1854 2146 modo
1872 2137 1881 2154 ‚
1901 2107 2004 2157 quod
2024 2107 2063 2144 id
2082 2106 2168 2144 fieri

1235 2167 1295 2204 die
1315 2165 1449 2204 Natali
1470 2163 1613 2203 Christi
1635 2163 1800 2208 Domini,
1820 2162 2006 2207 Paschae,
2029 2161 2174 2198 Pente-

1235 2223 1360 2259 costes
1379 2224 1418 2257 et
1437 2217 1718 2266 Assumptionis
1739 2216 1930 2264 Deiparae
1951 2213 2176 2252 Bonifacius

1236 2274 1330 2313 VIII
1349 2274 1578 2323 permiserat
1598 2270 1625 2307 ².
1647 2270 1774 2319 Opera
1793 2281 1822 2307 s.
1848 2268 2081 2307 Catharinae
2103 2267 2178 2305 Se-

1238 2329 1364 2368 nensis
1399 2338 1535 2377 pacem
1569 2336 1655 2362 eum
1691 2323 1926 2361 Florentinis
1947 2321 2178 2370 composuit;

1238 2386 1423 2422 Ioannam
1444 2378 1627 2428 Neapolis
1648 2378 1823 2427 reginam
1841 2406 1850 2421 ‚
1871 2374 2081 2414 Clementis
2100 2373 2177 2412 VII

1237 2436 1455 2480 fautricem,
1476 2445 1596 2482 regno
1617 2431 1889 2480 Neapolitano,
1910 2429 2011 2479 quod
2027 2430 2114 2466 erat
2128 2428 2177 2468 R.

1280 2569 1288 2589 1
1309 2566 1409 2597 Videri
1433 2568 1593 2604 practerea
1609 2563 1690 2593 iuvat
1705 2562 1758 2601 ,B.
1781 2560 1898 2599 Pinna,
1919 2558 2021 2592 Causa
2043 2557 2178 2603 Immaq.

1241 2609 1387 2648 Cuncept.
1403 2608 1436 2639 Β.
1448 2605 1628 2638 witsaci-ts
1648 2603 1839 2636 testimoniis
1856 2602 2017 2642 utrimque
2033 2599 2182 2640 allegatus

1239 2654 1268 2682 ec
1285 2651 1325 2681 ad
1341 2658 1477 2681 emvnen
1501 2646 1854 2687 thensauico-ornicum
1876 2643 2048 2679 revocatis,
2066 2642 2182 2672 Panor-

1239 2694 1277 2723 nii
1302 2691 1373 2723 1747
1399 2696 1426 2721 ct
1443 2691 1544 2721 Goion.
1566 2688 1652 2725 175st
1667 2690 1698 2719 C.
1716 2689 1887 2728 rassagiia‚
1904 2685 1946 2717 De
1972 2681 2180 2728 immacul-ato

1241 2735 1403 2774 θῆραι-(ιε
1424 2741 1550 2772 semper
1574 2730 1715 2771 Viryinis
1737 2733 1895 2770 conceptu
1910 2726 2182 2762 Commenlanus,

1241 2778 1366 2810 Romae,
1392 2774 1545 2810 1854-55,
1562 2773 1579 2805 3
1598 2773 1655 2804 vol.
1674 2773 1701 2802 in
1719 2770 1772 2808 4⁰;
1789 2771 1813 2802 I.
1829 2772 1858 2802 B.
1876 2769 1976 2801 Maiou
1992 2792 2000 2806 ,
2017 2765 2184 2798 L'Imma-

1240 2819 1328 2848 sulec
1355 2818 1541 2856 cona-vptmn
1566 2815 1603 2846 de
1626 2815 1657 2845 m
1680 2813 1714 2845 Β.
1739 2811 1768 2845 V.
1787 2812 1825 2844 M.
1843 2808 2030 2844 cousideree
2056 2815 2182 2839 comme

1240 2859 1354 2900 doymo
1368 2859 1404 2888 ‹lc›
1419 2857 1473 2896 sni,
1488 2857 1609 2888 Bruxei.
1626 2853 1741 2891 18:372
1758 2854 1854 2885 vol.in
1873 2852 1919 2885 8⁰.
1937 2850 2096 2891 tegendae
2110 2852 2182 2880 sunt

1241 2911 1363 2943 qnoque
1378 2919 1413 2921 —
1429 2899 1566 2930 Lillcrav
1582 2897 1775 2938 apostolicae
1790 2896 1827 2927 de
1843 2893 2018 2935 dogmatica
2031 2890 2179 2923 definitio-

1243 2956 1278 2975 ne
1295 2943 1510 2974 immaculatae
1527 2940 1740 2979 conceptionis
1758 2936 1891 2978 Virginis
1917 2936 2078 2974 nciparae,
2097 2931 2181 2979 Ines-

1241 2986 1346 3025 fabilis·
1363 2985 1457 3019 Deus,
1468 2993 1526 3014 una
1544 2992 1611 3013 cnm
1628 2981 1697 3012 aliis
1707 2979 1896 3010 documentis
1913 2978 1942 3008 in
1955 2977 2005 3007 cit.
2019 2974 2061 3007 La
2077 2974 2180 3006 Scien-

1246 3037 1280 3058 1-11
1308 3038 1323 3057 υ.
1352 3026 1393 3058 La
1417 3024 1497 3056 Fede
1516 3034 1559 3055 vv.
1580 3031 1675 3054 xxviii
1693 3027 1721 3052 et
1737 3027 1814 3052 xxlx
1829 3046 1836 3059 ,
1858 3018 1964 3058 Napoli
1985 3014 2184 3054 1851-18553

1244 3072 1275 3101 G.
1303 3067 1471 3105 Alimonda,
1487 3071 1567 3098 nnnc
1581 3067 1608 3096 S.
1629 3067 1660 3096 R.
1678 3065 1707 3094 1³..
1723 3061 1908 3100 (jan-dinatis,
1924 3059 1951 3091 l!
1971 3057 2100 3089 dorrtma
2115 3056 2179 3088 dcl-

1244 3112 1263 3141 l'
1276 3109 1496 3147 1ηηίια(ἰί1(ι1(ι,
1513 3109 1637 3139 Grnovn
1656 3104 1744 3137 185⁶.

1284 3154 1296 3173 ²¹
1314 3154 1384 3191 (lap.
1404 3151 1499 3182 Alma
1515 3149 1616 3182 Maem-
1630 3147 1681 3187 et,
1698 3147 1712 3188 Ξ
1730 3146 1766 3177 ln
1782 3141 2029 3179 Fesliritalibus.
2047 3142 2088 3173 De
2105 3142 2183 3173 sent.

1246 3196 1364 3225 lixroni.
1383 3193 1410 3223 iu
1428 3192 1475 3223 (3⁰.
