2241 3473
279 109 354 149 132

743 112 929 148 ‚EPOCHA
956 113 995 140 X.
1024 111 1077 139 AB
1105 110 1268 139 EXCIDIO
1300 109 1461 137 IMPERII
1490 107 1641 136 GRAECI

226 197 298 224 sua
318 183 464 231 scripta
483 178 718 218 retractavit
735 207 745 222 ,
768 175 1084 224 emandavitque,
1102 176 1168 212 in-
1215 174 1280 212 tiis
1301 173 1490 223 appellari
1510 185 1584 218 non
1604 173 1776 214 sinerent
1790 204 1800 222 ,
1820 187 1843 214 a
1861 173 2003 214 Christi
2024 172 2148 213 Vica-

225 242 286 276 ter
306 237 382 275 alia
414 236 510 272 haec
543 231 813 270 memorabilia
844 229 1029 268 scribens:
1052 240 1074 266 «
1093 229 1167 266 Se-

225 289 388 340 quimini
409 299 505 336 quae
526 297 629 322 nunc
657 285 820 322 dicimus
838 313 847 330 ,
868 284 908 320 et
935 281 1016 319 seni
1047 281 1169 331 magis

225 355 339 393 quam
360 340 490 379 iuveni
524 339 689 384 credite3
713 350 784 374 nec
811 337 1008 386 privatum
1037 335 1167 372 homi-

226 409 313 434 nem
334 394 454 444 pluris
475 392 590 430 facite
607 403 722 440 quam
741 388 1167 428 Pontificem:AEneam

225 449 390 493 reiicite,
414 446 525 483 Pium
548 444 705 494 recipite
727 443 737 464 ¹
761 455 799 481 ».

277 502 371 539 Pius
401 500 449 537 ad
478 499 724 536 decessorum
754 507 914 534 suorum
944 493 1169 544 exemplum

225 554 457 593 christianos
486 552 676 601 principes
700 551 749 588 ad
770 549 1005 587 conferenda
1034 550 1170 585 contra

224 610 372 646 'Furcas
387 617 496 643 arma
515 605 693 642 hortatus
716 605 787 649 est,
799 604 839 640 et
854 601 1075 651 compositis
1095 601 1170 638 Ita-

224 662 299 700 liae
333 660 460 705 rebus,
495 669 692 707 regnoque
728 656 883 694 Siciliae
921 654 1169 693 Ferdinando

225 714 467 757 confirmate,
487 724 547 749 an.
572 711 675 749 1459
698 709 915 760 principum
933 710 1168 746 conventum

224 767 378 812 indixit,
399 765 617 813 habuitque
645 764 845 803 Mantuae.
862 762 990 801 Multa
1013 761 1169 810 quidem

224 822 274 859 ibi
311 821 357 858 de
391 818 640 867 expeditione
674 818 887 855 constituta
917 817 1008 853 sunt
1023 844 1033 861 ,
1069 826 1169 863 quae

226 872 409 912 Pontifex
425 873 464 909 in
480 871 596 909 Bulla
608 871 834 909 Ecclesiam
857 869 1027 913 Christi,
1049 869 1169 905 xV111⁰

225 927 372 965 calend.
386 926 480 964 febr.
496 925 595 963 1459
610 925 714 970 data,
733 922 965 973 explicavit3
981 922 1046 959 sed
1063 921 1170 970 prin-

225 981 355 1030 cipum
372 979 513 1017 animis
542 978 581 1015 in
601 978 678 1016 alia
694 977 892 1015 conversis
909 1006 917 1022 ‚
938 974 1030 1013 nihil
1048 975 1167 1012 effec-

225 1038 308 1072 tum
329 1033 416 1071 fuit.
436 1033 549 1070 Anno
574 1031 672 1069 1461
704 1030 886 1069 Pontifex
907 1028 1098 1077 prolixam
1128 1040 1169 1065 e-

226 1087 407 1136 pistolam
427 1085 581 1134 scripsit
610 1085 658 1122 ad
687 1084 813 1133 ipsum
835 1082 1099 1122 Mahometem
1118 1082 1172 1129 II,

225 1142 263 1178 in
284 1153 358 1189 qua
376 1140 422 1177 de
439 1139 609 1176 veritate
627 1138 840 1186 Religionis
861 1136 1099 1174 christianae
1121 1147 1165 1173 e—

225 1195 352 1232 rudite
372 1191 820 1238 disseruit,Christianos
840 1186 1078 1238 benignitati
1098 1189 1164 1226 im-

225 1247 416 1296 peratoris
433 1245 736 1290 commendavit,
749 1255 912 1293 eumque
928 1242 976 1280 ad
988 1242 1165 1280 eamdem

225 1300 471 1349 Religionem
491 1298 774 1347 suscipiendam
796 1298 974 1334 hortatus
994 1298 1074 1342 est;
1095 1307 1167 1333 ve-

224 1365 310 1391 rum
331 1353 458 1390 surdis
477 1352 637 1389 auribus
657 1351 810 1389 cecinit:
838 1352 1076 1399 quapropter
1094 1361 1166 1386 no-

224 1406 284 1444 vis
303 1406 446 1443 litteris
465 1405 667 1453 episcopos
686 1434 695 1451 ,
732 1404 926 1453 principes
951 1406 991 1440 et
1009 1402 1169 1451 populos

225 1460 272 1497 ad
293 1459 507 1508 parandum
536 1458 678 1495 bellum
712 1469 867 1495 sacrum
898 1457 1078 1494 hortatus
1099 1457 1170 1502 est,

224 1524 341 1562 seque
363 1524 447 1549 cum
470 1511 610 1548 militia
634 1511 848 1548 christiana
867 1512 971 1547 xvu⁰
991 1509 1171 1547 calendas

222 1566 338 1604 iulias
360 1565 460 1603 1464
480 1566 642 1602 Ancona
675 1564 944 1613 profecturum
966 1562 1168 1612 significa-

1213 229 1271 265 rio
1292 227 1566 276 appellandum
1596 239 1680 265 esse
1714 229 2020 267 consentiebant.
2042 226 2149 266 Con-

1211 280 1332 319 suluit
1354 280 1448 318 Pius
1467 282 1608 329 patres,
1624 280 1690 329 qui
1709 281 1873 320 aderant
1890 281 1929 319 in
1950 283 2147 320 conventu

1211 334 1301 383 quid
1324 336 1536 371 censerent.
1559 333 1610 371 Hi
1629 335 1823 372 communi
1838 339 1929 373 voto
1944 335 2150 384 responde-

1209 393 1325 432 runt,
1349 386 1630 436 appellationes
1659 387 1848 425 eiusmodi
1865 401 1954 426 cum
1973 388 2054 427 suis
2073 400 2147 426 au-

1211 441 1382 478 ctoribus
1411 440 1652 478 damnandas
1674 453 1769 479 esse.
1785 442 1913 491 Atque
1935 441 1990 480 ita
2010 442 2148 480 decre-

1210 496 1294 532 tum
1316 493 1464 532 editum
1485 496 1545 531 est
1573 493 1583 515 ¹
1605 504 1641 532 >›.

1262 548 1390 590 Quum
1410 547 1470 585 his
1489 547 1730 596 temporibus
1763 547 2030 585 controversia
2048 549 2150 587 esset

1210 600 1488 639 Franciscanos
1517 601 1622 638 inter
1646 602 1686 638 et
1700 600 1974 638 Dominicanos
1994 601 2041 638 de
2061 601 2150 639 cul-

1208 658 1251 691 tu
1271 654 1481 704 Sanguinis
1501 653 1658 701 Christi,
1678 654 1717 691 in
1737 655 1871 692 triduo
1891 653 2079 703 passionis
2097 654 2148 692 ef-

1210 708 1299 755 fusi,
1320 720 1432 756 quem
1459 708 1507 745 ab
1537 707 1676 745 unione
1703 707 1950 757 hypostatica
1977 707 2150 746 excisum

1209 763 1249 799 et
1284 761 1444 810 proinde
1473 761 1580 799 cultu
1618 760 1758 798 latriae
1798 773 1873 799 non
1911 761 2151 799 adorandum

1210 814 1494 852 contendebant
1507 814 1776 860 Franciscani,
1789 814 2051 854 Dominicanis
2067 826 2153 852 con-

1209 869 1372 906 trariam
1404 868 1638 906 sententiam
1668 868 1815 906 acriter
1842 867 2150 915 defendentibus,

1210 922 1305 959 Pius
1325 922 1362 959 ΙΙ
1383 921 1493 959 litem
1515 922 1564 959 ad
1584 933 1625 959 se
1645 921 1828 959 evocavit
1849 950 1858 967 ‚
1878 923 1918 959 et
1937 922 2007 959 sub
2028 933 2152 971 poena

1209 975 1470 1013 anathematis
1491 975 1645 1024 utrique
1664 975 1766 1024 parti
1788 974 2012 1024 prohibuit,
2032 987 2080 1013 ne
2100 987 2150 1013 u-

1211 1041 1260 1079 na
1280 1027 1395 1066 alteri
1411 1028 1531 1066 ullam
1549 1040 1754 1066 censuram
1770 1028 1946 1075 inferret,
1954 1029 2075 1067 donec
2083 1028 2152 1066 Se-

1210 1082 1277 1120 des
1292 1081 1515 1131 Apostolica
1534 1093 1615 1119 rem
1632 1081 1851 1119 definiisset
1870 1080 1898 1120 ².
1917 1082 2151 1121 &Andreae

1209 1135 1383 1185 Apostoli
1405 1137 1521 1184 caput
1537 1135 1668 1174 Patris
1686 1135 1855 1173 Achaiae
1871 1136 2000 1181 Urbe,
2015 1136 2054 1173 in
2074 1147 2150 1185 qua

1209 1190 1498 1234 asservabatur,
1507 1189 1679 1226 delatum
1692 1189 1791 1226 Rom
1798 1200 1858 1226 am
1871 1200 1967 1227 cura
1977 1189 2150 1227 Thomae

1211 1241 1444 1291 Palaeologi,
1457 1242 1631 1291 reposuit
1646 1242 1685 1279 in
1705 1242 1897 1280 Basilioae
1913 1254 1942 1280 s.
1955 1242 2062 1280 Petri
2080 1253 2150 1280 ara

1209 1296 1396 1345 principe,
1415 1296 1454 1333 in
1474 1307 1550 1344 qua
1569 1295 1841 1345 Apostolorum
1858 1295 2050 1344 Principis
2071 1307 2150 1333 cor-

1211 1361 1280 1398 pus
1309 1349 1410 1387 iacet
1439 1347 1465 1386 ³.
1488 1349 1665 1398 Rogatus
1690 1361 1713 1386 a
1733 1349 1812 1387 suis
1834 1349 1984 1388 civibus
2003 1349 2049 1388 B.
2071 1349 2150 1387 Ca·-

1210 1403 1407 1440 tharinam
1443 1402 1653 1441 Senensem
1683 1402 1790 1440 inter
1819 1403 1985 1441 Sanctas
2005 1402 2149 1441 Christi

1210 1456 1395 1505 Virgines
1425 1455 1571 1494 retulit.
1594 1455 1777 1494 Pontifex
1813 1468 1836 1494 a
1868 1456 2038 1505 Georgio
2057 1467 2150 1505 rege

1210 1509 1420 1547 Bohemiae
1435 1508 1628 1555 hortatus,
1642 1510 1684 1546 ut
1700 1509 1966 1558 Compactata,
1978 1509 2075 1546 inita
2096 1510 2151 1547 in-

1210 1565 1270 1600 ter
1293 1563 1482 1600 Bohemos
1503 1565 1543 1600 et
1557 1562 1784 1600 Basileense
1805 1560 2036 1601 concilium⁴
2062 1574 2150 1601 con-

224 1619 293 1657 vit.
330 1619 475 1668 Reipsa
503 1619 780 1668 magnanimus
819 1615 1007 1654 Pontifex
1034 1617 1168 1654 Anco-
1209 1616 1458 1662 firmaret‚id
1473 1615 1605 1654 facere
1622 1616 1964 1665 recusavit‚quum
1985 1617 2153 1665 Aposto-

224 1685 314 1711 nam
342 1672 540 1722 profectus
569 1673 640 1718 est3
670 1671 708 1709 in
740 1671 917 1709 eamdem
948 1670 1082 1707 urbem
1102 1670 1166 1707 in-
1211 1669 1287 1707 lica
1316 1669 1437 1708 Sedes
1465 1669 1533 1707 illa
1563 1682 1637 1707 non
1669 1669 1862 1716 novisset,
1890 1669 2051 1707 Bohemi
2076 1669 2152 1718 ipsi

225 1738 320 1776 gens
342 1726 509 1763 militum
540 1736 725 1763 numerus
756 1724 927 1773 undique
958 1723 1164 1770 convenit3
1211 1736 1256 1761 ea
1277 1735 1351 1760 non
1373 1724 1652 1770 observarent,
1671 1725 1712 1760 et
1739 1734 1808 1761 rex
1831 1723 2020 1773 praestito
2039 1722 2153 1762 iura-

225 1780 385 1817 advenit
404 1780 520 1817 etiam
540 1778 838 1827 Christophorus
863 1777 1037 1820 Maurus,
1054 1777 1164 1825 prin·
1210 1778 1341 1815 mento
1376 1777 1422 1814 de
1444 1776 1733 1826 compescendis
1752 1776 1963 1815 haereticis
1981 1776 2150 1815 Hussitis

227 1845 314 1882 ceps
330 1833 574 1870 Venetorum
594 1844 681 1870 cum
705 1832 752 1870 10
771 1831 1004 1869 triremibus.
1018 1829 1179 1868 Verum‘
1207 1830 1367 1868 minime
1389 1830 1572 1868 stetisset.

229 1887 326 1924 Pius
348 1887 383 1923 II
412 1887 565 1932 morbo,
587 1897 662 1934 quo
681 1888 795 1923 antea
815 1884 1081 1934 affligebatur,
1102 1884 1163 1920 in—

230 1942 505 1987 gravescente,
526 1939 669 1976 ibidem
701 1939 881 1988 postridie
900 1938 987 1975 idus
1004 1937 1163 1986 augusti

229 1992 329 2030 1464
351 1993 444 2030 obiit
464 1991 477 2012 ²
491 2023 500 2039 ,
521 1993 720 2030 exercitus
737 1992 876 2029 ducum
894 1994 1011 2040 atque
1026 1991 1164 2039 stipen-

226 2046 378 2084 diorum
400 2045 551 2083 defectu
573 2045 785 2083 dissolutus
804 2048 863 2083 est
881 2044 907 2082 ³.

278 2099 386 2137 Idem
417 2099 600 2137 Pontifex
631 2099 669 2136 in
698 2110 816 2147 supra
845 2098 945 2136 dicto
968 2098 1161 2134 conventu

225 2153 439 2191 Mantuano
469 2152 590 2190 edidit
618 2152 811 2189 celebrem
848 2150 1160 2189 constitutionem

226 2206 495 2251 Execrabz'lis,
524 2217 602 2253 qua
631 2205 910 2254 appellationes
939 2216 962 2241 a
991 2203 1162 2242 censuris

225 2263 265 2298 et
284 2259 487 2297 sententiis
508 2259 556 2296 R.
578 2258 779 2296 Pontificis
805 2259 851 2295 ad
882 2257 1057 2295 futurum
1088 2269 1160 2305 ge—

226 2313 357 2351 nerale
377 2312 581 2350 concilium
604 2315 789 2360 tanquam
810 2311 930 2349 sacris
951 2310 1160 2348 canonibus

224 2366 444 2416 oppositas,
475 2365 709 2403 christianae
744 2364 982 2413 reipublicae
1012 2364 1160 2409 noxias,

224 2419 443 2458 rebellionis
463 2419 500 2456 in
522 2418 785 2468 Apostolicam
814 2418 951 2455 Sedem
975 2417 1159 2462 nutrices,

223 2473 444 2522 ordinisque
473 2472 703 2509 hierarchici
735 2471 995 2509 destructivas
1024 2470 1159 2519 prohi—

222 2527 307 2564 buit
334 2527 404 2564 sub
433 2537 558 2575 poena
585 2523 1016 2569 excommunicationis,
1036 2536 1059 2561 a
1078 2524 1158 2561 solo

223 2580 413 2617 Pontifice
433 2584 546 2617 extra
565 2579 704 2616 mortis.
721 2578 935 2627 periculum
952 2577 1158 2614 absolven-

225 2634 284 2671 da.
297 2644 320 2669 «
341 2633 557 2682 Irrepserat
577 2633 654 2670 iam
675 2631 836 2681 pridem,
857 2630 983 2679 inquit
1009 2629 1159 2668 Gobeli-

225 2686 356 2733 nus‚in
380 2686 553 2724 Ecclesia
566 2685 635 2723 Dei
647 2685 818 2723 exitialis
838 2684 1075 2721 consuetudo
1095 2683 1158 2720 ad·
1205 2691 1215 2694 ’

225 2752 359 2777 versus
389 2741 436 2777 R.
468 2739 669 2777 Pontificis
701 2750 908 2785 censuras3
936 2737 1027 2774 victi
1055 2736 1156 2773 enirn

225 2794 476 2841 damnatique
492 2792 705 2842 apostolica
719 2791 913 2830 sententia
925 2793 972 2829 ad
986 2791 1157 2828 futurum

223 2846 430 2884 concilium
444 2846 888 2896 appellabant,iudicem,
898 2845 962 2893 qui
976 2856 1048 2882 non
1059 2846 1156 2888 erat,

224 2903 263 2937 ct
283 2899 521 2948 superiorein
542 2901 588 2938 R.
612 2899 789 2937 Pracsuli
813 2899 979 2943 dabant,
1000 2897 1062 2946 qui
1085 2908 1157 2933 non

224 2954 471 2990 iuveniturin
485 2953 610 3001 terris;
627 2956 766 2991 etcum
780 2953 849 3002 ipsi
868 2964 890 2989 a
904 2952 982 2990 suis
1001 2952 1156 2988 sentcn-

266 3050 273 3070 ¹
295 3051 379 3091 Apud
399 3050 507 3086 Lahlw,
528 3049 644 3081 Concil.
664 3053 683 3079 t.
700 3049 782 3089 ΧΙΙΙ,
799 3059 826 3088 p.
848 3048 932 3081 1407.

262 3092 276 3113 ’Ζ
292 3093 410 3131 Corpus
434 3091 585 3131 sepultum
602 3095 647 3122 est
659 3093 773 3123 Romae
796 3092 825 3123 in
840 3090 956 3123 sacello
973 3089 1059 3121 aedis
1077 3089 1159 3120 vau-

222 3143 440 3215 ‹agaffiwfflm
455 3175 494 3206 ad
509 3184 557 3206 an.
575 3174 719 3206 1459-64.

1258 1885 1293 1922 4.
1315 1885 1481 1922 Bellum
1501 1894 1668 1921 sacrum
1683 1888 1832 1922 contra
1851 1882 2149 1922 Parcas—Iam

1207 1937 1389 1983 diximus,
1410 1939 1557 1986 quanta
1572 1948 1667 1974 cura
1683 1936 1869 1975 Nicolaus
1889 1936 1958 1985 Pp.
1983 1936 2017 1975 V
2038 1936 2148 1986 prin-

1205 1991 1306 2040 cipes
1325 1992 1564 2040 populosque
1583 1990 1814 2028 christianos
1833 1989 2007 2028 excitare
2026 2001 2149 2028 cona-

1206 2046 1268 2082 tus
1288 2044 1427 2091 fuerit,
1449 2047 1492 2082 ut
1519 2043 1735 2082 coniunctis
1765 2042 1934 2081 consiliis
1963 2046 2003 2082 et
2031 2043 2150 2082 armis

1205 2098 1423 2135 Turcarum
1453 2097 1656 2135 audaciam
1690 2098 1730 2134 et
1759 2097 2049 2146 progressiones
2080 2109 2149 2135 re-

1203 2151 1428 2200 primerent.
1464 2151 1570 2188 Idem
1600 2150 1799 2199 negotium
1829 2153 2059 2198 prosecutus
2087 2153 2148 2190 est

1204 2204 1386 2242 Callistus
1414 2204 1489 2250 III,
1509 2203 1615 2242 illius
1644 2215 1869 2249 successor,
1890 2204 1954 2253 qui
1982 2203 2149 2242 classem

1204 2258 1374 2295 validam
1403 2256 1544 2295 instrui
1573 2257 1758 2303 curavit,
1787 2256 1898 2295 novis
1935 2257 2149 2308 legationi-
2193 2261 2198 2266 '

1202 2311 1271 2349 bus
1292 2310 1483 2360 principes
1501 2322 1713 2360 europaeos
1733 2310 1780 2348 ad
1801 2311 2058 2349 consocianda
2078 2323 2149 2350 ar-

1202 2375 1265 2401 ma
1285 2364 1464 2402 hortatus
1484 2367 1554 2409 est,
1576 2367 1615 2402 et
1636 2364 1682 2402 ad
1704 2363 1992 2413 implorandam
2013 2365 2145 2403 omni-

1202 2417 1369 2467 potentis
1390 2417 1458 2455 Dei
1481 2428 1592 2466 opem
1625 2417 1746 2455 trium
1777 2429 1969 2457 annorum
1989 2421 2031 2456 et
2049 2419 2148 2457 toti-

1202 2471 1288 2508 dem
1317 2470 1656 2519 quadragenarum
1674 2470 1960 2521 indulgentiam
1982 2472 2148 2511 conces-

1200 2524 1250 2561 sit
1270 2524 1329 2570 iis,
1350 2523 1416 2572 qui
1438 2524 1485 2561 ad
1507 2524 1770 2562 meridianum
1800 2536 2014 2575 campanae
2036 2525 2146 2564 soni-

1200 2579 1284 2614 tum
1305 2577 1522 2615 orationem
1544 2578 1789 2616 Dominicam
1806 2581 1847 2616 et
1871 2578 2147 2618 salutationem

1200 2631 1428 2679 Angelicam
1449 2635 1510 2669 ter
1529 2632 1742 2669 recitarent
1761 2630 1787 2670 ⁵.
1817 2632 2001 2671 Pontifici
2030 2644 2148 2683 egre-

1243 2712 1251 2733 ¹
1279 2710 1538 2743 Commentarius
1555 2721 1668 2743 rernm
1689 2711 1889 2744 memorabit.
1907 2713 1926 2744 Ι.
1942 2713 1991 2744 111.
2009 2713 2046 2745 Cf
2067 2713 2090 2746 1.
2106 2713 2143 2745 B.

1201 2753 1315 2791 Palma,
1332 2753 1482 2785 Praelecl.
1501 2753 1620 2785 His-eor.
1638 2754 1757 2791 eccles..
1774 2758 1794 2785 t.
1812 2755 1858 2790 lv,
1875 2764 1903 2792 p.
1921 2755 1942 2793 Ι,
1957 2764 1983 2786 c.
2001 2753 2029 2786 8.

1241 2794 1255 2815 ²
1273 2795 1417 2833 naynald.
1435 2797 1473 2827 ad
1497 2805 1544 2827 an.
1561 2795 1648 2832 146&
1667 2796 1823 2828 Benedici.
1847 2796 1921 2835 xlv,
1943 2795 1988 2828 De
2010 2795 2090 2829 beat.
2114 2799 2146 2830 et

1200 2837 1378 2867 canona-ac.
1397 2837 1468 2875 1.11,
1486 2848 1509 2868 c.
1528 2837 1577 2875 30,
1593 2847 1618 2868 n.
1641 2838 1664 2869 1.

1241 2878 1473 2950 ῗῐέξὲιιιιῐιῖ,1;(ι)(1
1492 2889 1539 2910 an.
1557 2879 1646 2918 1161,
1663 2879 1678 2921 ξ
1693 2879 1747 2919 43;
1760 2882 1790 2910 et
1807 2879 1845 2910 ad
1863 2888 1913 2911 an.
1931 2878 2020 2919 1462,
2038 2879 2053 2922 ἒ
2071 2879 2100 2914 5.

1296 2930 1302 2950 ι
1329 2944 1334 2950 .
1352 2929 1379 2959 p.
1439 2942 1466 2952 ..

1241 2962 1255 2983 5
1272 2962 1302 2991 Ι).
1319 2963 1500 2999 Antoninus,
1517 2964 1545 2994 in
1562 2962 1677 2997 Chron¹
1694 2967 1772 3004 part.
1791 2962 1825 3002 3,
1842 2963 1885 2994 iit.
1901 2961 1942 2994 22
1954 2972 1998 2999 ,0.
2015 2962 2066 2996 14.
2080 2964 2148 2996 Pla·

1204 3003 1275 3039 una,
1293 3005 1341 3043 qui
1359 3005 1472 3035 Romae
1487 3009 1557 3036 [unc
1571 3006 1696 3045 agebat,
1713 3007 1742 3037 in
1759 3006 1820 3036 vita
1834 3005 1947 3036 canisii
1959 3004 1997 3036 111
2015 3006 2144 3038 scribit:

1209 3057 1220 3072 «ι
1238 3046 1391 3076 Mandavit
1408 3050 1438 3076 ut
1454 3047 1580 3079 assiduo
1598 3053 1708 3088 rogatu
1727 3048 1806 3079 Deus
1822 3046 1994 3078 necteretur
2007 3070 2014 3084 ,
2031 3046 2062 3078 in
2079 3056 2143 3080 me-

1203 3086 1280 3117 ridie
1303 3089 1461 3127 campanis
1478 3089 1600 3128 signum
1618 3089 1684 3120 dari
1708 3087 1862 3120 Fidelibus
1874 3087 2141 3127 omnibus,u20ra-

1203 3128 1333 3159 tionibus
1349 3138 1402 3160 eos
1421 3130 1570 3169 iuvarent,
1587 3131 1639 3171 qui
1652 3135 1761 3162 contra
1777 3131 1894 3162 Turcas
1917 3131 2061 3161 continuo
2088 3130 2138 3162 di-

1203 3171 1394 3202 micabant».
1411 3172 1524 3204 Eadem
1552 3173 1589 3205 dc
1606 3183 1712 3211 causa,
1728 3172 1767 3204 ad
1783 3170 2008 3212 implorandum
2031 3180 2141 3213 nempe
