2241 3473
703 185 840 215 VSQVE
861 184 914 212 AD
935 179 1221 210 PRAESENTEM
1242 178 1447 207 AETATEM

1912 158 1992 198 349

92 260 293 299 Pontificis
319 258 460 294 litteris
495 257 680 293 adiuncta
711 262 800 292 erat
833 253 1040 291 Instructio
1094 252 1177 288 rale
1197 251 1464 286 Romanorum
1480 245 1714 283 Pontificum
1728 241 1939 279 dominium
1958 252 2039 278 om-

93 313 304 353 cardinalis
336 311 505 355 Albani,
539 310 588 346 ad
620 309 803 347 eamdem
838 320 921 345 rem
956 318 1040 353 spe-

93 376 216 407 ctans.
255 367 386 402 Aliam
420 365 627 413 epistolam
665 365 702 399 in
738 364 869 399 forma
904 361 1042 398 Brevis

92 420 284 470 episcopis
302 419 541 465 Friburgen.
560 417 780 464 Moguntin.
799 415 1042 452 Rotlienbur-

92 486 205 522 gens.
225 472 480 518 Limburgen.
500 476 540 507 et
559 470 743 506 Fuldens.
763 468 895 511 edidit,
913 469 949 503 in
969 478 1043 515 qua

91 527 311 565 Ecclesiam
338 526 473 561 <lirina
500 523 742 560 institucione
769 522 936 558 liberant
963 532 1043 557 esse

93 580 264 629 mirifice
290 578 518 615 vindicarit.
539 576 695 613 Fideles
720 575 884 611 Armeni
913 575 1044 610 catho-

95 634 160 671 lici
191 633 441 670 calumniosis
481 629 779 678 malignantium
817 628 1046 675 impulsibus

97 689 226 736 patria
250 687 503 734 domibusque
529 686 609 722 suis
626 683 757 725 eiecti,
772 683 878 718 vitae
899 682 1045 729 praesi-

97 742 171 778 diis
205 740 408 781 destituti,
444 745 702 785 errantesque
737 737 774 771 in
812 736 1046 782 longinquas

97 796 282 842 regiones
301 805 325 829 a
343 793 412 828 Pio
431 793 536 835 Vlll,
553 803 665 839 opem
685 794 824 826 orante
843 789 973 826 Caroli
994 789 1043 831 X,

97 848 204 896 regis
222 847 432 889 Galliae,in
447 847 667 882 Turcarum
685 844 849 891 imperio
865 843 913 879 ab
929 843 1046 879 exilio

97 902 265 943 evocati,
279 913 341 938 res
355 900 570 947 domusque
590 905 628 935 et
647 898 871 934 libertatem
891 897 1044 943 religio-

97 966 181 992 sam
207 954 514 1002 acquisiverunt,
534 954 837 998 facultatemque
865 950 1046 996 erigendi

99 1009 289 1046 ecclesias
310 1035 319 1051 ,
347 1006 575 1043 nosocomia
607 1010 648 1042 et
671 1004 837 1041 scholas.
868 1003 1050 1039 Pontifex

100 1073 172 1110 pro
192 1062 287 1110 ipsis
303 1061 488 1097 Armenis
502 1057 882 1105 Constantinopolim
899 1057 1048 1093 archie-

101 1116 302 1164 piscopum
331 1115 498 1156 creavit,
521 1113 633 1150 titulo
660 1111 888 1158 metropolis
907 1111 1050 1158 prima-

102 1169 216 1206 tialis.
245 1169 373 1205 Tanta
401 1168 440 1204 in
461 1167 530 1203 Pio
549 1165 898 1213 VIlI‚praesertim
918 1175 1048 1201 sacro-

101 1235 188 1260 rum
219 1233 413 1260 canonum
439 1221 606 1258 scientia
632 1220 768 1263 eluxit,
797 1223 983 1266 tantaque
1011 1219 1048 1254 in

100 1277 226 1314 sacris
254 1276 482 1312 muneribus
496 1274 749 1322 expediendis
766 1273 997 1316 dexteritas,
1010 1279 1050 1309 ut

101 1342 239 1367 omnes
256 1329 303 1366 de
319 1329 438 1376 ipsius
455 1328 691 1364 Pontificatu
709 1327 922 1363 maximam
940 1339 1049 1374 spem

103 1383 446 1432 conciperent;sed
462 1383 571 1418 illum
583 1383 753 1418 adversa
766 1393 925 1429 semper
940 1393 1051 1417 usum

104 1438 329 1475 valetudine
347 1466 355 1480 ‚
393 1437 484 1472 dum
523 1436 672 1483 optima
702 1447 877 1482 quaeque
912 1446 936 1471 a
974 1436 1054 1471 suis

105 1491 472 1540 praedecessoribus
500 1490 716 1526 constituta
742 1496 853 1525 sarta
873 1495 1053 1536 tectaque

103 1556 267 1583 servare
293 1550 466 1587 curaret,
495 1555 542 1580 ac
569 1544 723 1579 maiora
750 1554 822 1590 pro
848 1543 1054 1580 Ecclesiae

105 1599 205 1636 bono
225 1597 609 1643 moliretur,eripuit
636 1607 907 1643 praepropera
934 1608 1051 1639 mors,

108 1653 235 1700 pridie
255 1651 442 1688 calendas
460 1651 683 1687 decembris
703 1651 792 1688 1830
809 1655 896 1696 post
910 1662 1056 1687 annum

105 1707 249 1742 aetatis
267 1717 364 1742 suae
382 1706 440 1742 69.
462 1705 572 1741 Sedit
590 1716 682 1740 αηη.
706 1706 741 1747 1,
760 1715 881 1740 mens.
901 1704 937 1741 8.

153 1760 213 1796 45.
231 1759 447 1807 Gregyorius
463 1758 587 1801 XVI,
602 1757 1054 1804 Pontifex(an.1831)—

108 1813 204 1850 Post
229 1813 290 1849 Pii
316 1813 404 1849 VlII
432 1813 579 1848 obitum
606 1812 835 1859 Apostolica
854 1812 975 1848 Sedes
994 1823 1057 1848 va-

107 1867 209 1904 cavit
232 1867 255 1903 2
280 1878 445 1903 menses.
470 1866 666 1902 Postridie
692 1864 843 1901 calend.
866 1865 1057 1902 februarii

107 1920 269 1958 an.1831
279 1920 461 1956 Pontifex
471 1919 700 1956 electusfuit
717 1919 934 1966 Gregorius
951 1920 1059 1964 XVI,

108 1975 369 2018 Bellunensis,
388 1980 508 2011 antea
535 1974 702 2009 Maurus
720 1973 966 2021 Cappellari,
988 1974 1060 2010 Or-

110 2028 211 2065 dinis
227 2028 588 2066 Camaldulensium
610 2027 729 2064 abbas
748 2034 788 2064 et
806 2028 977 2064 vicarius
997 2039 1062 2075 ge-

110 2082 274 2126 neralis,
302 2082 349 2117 R.
377 2082 422 2117 E.
453 2081 683 2125 cardinalis,
711 2082 772 2116 vir
801 2082 944 2128 pietate
963 2110 971 2125 ,
999 2082 1062 2117 do-

111 2136 241 2172 ctrina
263 2164 271 2178 ,
306 2135 535 2172 innocentia
568 2140 608 2172 et
648 2135 844 2182 gravitate
878 2147 1030 2171 morum
1053 2164 1061 2179 ‚

113 2189 321 2237 prudentia
347 2194 387 2226 et
404 2190 629 2226 constantia
647 2189 979 2237 spectatissimus;
999 2190 1062 2237 qui

113 2249 276 2290 propter
309 2248 564 2290 emergentes
597 2243 764 2290 undique
805 2249 1062 2290 tempestates

68 2318 71 2320 -
114 2297 444 2344 opportunissime
471 2297 674 2333 Ecclesiae
702 2297 927 2344 praefectus
956 2304 1015 2334 est
1034 2301 1060 2331 1.

114 2350 357 2387 Electionem
383 2352 467 2386 eius
494 2361 584 2386 mox
609 2351 818 2387 subsecuta
851 2357 911 2387 est
945 2363 1064 2399 popu-

114 2403 210 2440 laris
236 2404 446 2441 commotio
472 2406 511 2439 in
538 2403 820 2450 Legationibus
846 2404 894 2440 ad
915 2409 1064 2453 tempo-

162 2477 172 2498 1
201 2479 235 2510 ln
261 2479 461 2511 allocutione
488 2477 593 2510 habita
619 2482 693 2510 ante
717 2478 908 2514 Conclavem
929 2504 937 2517 ,
972 2479 1062 2511 iuxta

116 2533 235 2557 morem
252 2549 259 2563 ,
286 2524 430 2564 Angelus
465 2524 524 2556 Mai
550 2524 595 2556 ita
621 2522 849 2556 cardinalibus
875 2523 1064 2566 alloquutus

116 2576 199 2602 erat:
223 2583 235 2600 u
257 2569 363 2608 Quare
380 2571 479 2610 agite,
496 2578 514 2602 0
533 2570 658 2608 Patres,
673 2570 840 2602 desideriis
859 2571 977 2602 nostris
996 2575 1066 2603 slu-

117 2616 296 2649 diosissime
322 2617 505 2654 occurrite,
533 2619 564 2648 et
589 2616 803 2648 excellentem
828 2615 1014 2648 Pontificem
1033 2622 1062 2649 al

118 2670 158 2694 ex
183 2666 327 2694 veterum
348 2661 448 2693 forma
466 2661 684 2703 exemplorum
703 2661 792 2694 nobis
810 2662 985 2694 concedite.
1017 2663 1066 2694 Sit

118 2707 144 2739 is
163 2708 283 2739 utinam
300 2707 360 2739 fide
377 2707 695 2746 Petrus,constantia
711 2706 898 2745 Cornelius,
912 2707 1066 2741 felicitate

119 2752 306 2794 Sylvester,
333 2753 494 2792 elegantia
531 2751 704 2785 Damasus!
731 2753 780 2784 Sit
809 2753 930 2795 eloquii
961 2753 1066 2787 nitore

120 2799 198 2836 Leo,
217 2798 363 2832 doctrina
381 2798 532 2831 Gelasius
549 2823 556 2836 ,
574 2799 694 2840 pietate
715 2798 891 2837 Gregorius
909 2823 916 2835 ,
936 2798 1068 2831 fortitu-

119 2844 193 2876 dine
208 2842 427 2886 Symmachus,
442 2844 584 2875 amicitia
598 2844 778 2885 principum
799 2844 998 2876 Hadrianus!
1017 2842 1067 2877 Sit

121 2891 292 2922 concordia
317 2890 527 2922 ecclesiarum
548 2889 726 2929 Rogemus,
745 2889 926 2930 patrocinio
945 2890 1068 2922 littera-

121 2944 190 2966 rum
210 2935 361 2968 Nicolaus
381 2959 390 2975 ‚
410 2935 633 2975 magnitudine
652 2936 862 2967 consiliorum
883 2934 983 2968 Iulius
1001 2960 1008 2974 ,
1030 2936 1068 2967 li-

121 2979 290 3014 beralitate
327 2981 390 3012 Leo
408 3005 415 3019 ,
447 2980 658 3012 sanctimonia
694 2981 768 3013 Pius
790 3006 796 3019 ,
827 2981 931 3020 vigore
970 2982 1066 3014 animi

122 3025 264 3067 Xystus!
296 3026 356 3059 Sed
382 3036 420 3058 ne
438 3026 560 3067 priscas
580 3026 796 3058 tantummodo
816 3026 990 3066 cogitemus
1017 3036 1070 3060 ac-
1091 3046 1095 3050 -

123 3074 206 3104 tates
220 3097 228 3110 ,
247 3072 318 3104 date
336 3072 425 3104 nobis
442 3071 536 3102 talem
554 3070 739 3103 Pontificem
757 3096 764 3109 ,
784 3076 819 3103 ut
845 3080 949 3113 neque
969 3073 1070 3105 Bene-

122 3116 198 3149 dicti
214 3118 443 3156 eruditionem,
471 3124 575 3157 neque
591 3116 636 3148 Pii
655 3116 692 3148 VI
720 3117 983 3156 munificentiam,
1012 3127 1071 3150 ne-

123 3170 186 3203 que
210 3162 343 3205 Septimi
370 3162 592 3194 fortitudinem
619 3171 653 3194 ac
679 3162 936 3202 benignitatem,
964 3172 1068 3205 neque

124 3207 243 3241 Leonis
262 3208 319 3241 XII
338 3208 552 3249 vigilantiam,
568 3216 674 3250 neque
690 3207 737 3240 Pii
753 3207 825 3239 VIII
842 3209 1067 3242 rectitudinem

123 3252 341 3288 desideremus
359 3268 389 3289 υ.

1093 307 1185 340 nino
1212 302 1490 344 evertendum,
1517 306 1695 346 tempore
1722 295 1834 332 Sedis
1859 295 2036 330 vacantis

1092 370 1116 394 a
1143 355 1406 395 Carbonariis
1433 354 1626 396 excitata,
1644 362 1760 399 quam
1779 353 1911 386 tamen
1930 348 2041 385 brevi

1094 416 1419 459 compresserunt
1445 408 1581 455 copiae
1609 404 1824 442 auxiliares
1847 403 1896 438 ab
1922 402 2042 449 impe-

1098 472 1230 501 ratore
1249 464 1460 500 Austriaco
1480 462 1622 497 missae
1641 462 1668 494 ¹.
1689 459 1786 496 Cum
1804 461 1936 493 autem
1955 455 2042 490 RR.

1096 518 1307 555 Pontifices
1334 517 1371 552 in
1399 516 1600 552 civitatum
1621 521 1912 559 regnorumque
1931 509 2044 545 vicis-

1094 571 1324 609 situdinibus
1343 598 1351 611 ,
1385 566 1756 605 commutationibus
1781 569 1848 600 aut
1874 562 1921 599 de
1940 562 2044 610 prin-

1095 626 1227 673 cipatu
1260 622 1601 663 contentionibus,
1642 619 1778 667 quibus
1815 617 1952 653 variae
1971 616 2046 652 Eu-

1097 690 1216 726 ropae
1243 677 1427 724 regiones
1453 676 1525 711 hoc
1552 675 1634 721 ipso
1662 678 1842 719 tempore
1869 671 2045 717 agitatae

1097 734 1268 774 fuerant,
1288 730 1494 777 negligere
1524 728 1685 764 minime
1711 729 1855 774 queant
1879 735 1978 772 quae
1997 723 2047 760 ad

1097 792 1248 822 rectam
1279 785 1337 820 rei
1373 794 1514 820 sacrae
1547 780 1867 829 procurationem
1895 783 1935 814 et
1966 778 2047 814 ani-

1097 851 1252 875 marum
1277 839 1446 874 salutem
1474 836 1598 882 magis
1626 833 1860 881 expediant3
1881 843 2047 878 cumque

1099 894 1195 930 liaec
1232 893 1317 940 ipsa
1349 902 1485 928 eorum
1523 887 1743 926 sollicitudo
1778 887 1818 922 in
1860 885 2047 922 invidiam

1099 947 1184 994 rapi
1214 951 1365 993 posset,
1393 944 1504 992 quasi
1530 942 1656 979 studio
1682 941 1852 989 partium
1879 939 2046 987 adrepti,

1101 1000 1386 1048 quodammodo
1415 997 1597 1034 iudicium
1625 996 1758 1032 ferant
1789 994 1836 1031 de
1863 1004 2050 1040 persona·

1100 1066 1186 1090 rum
1213 1054 1388 1096 iuribus,
1423 1051 1513 1088 dum
1541 1049 1713 1098 pluribus
1745 1048 1792 1084 de
1828 1047 2051 1095 principatu

1102 1106 1428 1143 contendentibus
1445 1103 1642 1152 quidpiam
1664 1112 1732 1149 pro
1749 1101 1904 1137 illarum
1922 1101 2051 1147 regio-

1101 1172 1192 1196 num
1219 1160 1398 1196 ecclesiis
1432 1159 1672 1199 decernunt;
1699 1155 1916 1202 Gregorius
1942 1154 2051 1198 XVI,

1103 1214 1276 1250 calendis
1303 1213 1461 1260 augusti
1488 1211 1592 1253 1831,
1611 1220 1681 1257 per
1707 1208 2050 1249 Constitutionem,

1103 1266 1342 1304 Sollicitudo
1377 1264 1661 1306 ecclesiaram,
1695 1262 1731 1298 id
1763 1262 1914 1309 ipsum,
1951 1260 2053 1309 quod

1104 1322 1182 1358 iam
1211 1332 1281 1368 pro
1308 1319 1500 1356 similibus
1526 1317 1680 1353 casibus
1698 1316 1951 1352 declararant
1967 1315 2052 1355 Cle-

1104 1386 1216 1411 mens
1243 1374 1275 1407 V
1298 1403 1306 1417 ,
1334 1374 1501 1409 Ioannes
1534 1370 1646 1406 XXII
1664 1398 1673 1413 ,
1691 1369 1795 1405 Pius
1822 1370 1852 1405 11
1879 1374 1918 1406 et
1955 1369 2056 1417 Xys-

1107 1433 1167 1464 tus
1194 1428 1269 1469 IV,
1297 1427 1539 1464 declaravit:
1569 1424 1754 1460 nimirum
1781 1423 1868 1459 RR.
1896 1422 2055 1458 Pontifi-

1106 1494 1185 1525 ces,
1206 1482 1297 1517 dum
1325 1481 1373 1517 ad
1401 1478 1675 1527 componenda
1692 1477 1912 1525 spiritualia
1930 1476 2054 1513 eccle-

1105 1536 1253 1571 siarum
1281 1534 1532 1581 fideliumque
1559 1532 1762 1580 regiminis
1787 1531 1968 1578 negotia,
1987 1529 2054 1566 ali—

1109 1601 1225 1637 quem
1255 1589 1364 1624 titulo
1392 1587 1597 1623 cuiuslibet
1621 1585 1839 1633 dignitatis,
1857 1585 1977 1621 etiam
1997 1595 2057 1621 re-

1107 1643 1221 1689 galis,
1243 1643 1453 1683 honorant,
1473 1644 1539 1677 aut
1557 1644 1719 1688 propter
1738 1638 1897 1676 easdem
1916 1649 2057 1674 causas

1108 1708 1196 1733 cum
1223 1709 1284 1741 eo,
1311 1696 1375 1743 qui
1401 1695 1638 1742 reipublicae
1666 1697 1843 1741 praeest,
1865 1696 2054 1737 tractant,

1109 1762 1270 1797 prorsus
1296 1751 1444 1787 alienos
1472 1760 1558 1785 esse
1586 1759 1610 1784 a
1642 1747 1810 1795 politicis
1842 1745 2057 1783 contentio-

1111 1806 1234 1849 nibus,
1263 1816 1428 1853 quarum
1457 1803 1667 1851 participes
1693 1813 1780 1839 esse
1807 1802 1958 1844 nolunt,
1989 1804 2057 1838 aut

1110 1859 1229 1895 ullum
1251 1859 1310 1895 ius
1326 1858 1499 1895 tribuere
1515 1857 1576 1900 iis,
1592 1856 1822 1904 quibuscum
1842 1858 2059 1902 agunt,aut

1110 1912 1319 1959 quicquam
1353 1916 1603 1948 caeterorum
1634 1909 1781 1945 iuribus
1807 1914 1876 1945 aut
1902 1908 2059 1956 privile-

1111 1967 1188 2013 giis
1214 1964 1645 2003 det.rahere.—XV111⁰
1671 1963 1857 2000 calendas
1890 1966 2060 2010 septem-

1113 2020 1191 2056 bris
1219 2020 1310 2057 1832
1329 2019 1628 2057 celeberrimam
1646 2017 1752 2054 dedit
1771 2017 1820 2053 ad
1837 2028 1975 2053 omnes
1992 2027 2058 2064 pa-

1115 2074 1323 2118 triarchas,
1354 2073 1557 2121 primates,
1575 2072 1892 2118 archiepiscopos
1917 2075 1956 2107 et
1980 2070 2058 2117 epi-

1113 2139 1254 2175 scopos
1274 2127 1479 2175 epistolam
1497 2126 1752 2174 encyclicam,
1769 2135 1845 2172 qua
1863 2124 2060 2160 indicabat

1115 2181 1330 2228 praecipua
1357 2181 1476 2225 mala,
1496 2179 1633 2227 quibus
1658 2178 1838 2215 Ecclesia
1862 2177 2062 2224 affligeba-

1116 2239 1193 2279 tur,
1214 2240 1254 2271 et
1281 2235 1476 2271 antistites
1502 2234 1750 2276 hortabatur,
1768 2236 1812 2268 ut
1837 2231 1886 2268 ad
1904 2231 2061 2268 meden-

1114 2288 1203 2324 dum
1231 2289 1290 2325 his
1317 2289 1429 2325 malis
1455 2299 1612 2324 omnem
1631 2287 1877 2334 vigilantiam
1904 2284 2061 2322 adhibe·

1115 2348 1223 2386 rent;
1243 2343 1484 2390 querebatur
1510 2342 1683 2378 maxime
1709 2340 1756 2377 de
1783 2350 1976 2375 novarum
1995 2338 2059 2375 do-

1115 2396 1329 2432 ctrinarum
1358 2407 1589 2444 progressu,
1606 2394 1653 2431 de
1681 2393 1839 2430 licentia
1864 2392 2062 2440 quaelibet

1160 2476 1253 2509 lHoc
1282 2484 1380 2517 super
1403 2475 1489 2516 gravi
1519 2479 1638 2507 eventu
1670 2476 1774 2512 legere
1803 2475 1852 2504 est
1877 2470 2053 2513 Epistolam

1116 2523 1240 2554 missam
1276 2520 1324 2554 iv⁰
1357 2521 1508 2553 calendas
1537 2520 1646 2561 aprilis
1673 2518 1754 2551 1831
1784 2517 1822 2549 al)
1849 2517 1923 2549 Emo
1953 2515 2063 2549 Cardi-

1116 2568 1182 2600 nali
1204 2568 1346 2600 Bernetti
1364 2567 1401 2599 ad
1427 2566 1592 2599 Oratorem
1620 2565 1708 2604 regni
1727 2562 1853 2596 Galliae
1878 2563 1961 2604 apud
1978 2563 2064 2603 Apo-

1116 2614 1262 2647 stolicam
1290 2612 1416 2645 Sedem.
1438 2615 1593 2645 Accurate
1612 2610 1787 2651 exponitur
1811 2609 1843 2640 in
1862 2618 1899 2641 ea
1925 2608 2062 2646 crimen,

1117 2660 1200 2702 quod
1221 2660 1386 2691 temeritas
1405 2657 1621 2700 perduellium
1642 2655 1851 2697 perpetravit,
1870 2663 1940 2687 cum
1958 2655 2064 2686 natio-

1118 2705 1166 2737 nis
1192 2705 1241 2738 vel
1262 2709 1367 2737 status
1386 2713 1500 2735 nomen
1518 2707 1726 2743 usurparent,
1747 2707 1778 2732 et
1797 2700 1961 2732 Romanos
1978 2700 2064 2732 Pon-

1117 2751 1219 2784 tifices
1239 2755 1304 2782 tum
1333 2750 1402 2781 iure
1422 2754 1486 2781 tum
1516 2748 1600 2779 sacto
1619 2748 1655 2778 ab
1681 2746 1765 2779 omni
1793 2746 1913 2778 ditione
1933 2746 1966 2778 in
1985 2746 2063 2777 illas

1117 2796 1298 2838 provincias
1324 2795 1465 2827 deiectos
1491 2793 1665 2826 edicerent.
1688 2793 1833 2824 Litterae
1851 2816 1858 2830 ,
1877 2800 1957 2834 quas
1982 2790 2063 2823 scri—

1117 2843 1180 2884 psit
1199 2843 1348 2875 Summus
1371 2839 1518 2872 Pontifex
1537 2838 1710 2880 Gregorius
1731 2842 1872 2879 tempore
1891 2836 2064 2869 seditionis

1117 2888 1155 2919 ad
1172 2897 1248 2920 suos
1273 2886 1380 2919 fideles
1399 2886 1557 2918 Romanos
1575 2909 1582 2921 ‚
1609 2884 1646 2916 ad
1675 2884 1829 2917 Oratores
1859 2891 1894 2914 ac
1922 2882 2064 2914 Nuntios

1119 2934 1322 2975 Principum,
1340 2936 1373 2963 et
1391 2932 1428 2963 ad
1448 2932 1532 2971 ipsos
1552 2929 1760 2962 turbulentos
1778 2928 1924 2961 homines
1939 2952 1947 2967 ,
1963 2927 2065 2960 maie-

1117 2983 1230 3011 statem
1249 2984 1281 3010 et
1299 2986 1438 3009 amorem
1457 2976 1620 3009 redolent.
1641 2976 1730 3014 Quae
1749 2983 1807 3007 nos
1826 2977 1932 3006 aetate
1951 2977 2065 3005 nostra

1118 3023 1296 3055 miserrima
1325 3022 1482 3061 vidimus,
1510 3030 1546 3054 ac
1571 3021 1763 3054 documenta
1788 3028 1869 3062 quae
1898 3019 1929 3050 in
1960 3019 2065 3050 lucem

1121 3078 1222 3111 usque
1240 3069 1344 3100 adlinc
1372 3067 1586 3108 prodierunt,
1613 3068 1691 3099 satis
1709 3074 1872 3107 superque
1900 3069 1976 3096 sunt
1995 3088 2002 3101 ,
2031 3067 2067 3095 ut

1122 3114 1285 3147 pontificis
1301 3113 1482 3145 memoriam
1502 3112 1663 3144 vindicent
1681 3112 1762 3154 apud
1781 3111 1854 3143 illos
1885 3111 2010 3152 ineptos
2036 3112 2067 3141 et

1120 3160 1289 3198 absurdos,
1304 3160 1358 3200 qui
1378 3158 1495 3190 nimiae
1513 3158 1696 3200 asperitatis
1710 3166 1781 3190 eum
1803 3156 2006 3194 insimulant,
2025 3154 2066 3188 oh

1122 3205 1228 3237 modos
1245 3204 1363 3247 quilius
1389 3204 1579 3237 seditionem
1606 3204 1815 3246 comprimere
1840 3203 1972 3236 adnisus
1989 3203 2063 3245 est,

1121 3251 1240 3284 auxilia
1256 3250 1408 3284 Austriae
1427 3253 1594 3294 expetens.
