2241 3473
283 72 336 110 90

229 147 418 193 berasset,
432 157 543 184 sacro
563 144 801 193 approbante
822 143 984 181 concilio
999 152 1070 192 per
1089 143 1180 180 Con-

229 201 472 239 stitutionem
510 198 576 235 Ad
605 197 825 246 providam
864 196 1180 245 Templariorum

229 253 410 291 Ordinem
431 252 496 288 via
517 250 746 298 provisionis
767 251 806 287 in
831 254 1064 298 perpetuum
1093 250 1182 287 abo-

229 307 345 350 levit3
374 304 529 343 Ordinis
557 304 659 340 bona
688 303 870 341 attribuit
893 303 1085 352 equitibus
1107 303 1182 340 Ho-

229 359 439 408 spitalariis
472 370 500 395 s.
537 356 694 394 Ioannis
724 356 1085 406 Hierosolymitani,
1115 356 1180 405 qui

229 425 290 450 an.
314 412 414 450 1310
435 413 568 459 erepta
590 410 730 448 Turcis
747 411 898 457 Rhodo,
915 422 1055 448 nomen
1077 410 1181 447 Rho-

229 466 405 503 densium
426 466 686 512 acceperunt3
706 464 744 501 in
767 464 957 513 Hispania
977 475 1086 509 vero,
1107 464 1182 500 Lu-

229 518 372 556 sitania
400 520 440 555 et
468 517 660 555 Maioriea
688 517 844 555 Ordinis
874 519 1026 555 bonaad
1043 516 1174 555 defen-

229 572 377 609 sionem
406 570 463 609 rei
493 570 730 609 christianae
759 575 893 609 contra
915 571 1075 609 Mauros
1095 582 1182 608 con·

230 637 342 663 versa
361 626 453 663 sunt
476 623 501 663 ¹.
518 624 715 666 Quantum
738 628 870 662 autem
887 625 934 662 ad
953 624 1055 674 ipsos
1071 625 1184 661 Tem-

230 679 373 728 plarios
392 679 608 729 spectabat,
628 677 812 716 Pontifex
832 679 1020 716 iudicium
1040 679 1086 716 de
1107 690 1183 715 ma-

231 744 305 782 gno
329 734 519 783 magistro
539 736 579 769 et
594 732 640 769 de
658 731 806 780 aliquot
822 732 908 770 aliis
923 732 995 770 sibi
1011 743 1185 769 reserva-

230 787 300 833 vit,
317 790 560 825 caeterorum
589 786 773 825 iudicium
797 785 1046 824 demandavit
1073 797 1186 834 syno—

231 840 289 878 dis
312 840 616 889 provincialibus
636 852 726 877 cum
747 852 790 877 eo
811 839 1046 885 discrimine,
1068 844 1112 877 ut
1130 839 1186 876 in-

231 897 414 932 nocentes
439 907 460 932 e
487 893 596 931 bonis
616 893 772 932 Ordinis
801 894 964 931 honeste
993 895 1187 932 sustenta-

231 949 387 993 rentur,
408 948 436 986 ii
462 947 527 996 qui
549 947 713 985 erimina
733 959 804 985 sua
825 946 988 986 fuissent
1008 946 1186 994 confessi,

232 1013 320 1039 cum
335 1001 602 1039 misericordia
622 1003 911 1049 tractarentur,
933 1013 1028 1051 erga
1047 1001 1187 1050 impoe-

232 1055 402 1094 nitentes
421 1059 460 1093 et
475 1054 648 1104 relapsos
667 1055 816 1093 iustitia
835 1058 875 1092 et
895 1055 1083 1093 canonica
1102 1066 1189 1091 cen-

232 1121 326 1147 sura
345 1112 603 1147 servarentur
623 1107 648 1147 2.
670 1110 765 1147 Post
786 1109 881 1146 haec
894 1109 1077 1147 Pontifex
1100 1120 1186 1146 cau-

233 1175 317 1200 sam
333 1163 462 1212 magni
486 1162 662 1211 magistri
674 1166 714 1201 et
725 1163 890 1200 aliorum
902 1163 1019 1200 trium
1032 1163 1188 1200 deman-

234 1217 344 1254 davit
364 1218 476 1255 novis
496 1217 702 1262 iudicibus,
723 1228 860 1265 nempe
880 1218 905 1255 3
925 1216 1188 1254 cardinalibus

233 1273 274 1308 et
293 1270 440 1319 aliquot
459 1270 647 1320 episcopis
667 1274 783 1318 atque
804 1271 1040 1316 doctoribus,
1062 1270 1127 1319 qui
1144 1269 1187 1307 ss-

234 1324 291 1362 los
322 1327 410 1373 post
438 1336 579 1362 novam
609 1323 890 1361 confessionem
916 1331 959 1360 νο
982 1324 1072 1362 idus
1091 1335 1190 1361 mar-

232 1378 279 1416 tii
316 1378 415 1416 1314
445 1381 633 1428 perpetuo
662 1377 811 1415 carceri
840 1378 1099 1423 addixerunt3
1121 1378 1186 1415 sed

234 1444 324 1469 cum
339 1431 533 1469 sententia
549 1443 678 1469 coram
696 1431 839 1480 populo
850 1431 1065 1481 legeretur,
1081 1432 1189 1469 Ioan-

235 1497 301 1523 nes
322 1486 368 1523 de
383 1485 503 1523 Molai
522 1497 687 1534 magnus
708 1485 896 1534 magister
916 1489 956 1523 et
971 1485 1097 1523 Guido
1115 1484 1189 1522 fra-

234 1542 296 1578 ter
311 1539 489 1589 Delphini
505 1539 677 1577 Arverni
693 1539 951 1578 confessiones
968 1551 1059 1577 suas
1071 1542 1191 1576 retra-

234 1596 394 1640 xerunt,
410 1595 449 1631 et
469 1594 606 1631 eadem
627 1593 687 1631 die
708 1604 731 1630 a
755 1592 916 1632 concilio
937 1593 1043 1643 regio
1064 1593 1113 1630 ad
1133 1605 1190 1631 ro-

235 1659 327 1697 gum
343 1647 520 1686 damnati
539 1648 640 1685 sunt.

288 1702 412 1739 Porro
446 1700 762 1750 Templariorum
792 1700 990 1746 Ordinem,
1011 1700 1075 1750 qui
1107 1702 1187 1738 tam

235 1755 406 1805 turpiter
427 1756 738 1805 degeneraverat
757 1756 797 1793 et
815 1756 898 1792 tam
927 1754 1029 1793 male
1050 1755 1189 1792 audie-

235 1809 323 1855 bat,
343 1809 460 1847 iustis
480 1810 527 1847 de
548 1809 673 1847 causis
704 1820 726 1846 a
746 1809 946 1847 Clemente
967 1809 1038 1858 Pp.
1068 1808 1188 1846 fuisse

235 1863 436 1909 abolitum,
456 1875 477 1901 e
497 1863 611 1901 dictis
626 1865 687 1900 sat
706 1862 957 1901 manifestum
978 1864 1035 1901 est
1056 1861 1082 1901 ³.

289 1916 351 1955 61.
379 1918 611 1955 Concilium
641 1917 876 1962 Vz‘ennense,
892 1917 1090 1966 generale
1109 1915 1196 1954 XV

236 1969 326 2022 (an.
360 1970 478 2021 1311)
496 1992 544 1999 —
561 1970 775 2008 Concilium
807 1970 1052 2017 Viennense,
1089 1970 1191 2008 inter

236 2026 488 2062 oecumenica
507 2024 602 2070 XV,
633 2036 694 2061 an.
719 2024 820 2062 1309
849 2024 1060 2073 encyclicis
1090 2024 1191 2061 litte-

235 2079 290 2116 ris
309 2090 332 2116 a
351 2078 549 2116 Clemente
562 2079 633 2126 Pp.
656 2078 691 2115 V
711 2083 990 2125 convocatum,
1020 2077 1192 2116 calendis

236 2132 406 2170 octobris
426 2132 522 2169 1311
542 2132 718 2169 Viennae
734 2131 986 2181 Allobrogum
1005 2132 1044 2169 in
1061 2131 1190 2169 Gallia

236 2185 461 2224 inchoatum
492 2188 550 2224 est
571 2188 610 2223 et
638 2196 707 2234 per
726 2185 750 2221 7
765 2185 921 2223 circiter
937 2197 1089 2224 menses
1107 2197 1188 2234 pro-

236 2242 421 2278 tractum.
442 2239 593 2277 Causae
607 2268 616 2284 ,
637 2241 794 2288 propter
817 2251 915 2287 quas
944 2238 1129 2277 Pontifex
1149 2239 1190 2276 il-

236 2293 470 2339 ludindixit,
480 2292 641 2330 fuerunt
652 2292 851 2341 negotium
861 2293 1190 2342 Ternplariorum,

236 2347 451 2386 subsidium
472 2347 620 2384 Terrae
648 2348 818 2391 sanctae,
839 2346 1019 2385 haereses
1052 2358 1188 2384 recens

236 2403 400 2439 exortae
429 2403 469 2438 et
497 2400 730 2438 instauratio
763 2400 1001 2448 disciplinae.
1025 2400 1190 2438 Praeter

237 2455 456 2493 cardinales
476 2457 516 2493 et
543 2454 786 2504 patriarchas
816 2453 1127 2491 Alexandrinum
1150 2456 1189 2491 et

237 2509 523 2547 Antiochenum
555 2508 655 2546 ritus
683 2507 818 2553 latini,
850 2506 1115 2545 interfuerunt
1135 2519 1187 2545 se·

238 2564 408 2601 cundum
437 2562 748 2599 continuatorem
769 2561 814 2598 G.
836 2561 978 2608 Nangii
1014 2561 1107 2605 114,
1136 2572 1191 2598 se-

237 2617 405 2654 cundum
434 2616 578 2653 Villani
607 2617 646 2654 et
673 2615 718 2653 D.
741 2615 982 2653 Antoninum
1011 2614 1089 2652 300
1109 2614 1189 2663 epi-

238 2670 365 2720 scopi3
386 2671 597 2708 adfuerunt
616 2671 819 2718 practerea
836 2668 1062 2705 inferiorum
1086 2679 1191 2716 prae-

239 2723 409 2761 latorum
427 2724 562 2773 ingens
584 2735 782 2769 numerus,
800 2721 1001 2771 Philippus
1017 2733 1087 2759 rex
1105 2721 1192 2758 Gal-

240 2778 314 2816 liac
329 2779 371 2817 et
386 2778 550 2815 aliorum
566 2777 779 2827 principum
797 2778 984 2823 oratores3
998 2775 1193 2825 praesedit

280 2920 288 2941 ¹
308 2922 418 2957 habite,
438 2919 557 2953 Concil.
573 2925 594 2953 t.
613 2922 633 2952 X
647 2946 654 2957 ,
676 2930 693 2960 p
723 2919 811 2950 1558.

281 2962 295 2983 2
313 2964 342 2993 12,
357 2963 464 3000 (luido,
483 2962 598 2994 (Jhrrm.
618 2962 677 2994 lm.
695 2962 899 3001 Pontificum.

282 3005 296 3026 ³
313 3006 409 3036 Natat.
427 3005 508 3035 Alex.
526 3003 602 3036 llmt.
628 3004 702 3035 eccl.
726 3013 809 3034 saec.
837 3003 913 3039 XIV,
930 3002 1003 3032 diss,
1030 3001 1084 3039 10;
1109 3000 1131 3032 1.
1149 3001 1186 3030 du,

243 3046 393 3081 llammcr.
421 3046 617 3085 Mysum-ium
645 3044 853 3085 [taphnmetis
880 3043 1069 3076 ree-etatum.
1100 3046 1119 3073 t.
1153 3043 1187 3072 Vl

242 3090 346 3126 operis
362 3088 460 3119 mines
475 3088 512 3118 dc
528 3087 676 3125 l’tlrien13
695 3088 717 3118 1.
731 3088 760 3117 tt.
773 3087 810 3117 de
824 3086 1033 3123 Salat-Victor,
1050 3084 1189 3116 'l'ahlean

245 3129 307 3159 halet
333 3131 363 3160 el
377 3131 492 3170 pictor.
509 3129 547 3159 de
563 3129 670 3166 Puris,
684 3134 701 3160 t.
716 3129 769 3166 111,
788 3128 920 3159 {louvain
937 3126 1024 3163 1830:
1042 3128 1061 3158 1.
1073 3128 1102 3158 B.
1122 3126 1193 3158 l‘al-

244 3179 306 3210 rnn,
325 3171 484 3203 I’rucleet.
500 3171 574 3203 lust.
592 3172 665 3202 eccl.
685 3171 765 3208 t.111‚
783 3174 861 3211 part.
876 3169 915 3209 11,
932 3179 958 3201 c.
980 3169 1024 3200 1-2.

702 81 866 112 ,EPOCHA
894 81 980 108 VIII.
1011 80 1040 107 A
1067 79 1331 108 PONTIFICATV
1358 81 1590 109 INNOCENTII
1617 83 1663 109 111

1223 146 1355 181 autem
1371 143 1550 183 Clemens
1569 146 1640 194 Pp.
1662 145 1829 184 Habitae
1856 147 1949 185 sunt
1978 147 2004 185 3
2031 146 2177 185 sessio-

1224 208 1303 234 nes:
1324 197 1368 234 In
1392 197 1435 236 1a
1467 199 1646 246 sessione,
1667 210 1768 247 quae
1795 200 1994 238 celebrata
2021 199 2097 238 fuit
2114 211 2178 249 po-

1223 250 1358 288 stridie
1378 251 1464 290 idus
1485 252 1667 298 octobris,
1688 253 1875 291 Pontifex
1895 265 2047 300 causas,
2067 265 2179 303 prop-

1224 306 1283 340 ter
1312 316 1407 353 quas
1436 305 1641 343 concilium
1662 311 1961 353 convocaverat,
1983 307 2180 356 exposuit.

1222 357 1329 395 Inter
1358 359 1459 396 hanc
1479 362 1518 397 et
1537 362 1766 410 sequentem
1798 361 2008 399 sessionem
2030 360 2177 398 multae

1221 411 1379 449 habitae
1399 415 1491 450 sunt
1523 413 1826 452 deliberationes
1847 414 1895 452 de
1923 426 2043 452 eausa
2064 414 2178 452 Tem-

1223 465 1448 514 plariorum,
1469 467 1516 503 de
1535 467 1706 504 subsidio
1727 467 1875 504 Terrae
1891 470 2052 506 sanctae
2071 470 2113 505 et
2130 468 2177 504 de

1222 519 1476 557 ecelesiastici
1507 522 1633 558 status
1661 519 1949 559 reformatione.
1969 521 2012 559 In
2031 520 2079 559 2²
2099 533 2178 559 ses-

1222 572 1558 620 sione,habita1110
1576 585 1696 611 nonas
1711 574 1846 623 aprilis
1860 574 1973 622 1312,
1985 574 2181 621 discussis,

1223 626 1287 675 qui
1317 627 1357 664 in
1378 639 1419 664 re
1439 627 1751 676 Templariorum
1778 628 1984 678 conscripti
2006 627 2179 674 fuerant,

1224 681 1465 729 processibus
1478 711 1487 727 ,
1503 681 1607 719 Ordo
1625 682 1841 720 exstinctus
1856 684 1927 719 est.
1944 682 1987 719 In
2004 680 2052 720 3²
2069 684 2110 719 et
2125 681 2182 718 ul-

1222 733 1319 771 tima
1334 735 1515 782 sessione,
1532 747 1633 784 quae
1653 734 1952 773 celebrata'fuit
1969 734 2093 784 pridie
2113 745 2184 773 no-

1224 799 1293 825 nas
1309 788 1444 835 maias,
1460 789 1592 838 plures
1613 789 1740 827 editae
1756 791 1848 826 sunt
1858 788 2180 835 Constitutiones,

1227 853 1293 890 pro
1320 841 1429 879 Fidei
1463 841 1690 880 defensione
1727 846 1767 880 et
1795 842 2022 892 disciplinae
2056 840 2180 879 refor-

1228 895 1417 943 matione3
1437 896 1648 934 damnatae
1667 900 1762 934 sunt
1789 899 1918 934 sectae
1947 895 2180 934 Dulcinista-

1227 960 1313 986 rum
1328 979 1337 994 ,
1357 949 1677 987 Fratricellorum
1693 980 1701 996 ,
1723 950 2021 1000 Beguardorum
2042 951 2083 987 et
2099 949 2181 986 Be-

1227 1002 1452 1052 guinarum3
1467 1004 1514 1041 ad
1526 1003 1728 1042 ferendam
1745 1015 1858 1053 opem
1875 1003 2054 1053 collapsis
2069 1003 2184 1041 Chri-

1228 1056 1442 1094 stianorum
1477 1057 1518 1094 in
1547 1057 1775 1096 Palaestina
1813 1058 1930 1095 rebus
1943 1086 1953 1103 ,
1968 1056 2182 1106 praesules

1229 1110 1333 1148 Galli
1355 1111 1533 1161 Philippo
1563 1111 1658 1161 regi,
1681 1111 1884 1161 spondenti
1904 1123 1946 1149 se
1974 1111 2081 1149 intra
2108 1122 2183 1147 an-

1229 1176 1323 1201 num
1346 1165 1384 1201 in
1406 1165 1670 1203 Palaestinam
1696 1164 2066 1210 transfretaturum,
2086 1163 2184 1201 deci·

1231 1230 1313 1255 mas
1343 1230 1411 1267 per
1439 1219 1669 1257 sexennium
1700 1219 1983 1268 promiserunt3
2021 1218 2071 1256 ad
2098 1217 2182 1255 for-

1231 1273 1391 1310 mandos
1404 1273 1508 1310 viros
1525 1273 1787 1322 undequaque
1804 1273 1937 1310 doctos
1949 1272 2183 1320 idoneosque

1232 1337 1298 1376 pro
1329 1326 1481 1376 populis
1509 1327 1764 1364 orientalibus
1783 1325 1992 1377 Evangelii
2015 1337 2182 1376 praeco-

1233 1393 1311 1427 nes,
1326 1382 1519 1418 statutum
1538 1383 1610 1427 est,
1636 1383 1680 1418 ut
1700 1380 1739 1417 in
1769 1380 1911 1419 scholis
1939 1380 2073 1417 curiae
2093 1379 2180 1416 Ro-

1230 1446 1372 1472 manae
1389 1438 1428 1471 et
1447 1434 1485 1471 in
1502 1434 1709 1472 academiis
1720 1433 1969 1480 Bononiensi,
1985 1432 2184 1471 Parisien-

1231 1489 1275 1535 si,
1287 1487 1515 1534 Oxoniensi,
1527 1490 1566 1526 et
1581 1486 1879 1526 Salmanticensi
1896 1488 2056 1536 linguae
2067 1486 2186 1523 orien-

1231 1542 1332 1579 tales
1364 1541 1626 1580 traderentur.
1647 1543 1865 1579 Praeterea
1891 1539 2082 1579 memoria
2109 1539 2186 1577 Bo-

1235 1594 1364 1633 nifacii
1393 1595 1462 1644 Pp.
1485 1595 1582 1633 VIII
1602 1607 1627 1633 a
1654 1595 1860 1633 calumniis
1880 1595 2079 1632 vindicata
2097 1592 2187 1639 fuit,

1233 1652 1271 1687 et
1291 1648 1547 1696 declaratum,
1561 1661 1648 1687 eum
1661 1649 1895 1688 catholicum
1910 1651 1950 1686 et
1964 1647 2186 1698 legitimum

1232 1703 1466 1741 Pontificem
1486 1702 1608 1741 fuisse
1631 1702 1655 1741 ¹.

1284 1757 1346 1795 Ex
1375 1757 1728 1795 Constitutionibus
1765 1756 1805 1794 in
1834 1757 1906 1795 hoc
1927 1755 2088 1794 concilio
2115 1755 2188 1793 aut

1232 1810 1330 1849 alias
1351 1811 1484 1855 editis,
1505 1812 1685 1850 Clemens
1713 1811 1749 1848 V
1778 1810 1947 1849 confecit
1965 1806 2075 1849 V11111
2103 1808 2185 1859 De-

1233 1865 1438 1903 cretalium
1453 1865 1612 1911 librum,
1624 1876 1740 1914 quem
1753 1865 1824 1902 sub
1837 1865 1992 1902 nomine
2012 1863 2187 1902 Clemen-

1235 1921 1435 1966 tium-um,
1457 1931 1560 1968 quae
1581 1922 1674 1957 sunt
1693 1930 1753 1956 om
1762 1918 1848 1956 nino
1868 1930 1939 1957 sex
1959 1928 2079 1967 supra
2098 1927 2188 1954 cen-

1233 1976 1330 2018 tum,
1351 1973 1548 2011 edendum
1566 1973 1722 2010 curavit
1742 1973 1906 2010 Ioannes
1925 1971 2056 2010 XXII.

1286 2028 1348 2066 61.
1362 2028 1540 2065 Ioannes
1554 2026 1684 2065 XXII
1695 2027 1894 2074 Pontifex
1908 2025 1994 2076 (an.
2015 2022 2186 2074 1316)-

1233 2082 1430 2120 Clemente
1450 2080 1487 2117 V
1508 2083 1662 2118 mortuo
1692 2081 1878 2118 conclave
1905 2080 2107 2117 inductum
2129 2082 2189 2117 est

1235 2135 1426 2185 Lugduni,
1441 2135 1520 2180 scd,
1534 2134 1807 2172 dissidentibus
1828 2145 1851 2170 a
1865 2145 1905 2171 se
1921 2132 2188 2170 invicemCar·

1232 2189 1450 2233 dinalibus,
1479 2187 1708 2236 Apostolica
1736 2187 1854 2225 Sedes
1874 2186 2035 2224 vacavit
2064 2197 2188 2235 usque

1231 2243 1279 2280 ad
1300 2249 1385 2280 vum
1410 2242 1499 2279 idus
1519 2241 1649 2279 sextil.
1674 2241 1796 2286 1316,
1817 2252 1893 2290 qua
1913 2241 1974 2278 die
2004 2240 2186 2278 concordi

1231 2294 1498 2335 Cardinalium
1528 2295 1718 2344 suffragio
1739 2294 1886 2332 electus
1906 2294 1984 2332 fuit
2012 2294 2186 2332 Iacobus

1230 2351 1278 2388 cle
1303 2349 1420 2387 Easa
1441 2349 1721 2395 Cadurcensis,
1742 2347 1952 2386 cardinalis
1982 2347 2186 2397 episcopus

1236 2403 1459 2442 Portuensis
1477 2433 1485 2449 ,
1520 2403 1584 2452 qui
1622 2415 1760 2440 nomen
1787 2401 1944 2440 Ioannis
1973 2401 2092 2440 XXII
2129 2413 2188 2439 as-

1232 2457 1413 2506 sumpsit,
1442 2469 1488 2494 ac
1509 2460 1584 2493 vn⁰
1604 2456 1691 2494 idus
1718 2455 1947 2505 septembris
1979 2458 2185 2493 coronatus

1232 2515 1304 2558 est,
1317 2511 1491 2559 seditque
1516 2523 1635 2560 usque
1655 2510 1702 2548 ad
1724 2521 1867 2548 annum
1883 2509 1982 2548 1334
1994 2508 2020 2548 ².
2034 2508 2188 2548 Claruit

1277 2664 1285 2685 ¹
1306 2664 1416 2701 Labbe,
1437 2661 1554 2694 (loncil.
1571 2664 1589 2691 t.
1619 2661 1670 2699 XI,
1695 2671 1724 2700 p.
1745 2659 1831 2699 153&
1858 2661 1940 2698 itcrn,
1958 2657 2034 2691 lust.
2056 2657 2095 2690 de
2111 2656 2180 2692 FE-

1234 2706 1312 2746 leise
1331 2705 1410 2738 Gall.
1428 2710 1446 2736 t.
1463 2704 1530 2742 xli,
1547 2703 1617 2735 edit.
1636 2702 1722 2734 in-t··.

1276 2749 1289 2770 2
1305 2748 1444 2778 Tradunt
1467 2746 1616 2782 nonnulli,
1642 2745 1828 2776 convenisse
1850 2743 1932 2774 inter
1946 2741 2129 2774 Cardinates
2146 2741 2183 2773 il-

1236 2791 1295 2821 lum
1314 2790 1378 2820 sore
1395 2788 1582 2824 Pontificem,
1598 2796 1688 2827 quem
1713 2787 1842 2817 lacobus
1865 2785 1903 2816 de
1919 2785 1998 2816 susa
2014 2784 2180 2815 nominas-

1237 2836 1292 2869 set,
1311 2833 1390 2862 hunc
1405 2840 1479 2862 vcro
1501 2830 1703 2868 Neapoleonis
1717 2826 1819 2860 Ursini
1833 2827 1962 2858 consilio
1979 2827 2179 2865 semetipsum

1236 2874 1379 2913 elogisse.
1398 2874 1433 2903 At
1460 2881 1515 2903 cur
1542 2871 1712 2902 Ludovicus
1739 2871 1888 2906 navarus,
1915 2868 2029 2908 aliique
2059 2867 2182 2898 loannis

1237 2917 1459 2946 obtrectatores
1484 2915 1541 2944 hoe
1564 2913 1590 2943 ci
1615 2912 1777 2942 consilium
1800 2915 1859 2941 tam
1877 2909 2030 2949 cupidum,
2048 2911 2108 2955 tam
2125 2917 2184 2939 au-

1237 2958 1295 2988 dax
1312 2967 1370 2988 non
1388 2954 1641 2995 exprobrarunt?
1658 2956 1717 2985 Cur
1734 2952 1866 2983 Ioannes
1884 2953 1951 2991 ipse
1971 2951 2001 2980 in
2019 2949 2118 2990 Epml.
2143 2950 2182 2980 ad

1239 3001 1402 3030 ltolwrtum
1419 3007 1524 3036 regem
1541 2996 1675 3030 Siciliae,
1691 2995 1835 3033 scripsit,
1856 3003 1889 3023 sc
1905 2991 2109 3024 concorditer
2125 3000 2184 3022 ne-

1239 3041 1324 3071 mina
1340 3040 1537 3079 ‹las-crepante
1554 3038 1587 3068 in
1609 3045 1776 3068 smnmum
1803 3034 1992 3074 Pontificem
2012 3033 2152 3065 electum
2164 3032 2180 3064 ¹?

1238 3085 1296 3113 (Zur
1312 3082 1441 3112 subin-cit
1456 3081 1544 3117 idern,
1559 3090 1609 3118 sc,
1625 3088 1693 3109 curn
1707 3079 1789 3108 vires
1802 3086 1876 3107 suas
1893 3076 1932 3106 ad
1951 3075 2099 3107 l’ontificii
2117 3082 2182 3106 mn·

1238 3126 1319 3154 nni-t<
1350 3123 1561 3154 difficultatem
1589 3120 1822 3161 perpendisset,
1850 3118 1967 3149 tinwre
1988 3125 2027 3149 ac
2044 3119 2185 3149 tremore

1236 3173 1429 3198 ειιιιειιεετιιιι
1447 3165 1649 3195 vehementer
1666 3161 1853 3199 haesitasse,
1865 3160 1993 3191 deberet
2014 3168 2052 3191 ne
2068 3163 2183 3190 tantum
