2241 3473
286 113 336 151 10

230 200 334 226 mam
361 188 542 226 mitteret
562 187 793 236 prudentem
813 185 1028 231 clericum,
1057 197 1081 222 a
1107 197 1182 233 quo

231 241 417 279 Pontifex
439 243 585 278 statum
615 239 872 276 ecclesiarum
893 238 934 275 in
963 238 1090 275 Dania
1110 240 1182 275 do-

231 297 396 339 ceretur,
419 295 555 341 cuique
576 292 757 329 redeunti
787 292 972 329 mandata
993 291 1103 329 Sedis
1123 288 1191 328 A-

229 325 440 406 postolic⁷ae
470 345 736 383 committeret
771 343 793 382 ¹.
824 345 998 382 Canutus
1028 344 1182 381 domitis

230 401 340 448 regni
354 400 544 443 hostibus,
560 375 798 446 reipublicae
811 400 850 435 et
866 397 1079 446 Religionis
1100 410 1182 446 pro-

230 452 409 500 speritati
427 452 636 496 consuluit,
657 452 697 488 in
718 451 902 488 ecclesias
926 454 965 488 et
986 451 1182 488 ministros

229 516 360 542 sacros
380 505 585 541 munificus
600 504 684 541 fuit.
706 505 855 542 Verum
880 504 1031 542 Olavus
1054 503 1182 541 frater

229 558 332 604 eius,
362 558 549 606 regnandi
571 558 732 606 cupidus
747 588 756 604 ,
786 558 986 594 occasione
1007 558 1179 595 decima-

228 622 328 657 rum,
350 623 446 659 quas
466 623 536 648 rex
558 611 731 648 ecclesiis
750 611 955 648 solvendas
971 611 1177 648 mandave-

229 666 313 710 rat,
334 664 585 701 rebellionem
617 664 824 710 excitavit,
845 664 884 701 in
907 676 984 713 qua
1004 664 1179 702 Canutus

230 728 300 754 rex
323 729 384 754 an.
409 717 511 755 1086
532 717 723 755 Othoniae
743 718 781 754 in
802 718 968 755 ecclesia
988 730 1017 755 s.
1036 718 1178 755 Albani

231 770 405 818 lapidum
426 773 465 808 et
485 771 651 808 telorum
674 771 816 809 ictibus
845 776 884 808 et
912 771 1069 808 tandem
1092 771 1178 808 lan-

231 835 300 860 cea
329 823 552 871 confossus,
584 825 752 874 glorioso
791 825 984 873 martyrio
1013 836 1177 862 corona-

229 879 293 913 tus
312 879 371 915 est
390 876 416 915 ².

283 930 326 968 In
347 931 561 981 Norwegia
581 928 734 970 Olavus
754 932 823 974 III,
844 931 911 980 qui
931 931 1112 980 regnavit
1131 932 1180 968 ab

229 997 290 1022 an.
314 984 554 1034 1066.usque
575 985 623 1022 ad
647 985 759 1030 1088,
780 985 998 1034 Religionis
1020 997 1179 1033 prospe-

230 1038 340 1076 ritati
371 1050 529 1087 operam
551 1039 681 1084 dedit,
712 1039 917 1088 pluresque
947 1039 985 1075 in
1015 1039 1179 1076 diversis

230 1092 442 1141 provinciis
462 1092 643 1130 ecclesias
661 1093 868 1130 exstruxit.
886 1094 956 1129 An.
975 1092 1074 1129 1078
1089 1093 1180 1129 Gre-

231 1146 363 1195 gorius
384 1145 458 1183 VII
479 1147 527 1183 ad
549 1158 638 1183 eum
666 1146 869 1195 epistolam
897 1146 1071 1194 scripsit,
1102 1157 1175 1194 qua

230 1199 314 1237 eius
336 1199 521 1236 virtutem
542 1203 582 1236 et
601 1199 786 1248 pietatem
804 1199 992 1245 laudavit,
1009 1200 1178 1248 rogavit-

232 1266 320 1302 que,
332 1257 374 1290 nt
390 1253 542 1300 aliquot
560 1253 720 1290 iuvenes
742 1253 886 1290 nobiles
906 1254 1073 1290 Romam
1095 1252 1180 1289 mit-

232 1361 325 1398 data
343 1360 455 1397 Sedis
476 1360 722 1408 Apostolicae
742 1362 788 1397 ad
811 1372 899 1398 eum
919 1360 1119 1397 deferrent
1135 1358 1161 1397 ³.

285 1413 329 1450 In
349 1413 492 1450 Suecia
512 1414 756 1451 conversioni
788 1425 1052 1462 paganorum,
1082 1425 1180 1462 quo-

234 1479 320 1505 rum
342 1467 468 1504 adhuc
490 1478 654 1515 magnus
675 1479 859 1504 numerus
888 1470 974 1505 erat
1002 1468 1040 1504 in
1070 1470 1181 1515 parte

233 1520 525 1570 septentrionali
542 1550 551 1566 ,

233 1586 326 1619 rex,
356 1574 404 1611 ad
433 1585 549 1622 quem
579 1574 724 1622 pariter
754 1574 958 1623 epistolam
988 1586 1050 1612 an.
1082 1572 1183 1611 1080

234 1628 392 1677 scripsit
417 1632 577 1665 sanctus
607 1626 791 1665 Pontifex
810 1657 819 1673 ,
848 1627 1072 1676 significans
1101 1628 1183 1675 regi

235 1681 424 1730 gaudium
444 1691 569 1726 suum,
591 1681 690 1730 quod
711 1681 802 1718 novi
831 1681 1038 1729 Evangelii
1067 1692 1184 1729 prae-

234 1746 350 1773 cones
364 1735 403 1772 in
418 1734 599 1772 Sueciam
616 1738 745 1772 essent
760 1735 939 1783 ingressi,
951 1746 1184 1784 rogansque,

237 1792 281 1826 ut
307 1801 376 1826 rex
400 1788 567 1837 aliquem
588 1789 755 1826 Romam
785 1789 979 1834 mitteret,
1009 1788 1074 1836 qui
1104 1793 1186 1825 sta-

236 1847 322 1879 tum
343 1842 472 1891 gentis
492 1844 705 1890 exponeret
733 1846 771 1879 et
800 1842 909 1879 Sedis
938 1842 1185 1890 Apostolicae

238 1895 518 1933 instructiones
537 1895 574 1932 in
598 1895 777 1932 Sueciam
800 1895 969 1933 referret
989 1894 1015 1933 ⁴.

291 1949 327 1986 6.
348 1949 450 1986 Lz'tz's
473 1950 584 1986 inter
608 1948 856 1996 Gregyorz‘um
887 1949 970 1985 VII
983 1954 1024 1985 et
1041 1949 1187 1987 Heari-

239 2013 333 2040 cum
353 2002 693 2039 IVcontz'nucztz'o
711 2023 759 2030 —
778 2003 819 2039 ln
850 2002 1062 2039 Germania
1094 2014 1185 2039 vero

239 2055 399 2094 Henrici
420 2056 474 2092 IV
496 2055 702 2104 iniquitate
732 2068 795 2093 res
822 2068 956 2093 sacrae
986 2060 1024 2093 et
1053 2054 1186 2093 civiles

237 2110 277 2146 in
298 2109 533 2147 deteriorem
553 2113 698 2146 statum
719 2109 1035 2147 coniiciebantur.
1058 2109 1095 2146 Is
1112 2122 1184 2146 non

239 2166 397 2200 tanturn
418 2162 568 2212 sprevit
588 2163 842 2208 conditiones,
862 2163 935 2200 sibi
955 2175 977 2200 a
998 2163 1186 2211 principi-

240 2216 309 2253 bus
348 2216 586 2253 Germaniae
627 2220 666 2253 ct
703 2228 725 2253 a
760 2217 948 2265 Gregorio
982 2218 1051 2265 Pp.
1083 2228 1188 2265 prae-

239 2269 402 2318 scriptas
422 2269 456 2313 ⁵,
477 2271 541 2307 sed
569 2269 687 2306 etiarn
719 2269 876 2318 Alpium
906 2269 1036 2307 fauces
1071 2282 1186 2307 occu-

236 2324 358 2372 pavit,
380 2335 426 2360 ne
448 2323 630 2361 Pontifex
651 2323 700 2359 ad
721 2323 879 2361 comitia
899 2326 1102 2372 Augustae
1126 2324 1187 2360 in-

240 2377 344 2414 dicta
372 2377 505 2414 venire
546 2376 683 2425 posset.
724 2376 968 2426 Quapropter
1008 2389 1187 2426 proceres

240 2430 440 2476 Germani,
460 2430 713 2467 ecclesiastici
733 2434 772 2467 et
793 2431 896 2476 laici,
916 2443 1001 2467 cum
1023 2431 1188 2468 Bernar-

243 2484 290 2521 do
320 2484 509 2521 cardinali
541 2484 702 2521 diacono
739 2486 777 2520 ct
806 2484 1008 2521 Bernardo
1046 2485 1186 2521 abbate

240 2537 488 2582 Massiliensi,
509 2536 689 2591 Gregorii
705 2536 738 2572 1
743 2537 779 2574 ΙΙ
796 2537 858 2585 leg
845 2538 948 2578 ¹,atis
965 2537 1002 2574 in
1021 2538 1187 2575 comitiis

242 2603 303 2629 an.
328 2591 428 2628 1077
461 2581 689 2628 Forchemii
709 2590 746 2627 in
776 2591 993 2628 Franconii
1024 2591 1186 2635 habitis,

243 2645 455 2682 Henricum
478 2645 533 2682 IV
555 2644 793 2690 reiecerunt,
816 2649 854 2681 et
884 2644 922 2681 in
955 2644 1038 2681 eius
1060 2645 1186 2681 10011111
1243 2678 1253 2682 -

243 2698 401 2747 elegeru
411 2704 450 2735 nt
463 2698 712 2747 Rodulphum
728 2698 866 2735 ducem
883 2698 1112 2743 Suevoruni,
1124 2699 1186 2746 qui
1209 2707 1211 2715 ’

244 2756 329 2801 post
342 2752 386 2788 12
403 2752 484 2789 dies
495 2752 720 2800 Moguntiae
736 2751 784 2788 ab
801 2751 1098 2800 archiepiscopis
1112 2752 1188 2788 Mo-

243 2805 405 2853 guntino
427 2809 466 2842 et
486 2805 814 2854 Magdeburgensi
836 2805 996 2842 solemni
1020 2810 1096 2842 ritu
1119 2817 1187 2841 rex

244 2862 452 2896 coronatus
473 2865 542 2904 051,
563 2859 790 2907 legatosque
812 2859 977 2895 Romam
1001 2858 1123 2903 misit,
1147 2861 1189 2895 ut

244 2923 352 2948 suam
369 2912 595 2949 electionem
616 2911 796 2949 Pontifici
817 2912 1055 2961 significaret
1075 2911 1188 2960 eique

248 2965 509 3002 obedientiam
532 2978 601 3003 suo
623 2965 777 3003 nomine
803 2966 1064 3014 profiteietur.
1086 2964 1189 3002 Con-

246 3018 373 3056 festim
393 3025 527 3056 contra
547 3020 645 3057 111110
667 3019 898 3057 electionem
921 3018 1114 3056 Henricus
1134 3018 1188 3055 IV

287 3124 413 3172 ¹lq'pist.
431 3136 457 3158 :›
475 3125 559 3163 -21,1
575 3125 881 3163 111.-”Β,.0111ηι1
894 3125 974 3156 Λεία
989 3123 1168 3156 88101111.

287 3166 412 3206 31511151
436 3167 480 3203 i’,
498 3169 516 3199 l.
535 3167 578 3198 Vl.
592 3167 776 3208 -41511151,
794 3167 838 3205 ll,
855 3168 872 3198 Ι.
890 3167 962 3198 illl.

288 3208 380 3239 1111.
400 3218 427 3247 p.
447 3209 511 3240 6-7.

586 1532 698 1569 opem
731 1519 882 1558 ferebat
915 1517 1205 1569 Ingemundus'

722 122 880 149 EPOCHA
908 122 979 149 VII.
1008 122 1036 149 A
1063 121 1332 149 PONTIFICATV
1359 122 1392 149 S.
1411 122 1604 151 GREGORII
1633 123 1705 151 vn.

1230 185 1498 233 interpellavit
1527 187 1762 236 Gregorium
1781 187 1868 226 VII.
1896 187 2085 227 Pontifex
2112 201 2175 228 an.

1232 237 1334 274 1078
1355 239 1548 287 copiosam
1569 240 1760 288 synodum
1779 242 1931 279 Romae
1961 243 2109 291 coegit,
2137 243 2176 280 in

1227 302 1306 339 qua
1322 292 1467 329 auditis
1478 293 1675 341 Rodulphi
1691 298 1730 331 et
1742 294 2063 344 Henricilegatis,
2077 295 2181 344 prin-

1227 345 1357 392 cipum
1378 357 1538 382 suorum
1560 346 1820 384 obedientiam
1841 359 1936 396 erga
1964 348 2012 385 R.
2035 348 2176 386 Ponti-

1226 396 1340 434 ficem
1360 399 1612 445 testantibus,
1634 401 1827 446 convenit,
1849 404 1892 438 ut
1886 379 2028 461 ”legati
2046 401 2177 439 idonei

1228 450 1267 487 in
1289 451 1546 489 Germaniam
1575 451 1850 499 mitterentur,
1877 455 1940 503 qui
1971 454 2112 503 probos
2138 459 2178 493 et

1225 503 1426 553 religiosos
1458 505 1566 542 viros
1596 505 1799 555 utriusque
1830 507 1953 555 partis
1981 508 2178 554 audirent,

1227 560 1344 605 atque
1365 558 1412 604 ei,
1435 559 1497 595 cui
1519 560 1778 607 competebat,
1801 559 1862 596 ius
1889 559 2011 598 fieret.
2042 561 2085 598 In
2105 573 2175 599 ea-

1225 610 1313 647 dem
1334 613 1484 659 synodo
1506 613 1719 649 anathema
1739 613 1777 649 in
1799 613 2060 651 Thetbaldum
2089 614 2176 651 Me-

1226 664 1491 702 diolanensem
1515 670 1555 702 et
1574 666 1808 702 Guibertum
1830 667 2175 705 Ravennatensem

1224 717 1534 767 archiepiscopos
1555 719 1783 756 innovatum
1799 723 1870 765 est,
1888 723 1929 757 et
1944 721 2107 769 uterque
2127 721 2176 758 ab

1224 771 1328 807 omni
1345 769 1553 821 episcopali
1573 776 1613 809 et
1627 773 1856 810 sacerdotali
1875 773 1998 811 officio
2014 785 2176 822 suspen-

1224 835 1290 860 sus
1311 825 1520 862 cardinalis
1542 826 1657 874 Hugo
1678 826 1862 873 Blancus,
1883 827 1961 864 iam
1979 829 2042 864 ter
2061 827 2174 865 dam-

1224 881 1352 922 natus,
1372 877 1494 915 officio
1523 880 1756 917 sacerdotali
1785 884 1824 918 et
1851 880 2037 918 ecclesiae
2067 880 2175 918 aditu

1225 930 1442 979 prohibitus
1464 931 1540 969 fuit
1562 931 1586 969 ¹.

1277 984 1404 1021 Paulo
1425 989 1513 1033 post
1532 986 1744 1034 Gregorius
1767 986 1834 1035 Pp.
1857 986 2035 1036 quintam
2055 999 2176 1036 syno-

1224 1037 1315 1074 dum
1335 1038 1485 1075 Romae
1507 1039 1657 1085 habuit,
1678 1039 1716 1076 in
1736 1051 1813 1087 qua
1832 1051 1989 1077 rursum
2011 1041 2058 1077 de
2077 1052 2178 1078 com-

1225 1091 1411 1139 ponendis
1432 1092 1469 1128 in
1492 1092 1703 1129 Germania
1731 1093 1900 1131 dissidiis
1929 1096 2062 1131 actum
2090 1093 2179 1140 fuit,

1223 1148 1263 1193 et
1284 1145 1394 1181 varia
1418 1145 1593 1194 capitula
1612 1147 1660 1183 de
1680 1146 1884 1195 disciplina
1904 1147 2178 1196 ecclesiastica,

1200 1238 1202 1244 ,
1223 1199 1456 1247 praesertim
1474 1202 1610 1236 contra
1626 1200 1884 1238 investituras
1899 1203 1938 1238 et
1948 1200 2195 1248 simoniacas,

1223 1252 1451 1289 collationes
1472 1255 1588 1301 atque
1609 1253 1886 1299 ordinationes,
1904 1256 2055 1292 sancita
2074 1257 2176 1292 sunt.

1224 1305 1268 1342 In
1297 1304 1432 1342 eadem
1461 1306 1609 1355 synodo
1648 1307 1891 1355 Nicephorus
1923 1307 2148 1345 Botoniates
2166 1337 2176 1353 ,

1225 1359 1309 1407 qui,
1338 1359 1486 1396 deiecto
1515 1359 1728 1406 Micliaele,
1756 1360 1963 1409 imperium
1991 1372 2179 1410 graecum

1227 1416 1512 1460 usurpaverat,
1545 1414 1904 1451 excommunicatus
1929 1418 1990 1452 est
2009 1413 2035 1452 ².
2065 1416 2178 1452 Anno

1226 1472 1409 1513 sequente
1432 1466 1616 1504 Pontifex
1636 1472 1786 1505 sextam
1809 1468 2001 1517 synodum
2029 1467 2180 1505 Romae

1230 1519 1475 1566 celebravit,
1514 1521 1552 1557 in
1581 1533 1658 1569 qua
1687 1521 1950 1570 Berengarius
1987 1521 2182 1558 haeresim

1227 1584 1337 1609 suam
1360 1573 1530 1611 eiuravit
1550 1577 1589 1611 et
1616 1574 1832 1611 catholicae
1858 1573 2057 1612 doctrinae
2088 1585 2180 1622 pro-

1228 1625 1385 1663 fessioni
1406 1626 1657 1677 subscripsitj,
1688 1630 1731 1664 ut
1764 1639 1882 1676 supra
1903 1627 2069 1665 vidimus
2089 1625 2116 1665 ³.
2137 1627 2181 1664 In

1229 1680 1366 1717 eadem
1396 1681 1550 1729 synodo
1573 1687 1750 1719 oratores
1777 1680 1978 1730 Rodulphi
2007 1681 2184 1730 graviter

1229 1734 1358 1782 questi
1378 1736 1469 1771 sunt
1491 1735 1537 1771 de
1562 1735 1675 1772 maiis
1696 1739 1734 1771 et
1755 1734 1928 1780 iniuriis,
1950 1746 2048 1784 quae
2069 1734 2181 1772 Hen-

1230 1787 1333 1824 ricus
1354 1787 1408 1824 IV
1430 1800 1489 1824 om
1499 1788 1558 1825 nis
1578 1788 1807 1825 conditionis
1836 1787 2030 1837 personis,
2058 1787 2182 1826 eccle-

1231 1840 1310 1884 siis,
1331 1841 1523 1890 episcopis
1543 1845 1583 1879 et
1602 1842 1869 1879 sacerdotibus
1898 1841 2104 1879 inferebat.
2126 1841 2183 1879 Ε-

1231 1894 1375 1943 piscopi
1398 1895 1509 1932 multi
1530 1896 1725 1941 dixerunt,
1748 1895 1938 1933 eiusmodi
1969 1898 2181 1945 tyrannum

1230 1960 1314 1985 esse
1327 1947 1458 1997 gladio
1470 1949 1680 1998 apostolico
1693 1949 1971 1986 conterendum
1984 1962 1992 1995 ς
2005 1949 2070 1986 sed
2087 1948 2182 1985 Gre-

1230 2001 1362 2050 gorius
1383 2002 1458 2039 VH
1480 2003 1716 2040 sententiam
1737 2002 1903 2048 distulit,
1923 2013 2096 2051 sperans,
2118 2000 2181 2038 fo-

1231 2067 1271 2092 re
1295 2058 1336 2092 ut
1355 2067 1419 2092 res
1439 2061 1738 2104 componeretur
1758 2055 1794 2092 in
1826 2055 1993 2092 comitiis
2014 2055 2182 2092 Germa-

1233 2108 1318 2145 niae
1337 2138 1345 2154 ,
1366 2120 1531 2157 quorum
1558 2109 1702 2146 iudicio
1722 2120 1811 2158 pars
1835 2112 1999 2158 utraque
2021 2120 2062 2146 se
2082 2108 2179 2146 sub-

1230 2162 1377 2199 iecerat
1396 2161 1423 2200 ⁴.

1284 2215 1431 2253 Verum
1462 2215 1654 2253 Henricus
1693 2227 1846 2264 quoquo
1883 2217 2039 2265 poterat
2068 2213 2180 2252 modo

1231 2269 1389 2306 comitia
1409 2269 1660 2317 impediebat,
1680 2268 1789 2306 litem
1819 2272 1939 2307 armis
1968 2268 2182 2306 terminare

1231 2322 1392 2370 eligens,
1413 2323 1593 2370 quamvis
1614 2325 1691 2359 iam
1713 2323 1749 2359 in
1766 2323 1911 2371 duplici
1931 2321 2079 2372 praelio
2096 2333 2183 2358 con-

1231 2380 1292 2412 tra
1314 2376 1566 2425 Rodulplium
1586 2376 1773 2424 grandem
1797 2376 1946 2414 cladem
1975 2377 2080 2416 esset
2108 2386 2182 2412 ex-

1231 2432 1373 2477 pertus.
1413 2429 1588 2466 Tandem
1617 2430 1833 2478 Gregorius
1854 2429 1929 2468 VII
1968 2428 2185 2479 principum

1231 2482 1514 2520 Germanorum
1539 2485 1767 2532 praesertim
1797 2483 1996 2521 Saxonum
2026 2485 2068 2520 et
2096 2482 2181 2519 Ro-

1231 2535 1364 2584 dulphi
1387 2536 1527 2574 litteris
1547 2543 1586 2574 et
1614 2537 2042 2586 legationibusssontra
2071 2534 2183 2572 Hen-

1233 2589 1300 2626 1·ici
1323 2589 1377 2626 IV
1399 2590 1570 2628 facinora
1592 2590 1878 2640 interpellatus,
1899 2602 1960 2629 an.
1986 2588 2087 2628 1080
2115 2599 2183 2626 co-

1274 2707 1282 2727 ¹
1302 2709 1331 2737 Ι)
1350 2707 1507 2738 l'ernrird.
1531 2707 1600 2739 l't‘m
1617 2708 1646 2739 S.
1661 2706 1813 2748 Greqorii
1844 2706 1906 2746 Vll,
1929 2716 1954 2739 c.
1981 2705 2045 2743 10;
2069 2704 2182 2744 Labbe,

1235 2748 1352 2781 Conci!
1370 2754 1390 2780 Ι.
1411 2752 1444 2785 Χ
1462 2761 1488 2789 11.
1508 2749 1575 2780 369.

1271 2791 1285 2811 '²
1303 2792 1404 2821 labbe
1424 2791 1481 2822 loc
1497 2793 1545 2821 cit
1571 2802 1599 2831 p.
1617 2791 1685 2822 371.

1273 2833 1286 2854 3
1302 2834 1384 2863 lom
1404 2834 1422 2868 Ι
1441 2844 1468 2872 p.
1483 2832 1593 2863 28‹)‚-
1600 2834 1638 2863 Ex
1661 2833 1738 2864 actis
1755 2832 1896 2871 Gregorii
1911 2831 2000 2862 Vliin
2017 2838 2113 2861 causa
2130 2830 2185 2861 Be-

1233 2876 1649 2913 1011113111550100111010111111·
1679 2875 1850 2905 calumniae
1875 2873 2024 2913 praedicti
2049 2871 2186 2911 pseudo-

1233 2916 1400 2946 cardinalis
1428 2917 1579 2946 nennonis
1607 2921 1636 2946 01
1671 2913 1869 2947 conciliabuli
1907 2915 2111 2951 Brixincnsis,
2135 2921 2184 2944 an.

1210 2965 1212 2991 1
1236 2957 1332 2991 10⁸0
1349 2958 1376 2987 in
1395 2959 1474 2988 linnc
1493 2957 1686 2994 Pontificem
1708 2958 1820 2997 quibus
1837 2957 2000 2988 commenii
2018 2959 2090 2986 sunt
2108 2956 2185 2985 Ροη-

1233 2999 1312 3028 111101
1317 3009 1343 3029 m
1361 3009 1427 3029 (nin
1439 3000 1628 3037 berengario
1647 3001 1674 3029 in
1689 3008 1793 3030 errore
1807 2997 1990 3029 convenisse
2004 2996 2050 3027 vel
2068 2997 2097 3026 in
2111 2997 2185 3027 hae-

1234 3041 1345 3070 relicus
1358 3043 1423 3071 01115-
1435 3042 1604 3071 sententias
1619 3042 1715 3071 luisse
1736 3041 1911 3079 proclivem3
1924 3047 2000 3079 quas
2013 3037 2185 3069 calumnias

1234 3085 1318 3120 posti·
1323 3093 1338 3112 :i
1364 3083 1443 3113 initi·
1465 3083 1542 3112 :ilios
1561 3083 1744 3113 restanrwuit
1765 3081 1933 3117 Moslieim,
1951 3079 2093 3111 Institut.
2113 3078 2182 3109 hist

1235 3123 1378 3154 ΙίνιΙΡκ..
1366 3135 1446 3155 5ι··.11(
1465 3125 1628 3162 ΧῙ.1).ΙΙ
1652 3134 1676 3154 c
1701 3124 1729 3155 :L
1746 3124 1783 3154 (1
1798 3125 1816 3154 Ι
1839 3124 1870 3153 B.
1890 3123 2014 3159 Palma,
2032 3120 2189 3153 Praelecl

1202 3185 1204 3188 -
1235 3164 1312 3195 llis(
1332 3166 1440 3196 eccles:
1458 3170 1475 3196 1.
1495 3166 1545 3202 ΙΙΙ,
1563 3149 1675 3205 11111·,1.Ι
1695 3176 1721 3195 r.
1738 3165 1766 3196 .‘3.

1274 3176 2049 3244 4801011011.111.(-.11.0.’1Ι;Ι,.·1Ι1Ι)ι,10(·.011.ρ
2067 3203 2137 3236 378.
