2241 3473
182 123 262 164 282

128 204 198 251 tia,
225 204 326 242 dicto
355 202 607 246 Guardiano,
633 201 697 250 qui
723 212 794 248 pro
821 204 1000 248 ternpore
1025 211 1087 237 re-

127 264 243 307 geret
268 257 457 295 familiam
485 268 516 292 s.
547 255 743 304 Sepulcri,
763 255 996 291 facultatem
1022 252 1085 291 de·

127 313 209 357 dit,
235 316 303 355 ut,
331 309 555 347 absentibus
581 308 779 356 episcopis
805 308 905 345 ritus
940 307 1085 351 Latini,

127 366 311 404 conferre
337 366 470 412 posset
486 365 782 399 sacramentum
811 361 1085 400 Confirmatio-

127 421 188 457 nis
225 429 315 455 cum
353 417 440 454 oleo
474 420 515 453 et
545 415 760 453 chrismate
801 416 849 452 ab
885 416 1085 463 Episcopo

128 472 322 511 catholico
354 469 583 507 benedictis.
613 470 655 506 In
690 481 858 517 regnum
886 470 1086 516 Batgaum

127 525 261 574 magni
287 524 459 566 Thibeti,
485 524 709 571 postulante
738 524 821 572 ipso
849 535 969 571 rege,
997 534 1088 570 apo-

128 580 286 617 stolicos
304 577 578 614 missionarios
597 577 826 614 destinavit.
847 579 1087 616 Controver-

128 634 208 670 sias
232 632 341 669 circa
367 632 546 678 regimen
564 631 795 668 missionum
815 632 854 667 in
874 643 996 679 regno
1016 631 1087 669 Co-

129 686 359 724 chinchinae
390 685 645 722 existentium
682 685 903 734 harumque
942 685 1089 722 limites

129 740 299 777 diremit.
335 739 488 776 Litibus
521 738 570 776 de
608 739 748 776 ritibus
783 739 1017 777 Sinensibus
1049 743 1090 776 et

128 793 386 831 Malabaricis
410 793 531 830 finem
559 794 788 833 constitnit,
816 798 860 831 ut
885 804 1006 842 supra
1033 793 1088 829 vi-

129 848 254 885 dimus
278 850 305 882 1.
333 848 368 882 A
393 846 571 896 Syriacis
597 851 638 884 et
665 848 870 892 Armenis,
898 848 937 884 in
964 847 1090 885 eccle·

128 901 196 938 siis
228 900 462 938 Latinorum
498 911 616 937 sacra
650 901 935 949 peragentibus
955 930 963 945 ,
999 912 1088 949 pro-

127 954 257 1003 prium
282 954 404 991 ritum
429 955 585 991 servari
605 955 837 1002 praecepit,
860 955 1091 1003 monuitque

128 1008 425 1053 missionarios,
459 1012 503 1045 ut
536 1008 574 1044 in
617 1008 897 1046 convertendis
932 1008 1089 1058 populis

128 1061 397 1099 Orientalibus
423 1062 496 1099 hos
512 1062 561 1098 ab
579 1073 719 1099 errore
738 1066 778 1100 et
795 1062 1010 1100 schismate
1029 1073 1089 1099 re-

128 1119 343 1162 vocarent,
370 1115 470 1152 ritus
496 1127 592 1153 vero
619 1128 759 1154 eorum
785 1117 975 1164 probatos
1003 1128 1088 1165 per-

131 1170 654 1208 mitterent-Ecclesiasticis
671 1171 767 1208 viris
786 1171 885 1207 ritus
900 1171 1090 1208 Slavo-la-

130 1225 201 1262 tini
220 1223 436 1270 mandavit,
453 1228 497 1261 ut
514 1226 553 1261 in
573 1225 701 1262 missis
720 1229 761 1262 et
785 1225 922 1262 officiis
949 1225 1091 1262 divinis

128 1278 302 1318 litterale
328 1279 477 1316 idioma
501 1279 654 1316 slavum
674 1290 763 1315 cum
787 1279 1091 1317 characteribus

131 1334 456 1383 Hieronymianis
503 1334 754 1378 retinerent,
803 1338 1091 1383 uterenturque

133 1392 358 1430 missalibus
386 1396 426 1429 et
457 1391 667 1429 breviariis
685 1420 694 1436 ,
729 1392 832 1440 typis
862 1391 1091 1438 Congrega-

130 1451 248 1489 tionis
266 1450 314 1488 de
332 1448 603 1498 Propaganda
617 1447 714 1484 Fide
734 1446 863 1484 editis.
879 1445 1091 1495 Presbyte-

130 1506 185 1544 ris
210 1506 309 1543 ritus
334 1505 465 1549 latini,
492 1505 531 1541 in
559 1503 704 1541 Russia
730 1502 920 1539 Polonica
946 1502 1092 1550 degen-

132 1561 262 1606 tibus,
297 1560 481 1610 permisit
518 1559 557 1596 in
595 1557 1092 1595 Ruthenorum-unitorum

131 1615 327 1660 ecclesiis,
342 1613 614 1652 deficientibus
629 1612 820 1650 altaribus
838 1611 1003 1661 lapideis
1022 1624 1093 1649 seu

132 1670 276 1710 tabulis
301 1669 546 1707 consecratis
572 1673 610 1706 et
637 1667 826 1705 calicibus
851 1667 985 1704 aureis
1010 1667 1093 1704 sive

134 1725 366 1773 argenteis,
399 1723 613 1760 missarum
651 1721 851 1759 sacrificia
887 1722 1093 1759 celebrare

134 1790 255 1828 super
280 1778 557 1816 Ruthenorum
583 1776 832 1814 antimensiis
849 1779 889 1814 et
916 1787 1004 1812 cum
1023 1787 1094 1830 'ca-

134 1833 271 1872 licibus
285 1845 306 1871 e
320 1836 475 1871 stanno.
493 1832 691 1870 Unionem
707 1831 882 1868 omnium
897 1834 1094 1867 monaste-

136 1888 286 1925 riorum
321 1887 482 1925 Ordinis
507 1899 540 1924 s.
576 1886 712 1923 Basilii
748 1886 786 1922 in
815 1885 1028 1922 Lithuania
1055 1888 1096 1922 et

135 1942 280 1979 Russia
306 1941 346 1978 in
376 1952 496 1978 unam
530 1939 893 1988 Congregationem
913 1967 921 1983 ‚
949 1950 970 1975 e
1004 1938 1095 1975 dua-

137 1994 210 2032 bus
224 1994 440 2041 provinciis
454 1993 731 2042 compositam,
747 1992 1010 2029 confirmavit.
1030 1993 1098 2028 Vi—

139 2048 258 2085 cariis
284 2048 512 2097 apostolicis
539 2052 580 2084 et
608 2046 890 2091 missionariis‚
917 2046 1096 2082 saecula-

138 2102 255 2139 ribus
271 2113 320 2139 ac
346 2101 597 2149 regularibus
615 2130 623 2146 ,
650 2101 810 2148 regulas
838 2100 877 2136 in
904 2100 1096 2136 missioni-

137 2156 210 2193 bus
242 2155 473 2203 Anglicanis
506 2154 776 2193 observandas
809 2154 1096 2202 praescripsit,

139 2210 348 2259 litemque,
376 2210 454 2246 iarn
481 2209 625 2246 dudum
652 2209 847 2255 agitatam
874 2208 977 2246 inter
1005 2209 1096 2245 mis-

139 2264 337 2302 sionarios
365 2265 574 2313 regulares
592 2267 631 2301 et
647 2263 819 2300 vicarios
843 2263 1096 2310 apostolicos,

141 2331 165 2356 a
190 2331 354 2369 quorum
383 2319 624 2356 auctoritate
651 2318 703 2354 illi
729 2329 772 2354 se
799 2318 835 2353 vi
871 2316 1096 2365 privilegio-

141 2386 244 2420 rum,
262 2386 286 2411 a
303 2374 405 2412 Sede
423 2374 652 2422 Apostolica
671 2377 941 2420 acceptorum,
963 2383 1097 2409 exem-

142 2434 229 2478 ptos
255 2429 560 2472 contendebant,
580 2427 752 2464 diremit.
774 2426 1094 2464 Patriarchatum

141 2483 450 2532 Aquileiensem‚
478 2486 642 2531 propter
675 2481 763 2518 lites
798 2481 901 2517 inter
928 2481 1096 2518 Domum

141 2538 328 2575 Austriae
361 2543 400 2575 et
425 2536 726 2585 Rempublicam
753 2535 1015 2573 Venetiarum
1049 2536 1097 2573 de

143 2591 229 2630 iure
255 2592 482 2629 nominandi
510 2590 780 2639 patriarcham
798 2618 806 2634 ,
835 2601 934 2637 quae
966 2589 1099 2626 deces-

142 2657 253 2684 sores
270 2658 361 2684 suos
379 2646 661 2694 fatigaverant,
679 2644 919 2693 suppressit,
938 2645 1097 2692 eiusque

143 2701 230 2737 loco
257 2701 354 2738 duas
373 2700 574 2738 substituit
591 2699 705 2736 sedes
725 2698 1098 2747 archiepiscopales,

143 2755 375 2793 Utinensem
403 2755 554 2792 scilicet
578 2758 618 2791 et
642 2753 923 2791 Goritiensem.

193 2809 297 2846 idem
326 2809 509 2847 Pontifex
535 2808 583 2846 de
602 2808 781 2844 omnibus
798 2807 916 2843 officii
934 2808 990 2844 sui
1013 2818 1097 2855 par-

148 2863 247 2900 tibus
272 2864 489 2907 sollicitus,
519 2863 634 2911 plura
667 2861 960 2900 incredulorum
988 2861 1100 2897 liuius

148 2918 337 2966 temporis
346 2918 495 2966 scripta
508 2916 725 2961 damnavit,
738 2916 990 2964 regulasque,
1012 2927 1098 2962 pru-

147 2972 281 3009 dentia
307 2977 347 3010 et
372 2972 569 3020 sapientia
597 2972 782 3015 refertas,
805 2971 992 3006 librorum
1013 2981 1097 3006 cen-

147 3026 299 3063 soribus
326 3026 594 3074 praescripsit.
616 3027 735 3062 Latas
762 3025 953 3062 adversus
971 3024 1101 3072 singu-

150 3080 249 3116 laria
275 3080 497 3118 certamina
530 3091 600 3117 seu
634 3080 763 3116 duella
798 3080 907 3127 leges
937 3089 1101 3115 renova-

148 3133 217 3176 vit,
247 3145 383 3171 earum
412 3134 586 3182 rigorem
614 3134 735 3178 auxit,
756 3138 795 3170 et
821 3134 988 3182 quinque
1016 3143 1103 3181 pro-

200 3239 207 3262 ¹
228 3237 264 3272 P.
283 3240 348 3273 252
373 3251 445 3286 sqq.

676 132 863 161 1:1³0an
883 133 956 162 XII.
981 135 1007 161 Α
1027 131 1196 160 LITIBVS
1215 131 1526 162 IANSENISTICIS

1138 200 1368 246 positiones,
1388 200 1616 249 duellorum
1641 200 1765 238 furori
1791 200 1988 246 faventes,
2007 212 2098 240 con-

1137 253 1353 292 demnavit.
1399 254 1551 292 Theses
1597 255 1876 293 condemnavit
1918 266 2071 304 quoque
2088 284 2097 302 ,

1137 318 1233 355 quas
1244 307 1411 345 Parisiis
1422 308 1728 358 propugnandas
1739 313 1980 357 exposuerat
1990 310 2098 347 Mar-

1138 361 1242 398 tinus
1269 362 1316 400 de
1344 362 1476 400 Prado
1498 392 1506 407 ,
1533 362 1598 411 qui
1624 366 1667 399 ut
1700 363 1935 400 catholicum
1966 363 2097 401 virum

1137 415 1294 461 decuit,
1323 428 1394 454 eas
1421 417 1574 465 publice
1601 416 1738 453 abnuit
1763 427 1811 453 ac
1843 418 2096 456 retractavit.

1137 469 1367 508 Electiones
1393 471 1550 507 Ioannis
1578 470 1690 508 Petri
1716 470 1938 508 Meindarts
1963 471 2002 508 in
2036 483 2099 509 ar-

1138 523 1434 573 chiepiscopum
1453 524 1779 570 Ultraiectinum,
1797 525 2030 574 Hieronymi
2050 526 2098 564 de

1138 577 1250 614 Bock
1277 583 1318 616 et
1345 580 1504 616 Ioannis
1520 580 1612 615 Van
1631 578 1816 627 Stiphout
1834 578 1873 614 in
1891 579 2099 627 episcopos

1139 632 1426 670 Harlemenses
1443 637 1560 681 atque
1579 632 1719 669 Barth.
1742 633 1849 669 loan.
1869 633 2042 681 Byeveld
2059 634 2099 670 in

1138 686 1468 726 Daventriensem
1489 687 1766 725 schismaticas
1784 686 1992 735 nullasque
2011 699 2099 725 esse

1140 741 1428 788 pronuntiavit.
1448 742 1623 779 Publicis
1649 745 1690 778 et
1715 740 1881 778 notoriis
1908 741 2100 779 refracta-

1140 794 1210 831 riis
1237 796 1507 833 constitutioni
1537 795 1772 843 Uniqcnitus
1799 806 1958 832 sacrum
1985 796 2100 833 viati-

1139 860 1229 885 cum
1258 849 1344 887 iure
1363 850 1555 898 denegari
1573 849 1808 894 declaravit,
1827 849 1928 886 datis
1945 849 1995 887 ad
2011 849 2101 887 Gal-

1142 903 1219 941 liae
1247 905 1455 953 episcopos
1482 904 1626 941 litteris
1652 907 1678 937 1-

1187 958 1247 996 De
1275 958 1608 1006 praecedentibus
1627 957 1883 995 Pontificibus
1900 958 2024 996 verba
2041 959 2097 996 fa·

1144 1012 1296 1049 cientes
1314 1012 1498 1057 diximus,
1519 1012 1728 1048 nonnullos
1746 1011 1945 1060 principes
1962 1023 2101 1050 saecu-

1143 1064 1249 1103 lares
1283 1066 1509 1114 pontificiae
1545 1066 1756 1115 potestatis
1789 1064 2027 1103 exercitium
2062 1065 2101 1102 in

1146 1120 1283 1167 regnis
1307 1120 1389 1157 suis
1416 1121 1589 1158 limitare
1604 1149 1612 1165 ‚
1640 1124 1709 1157 aut
1734 1123 1850 1157 certa
1874 1119 1960 1156 iura
1984 1131 2103 1157 sacra

1143 1173 1213 1210 sibi
1254 1185 1451 1222 arrogare
1478 1179 1642 1212 conatos
1667 1185 1773 1212 esse:
1799 1173 1904 1211 unde
1930 1185 2102 1221 magnae

1142 1228 1300 1276 saepius
1325 1228 1429 1266 inter
1454 1240 1522 1266 eos
1549 1233 1590 1266 et
1615 1229 1839 1265 Romanam
1859 1228 2011 1265 curiam
2029 1227 2103 1266 dis·

1144 1282 1304 1320 cordiae
1340 1287 1503 1321 secutae
1537 1287 1640 1320 sunt.
1666 1283 1871 1320 Eiusmodi
1901 1282 1989 1320 lites
2014 1282 2100 1321 RR.

1143 1336 1376 1381 Pontifices,
1397 1350 1468 1386 pro
1496 1338 1598 1374 virili
1630 1342 1762 1386 parte,
1783 1348 2022 1386 componere
2041 1348 2105 1374 co·-

1145 1392 1227 1428 nati
1253 1397 1345 1429 sunt
1371 1393 1478 1429 initis
1504 1392 1755 1430 concordatis
1780 1404 1851 1430 seu
1877 1392 2102 1430 conventio-

1144 1445 1257 1483 nibus
1291 1458 1378 1483 cum
1415 1448 1578 1484 summis
1610 1448 1910 1496 imperantibus·
1936 1447 2105 1486 Benedi-

1145 1505 1233 1538 ctus
1261 1501 1370 1546 XIV,
1391 1502 1499 1550 pacis
1525 1502 1850 1547 studiosissimus,
1869 1514 1960 1540 cum
1978 1502 2104 1540 variis

1146 1554 1439 1603 imperantibus
1475 1556 1653 1594 civilibus
1685 1556 1908 1594 huiusmodi
1935 1568 2105 1594 conven-

1146 1609 1278 1648 tiones
1297 1610 1399 1655 iniit,
1415 1610 1603 1648 nimirum
1623 1623 1725 1648 anno
1745 1612 1836 1651 1740
1854 1623 1941 1649 eum
1956 1612 2103 1649 Ioanne

1145 1664 1196 1709 V,
1217 1676 1312 1713 rege
1341 1665 1587 1711 Lusitaniae,
1603 1666 1665 1703 cui
1691 1665 1752 1703 ius
1771 1665 1966 1704 concessit
1981 1665 2104 1704 nomi-

1146 1718 1263 1755 nandi
1283 1719 1332 1756 ad
1352 1731 1491 1757 omues
1510 1719 1761 1768 episcopatus
1779 1724 1820 1758 et
1836 1720 2013 1759 abbatias
2027 1723 2105 1758 ter-

1147 1784 1284 1810 rarum
1311 1784 1497 1819 suarum3
1517 1785 1619 1811 anno
1637 1775 1725 1811 1741
1743 1786 1831 1811 cum
1846 1775 1990 1814 Carolo
2007 1786 2104 1824 rege

1145 1828 1348 1876 utriusque
1377 1828 1551 1872 Siciliae,
1572 1829 1634 1865 cui
1659 1828 1706 1866 26
1731 1829 1985 1877 episcopatus
2011 1840 2105 1866 con-

1146 1882 1332 1920 ferendos
1365 1882 1497 1926 dedit;
1525 1887 1738 1930 praeterea
1756 1884 1862 1920 inter
1888 1886 2102 1932 utrumque

1147 1936 1352 1980 convenit,
1367 1941 1410 1972 ut
1437 1936 1610 1973 tribunal
1631 1936 1862 1984 erigeretur
1879 1948 1901 1973 e
1921 1936 2105 1985 praeside

1147 1989 1292 2026 clerico
1320 1994 1360 2026 et
1384 1990 1406 2026 4
1434 1989 1717 2034 assessoribus,
1739 1990 1762 2026 2
1788 1990 1945 2027 clericis
1962 2000 1987 2027 a
2003 1989 2106 2027 Pon·

1147 2043 1252 2080 tifice
1279 2046 1320 2080 et
1347 2043 1369 2080 2
1395 2043 1507 2080 laicis
1533 2054 1556 2080 a
1582 2054 1677 2091 rege
1704 2043 1972 2091 designandis,
2000 2054 2104 2081 com-

1148 2097 1451 2145 positum,quod
1471 2100 1604 2134 certas
1630 2097 1779 2145 aliquot
1804 2108 1946 2134 causas
1971 2096 2108 2134 defini-

1147 2154 1224 2196 ret,
1252 2156 1293 2188 et
1319 2151 1590 2189 observationi
1609 2162 1764 2194 eorum,
1784 2152 1832 2189 de
1859 2152 1997 2200 quibus
2015 2162 2105 2188 con-

1146 2209 1316 2242 venerat
1349 2206 1451 2242 inter
1486 2210 1647 2253 partes,
1685 2205 1935 2253 invigilaret:
1965 2205 2105 2243 eodem

1149 2271 1251 2296 anno
1279 2271 1368 2297 curn
1389 2260 1531 2298 Carolo
1551 2260 1826 2305 Emmanuele‚
1847 2272 1944 2310 rege
1972 2260 2108 2298 Sardi-

1150 2314 1251 2359 niae,
1274 2315 1349 2359 cui,
1369 2313 1485 2351 sicuti
1511 2314 1698 2359 diximus,
1717 2314 1779 2352 ius
1805 2315 2034 2353 nominandi
2053 2315 2104 2352 ad

1148 2370 1418 2418 episcopatus,
1436 2368 1591 2416 aliaque
1618 2370 1657 2404 in
1686 2369 1804 2406 terris
1830 2369 1926 2414 suis,
1946 2381 2108 2408 conces—

1149 2425 1199 2461 sit
1224 2435 1273 2460 ea
1301 2423 1539 2466 conditione,
1560 2427 1603 2459 ut
1623 2435 1693 2460 rex
1712 2425 1922 2472 quotannis
1939 2424 2106 2462 calicem

1151 2479 1259 2523 1900
1286 2489 1500 2515 aureorum
1529 2477 1577 2513 ad
1604 2477 1818 2515 Cameram
1846 2479 2107 2527 apostolicam

1151 2533 1354 2577 mitteret;
1380 2543 1483 2568 anuo
1511 2532 1604 2569 1753
1631 2543 1720 2569 cum
1746 2533 1999 2570 Ferdinando
2026 2533 2106 2578 VI,

1152 2599 1246 2635 rege
1274 2586 1504 2635 Hispaniae,
1533 2586 1594 2622 cui
1621 2586 1701 2632 ius,
1728 2598 1803 2635 quo
1831 2587 1916 2624 RR.
1945 2586 2108 2624 Pontifi-

1151 2653 1218 2678 ces
1252 2653 1322 2689 per
1351 2641 1373 2678 8
1401 2652 1558 2677 menses
1592 2640 1640 2677 ad
1669 2641 1864 2679 beneficia
1901 2642 2106 2690 episcopa-

1154 2696 1254 2732 tibus
1270 2695 1423 2731 minora
1443 2695 1705 2732 nominabant
1718 2699 1760 2733 et
1786 2696 2014 2733 vacantium
2029 2694 2108 2744 epi·

1152 2754 1385 2798 scopatuum
1412 2749 1565 2786 fructus
1592 2750 1885 2798 percipiebant,
1913 2749 2032 2788 cessit
2056 2760 2107 2787 ea

1200 2873 1207 2893 1
1229 2871 1319 2902 Anno
1348 2868 1431 2900 1756
1459 2873 1561 2912 poslr.
1591 2869 1660 2903 idus
1678 2870 1802 2904 octobr.
1823 2870 2027 2914 Encyclicam
2053 2870 2109 2904 ad-

1154 2917 1277 2949 modum
1297 2924 1423 2957 gravcm
1442 2917 1478 2949 ad
1496 2917 1620 2950 Galliac
1636 2917 1814 2960 Episcopos
1828 2917 2023 2951 Benedictus
2037 2916 2107 2950 XIV

1156 2964 1255 3002 misit,
1270 2963 1323 3005 qui
1343 2969 1536 2996 conventum
1556 2972 1572 2994 a
1592 2972 1665 3005 rege
1683 2964 1838 2997 indictum
1858 2963 2106 3006 componebant,

1154 3019 1252 3052 seque
1271 3010 1362 3041 illius
1383 3009 1548 3042 Ecclesiae
1566 3011 1693 3042 nomine
1713 3011 1961 3050 consuluerant,
1976 3019 2039 3053 qua
2058 3009 2107 3042 ni·

1156 3066 1214 3087 xus
1233 3065 1288 3088 rex
1306 3055 1606 3088 christianissimus
1622 3056 1877 3095 Quesnellianos
1895 3056 2054 3094 coercuit,
2074 3059 2107 3089 et

1156 3103 1352 3134 confirmatis
1370 3103 1480 3143 proavi
1500 3103 1549 3134 sui
1567 3102 1723 3135 adversus
1743 3103 1817 3136 illos
1842 3102 1981 3135 decretis
1997 3127 2005 3142 ,
2023 3099 2107 3135 Con-

1156 3149 1359 3179 stitutionrm
1380 3147 1578 3190 Uniqcnitus
1595 3148 1758 3182 Ecclesiae
1775 3147 2049 3191 lolius,regnique
2063 3148 2108 3181 le·-

1157 3203 1223 3233 gcm
1242 3202 1313 3226 esse
1331 3194 1532 3233 declaravit,
1552 3195 1602 3227 cui
1622 3204 1714 3227 nemo
1733 3194 1803 3228 sine
1823 3195 1911 3227 lesae
1930 3194 2106 3228 maiestatis

1157 3240 1292 3273 crimine
1309 3240 1462 3274 resistere
1481 3243 1602 3283 posset.
1626 3240 1693 3274 Vid.
1714 3241 1851 3274 iuferius
1868 3239 1959 3284 sub}
1978 3241 2034 3275 59.
