2241 3473
659 195 784 226 VSQVE
812 195 865 222 AD
894 192 1218 221 IANSENJSTARVM
1246 193 1427 220 EXORDIA

82 261 248 310 scripsit3
268 261 297 299 I.
317 260 513 299 Hesselius
544 261 620 299 iam
641 273 702 299 an.
726 260 826 298 1566
845 258 1009 297 Lovanii

81 314 243 352 obierat.
263 314 408 352 Verum
430 327 503 352 non
524 326 653 352 omnes
674 314 758 351 Baii
779 314 951 351 fautores
967 324 1010 350 e-

79 367 140 406 ius
158 367 425 405 submissionis
445 368 668 416 exemplum
685 368 805 405 secuti
822 369 925 411 sunt;
945 365 1010 403 alii

81 420 297 469 pontificiae
333 421 459 459 bullae
500 422 742 459 authentiam
775 421 813 457 in
849 419 1010 456 dubium

81 478 286 520 vocarunt,
324 473 389 511 alii
409 486 494 511 eam
514 474 810 523 supposititiam,
831 472 894 509 alii
914 473 1008 509 sub-

79 527 278 575 reptitiam
307 539 389 566 esse
419 529 722 572 contenderunt;
745 527 842 562 unde
863 524 1009 572 sopitae

79 579 146 617 vix
167 579 463 628 disceptationes
499 580 793 618 recruduerant.
832 578 1009 625 Quapro-

79 634 165 681 pter
183 633 396 680 Gregorius
416 633 512 671 XIII
532 645 593 670 an.
618 632 717 670 1579
737 632 900 669 alteram
920 630 1009 667 bul-

78 685 158 723 lam
187 697 256 735 per
273 686 317 724 F.
338 686 518 724 Toletum
535 715 543 731 ,
564 685 602 723 S.
623 685 652 722 1.
674 684 946 733 presbyterum
972 685 1011 720 et

79 741 212 788 postea
231 740 279 777 R.
301 740 344 778 E.
361 739 611 783 cardinalem,
633 739 680 775 ad
704 736 1009 776 Universitatem

78 792 362 830 Lovaniensem
382 792 499 838 dedit,
518 803 594 840 qua
609 790 821 828 decessoris
839 789 901 827 sui
922 788 1011 826 bul-

78 845 157 883 lam
173 845 433 883 authenticam
449 844 664 882 declaravit
675 843 1009 891 confirmavitque.

79 898 259 947 Gregorii
278 898 373 935 XIII
394 897 539 936 bullam
575 896 800 935 solemniter
828 907 1010 945 suscepe-

79 955 172 988 runt
193 951 470 989 Universitatis
492 951 746 988 Lovaniensis
774 950 953 987 doctores
973 953 1012 986 et

77 1003 160 1053 ipse
179 1004 298 1041 Baius
317 1033 327 1050 ,
345 1005 412 1053 qui
445 1007 555 1042 tanta
588 1003 842 1041 submissione
862 1013 1011 1040 errores

77 1068 167 1095 suos
187 1057 400 1104 damnavit,
422 1061 466 1094 ut
484 1057 647 1095 Toletus
680 1057 840 1094 diceret:
860 1057 1012 1093 Fateor

77 1115 117 1148 et
133 1110 304 1159 fatebor,
324 1111 435 1148 m'lzz'l
465 1123 528 1149 me
555 1111 700 1148 vidisse
715 1110 822 1147 Baio
841 1109 1011 1155 doctius,

78 1163 186 1201 nihil
203 1164 310 1201 Baio
330 1164 542 1202 humilius.
562 1164 681 1201 Baius
699 1163 738 1200 in
757 1163 830 1200 hac
848 1163 1012 1200 submis-

77 1216 187 1254 sione
207 1228 326 1265 usque
346 1218 394 1255 ad
423 1217 571 1254 obitum
605 1215 743 1267 (1589)
779 1227 1013 1265 persevera-

78 1270 137 1307 vit
157 1268 181 1307 ¹.
201 1270 448 1308 Baianismus
469 1271 523 1308 ita
543 1270 780 1319 proscriptus
797 1299 806 1316 ,
839 1272 1011 1318 postmo-

79 1323 168 1360 dum
187 1323 228 1360 in
247 1323 526 1362 Iansenismum
557 1323 776 1361 transfusus
796 1329 867 1369 est,
889 1325 930 1360 ut
951 1324 1011 1360 vi-

76 1376 265 1414 debimus.

129 1429 191 1467 48.
210 1430 437 1479 Scriptores
447 1431 708 1470 ecclesiastiea·
716 1451 767 1456 —
775 1429 914 1467 Iisdem
925 1443 1012 1468 cum

77 1482 132 1521 M.
159 1483 255 1521 Baio
280 1487 320 1521 et
339 1484 369 1522 I.
391 1484 566 1522 Hesselio
585 1482 599 1504 ²
615 1483 853 1532 temporibus
867 1485 1014 1522 florue—

77 1538 170 1574 runt
185 1536 397 1586 scriptores
416 1538 481 1586 qui
500 1539 737 1586 sequuntur:
759 1536 920 1575 Iudocus
935 1539 1012 1575 Ra-

77 1592 238 1639 vesteyn
254 1620 264 1636 ,
304 1590 528 1637 Tiletanus,
566 1591 700 1628 doctor
733 1590 986 1628 Lovaniensis
1004 1622 1013 1638 ,

77 1642 233 1692 scripsit
246 1647 405 1692 praeter
425 1643 503 1681 alia
522 1643 750 1692 Apologiam
770 1644 1011 1682 decretorum

76 1696 226 1733 concilii
255 1696 473 1734 Tridentini
499 1697 546 1734 de
565 1697 827 1734 Sacramentis
846 1695 872 1735 ³.
893 1697 1014 1735 Clau-

77 1748 163 1787 dius
191 1750 447 1798 Espencaeus,
475 1751 610 1788 doctor
640 1749 887 1797 Parisiensis,
915 1751 1013 1789 reli-

77 1801 162 1850 quit
189 1804 488 1841 commentarios
507 1803 546 1840 in
569 1802 760 1852 Epistolas
779 1815 808 1841 s.
831 1804 944 1841 Pauli
964 1806 1012 1843 ad

77 1855 322 1902 Timotheum
351 1859 391 1893 et
418 1857 564 1901 Titum,
592 1857 800 1905 pluresque
820 1860 1013 1896 tractatus

77 1909 126 1946 de
154 1909 269 1947 rebus
296 1909 443 1947 Fidei4.
465 1910 639 1948 Andreas
659 1910 820 1955 Masius,
840 1911 1014 1949 Bruxel-

76 1962 206 2008 lensis,
234 1974 385 2010 graece,
415 1962 595 2000 hebraice
623 1966 663 2000 et
681 1963 833 2012 syriace
852 1965 1011 2012 peritus,

77 2016 199 2053 edidit
236 2016 567 2053 commentarium
601 2016 641 2053 in
676 2015 819 2053 librum
854 2018 965 2055 Iosue
986 2018 1012 2065 ⁵,

78 2069 359 2107 Dictionarium
369 2067 396 2114 ⁶,
412 2073 451 2107 et
461 2069 767 2107 Grammaticam
783 2070 938 2119 linguae
954 2084 1013 2122 sy-

78 2122 206 2159 riacae
217 2120 243 2159 ⁷.
252 2122 453 2160 Cornelius
463 2122 485 2160 J
488 2135 606 2160 ausen
617 2135 685 2160 seu
698 2123 910 2170 Iansenius‚
923 2125 1014 2163 Hul-

77 2175 239 2221 stensis,
267 2176 400 2213 doctor
429 2176 680 2213 Lovaniensis
706 2179 745 2213 et
764 2177 909 2224 primus
929 2179 1015 2228 epi-

78 2240 216 2277 scopus
235 2229 512 2275 Gandavensis,
528 2230 743 2278 composuit
761 2230 1009 2269 Concordiam

80 2281 355 2330 Evangelicam
385 2287 424 2319 et
451 2283 748 2320 commentarios
776 2283 814 2320 in
835 2284 965 2332 plures
985 2297 1012 2322 s.

83 2334 310 2383 Scripturae
339 2335 470 2373 libros.
501 2335 822 2374 Bartholomaeus
843 2337 1014 2376 Carran-

79 2398 137 2432 za,
155 2386 376 2434 Navarrus,
397 2388 488 2426 Ord.
511 2389 649 2426 Praed.
664 2419 672 2434 ‚
693 2393 731 2426 et
751 2390 1016 2440 archiepisco-

80 2452 151 2489 pus
179 2439 400 2486 Toletanus,
430 2443 585 2490 propter
604 2442 804 2480 haereseos
824 2445 1015 2493 suspicio-

80 2504 168 2530 nem
189 2492 410 2541 aliquandiu
433 2495 630 2532 custodiae
651 2497 906 2545 mancipatus,
928 2499 1014 2536 dein

78 2547 303 2592 absolutus,
331 2545 488 2595 collegit
515 2548 715 2586 Summam
753 2550 1014 2589 Conciliorum

78 2605 118 2638 et
147 2599 232 2636 RR.
255 2598 488 2636 Pontificum
508 2612 531 2637 a
549 2612 578 2639 s.
600 2603 717 2639 Petro
738 2615 857 2652 usque
877 2605 924 2642 ad
947 2605 1016 2642 Iu-

20 2662 22 2664 ·
78 2652 172 2700 lium
200 2651 254 2689 III
267 2648 294 2698 ⁸,
322 2657 362 2689 et
380 2655 592 2690 tractatum
612 2655 659 2692 de
680 2656 921 2696 residentia9.
945 2658 1017 2695 Di-

118 2754 130 2776 ¹
149 2755 344 2792 Panas-icium
359 2753 444 2786 Slur.
459 2753 510 2786 del
528 2753 642 2787 Concil.
659 2755 693 2787 cli
709 2757 833 2795 Trento,
849 2757 869 2789 l.
884 2759 942 2798 XV,
956 2769 980 2791 c.
999 2761 1014 2791 7

79 2797 137 2827 etl,
154 2796 230 2833 xxl,
247 2805 275 2827 c.
291 2796 326 2835 7,
341 2797 478 2835 Foppens
495 2821 501 2829 ,
519 2796 714 2829 Bibliotheca
730 2799 872 2838 Belyica,
897 2804 915 2830 t.
934 2802 968 2839 11,
987 2812 1014 2842 p.

79 2836 268 2910 &gia-8823
283 2838 441 2869 Duchesne
452 2861 460 2876 ,
477 2837 615 2869 Ht'stoire
635 2839 677 2869 du
693 2840 897 2880 Baianis-me,
915 2841 1015 2875 Douai

163 2902 171 2915 ‚
186 2888 229 2909 in-
270 2902 276 2909 .

118 2919 134 2941 2
149 2920 249 2959 Opera
268 2921 291 2949 Μ
323 2919 385 2951 Baii
409 2929 425 2950 a
443 2921 573 2958 Quosnel
597 2924 626 2951 et
649 2921 804 2953 Cerberon
831 2924 960 2955 collecta
986 2930 1015 2957 et

78 2961 161 2992 edita
177 2971 226 2993 an.
245 2961 331 2999 1696,
350 2963 463 2992 Romae
487 2971 533 2991 an.
551 2962 627 2992 1697
647 2964 790 2993 damnata
807 2969 885 2995 sunt.
903 2966 1014 2997 flesse-

77 3002 137 3033 iius
154 3003 277 3042 reliquit
292 3003 528 3034 commentarios
546 3003 577 3033 iu
593 3002 800 3044 Evunyelzum
813 3016 835 3034 x,
851 3005 1012 3043 Matthaei,

79 3044 114 3073 in
134 3043 315 3084 Epistulam
332 3043 400 3074 lad
420 3043 632 3081 Timotheum,
655 3045 691 3075 in
707 3045 739 3075 II
751 3054 772 3075 s,
795 3046 886 3077 Petri
901 3053 931 3078 et
947 3049 983 3079 in
999 3050 1015 3080 Ι

77 3084 264 3122 ³doannis,
289 3088 359 3116 ilem
379 3087 600 3116 ‹2:uochisnmm
623 3090 651 3116 et
675 3091 822 3118 tractatus
847 3088 950 3127 plures
975 3091 1012 3121 de

78 3128 347 3157 controversiis.-
363 3127 376 3147 ³
393 3127 495 3157 colon.
517 3127 600 3163 1607,
617 3129 644 3157 in
666 3128 727 3158 12¹¹.

117 3169 132 3190 ⁴
149 3168 244 3198 Paris
260 3168 348 3204 1619,
368 3167 509 3198 in-fol.--
521 3169 536 3191 5
553 3171 696 3208 Annwrp.
716 3169 803 3204 1574,
820 3170 919 3202 iii-sol,

117 3209 132 3231 6
148 3208 222 3238 lbid.
242 3209 330 3247 1571,
347 3210 489 3241 in—s01.—-
504 3210 517 3231 7
535 3210 609 3240 ibid.
633 3210 718 3247 1571,
735 3212 833 3242 in-fol.

119 3249 223 3281 81681
245 3250 337 3281 in-4s'.
351 3268 390 3272 -
405 3251 419 3272 9
438 3252 538 3282 Vcnct.
557 3251 646 3290 1547,
661 3253 690 3283 in
705 3251 753 3283 40.

235 3302 472 3344 WOUTERS
486 3335 495 3353 ,
522 3304 567 3344 IL

1869 179 1943 216 177

1053 258 1171 296 dacus
1199 258 1474 303 Covarruvias,
1504 256 1702 306 episcopus
1731 255 1994 304 segobiensis,

1053 324 1081 350 s.
1111 312 1370 361 Theologiae,
1398 311 1496 349 iuris
1526 313 1566 348 et
1593 310 1812 347 litterarum
1833 309 1994 356 peritus,

1052 366 1163 402 cuius
1192 365 1302 414 plura
1322 367 1459 402 extant
1477 376 1594 412 opera
1611 362 1635 400 ².
1659 361 1893 400 Laurentius
1913 361 1992 398 Su·

1054 418 1150 464 rius,
1178 418 1270 455 Ord.
1300 417 1566 462 Carthusiani,
1595 416 1699 452 inter
1727 416 1804 452 alia
1834 413 1990 462 reliquit

1052 471 1319 508 collectionem
1329 470 1589 507 Conciliorum
1605 467 1619 488 ²
1632 474 1671 506 et
1685 467 1798 505 Vitas
1811 468 1948 505 Ssrum
1965 465 1992 504 ³.

1054 524 1273 561 Stanislaus
1294 523 1456 568 Hosius,
1478 521 1768 566 Cracoviensis,
1792 521 1993 569 episcopus

1055 576 1309 615 &Varmiensis
1328 579 1368 613 et
1387 577 1433 613 R.
1456 576 1498 612 E.
1520 574 1741 619 cardinalis,
1762 575 1884 611 multa
1900 574 1991 610 scri-

1054 631 1140 678 psit,
1159 630 1260 667 inter
1280 641 1378 677 quae
1399 629 1570 665 eminent
1584 627 1782 664 Confessio
1801 626 1996 664 catholica

1053 682 1140 720 fidei
1169 682 1421 726 christianae,
1441 684 1633 718 tractatus
1653 681 1698 717 de
1716 681 1992 717 communione

1052 735 1121 772 sub
1149 739 1314 783 utraque
1342 735 1491 782 specie,
1515 734 1562 771 de
1582 733 1830 771 sacerdotum
1852 733 1991 770 coniu-

1053 789 1129 838 gio,
1150 789 1197 825 de
1218 789 1335 825 missa
1356 788 1394 824 in
1414 787 1550 835 lingua
1570 786 1723 835 vulgari
1743 785 1769 824 ⁴.

1105 841 1167 879 49.
1185 841 1225 879 S.
1248 840 1422 878 Carolus
1436 841 1716 877 Borromaezcs
1733 838 1996 876 -Eruditio-

1056 906 1101 931 ne
1122 894 1269 943 pariter
1289 905 1334 931 ac
1355 894 1460 930 vitae
1488 892 1695 931 sanctitate
1716 892 1850 929 floruit
1870 904 1899 930 s.
1917 892 1994 929 Ca-

1054 947 1159 985 rolus
1178 947 1450 992 Borromaeus,
1465 946 1532 994 qui
1553 957 1612 983 an.
1636 945 1737 983 1538
1766 945 1805 981 in
1826 957 1915 983 arce
1936 947 1993 982 A·-

1055 1012 1172 1038 ronae
1202 1000 1320 1037 nobili
1348 1011 1489 1049 genere
1518 1002 1645 1044 natus,
1666 1010 1689 1035 a
1708 998 1874 1046 pueritia
1894 998 1995 1035 insi-

1054 1065 1170 1103 gnem
1199 1054 1380 1102 pietat-em
1401 1064 1490 1090 cum
1509 1052 1734 1089 litterarum
1753 1054 1793 1088 et
1807 1051 1994 1088 scientia-

1054 1118 1140 1144 rum
1159 1107 1289 1144 studio
1310 1105 1533 1152 coniunxit3
1553 1104 1724 1142 clericali
1743 1104 1906 1141 militiae
1928 1105 1995 1142 ad-

1054 1160 1232 1208 scriptus,
1252 1172 1352 1197 anno
1373 1160 1513 1197 aetatis
1533 1170 1626 1196 suae
1645 1158 1697 1195 23
1717 1169 1741 1195 a
1757 1157 1826 1194 Plo
1843 1157 1897 1194 IV
1913 1169 1996 1195 car-

1055 1212 1194 1250 dinalis
1223 1213 1531 1261 archiepiscopus
1562 1210 1859 1249 Mediolanensis
1879 1223 1996 1248 crea-

1054 1270 1118 1305 tus
1137 1266 1225 1304 fuit.
1246 1266 1325 1304 Vix
1344 1266 1420 1303 dici
1437 1267 1574 1314 potest,
1594 1267 1743 1313 quanta
1761 1263 1997 1301 sollicitudi-

1056 1332 1102 1357 ne
1121 1322 1160 1357 et
1179 1322 1322 1368 quanto
1341 1318 1538 1357 Ecclesiae
1557 1319 1657 1355 bono
1679 1329 1811 1354 omnes
1832 1317 1998 1364 vigilan-

1055 1373 1194 1411 tissimi
1232 1372 1395 1421 pastoris
1429 1375 1559 1421 partes
1592 1370 1822 1419 expleverit.
1860 1370 1996 1408 Resu-

1056 1426 1193 1463 mendo
1226 1429 1265 1463 et
1296 1425 1532 1469 absolvendo
1566 1423 1794 1461 Tridentino
1828 1423 1994 1460 concilio

1055 1483 1251 1529 potentem
1278 1491 1437 1528 operam
1467 1477 1677 1527 praestitit,
1705 1476 1810 1514 illius
1839 1476 1998 1515 decreta

1056 1533 1273 1571 executioni
1296 1533 1508 1578 mandavit,
1528 1533 1568 1569 et
1586 1530 1800 1569 secundum
1820 1542 1866 1566 ea
1886 1529 1998 1577 cleri,

1059 1586 1186 1634 populi
1215 1587 1254 1623 et
1281 1585 1520 1635 regularium
1540 1596 1664 1622 mores
1684 1586 1802 1631 atque
1817 1583 1996 1632 discipli-

1056 1639 1402 1685 nam'emendavit,
1424 1638 1629 1675 celebratis
1649 1637 1688 1674 in
1708 1637 1810 1674 hunc
1828 1636 1945 1674 finem
1971 1637 1996 1675 6

1057 1692 1357 1741 provincialibus
1376 1695 1415 1731 et
1428 1692 1474 1729 11
1487 1689 1722 1729 dioecesanis
1742 1690 1913 1739 synodis.
1934 1689 1997 1727 Se-

1056 1745 1219 1783 minaria
1255 1745 1486 1783 clericorum
1502 1775 1511 1791 ,
1545 1744 1763 1782 studiorum
1803 1742 1971 1792 collegia
1988 1773 1997 1790 ,

1054 1799 1304 1844 monasteria,
1334 1810 1547 1847 pauperum
1575 1800 1615 1835 et
1643 1797 1904 1845 orphanorum
1925 1797 1997 1834 do-

1056 1852 1200 1889 micilia
1224 1852 1362 1889 erexit.
1383 1851 1614 1889 Animarum
1634 1849 1752 1888 saluti
1771 1854 1998 1888 constanter

1055 1906 1242 1951 intentus,
1270 1917 1293 1942 a
1322 1905 1568 1942 concionibus
1597 1905 1635 1941 in
1657 1903 1821 1940 ecclesia
1839 1914 1909 1940 sua
1930 1903 2015 1941 fa-·
2040 1907 2044 1911 '

1056 1958 1199 1996 ciendis
1228 1970 1304 1995 non
1325 1958 1485 1996 destitit.
1507 1956 1755 1995 Poenitentia
1776 1956 1996 1994 admirabili

1057 2017 1096 2049 et
1124 2011 1362 2049 liberalitate
1390 2023 1436 2049 ac
1463 2011 1626 2048 caritate
1656 2008 1892 2047 effusissima
1912 2010 1998 2048 cla-

1056 2065 1148 2111 ruit,
1164 2065 1332 2102 maxime
1353 2065 1445 2101 dum
1465 2064 1586 2113 pestis
1605 2061 1817 2101 Mediolani
1838 2074 1998 2111 grassa-

1057 2119 1180 2156 batur.
1202 2118 1330 2155 Multa
1349 2118 1514 2166 scripsit,
1537 2118 1584 2155 ad
1605 2116 1900 2154 instructionem
1923 2117 1998 2165 epi-

1056 2183 1258 2221 scoporum
1277 2171 1509 2219 praesertim
1529 2183 1573 2208 ac
1593 2170 1848 2219 parochorum
1872 2170 1996 2207 utilis-

1056 2225 1164 2263 sima.
1194 2225 1368 2262 Tandem
1388 2225 1538 2273 magnis
1559 2236 1625 2273 pro
1646 2222 1822 2260 Ecclesia
1842 2223 1992 2260 labori-

1058 2279 1126 2315 bus
1155 2277 1393 2325 perfunctus,
1421 2289 1520 2315 anno
1551 2277 1651 2315 1584
1680 2277 1719 2313 in
1744 2276 1895 2313 coelum
1919 2276 1996 2313 mi-

1058 2331 1188 2380 gravit
1205 2331 1230 2369 ⁵.

1062 2418 1075 2432 ,
1108 2384 1170 2422 50.
1187 2385 1351 2421 Bellum
1373 2382 1702 2422 Turcarum—-In
1719 2382 1877 2419 Oriente
1900 2381 1994 2418 Tur-

1057 2449 1192 2475 carum
1211 2438 1372 2486 imperio
1393 2439 1440 2474 ab
1458 2449 1558 2474 anno
1575 2436 1674 2474 1520
1696 2447 1816 2483 usque
1833 2436 1880 2471 ad
1898 2435 1998 2472 1566

1058 2491 1202 2540 potitus
1221 2496 1281 2528 est
1295 2490 1518 2527 Solimanus
1538 2490 1585 2527 II.
1600 2490 1634 2527 Is
1656 2488 1827 2536 reliquiis
1843 2488 1997 2525 Mama-

1057 2545 1231 2582 lucorum
1252 2544 1289 2580 in
1306 2544 1482 2593 AEgypto
1515 2543 1651 2580 deletis
1681 2541 1878 2590 pactisque
1909 2553 1997 2577 cum

1059 2597 1173 2645 Sophi
1185 2597 1396 2634 Persarum
1408 2596 1583 2639 induciis,
1596 2607 1703 2632 arma
1716 2594 1833 2630 vertit
1845 2594 1881 2630 in
1891 2594 1999 2631 Chri-

1057 2649 1642 2698 stianos.An.1521Belgradun]
1655 2660 1720 2685 seu
1734 2647 1996 2695 Albam-grae-

1057 2715 1142 2741 cam
1170 2704 1432 2752 expugnavit,
1453 2708 1492 2739 et
1520 2714 1621 2739 anno
1649 2699 1822 2748 sequenti
1847 2701 1997 2747 equites

1058 2756 1432 2806 Hierosolymitanos
1446 2756 1492 2793 ad
1510 2753 1742 2792 deditIOnem
1755 2753 1885 2790 Rhodi
1898 2765 1999 2789 com-

1057 2809 1165 2859 pulit.
1186 2809 1445 2850 Quadriennio
1475 2811 1560 2856 post
1587 2805 1786 2843 commisso
1815 2806 1916 2854 apud
1938 2808 1997 2843 A-

1057 2863 1242 2900 mantiam
1260 2860 1450 2912 (Mohatz)
1468 2861 1506 2897 in
1523 2860 1723 2907 Hungaria
1745 2859 1900 2907 praelio,
1917 2871 1999 2896 ma-

1055 2928 1175 2965 gnum
1196 2917 1471 2964 Hungarorum
1492 2916 1662 2961 stragem
1682 2912 1819 2958 edidit,
1839 2914 1879 2949 et
1898 2924 1998 2950 anno

1098 3008 1108 3029 ¹
1129 3008 1267 3038 Genevae
1286 3006 1373 3043 1762,
1392 3008 1409 3038 5
1428 3005 1618 3036 v011.in-f·›1.

1094 3048 1109 3070 ⁶²·
1129 3050 1232 3080 Calon.
1250 3048 1374 3082 ‹15024
1390 3047 1580 3078 voll.1'n-1'ul.

1095 3090 1109 3111 3
1124 3090 1202 3121 Ibid.
1223 3090 1311 3127 1617,
1326 3089 1344 3119 6
1362 3090 1432 3118 voll.
1452 3087 1553 3119 in-l'ol.

1094 3131 1199 3161 41bid.
1222 3129 1307 3167 1584,
1325 3130 1429 3167 iii—sol¹⁷
1447 3134 1476 3160 et
1492 3130 1564 3160 alibi
1587 3138 1691 3166 saepe,

1095 3173 1109 3194 5
1127 3173 1222 3202 vitam
1245 3173 1309 3201 eius
1332 3171 1525 3209 scripserunt
1542 3173 1572 3201 A.
1595 3171 1718 3201 Valerio
1732 3196 1739 3208 ‚
1756 3171 1787 3202 C.
1806 3171 1946 3210 Rasa—ape
1969 3176 1999 3202 et

1057 3216 1086 3244 1’.
1104 3214 1266 3246 {iius-sano,
1281 3218 1422 3243 auctores
1445 3213 1747 3252 aequales-Opera
1759 3212 1840 3243 edita
1852 3214 1998 3245 3111111116-

1057 3254 1170 3286 diolani
1193 3254 1279 3293 1747,
1297 3254 1400 3285 5'vo11.
1418 3254 1518 3286 in-l'ol.

1743 3307 1791 3345 12
