2241 3473
590 171 716 202 VSQVE
744 171 797 199 AD
827 169 1024 198 EXCIDIVM
1051 169 1209 197 IMPERII
1239 167 1517 197 OCCIDENTALIS

84 242 158 287 rat,
176 238 215 276 in
235 234 354 275 scutis
385 235 561 280 notaret,
583 234 827 282 formatoque
854 233 903 270 ad
923 232 1026 270 illius

84 291 292 340 imaginem
314 287 472 325 militari
490 287 652 334 vexillo,
667 288 732 325 illo
752 291 951 334 tamquam
970 298 1028 323 sa-

83 343 195 385 lutari
219 338 435 391 praesidio
427 353 465 377 1n
483 340 582 378 bello
603 344 793 378 uteretur.
814 340 951 377 Altera
967 339 1026 376 dic

84 395 355 437 Constantinus
366 406 386 430 v
391 394 509 431 0111111
517 405 550 430 111
564 394 699 431 confici
715 393 837 438 iussit,
847 393 1026 429 constans

82 462 130 490 ex
145 451 256 488 hasta
276 447 453 496 oblongi,
469 459 536 496 per
555 447 724 496 stipitem
745 449 1027 490 transversum,

82 516 103 542 0
121 514 198 552 quo
218 512 367 560 pannus
387 511 603 549 purpureus
623 511 719 537 auro
740 498 912 535 intextus
929 509 1026 546 pen-

81 557 206 601 debat,
226 554 353 592 crucis
375 554 396 590 11
401 564 536 596 ruram
560 552 743 597 referens,
760 555 799 588 et
819 552 854 588 in
874 551 1027 588 summi·
1047 533 1094 603 1

81 612 162 647 tate
181 612 366 645 ornatum
391 608 736 654 monogrammate,
758 604 856 641 idest
876 604 1027 641 duobus
1047 609 1050 631 ¹

81 661 244 700 nominis
261 660 404 698 Christi
419 658 629 696 initialibus
646 639 782 695 litteris
797 657 926 706 graeci
942 657 1028 694 cha-

80 714 241 753 racteris
269 713 341 751 sibi
369 712 536 750 invicem
565 712 730 748 insertis.
754 711 859 748 Idem
889 721 1026 747 mono-

81 778 258 818 gramma
285 765 559 804 Constantinus
578 776 670 802 suae
691 764 826 812 galeae
846 775 1027 801 suorum-
1048 789 1051 804 2

79 833 154 871 que
174 820 341 857 rnilitum
362 818 508 867 clypeis
524 817 708 867 applicari
723 817 847 855 iussit.
865 817 935 854 His
953 817 1027 853 fac-

80 874 140 920 tis,
160 884 296 911 versus
315 872 430 909 finem
449 883 509 908 an.
526 872 603 909 312
619 872 814 909 exercitus
832 870 914 919 paii
930 869 1027 906 fion-

35 969 38 972 ,
82 932 120 966 te
130 904 435 971 ’¹¹,concu1re1unt
457 924 676 974 p1aelioque
698 924 745 961 ad
773 928 928 973 pontem
946 922 1029 960 Mil-

84 980 190 1018 vium
217 978 444 1024 commisso,
473 977 698 1015 Maxentius
728 976 904 1014 devictus
932 976 999 1014 et'
991 988 1029 1012 111

81 1033 270 1078 Tiberim,
304 1043 420 1081 quem
455 1031 637 1069 traiicere
671 1030 907 1076 conabatur,
941 1030 1028 1078 lap·
1050 1038 1051 1044 ¹

81 1098 146 1125 sus
165 1086 289 1135 periit.
307 1084 581 1123 Constantinus
602 1084 734 1121 urbem
757 1084 964 1132 ingressus,
981 1084 1029 1120 ab

83 1140 272 1183 omnibus,
292 1142 376 1175 tum
399 1150 419 1175 0
439 1137 581 1175 civium
603 1141 687 1175 tum
707 1149 727 1174 e
747 1140 970 1174 senatorum
991 1139 1030 1173 et
1050 1144 1052 1175 ἓ

83 1192 323 1241 equestrium
350 1191 503 1236 ordine,
523 1190 663 1229 faustis
691 1190 1029 1227 acclamationibus

83 1249 271 1295 exceptus
283 1247 510 1293 est‚suoque
526 1244 687 1294 imperio
704 1243 861 1281 Italiam
875 1245 916 1280 et
930 1242 1030 1281 Afri-

83 1311 169 1337 cam
187 1298 378 1336 adiunxit.

135 1352 412 1390 Constantinus
439 1350 593 1389 felicem
613 1351 704 1388 belli
724 1350 872 1388 exitum
893 1361 1030 1398 accep-

83 1408 169 1443 tum
188 1405 359 1443 referens
377 1404 454 1450 illi,
475 1406 583 1443 cuius
603 1404 751 1442 auxilio
781 1405 942 1448 vicerat,
961 1415 1031 1440 su-

84 1459 243 1497 blimem
269 1459 422 1496 hastam
441 1458 489 1495 ad
508 1458 719 1508 imaginem
742 1456 875 1495 vexilli
894 1456 1032 1501 crucis,

85 1525 159 1561 quo
187 1513 227 1549 in
247 1512 393 1561 praelio
424 1523 513 1548 usus
534 1512 687 1557 fuerat,
706 1511 745 1548 in
776 1510 1030 1548 celeberrimo

87 1566 194 1603 urbis
212 1565 295 1602 loco
316 1564 531 1602 collocavit.
554 1565 784 1602 Sacerdotes
814 1563 1032 1608 accersivit,

87 1630 110 1657 a
129 1619 268 1668 quibus
287 1618 522 1656 christianae
542 1617 759 1667 Religionis
782 1616 979 1667 mysteriis
995 1619 1034 1653 et

87 1672 305 1721 praeceptis
334 1672 569 1716 erudiretur,
589 1675 628 1708 et
635 1648 828 1719 ”deinceps
857 1670 1035 1707 eamdem

87 1725 238 1763 sincero
253 1728 370 1773 atque
381 1725 576 1762 constanti
587 1724 714 1761 animo
728 1723 921 1773 professus
937 1728 1034 1760 est
1010 1720 1020 1742 ¹

140 1778 307 1820 Quidam
328 1778 547 1827 petulantes
577 1777 700 1814 critici
730 1777 959 1814 ielationem
989 1776 1036 1812 de

91 1831 248 1878 visione,
261 1842 361 1879 quae
383 1831 636 1869 Constantino
653 1830 802 1879 obtigit,
817 1829 960 1867 fabulis
975 1829 1038 1866 ad-

88 1888 343 1923 numerarunt
372 1883 398 1922 ².
430 1884 508 1921 Alii
536 1884 641 1921 istud
669 1885 959 1932 phaenomenon
989 1883 1036 1920 ad

87 1950 226 1976 causas
247 1937 445 1975 naturales
460 1937 636 1975 referunt
647 1935 673 1974 ³.
694 1938 747 1974 At
761 1936 1037 1974 Constantinus

88 1992 169 2040 ipse
197 1992 253 2029 rei
276 1991 484 2028 veritatem
511 1990 764 2027 iureiurando
793 1988 1039 2027 confirmavit

91 2044 270 2091 Eusebio,
291 2048 335 2081 ut
356 2044 418 2081 hic
438 2046 618 2090 testatur,
633 2047 673 2081 et
693 2044 849 2092 insuper
869 2043 917 2079 ad
937 2042 1039 2079 testi-

88 2098 262 2136 monium
289 2097 408 2135 totius
437 2099 649 2142 exercitus,
669 2097 736 2145 qui
755 2097 856 2133 idem
885 2096 1038 2144 signum

90 2151 261 2197 viderat,
281 2150 518 2199 provocavit.
540 2150 659 2188 Nulla
687 2150 886 2187 invenitur
905 2160 1038 2195 causa,

91 2207 249 2254 propter
268 2216 384 2253 quam
402 2203 616 2252 imperator
635 2205 759 2240 totam
780 2215 865 2240 rem
885 2202 1038 2239 confin-

91 2258 227 2304 xisset3
243 2258 307 2306 qui
329 2257 432 2294 enim
453 2257 608 2303 dicunt,
628 2268 720 2294 eum
739 2256 930 2293 militibus
959 2255 1038 2293 suis

93 2311 166 2348 hac
175 2312 328 2348 ratione
343 2310 492 2348 animos
509 2311 650 2348 addere
668 2309 850 2354 voluisse,
869 2321 942 2346 non
960 2320 1040 2357 per-

93 2364 276 2413 pendunt,
285 2363 487 2412 plerosque
499 2375 635 2401 eorum
646 2363 762 2401 fuisse
771 2362 956 2400 ethnicos.
970 2363 1043 2399 Eu-

93 2417 188 2455 sebii
210 2417 438 2454 relationem
459 2417 689 2454 confirmant
706 2416 946 2461 Lactantius,
966 2415 1040 2452 So-

94 2473 236 2515 crates,
245 2470 478 2508 Sozomenus
489 2470 634 2518 aliique
647 2470 864 2518 scriptores.
878 2469 937 2506 Ex
949 2468 1042 2516 ipsis

95 2523 260 2560 ethnicis
279 2523 530 2572 scriptoribus
546 2523 737 2561 Nazarius
753 2525 931 2568 testatur,
949 2522 1042 2559 Con

95 2577 267 2614 stantino
286 2576 452 2614 coeleste
468 2577 761 2625 phaenomenon
782 2573 1041 2624 apparuisse4.

96 2630 217 2667 Istam
238 2628 425 2666 visionem
445 2642 518 2666 non
537 2629 656 2667 fuisse
685 2630 976 2678 phaenomenon
996 2639 1042 2665 a-

97 2682 228 2731 liquod
249 2683 444 2729 naturale,
461 2695 507 2720 ex
531 2683 708 2720 omnibus
727 2682 832 2719 illius
852 2681 1045 2719 adiunctis

97 2735 344 2773 manifestum
367 2740 426 2772 est
449 2734 474 2773 ⁵.
497 2735 684 2773 Nonnulli
714 2736 919 2781 dixerunt,
939 2734 1043 2772 Con—

139 2864 275 2896 ¹Euseb.
297 2863 366 2896 Vita
392 2861 610 2901 Constantini,
631 2863 650 2893 1.
674 2863 699 2900 Ι,
723 2872 747 2893 c.
776 2861 814 2892 ⁶28
818 2862 886 2899 -29;
910 2863 1045 2894 Laetam.

51 2929 55 2932 ‚
100 2906 144 2938 De
165 2908 259 2937 mort.
276 2906 480 2946 persecutor„
497 2913 522 2934 0
538 2903 1000 2942 413800rat,Htst.ecc!.1.1
1018 2914 1042 2935 0

99 2947 406 3027 ⁸³·Sozoi1513‹{31'1.l.1,
426 2929 498 2983 c.3;
517 2946 699 2985 Philostorg
717 2946 772 2984 1.1,
789 2954 815 2976 0.
831 2946 865 2983 6;
882 2946 1044 2985 Nicephor.

100 2989 118 3020 l
138 2989 185 3019 vn
211 2998 227 3019 0

139 3029 153 3051 2
168 3030 186 3060 1
203 3030 296 3066 Oisel,
319 3029 498 3060 Thesaurus
515 3026 736 3066 numismati)
740 3026 838 3064 4.63;
854 3028 875 3058 Ι.
892 3027 968 3058 ΤοΠ.
986 3028 1044 3058 An-

103 3074 188 3102 notat
221 3071 261 3102 ad
282 3072 418 3102 Laetam.
436 3069 473 3100 de
489 3069 579 3100 Mor!
599 3037 800 3108 persecutp.
819 3067 1045 3106 ⁶267;1.(31eri-

102 3121 168 3151 cus,
184 3111 330 3143 Biblioth.
348 3115 367 3142 1.
384 3111 473 3150 IIIp
478 3110 569 3141 .351.

144 3153 198 3184 ³1.
215 3155 246 3183 A.
262 3153 398 3190 Fabric,
415 3151 564 3184 Bibliolh.
583 3159 685 3189 q.raec
704 3150 783 3187 t.v1,
800 3149 817 3180 1.
834 3150 863 3187 5,
879 3159 904 3180 0
922 3149 995 3187 331.
1013 3152 1044 3181 A.

103 3194 235 3232 Schmid‚
247 3194 290 3225 De
305 3194 382 3224 luna
399 3194 431 3224 in
446 3201 538 3224 cruce
556 3192 629 3223 visa.
648 3209 686 3213 —-
700 3192 714 3213 4
730 3190 888 3230 Paueqyr

144 3235 197 3266 51.
212 3219 360 3272 G'retser„
377 3234 420 3265 De
435 3243 469 3266 01
474 3243 538 3272 nce
555 3234 573 3264 l.
591 3233 629 3272 11,
647 3244 671 3264 0.
690 3232 745 3270 36;
763 3233 792 3263 P.
810 3233 841 3263 Ι·.
857 3231 984 3270 enimet,
1004 3232 1048 3264 De

261 3287 510 3335 WOUTERs
537 3287 565 3326 1.

1915 157 1964 195 81

1069 234 1280 272 stantinum
1302 245 1374 270 non
1395 232 1546 270 sincero
1565 231 1706 279 animo,
1727 230 1796 270 sed
1814 243 1834 268 0
1855 231 2017 269 rationi-

1069 288 1139 324 bus
1173 286 1334 336 politicis
1368 286 1610 335 Religionem
1643 284 1895 323 christianam
1933 296 2017 323 esse

1070 340 1284 387 professum
1309 339 1332 376 ¹.
1367 339 1517 377 Verum
1550 339 1736 376 sinceram
1776 337 2015 376 Constantini

1047 393 1361 448 conversionem
1398 395 1511 430 extra
1544 403 1695 430 omnem
1732 391 2016 429 dubitationem

1069 449 1216 494 ponunt
1235 446 1382 491 modus,
1403 458 1478 494 quo
1497 457 1707 483 conversus
1727 447 1808 491 est3
1827 446 1913 483 tota
1933 444 2019 481 eius

1069 498 1248 546 deinceps
1267 498 1407 546 agendi
1428 499 1547 545 ratio,
1567 498 1676 536 nulla
1695 497 1902 536 simulatae
1922 497 2018 535 reli-

1069 551 1193 602 gionis
1212 551 1377 600 vestigia
1394 552 1569 600 prodens,
1582 551 1738 589 consilia
1757 551 1875 588 etiam
1897 549 2020 600 leges-

1070 616 1144 652 que
1166 605 1212 642 ad
1244 605 1530 653 propagandam
1561 604 1807 653 Religionem
1835 602 2021 641 christia-

1048 669 1159 694 nam
1180 661 1219 695 ct
1247 657 1294 694 ad
1324 657 1547 706 abroganda
1576 658 1739 694 deorum
1767 656 1958 695 sacrificia
1984 659 2023 694 et

1071 711 1228 749 cultum.
1251 710 1476 755 Praeterea,
1490 710 1521 747 si
1541 709 1819 748 Constantinus
1834 722 1853 747 0
1869 710 2017 747 ratione

1072 764 1228 813 politica
1246 763 1295 801 ad
1310 763 1544 800 firmandum
1562 766 1601 800 et
1617 763 1931 811 amplificandum
1951 764 2019 800 im-

1048 818 1222 873 perium
1255 828 1368 854 suum
1401 816 1574 865 aliquam
1602 816 1828 864 religionem
1855 816 2017 866 profite-

1049 872 1104 908 ri
1132 870 1385 916 intendisset,
1406 870 1601 907 ethnicam
1629 869 1758 917 potius
1779 869 1921 918 eligere
1951 871 2022 906 de-

1072 925 1232 970 buisset,
1245 925 1378 972 utpote
1399 923 1461 959 cui
1482 923 1654 960 maxima
1674 934 1775 970 pars,
1791 927 1830 960 et
1849 923 1886 959 in
1907 922 2024 972 impe-

1050 1002 1051 1013 ,
1070 978 1126 1015 rio
1146 979 1185 1014 et
1205 977 1243 1014 in
1265 979 1405 1014 senatu
1425 976 1517 1013 etin
1536 974 1723 1021 exercitu,
1737 975 1863 1012 adhuc
1884 976 2023 1013 adhae-

1071 1031 1195 1068 rebat.
1211 1030 1397 1068 Actiones
1415 1041 1505 1066 vero
1523 1028 1812 1077 improbandae,
1824 1040 1921 1077 quas
1938 1032 2025 1078 post

1072 1096 1183 1122 suam
1204 1084 1498 1120 conversionem
1517 1082 1689 1127 admisit,
1707 1081 1790 1118 eius
1809 1081 2023 1119 sinceritati

1072 1138 1110 1174 in
1131 1137 1346 1186 profitendo
1367 1135 1664 1173 Christianismo
1686 1134 1742 1172 ita
1761 1146 1838 1171 non
1858 1136 2025 1181 obstant,

1074 1190 1399 1239 quemadmodum
1429 1201 1497 1226 nec
1526 1188 1693 1225 aliorum
1716 1188 2024 1226 Christianorum

1074 1244 1186 1282 naevi
1208 1255 1345 1281 eorum
1363 1243 1481 1280 fidem
1501 1242 1540 1279 in
1562 1241 1723 1279 dubium
1741 1243 1887 1278 vocant
1903 1239 1929 1278 ².

1126 1298 1162 1335 2.
1183 1297 1392 1334 Ecclesiae
1413 1296 1578 1333 libertas
1597 1317 1645 1322 —
1661 1294 1805 1332 Divina
1825 1294 2029 1342 providen-

1074 1351 1130 1389 tia
1158 1362 1250 1388 mox
1280 1353 1364 1399 post
1392 1349 1688 1386 conversionem
1716 1347 1958 1385 Constantini
1989 1348 2026 1384 in

1076 1405 1239 1442 caeteris
1269 1404 1389 1441 etiam
1418 1402 1569 1451 imperii
1599 1401 1775 1450 partibus
1804 1401 2028 1438 libertatem

1078 1457 1274 1495 Ecclesiae
1302 1456 1542 1505 procuravit.
1565 1455 1722 1492 Etenim
1751 1454 2028 1492 Constantinus

1080 1524 1156 1548 una
1184 1522 1274 1548 cum
1302 1509 1470 1555 Licinio,
1502 1509 1566 1546 cui
1595 1520 1767 1546 sororem
1796 1520 1904 1546 suam
1925 1507 2027 1544 Con-

1078 1564 1263 1602 stantiam
1295 1575 1457 1601 uxorem
1486 1563 1672 1608 dederat,
1692 1574 1752 1599 an.
1774 1561 1852 1599 312
1880 1562 2028 1598 Romae

1078 1621 1116 1655 et
1133 1629 1231 1655 anno
1248 1617 1426 1666 sequenti
1444 1615 1655 1653 Mediolani
1672 1615 1845 1652 edictum
1861 1615 2031 1664 promul-

1078 1671 1206 1719 gavit,
1228 1682 1303 1719 quo
1323 1668 1561 1706 christianae
1591 1668 1812 1716 Religionis
1842 1667 2028 1717 professio

1079 1725 1219 1773 ubique
1239 1724 1360 1761 libera
1379 1723 1628 1767 reddebatur,
1649 1722 1828 1759 omnibus
1848 1721 2026 1759 cuiusvis

1079 1777 1225 1815 ordinis
1253 1780 1324 1814 aut
1343 1775 1572 1813 conditionis
1600 1787 1685 1812 eam
1704 1774 1935 1823 suscipiendi
1958 1786 2028 1822 po-

1080 1834 1200 1869 testas
1221 1830 1353 1876 fiebat,
1374 1828 1615 1874 coemeteria,
1636 1828 1826 1865 ecclesiae
1856 1831 1895 1865 et
1914 1828 2029 1874 bona,

1081 1883 1313 1922 Christianis
1333 1884 1500 1920 durante
1521 1881 1788 1930 persecutione
1816 1882 1963 1930 erepta,
1983 1880 2030 1918 iis

1082 1937 1400 1975 restituebantur.
1421 1935 1537 1983 Legis
1565 1934 1679 1971 huius
1700 1934 1922 1983 exemplum
1953 1945 2031 1971 una

1081 2003 1170 2028 cum
1199 1989 1338 2027 nuncio
1367 1991 1504 2037 partae
1533 1988 1580 2025 de
1612 1987 1812 2025 Maxentio
1840 1987 2031 2024 victoriae

1080 2043 1381 2082 transmiserunt
1400 2041 1591 2091 principes
1612 2041 1660 2078 ad
1681 2040 1955 2084 Maximinum,
1976 2041 2032 2078 O-

1082 2097 1217 2135 rientis
1237 2096 1520 2145 imperatorem,
1533 2094 1600 2143 qui
1621 2093 1860 2132 Christianos
1881 2094 2031 2131 dirissi-

1083 2163 1144 2188 me
1163 2150 1478 2199 persequebatur.
1501 2148 1574 2185 Hic
1603 2159 1696 2185 vero
1719 2147 1941 2196 provincias
1966 2147 2033 2184 Li-

1083 2205 1171 2241 cinii
1192 2206 1343 2241 armata
1363 2214 1481 2239 manu
1501 2201 1658 2247 invasit,
1675 2207 1886 2249 votumque
1906 2201 1952 2237 de
1973 2201 2034 2237 de-

1083 2258 1195 2295 lendo
1215 2268 1284 2305 per
1300 2256 1431 2293 orbem
1447 2254 1658 2292 christiano
1679 2254 1846 2299 nomine,
1861 2253 1894 2290 si
1908 2253 2034 2291 victor

1084 2310 1293 2355 extitisset,
1322 2309 1460 2346 emisit.
1484 2310 1535 2346 At
1563 2308 1740 2356 quamvis
1769 2307 1937 2344 militum
1959 2319 2032 2343 nu-

1085 2375 1192 2402 mero
1209 2362 1399 2400 Licinium
1420 2361 1534 2410 duplo
1551 2362 1767 2410 superaret,
1785 2361 1885 2409 apud
1900 2360 2034 2397 Adria-

1085 2417 1254 2479 nopolim
1283 2417 1331 2453 ad
1352 2415 1656 2453 internecionem
1687 2414 1837 2458 victus,
1858 2413 2033 2461 confugit

1084 2472 1123 2509 in
1141 2471 1274 2509 Asiam
1295 2468 1508 2515 minorem,
1529 2471 1568 2505 et
1588 2468 1694 2505 brevi
1714 2469 1800 2516 post
1816 2466 2034 2504 foedissimo

1085 2525 1218 2562 morbo
1239 2536 1259 2560 e
1279 2525 1431 2572 sumpto
1452 2533 1605 2559 veneno
1626 2523 1836 2569 correptus,
1853 2530 1921 2567 per
1941 2531 2033 2567 qua

1086 2583 1175 2615 tuor
1194 2577 1274 2614 dies
1294 2575 1647 2613 vehementissimis
1673 2573 1869 2611 doloribus
1890 2584 2035 2609 excru-

1087 2631 1224 2676 ciatus,
1239 2642 1299 2667 an.
1317 2629 1394 2668 313
1411 2629 1607 2666 extinctus
1628 2629 1697 2664 est.
1716 2626 1811 2663 Eius
1827 2626 2034 2674 imperium

1087 2684 1255 2722 Licinius
1280 2683 1404 2720 victor
1423 2694 1491 2719 suo
1513 2680 1704 2718 adiunxit.

1139 2738 1250 2774 Tunc
1271 2735 1474 2774 exstinctis
1493 2732 1805 2784 persecutoribus
1825 2731 1907 2769 dies
1927 2743 2035 2769 sere-

1086 2791 1214 2828 niores
1230 2789 1425 2827 Ecclesiae
1445 2788 1657 2824 illuxerunt
1676 2797 1743 2833 per
1762 2787 1886 2822 totum
1904 2785 2031 2833 impe-

1087 2844 1199 2882 rium.
1217 2843 1291 2879 Sed
1312 2843 1455 2879 laetam
1471 2839 1778 2878 Christianorum
1796 2849 1902 2886 spem
1918 2838 2037 2886 paulo

1086 2900 1172 2947 post
1190 2895 1365 2933 turbavit
1380 2894 1561 2931 Licinius.
1585 2892 1657 2929 Hic
1678 2892 1754 2929 iam
1775 2891 1930 2928 ditionis
1952 2903 2037 2928 am-

1087 2949 1277 3000 plitudine
1297 2946 1592 2985 Constantinum
1612 2956 1811 2994 superans,
1837 2944 1939 2982 elato
1959 2945 2040 2982 ani-

1088 3066 1293 3099 conversione
1320 3062 1532 3099 Constantium
1556 3062 1716 3098 Duvoisin,
1738 3060 1948 3092 Dissertation
1965 3060 2036 3092 hist.

1088 3118 1144 3140 sur
1167 3109 1197 3138 lo
1214 3107 1314 3138 vision
1333 3105 1369 3136 de
1389 3105 1591 3140 Con-stantun
1608 3103 1631 3134 I.
1647 3104 1677 3134 C.
1696 3103 1781 3141 Wolf,
1800 3101 1986 3133 Dissertatio
2001 3102 2039 3133 de

1090 3150 1208 3182 visione
1224 3148 1327 3179 crucis
1346 3146 1555 3177 Constantino
1572 3145 1610 3177 M.
1628 3144 1760 3175 oblatae.

1132 3190 1143 3211 ¹
1162 3192 1193 3221 G.
1213 3189 1337 3225 Arnold,
1353 3188 1440 3218 Hist.
1457 3187 1531 3218 eccl.
1548 3190 1567 3217 t.
1585 3186 1640 3224 1,1.
1658 3187 1703 3223 IV,
1721 3196 1745 3216 0.
1763 3185 1790 3216 ’2.

1133 3232 1147 3253 '2
1164 3233 1182 3262 1.
1200 3233 1231 3262 Β.
1250 3231 1363 3268 Palma,
1380 3228 1532 3261 Praelect.
1551 3228 1622 3260 hist.
1639 3228 1712 3260 eccl.
1729 3232 1748 3258 t.
1764 3228 1787 3265 Ι,
1802 3236 1832 3266 p.
1846 3225 1886 3264 II,
1902 3235 1927 3257 c.
1941 3225 1968 3256 5.

1783 3281 1807 3317 7
