2241 3473
781 132 906 163 VSQVE
934 132 986 159 AD
1014 131 1180 160 SCHISMA
1211 131 1440 160 OCCIDENTIS

142 211 287 263 syuodo
316 209 665 259 Montispessulana
700 209 955 248 obedientiam
989 219 1083 257 erga

141 267 190 305 R.
211 264 421 313 Ecclesiam
445 264 606 312 eiusque
627 263 851 301 Pontificem
873 262 1081 311 professus,

140 317 390 357 iureiurando
413 317 640 366 spopondit,
667 328 707 354 se
727 315 895 353 fideliter
913 315 1080 353 custodi-

141 374 274 409 turum
301 370 417 408 fidem
441 370 684 414 catholicam,
704 369 938 406 haereticam
959 368 1085 417 pravi-

140 426 262 463 tatem
295 435 316 461 e
350 423 464 460 terris
493 424 574 461 suis
602 423 887 470 extirpaturum
908 451 916 467 ,
943 425 982 458 et
1011 421 1082 458 Al-

142 477 288 515 marico
319 476 514 514 facturum
545 477 668 521 satis3
706 475 770 512 sed
801 474 897 511 nihil
935 486 1082 511 execu-

139 530 232 568 tioni
258 530 456 568 mandavit
478 529 502 567 ¹.
527 529 768 577 Quapropter
787 527 990 564 Romanus
1006 539 1085 564 car-

142 583 294 627 dinalis,
318 582 478 620 Honorii
501 583 555 620 Ill
575 581 739 629 legatus,
761 592 820 617 an.
847 580 945 617 1226
967 580 1003 617 in
1026 591 1085 627 sy-

143 637 242 674 nodo
274 636 480 674 Parisiensi
515 635 791 683 Raymundum
813 633 1085 670 excommuni-

143 690 261 735 cavit,
282 689 521 726 Ludovicum
544 698 674 736 regem
696 687 742 724 ad
765 686 980 724 cruciatum
1001 686 1085 723 bel-

143 742 221 781 lum
242 745 377 780 contra
397 740 629 790 perduellem
652 740 937 777 haereticorum
954 739 1085 777 fauto-

145 808 224 833 rem
256 796 433 833 hortatus
453 797 523 841 est,
544 794 655 841 eique
675 791 900 830 comitatum
923 793 1086 830 Tolosa-

145 860 236 887 num
270 852 308 885 et
337 848 434 886 alias
463 851 611 890 terras,
640 857 734 894 quas
763 846 984 883 Almaricus
1007 845 1087 895 regi

146 904 331 947 cesserat,
351 900 608 938 confirmavit.
630 899 852 936 Ludovicus
865 899 956 936 VIII
978 911 1088 936 exer-

146 955 266 992 citum
296 955 334 991 in
364 953 601 991 Occitaniam
637 952 778 997 duxit,
814 952 942 990 varias
977 953 1090 989 urbes

141 1010 182 1045 et
201 1019 311 1045 arces
331 1007 446 1056 cepit,
469 1007 534 1044 sed
564 1006 673 1042 brevi
695 1009 778 1054 post
799 1006 906 1043 obiit.
929 1006 1010 1042 Sub
1030 1005 1088 1042 iu-

141 1060 238 1098 niori
268 1060 468 1097 Ludovico
500 1059 568 1104 IX,
598 1059 780 1096 hortante
809 1059 997 1108 Gregorio
1019 1059 1087 1107 Pp.

144 1114 213 1160 IX,
233 1113 425 1151 Imbertus
446 1112 721 1150 Belloiocensis
741 1111 885 1150 bellum
907 1124 1087 1160 prosecu-

142 1170 209 1204 tus
228 1170 286 1204 est
305 1178 349 1204 eo
371 1178 456 1204 cum
480 1177 676 1209 successu,
699 1169 741 1201 ut
762 1166 1020 1214 Raymundus
1041 1165 1088 1202 ad

143 1219 284 1257 incitas
312 1219 504 1266 redactus,
531 1231 632 1256 anno
651 1219 755 1256 1228
777 1219 1023 1267 praescriptis
1043 1219 1090 1256 ab

143 1273 352 1322 apostolico
381 1273 511 1322 legato
541 1274 580 1309 et
604 1272 844 1309 Francorum
874 1283 965 1321 rege
988 1272 1091 1320 pacis

143 1325 422 1363 conditionibus
452 1325 670 1363 assenserit,
700 1326 847 1363 Earum
874 1337 1027 1363 summa
1047 1338 1091 1363 e·-

143 1382 204 1416 rat
218 1407 228 1424 ,
250 1382 292 1416 ut
311 1379 571 1428 Raymundus
592 1378 787 1416 Ecclesiae
809 1382 847 1416 et
867 1379 947 1428 regi
969 1379 1092 1417 fidelis

143 1435 265 1477 esset,
294 1432 509 1470 haereticos
539 1444 559 1469 e
580 1432 695 1469 terris
714 1432 796 1469 suis
825 1432 996 1480 pelleret,
1021 1433 1091 1470 da-

143 1496 234 1522 mna
252 1485 423 1523 ecclesiis
442 1486 551 1523 illata
571 1486 790 1530 resarciret,
810 1497 1021 1535 earumque
1041 1487 1092 1524 li-

144 1539 333 1576 bertatem
353 1543 392 1576 et
411 1539 494 1575 iura
515 1538 748 1585 defenderet,
770 1539 918 1576 duobus
937 1539 1092 1577 theolo-

145 1592 217 1641 gis,
243 1592 402 1629 totidem
423 1593 664 1629 decretorum
685 1592 902 1640 magistris,
919 1604 988 1630 sex
1003 1593 1091 1630 libe-

145 1644 286 1683 ralium
297 1645 441 1682 artium
455 1645 746 1693 professoribus,
759 1645 953 1683 etduobus
969 1657 1093 1693 gram<

146 1698 309 1744 maticis,
339 1698 402 1747 qui
432 1698 594 1736 Tolosae
617 1699 808 1744 docerent,
830 1710 999 1736 annuum
1019 1700 1091 1736 sti-

146 1751 327 1800 pendium
357 1750 623 1789 numeraret2.
654 1751 800 1793 Quibus
831 1752 951 1800 pactis
972 1752 1091 1789 etiu-

148 1804 244 1842 ratis
265 1805 524 1853 Raymundus
545 1817 567 1842 a
587 1805 714 1854 legato
732 1804 932 1842 Pontificis
952 1806 999 1842 ab
1020 1817 1093 1843 ex-

146 1858 492 1895 communicatione
522 1858 722 1896 absolutus
750 1863 788 1895 et
809 1858 1005 1896 Ecclesiae
1026 1870 1091 1895 re-

147 1910 377 1948 conciliatus
411 1910 485 1948 fuit
508 1940 517 1958 ‚
551 1916 709 1960 accepta
742 1911 779 1948 in
813 1911 1092 1960 poenitentiam

148 1964 427 2012 quinquennali
465 1964 604 2001 militia
639 1966 675 2001 in
705 1964 930 2002 Palaestina
958 1967 1092 2002 contra

147 2016 295 2054 Turcas
309 2015 335 2055 ³.
372 2017 433 2054 lta
461 2017 617 2055 demum
647 2017 748 2055 bello
777 2018 976 2066 Albigensi
1005 2018 1093 2055 finis

147 2070 381 2108 constitutus
398 2073 467 2118 est;
481 2083 645 2120 cumque
658 2071 767 2108 brevi
784 2074 867 2120 post
877 2071 1044 2109 formata
1055 2072 1090 2108 in

147 2122 348 2161 Occitania
364 2135 392 2161 s.
413 2123 678 2172 Inquisitione,
696 2125 881 2162 baeretici
901 2137 1088 2173 nusquam

147 2178 233 2214 tuto
255 2180 427 2226 agerent,
448 2182 554 2214 secta
575 2177 749 2226 deperiit.

202 2229 262 2267 17.
283 2230 506 2279 Inquisitio
521 2253 570 2258 —
589 2231 733 2269 Contra
752 2243 780 2269 s.
798 2231 1092 2280 Inquisitionem

150 2282 326 2331 querelas
355 2313 363 2329 ,
407 2284 712 2322 obtrectationes
759 2288 876 2334 atque
917 2286 1093 2324 convicia

149 2340 425 2385 congesserunt
452 2337 666 2386 Religionis
695 2338 908 2376 catholicae
937 2339 1090 2386 hostes,

150 2388 350 2434 haeretici,
380 2390 539 2436 deistae,
560 2391 760 2438 increduli,
781 2392 884 2429 inter
903 2403 998 2440 quos
1020 2405 1090 2429 en-

151 2441 446 2491 cyclopedistae‚
465 2443 656 2490 Voltaire,
678 2445 889 2483 Rousseau.
906 2445 938 2482 Ii
955 2457 1089 2484 omnes

151 2495 213 2532 vel
246 2506 266 2531 e
286 2486 432 2544 magua
443 2508 571 2534 rerum
598 2497 752 2535 inscitia
773 2498 834 2535 vel
855 2510 875 2535 e
897 2498 1089 2538 malevola
1113 2491 1115 2504 '

150 2549 278 2586 mente
300 2548 345 2585 de
370 2560 399 2586 s.
433 2550 693 2598 Inquisitionis
720 2551 901 2588 instituto
928 2552 1087 2601 eiusque

150 2613 264 2650 scopo
275 2603 313 2638 et
325 2601 474 2639 ratione
487 2603 652 2652 turpiter
663 2605 930 2651 detraxerunt,
941 2605 1047 2654 leges
1068 2619 1090 2644 a

149 2658 343 2704 potestate
372 2655 475 2692 civili
505 2658 637 2705 contra
665 2658 879 2695 haereticos
899 2659 1090 2706 sancitas,

149 2718 368 2757 poenasque
395 2709 611 2756 corporales
639 2722 661 2747 a
688 2711 804 2749 curiis
824 2711 1090 2751 saecularibus

149 2761 189 2798 in
216 2772 280 2798 eos
307 2761 512 2807 exercitas,
534 2773 618 2799 cum
639 2775 668 2800 s.
690 2763 942 2812 Inquisitione
963 2766 1091 2804 confu-

150 2814 302 2856 derunt,
331 2814 606 2852 immoderatas
635 2818 862 2866 quandoque
889 2818 1090 2867 inquisito-

149 2878 235 2905 rum
266 2867 494 2916 procedendi
524 2868 718 2916 rationes,
747 2881 841 2918 quas
870 2871 1091 2920 petulanter

150 2924 409 2969 exaggerant,
438 2924 571 2958 contra
601 2922 724 2971 ipsum
744 2923 1007 2973 Inquisitionis
1027 2927 1088 2964 in-

149 2974 330 3011 stitutum
350 2974 586 3013 obiecerunt.

190 3043 329 3082 mahte,
351 3033 472 3077 εῶῐῑι.
492 3049 509 3076 t.
528 3045 578 3082 XI,
597 3054 625 3084 ρ.
642 3044 712 3077 ⁶289.

190 3083 204 3105 2
219 3085 268 3117 Sic
283 3086 419 3117 instituta
442 3087 497 3118 suit
514 3086 712 3119 Universitas
725 3088 889 3128 Tolosana,
906 3099 996 3131 quam
1010 3092 1088 3124 Gre-

151 3127 258 3166 gorius
276 3128 328 3166 Pp.
346 3128 384 3158 ix
402 3137 440 3158 an
459 3128 537 3160 '1233
554 3128 753 3167 confirmavit,
785 3131 872 3170 eique
882 3132 1003 3172 eadem,
1023 3135 1090 3174 qui·
1112 3120 1114 3164 l

152 3167 209 3198 bus
225 3169 408 3199 Parisiensis
425 3170 597 3210 gaudebat,
611 3170 772 3211 privilegia
792 3173 958 3205 concessit.

193 3208 207 3231 3
222 3209 335 3248 Lahbe,
356 3209 475 3243 Concil.
491 3212 574 3250 LXI,
592 3221 620 3252 p.
638 3210 705 3242 415.

1963 122 2011 160 61

1174 208 1281 246 Finis
1296 210 1425 246 autem
1441 220 1470 246 s.
1488 207 1751 258 Inquisitionis
1767 206 1842 246 fuit
1854 209 2066 249 catholicae

1128 261 1215 299 fidei
1245 262 1502 306 conservatio,
1527 273 1626 310 quae
1656 273 1745 299 cum
1766 261 1804 298 in
1826 261 1960 310 primis
1980 263 2065 311 epi-

1124 326 1325 364 scoporum
1344 315 1380 352 in
1398 315 1477 353 suis
1492 315 1730 353 dioecesibus
1746 317 1785 352 et
1797 315 1968 352 maxime
1980 316 2066 354 RR.

1126 368 1360 406 Pontificum
1399 368 1436 404 in
1471 368 1654 406 universa
1683 368 1859 406 Ecclesia
1887 368 1989 406 curis
2018 369 2068 407 sit

1124 421 1383 465 demandata,
1413 433 1604 458 summum
1635 433 1766 458 eorum
1797 421 1963 459 officium
1985 424 2068 468 est,

1126 474 1322 523 inquirere
1352 474 1388 510 in
1419 486 1496 519 eos,
1526 474 1588 522 qui
1616 474 1722 512 Fidei
1744 475 1958 523 depositum
1979 487 2068 512 cor-

1125 528 1324 575 rumpunt,
1345 527 1494 564 eosdem
1516 527 1698 572 iudicare,
1720 528 1768 564 ab
1789 527 1938 566 haeresi
1955 529 2068 566 redu-

1126 591 1212 617 cere
1233 583 1273 616 et
1295 579 1506 617 obstinatos
1527 580 1803 626 condemnare3
1826 582 2071 629 quemadmo-

1126 633 1214 670 dum
1229 633 1267 668 in
1279 633 1381 669 omni
1393 633 1578 670 societate
1591 636 1726 670 contra
1737 634 2071 682 praevaricatores

1127 685 1268 734 agitur.
1291 685 1487 722 Eiusmodi
1510 686 1773 734 Inquisitionis
1793 699 1914 736 genus
1927 688 1974 725 ab
1990 688 2068 725 Ec-

1125 738 1264 775 clesiae
1284 737 1407 775 initiis
1428 740 1564 776 contra
1586 739 1789 777 haeresum
1807 742 1986 779 auctores
2000 753 2068 779 eo-

1126 803 1290 840 rumque
1325 791 1495 830 asseclas
1528 793 1744 830 exercitum
1778 793 1864 831 fuit.
1900 794 1958 832 Ex
1994 806 2068 844 quo

1127 848 1300 893 tempore
1320 845 1587 892 imperatores,
1608 857 1732 894 reges,
1751 847 1940 896 principes
1955 849 1994 884 et
2010 859 2072 896 po-

1129 898 1207 946 puli
1237 898 1466 935 catholicam
1496 899 1609 935 fidem
1641 899 1803 946 professi
1824 903 1927 946 sunt,
1949 900 2004 938 illi
2024 913 2069 937 e-

1126 951 1244 996 tiam,
1276 953 1407 1000 utpote
1437 951 1632 989 Ecclesiae
1660 952 1728 989 filii
1755 955 1793 989 et
1813 955 2070 1001 protectores,

1129 1005 1233 1052 leges
1263 1015 1480 1052 poenasque
1509 1007 1726 1042 sanxerunt
1745 1008 1882 1043 contra
1903 1007 2069 1044 catholi-

1129 1069 1196 1095 cae
1225 1057 1424 1094 doctrinae
1454 1062 1703 1107 corruptores
1724 1061 1765 1096 et
1784 1059 2069 1097 ecclesiasticae

1130 1110 1232 1159 pacis
1252 1111 1554 1159 perturbatores,
1571 1123 1637 1149 seu
1656 1112 1872 1150 haereticos
1889 1115 1927 1149 et
1946 1113 2071 1151 schis-

1131 1164 1304 1208 maticos,
1323 1166 1432 1201 tanto
1453 1164 1590 1213 magis,
1611 1166 1711 1213 quod
1732 1165 1769 1202 hi
1791 1177 1862 1203 sua
1882 1165 1921 1202 in
1938 1166 2072 1204 Eccle-

1130 1217 1226 1255 siam
1255 1217 1465 1254 rebellione
1494 1217 1614 1266 ipsius
1638 1218 1874 1266 reipublicae
1909 1231 1975 1257 seu
2009 1231 2074 1256 so-

1132 1270 1284 1308 cietatis
1313 1282 1446 1318 pacem
1475 1275 1515 1308 et
1543 1271 1792 1309 securitatem
1816 1272 1956 1320 passim
1977 1284 2069 1321 per-

1132 1324 1350 1361 turbarent.
1380 1324 1511 1362 Media
1530 1326 1658 1362 aetate
1678 1324 1840 1362 societas
1861 1325 2074 1363 christiana

1132 1378 1188 1415 ita
1208 1378 1293 1414 erat
1313 1380 1551 1425 comparata,
1574 1380 1616 1415 ut
1631 1378 1696 1427 qui
1714 1378 1930 1427 Religionis
1945 1379 2075 1416 catho-

1133 1431 1229 1468 licae
1260 1430 1389 1479 capita
1409 1431 1614 1477 violarent,
1635 1431 1673 1467 in
1694 1431 1818 1480 ipsam
1840 1443 1990 1481 quoque
2006 1444 2072 1470 so-

1133 1485 1315 1521 cietatem
1335 1485 1510 1532 graviter
1529 1484 1754 1533 delinquere
1775 1486 2050 1534 reputarentur
2063 1515 2072 1531 ,

1133 1541 1171 1574 et
1198 1537 1341 1574 idcirco
1363 1549 1437 1574 non
1460 1537 1721 1575 ecclesiastica
1740 1540 1907 1584 tantum,
1930 1536 1997 1576 ⁴sed
2017 1539 2072 1576 ci-

1134 1590 1222 1627 vilis
1251 1590 1367 1627 etiam
1398 1593 1569 1639 potestas
1589 1591 1626 1628 in
1647 1591 1800 1628 eosdem
1822 1591 2074 1629 animadver-

1133 1646 1245 1680 teret.
1268 1643 1394 1684 Quum
1415 1655 1507 1681 vero
1527 1644 1603 1681 XII
1624 1648 1664 1681 et
1679 1645 1929 1692 sequentibus
1945 1657 2072 1683 saecu-

1134 1696 1179 1734 lis
1201 1697 1387 1734 haeretici
1410 1710 1496 1741 non,
1515 1698 1571 1734 uti
1590 1700 1742 1735 veteres
1763 1698 1867 1744 olim,
1882 1711 2000 1736 unum
2022 1699 2076 1736 al-

1133 1754 1315 1786 terumve
1343 1750 1449 1787 Fidei
1477 1751 1629 1799 dogma,
1649 1751 1715 1789 sed
1735 1753 1856 1789 totam
1878 1752 2074 1790 Ecclesiae

1135 1803 1426 1850 auctoritatem,
1456 1808 1635 1841 cunctam
1664 1804 1863 1853 regiminis
1891 1806 2078 1843 ecclesia-

1134 1856 1221 1893 stici
1238 1856 1402 1893 formam
1421 1860 1461 1894 et
1475 1857 1734 1895 saluberrima
1750 1869 1923 1907 quaeque
1939 1859 2077 1897 Catho-

1134 1909 1294 1947 licorum
1323 1909 1502 1947 instituta
1530 1912 1677 1947 temere
1706 1914 1998 1960 oppugnarent,
2031 1924 2075 1948 o-

1135 1963 1292 2011 mnique
1303 1963 1544 2000 obedientiae
1557 1963 1853 2009 frenoexcusso,
1863 1965 2075 2002 Ecclesiam

1136 2021 1175 2053 et
1194 2016 1395 2054 civitatem
1416 2016 1689 2054 funestissimis
1710 2018 1878 2056 motibus
1898 2020 2076 2056 concute-

1136 2072 1234 2114 rent,
1264 2071 1311 2106 ab
1335 2073 1498 2118 utraque
1520 2072 1728 2118 potestate,
1749 2071 2015 2110 ecclesiastica
2035 2084 2080 2109 ac

1135 2122 1252 2168 civili,
1282 2123 1508 2171 diligentius
1538 2123 1576 2160 in
1598 2123 1684 2161 illos
1705 2124 1931 2172 inquisitum
1953 2127 1991 2162 et
2011 2137 2075 2162 se-

1135 2177 1305 2213 cundum
1335 2176 1441 2225 leges
1466 2177 1635 2214 sancitas
1655 2177 1967 2216 animadversum
1989 2178 2071 2216 fuit.

1187 2229 1259 2266 An.
1293 2229 1393 2268 1163
1422 2230 1594 2278 synodus
1624 2231 1878 2276 Turonensis,
1907 2233 1954 2268 ab
1980 2231 2075 2269 Ale-

1136 2283 1285 2320 xandro
1316 2284 1384 2331 Pp.
1415 2283 1470 2320 III
1496 2285 1644 2329 coacta,
1665 2284 1931 2333 episcoporum
1951 2288 1991 2321 et
2010 2296 2075 2322 sa-

1134 2336 1335 2373 cerdotum
1356 2336 1598 2385 vigilantiam
1621 2337 1811 2375 excitavit
1831 2342 1966 2375 contra
1982 2338 2074 2374 hae-

1135 2388 1287 2433 reticos,
1303 2390 1341 2426 in
1365 2390 1543 2437 partibus
1555 2389 1756 2428 Tolosanis
1777 2395 2074 2436 commorantes,

1133 2442 1413 2491 mandavitque
1430 2473 1438 2488 ‚
1480 2446 1522 2480 ut
1555 2444 1785 2491 deprehensi
1818 2443 1973 2481 sectarii
2007 2456 2076 2492 per

1133 2495 1324 2545 principes
1350 2496 1561 2534 catholicos
1582 2497 1779 2534 custodiae
1801 2496 2074 2545 manciparen-

1112 2585 1114 2598 ,
1133 2553 1199 2585 tur
1218 2552 1257 2586 et
1272 2549 1461 2586 bonorum
1483 2561 1636 2586 suorum
1658 2549 1809 2587 iactura
1830 2550 2074 2588 mulctaren-

1132 2602 1200 2639 tur
1216 2601 1239 2640 ¹.
1256 2603 1367 2640 Anno
1390 2603 1491 2640 1179
1512 2602 1718 2640 concilium
1734 2603 1999 2640 Lateranense
2020 2603 2076 2640 III

1133 2654 1362 2693 christianos
1392 2655 1581 2704 principes
1609 2659 1648 2692 et
1676 2656 1837 2704 populos
1863 2655 2076 2701 excitavit,

1134 2712 1176 2745 ut
1203 2708 1411 2755 Catharos,
1440 2709 1682 2756 Albigenses,
1704 2709 1876 2757 aliosque
1897 2709 2075 2747 diverso-

1133 2772 1220 2798 rum
1242 2762 1441 2799 nominum
1463 2761 1658 2805 sectarios,
1674 2761 1871 2799 Ecclesiae
1892 2763 1931 2799 et
1950 2762 2075 2800 socie-

1132 2814 1225 2852 tatis
1255 2815 1560 2862 perturbatores,
1583 2815 1720 2861 armis‚
1741 2815 1931 2853 bonorum
1951 2816 2074 2853 confi-

1133 2867 1317 2913 scatione,
1338 2878 1506 2910 carcere,
1523 2867 1638 2904 exilio
1655 2871 1945 2916 compescerent
1956 2867 1982 2906 ².
2000 2869 2076 2906 An-

1133 2932 1181 2957 no
1205 2921 1305 2958 1184
1327 2920 1471 2957 Lucius
1492 2920 1561 2968 Pp.
1584 2920 1638 2957 III
1659 2921 1698 2957 in
1720 2920 1915 2970 frequenti
1933 2922 2076 2971 episco-

1132 2985 1281 3023 porum,
1309 2973 1557 3021 imperatoris
1585 2972 1829 3023 aliorumque
1856 2975 2074 3024 principum

1132 3029 1340 3071 conventu,
1362 3026 1539 3064 Veronae
1560 3025 1707 3074 habito,
1725 3028 1942 3075 constituit,
1965 3031 2009 3066 ut
2028 3040 2072 3065 e-

1174 3174 1181 3194 ¹
1202 3172 1447 3215 Labbe„Concil.
1461 3176 1479 3205 t.
1500 3174 1531 3212 x,
1551 3183 1579 3214 p.
1600 3173 1686 3205 1419.

1173 3215 1187 3237 '2
1203 3215 1277 3246 thid.
1294 3224 1322 3254 p.
1341 3214 1427 3247 1522.
