<?xml version="1.0" encoding="UTF-8"?>
<!DOCTYPE html PUBLIC "-//W3C//DTD XHTML 1.0 Transitional//EN"
    "http://www.w3.org/TR/xhtml1/DTD/xhtml1-transitional.dtd">
<html xmlns="http://www.w3.org/1999/xhtml" xml:lang="en" lang="en">
 <head>
  <title>
</title>
<meta http-equiv="Content-Type" content="text/html;charset=utf-8" />
  <meta name='ocr-system' content='tesseract 3.04.00' />
  <meta name='ocr-capabilities' content='ocr_page ocr_carea ocr_par ocr_line ocrx_word'/>
</head>
<body>
  <div class='ocr_page' id='page_1' title='image "./historiaeecclesi01wout_0232.png"; bbox 0 0 2241 3473; ppageno 0'>
   <div class='ocr_carea' id='block_1_1' title="bbox 224 82 302 120">
    <p class='ocr_par' dir='ltr' id='par_1_1' title="bbox 224 82 302 120">
     <span class='ocr_line' id='line_1_1' title="bbox 224 82 302 120; baseline 0 0"><span class='ocrx_word' id='word_1_1' title='bbox 224 82 302 120; x_wconf 91' lang='grc'>202</span> 
     </span>
    </p>
   </div>
   <div class='ocr_carea' id='block_1_2' title="bbox 173 154 1135 3034">
    <p class='ocr_par' dir='ltr' id='par_1_2' title="bbox 173 154 1118 845">
     <span class='ocr_line' id='line_1_2' title="bbox 226 154 1116 200; baseline -0.004 -5"><span class='ocrx_word' id='word_1_2' title='bbox 226 157 353 200; x_wconf 86' lang='lat' dir='ltr'>Quum</span> <span class='ocrx_word' id='word_1_3' title='bbox 378 156 596 195; x_wconf 91' lang='lat' dir='ltr'>huiusmodi</span> <span class='ocrx_word' id='word_1_4' title='bbox 627 155 731 193; x_wconf 87' lang='lat' dir='ltr'>vitae</span> <span class='ocrx_word' id='word_1_5' title='bbox 759 155 861 192; x_wconf 88' lang='lat' dir='ltr'>ratio</span> <span class='ocrx_word' id='word_1_6' title='bbox 890 154 1116 192; x_wconf 76' lang='lat' dir='ltr'>formandae</span> 
     </span>
     <span class='ocr_line' id='line_1_3' title="bbox 173 207 1116 257; baseline -0.005 -8"><span class='ocrx_word' id='word_1_7' title='bbox 173 212 212 249; x_wconf 90' lang='lat' dir='ltr'>et</span> <span class='ocrx_word' id='word_1_8' title='bbox 230 211 515 249; x_wconf 85' lang='lat' dir='ltr'>conservandae</span> <span class='ocrx_word' id='word_1_9' title='bbox 532 209 571 245; x_wconf 88' lang='lat' dir='ltr'>in</span> <span class='ocrx_word' id='word_1_10' title='bbox 591 208 692 245; x_wconf 85' lang='lat' dir='ltr'>clero</span> <span class='ocrx_word' id='word_1_11' title='bbox 721 207 856 257; x_wconf 89' lang='lat' dir='ltr'>pietati</span> <span class='ocrx_word' id='word_1_12' title='bbox 885 218 1116 255; x_wconf 89' lang='lat' dir='ltr'>morumque</span> 
     </span>
     <span class='ocr_line' id='line_1_4' title="bbox 174 260 1116 310; baseline -0.005 -8"><span class='ocrx_word' id='word_1_13' title='bbox 174 263 365 302; x_wconf 88' lang='lat' dir='ltr'>honestati</span> <span class='ocrx_word' id='word_1_14' title='bbox 385 264 485 300; x_wconf 91' lang='lat' dir='ltr'>esset</span> <span class='ocrx_word' id='word_1_15' title='bbox 505 261 724 306; x_wconf 90' lang='lat' dir='ltr'>utilissima,</span> <span class='ocrx_word' id='word_1_16' title='bbox 739 261 922 309; x_wconf 73' lang='lat' dir='ltr'><strong>permulti</strong></span> <span class='ocrx_word' id='word_1_17' title='bbox 939 260 1116 310; x_wconf 82' lang='lat' dir='ltr'>episcopi,</span> 
     </span>
     <span class='ocr_line' id='line_1_5' title="bbox 175 313 1116 360; baseline -0.006 -4"><span class='ocrx_word' id='word_1_18' title='bbox 175 320 256 356; x_wconf 87' lang='lat' dir='ltr'>tum</span> <span class='ocrx_word' id='word_1_19' title='bbox 290 320 402 354; x_wconf 86' lang='lat' dir='ltr'>extra</span> <span class='ocrx_word' id='word_1_20' title='bbox 434 319 518 352; x_wconf 91' lang='lat' dir='ltr'>tum</span> <span class='ocrx_word' id='word_1_21' title='bbox 545 314 650 352; x_wconf 89' lang='lat' dir='ltr'>intra</span> <span class='ocrx_word' id='word_1_22' title='bbox 682 313 864 360; x_wconf 82' lang='lat' dir='ltr'>Galliam,</span> <span class='ocrx_word' id='word_1_23' title='bbox 893 314 1116 352; x_wconf 89' lang='lat' dir='ltr'>institutum</span> 
     </span>
     <span class='ocr_line' id='line_1_6' title="bbox 174 367 1117 417; baseline -0.005 -8"><span class='ocrx_word' id='word_1_24' title='bbox 174 383 204 409; x_wconf 90' lang='lat' dir='ltr'>s.</span> <span class='ocrx_word' id='word_1_25' title='bbox 221 367 489 417; x_wconf 85' lang='lat' dir='ltr'>Chrodegangi</span> <span class='ocrx_word' id='word_1_26' title='bbox 505 367 606 416; x_wconf 88' lang='lat' dir='ltr'>apud</span> <span class='ocrx_word' id='word_1_27' title='bbox 623 367 770 405; x_wconf 88' lang='lat' dir='ltr'>clerum</span> <span class='ocrx_word' id='word_1_28' title='bbox 786 379 901 405; x_wconf 90' lang='lat' dir='ltr'>suum</span> <span class='ocrx_word' id='word_1_29' title='bbox 917 367 1117 405; x_wconf 89' lang='lat' dir='ltr'>cathedra—</span> 
     </span>
     <span class='ocr_line' id='line_1_7' title="bbox 174 420 1116 469; baseline -0.005 -8"><span class='ocrx_word' id='word_1_30' title='bbox 174 424 249 461; x_wconf 85' lang='lat' dir='ltr'>lem</span> <span class='ocrx_word' id='word_1_31' title='bbox 278 422 593 467; x_wconf 82' lang='lat' dir='ltr'>introduxerunt;</span> <span class='ocrx_word' id='word_1_32' title='bbox 612 421 752 458; x_wconf 90' lang='lat' dir='ltr'>summi</span> <span class='ocrx_word' id='word_1_33' title='bbox 781 421 898 459; x_wconf 88' lang='lat' dir='ltr'>etiam</span> <span class='ocrx_word' id='word_1_34' title='bbox 918 420 1116 469; x_wconf 87' lang='lat' dir='ltr'>imperan-</span> 
     </span>
     <span class='ocr_line' id='line_1_8' title="bbox 175 473 1116 522; baseline -0.004 -9"><span class='ocrx_word' id='word_1_35' title='bbox 175 480 242 521; x_wconf 88' lang='lat' dir='ltr'>tes,</span> <span class='ocrx_word' id='word_1_36' title='bbox 263 474 422 513; x_wconf 90' lang='lat' dir='ltr'>Carolus</span> <span class='ocrx_word' id='word_1_37' title='bbox 443 474 610 522; x_wconf 82' lang='lat' dir='ltr'>Magnus</span> <span class='ocrx_word' id='word_1_38' title='bbox 639 476 678 511; x_wconf 91' lang='lat' dir='ltr'>et</span> <span class='ocrx_word' id='word_1_39' title='bbox 698 474 918 512; x_wconf 88' lang='lat' dir='ltr'>Ludovicus</span> <span class='ocrx_word' id='word_1_40' title='bbox 938 474 1046 519; x_wconf 89' lang='lat' dir='ltr'>Pius,</span> <span class='ocrx_word' id='word_1_41' title='bbox 1065 473 1116 510; x_wconf 93' lang='lat' dir='ltr'>il-</span> 
     </span>
     <span class='ocr_line' id='line_1_9' title="bbox 174 527 1117 578; baseline -0.003 -12"><span class='ocrx_word' id='word_1_42' title='bbox 174 529 240 567; x_wconf 91' lang='lat' dir='ltr'>lud</span> <span class='ocrx_word' id='word_1_43' title='bbox 260 527 443 578; x_wconf 71' lang='lat' dir='ltr'>peculiari</span> <span class='ocrx_word' id='word_1_44' title='bbox 463 527 597 565; x_wconf 84' lang='lat' dir='ltr'>favore</span> <span class='ocrx_word' id='word_1_45' title='bbox 626 528 823 576; x_wconf 86' lang='lat' dir='ltr'>prosecuti</span> <span class='ocrx_word' id='word_1_46' title='bbox 842 530 954 573; x_wconf 88' lang='lat' dir='ltr'>sunt;</span> <span class='ocrx_word' id='word_1_47' title='bbox 979 527 1117 576; x_wconf 80' lang='lat' dir='ltr'>synodi</span> 
     </span>
     <span class='ocr_line' id='line_1_10' title="bbox 174 581 1118 629; baseline -0.001 -10"><span class='ocrx_word' id='word_1_48' title='bbox 174 583 274 619; x_wconf 90' lang='lat' dir='ltr'>idem</span> <span class='ocrx_word' id='word_1_49' title='bbox 303 581 633 625; x_wconf 83' lang='lat' dir='ltr'>commendarunt,</span> <span class='ocrx_word' id='word_1_50' title='bbox 662 593 738 629; x_wconf 88' lang='lat' dir='ltr'>quo</span> <span class='ocrx_word' id='word_1_51' title='bbox 768 581 947 618; x_wconf 85' lang='lat' dir='ltr'>effectum</span> <span class='ocrx_word' id='word_1_52' title='bbox 976 583 1047 625; x_wconf 86' lang='lat' dir='ltr'>est,</span> <span class='ocrx_word' id='word_1_53' title='bbox 1076 582 1118 618; x_wconf 85' lang='lat' dir='ltr'>ut</span> 
     </span>
     <span class='ocr_line' id='line_1_11' title="bbox 174 634 1117 683; baseline -0.001 -11"><span class='ocrx_word' id='word_1_54' title='bbox 174 635 394 673; x_wconf 83' lang='lat' dir='ltr'>huiusmodl</span> <span class='ocrx_word' id='word_1_55' title='bbox 414 635 579 683; x_wconf 82' lang='lat' dir='ltr'>collegia</span> <span class='ocrx_word' id='word_1_56' title='bbox 598 634 846 679; x_wconf 90' lang='lat' dir='ltr'>clericorum,</span> <span class='ocrx_word' id='word_1_57' title='bbox 875 635 964 683; x_wconf 89' lang='lat' dir='ltr'>quia</span> <span class='ocrx_word' id='word_1_58' title='bbox 997 645 1117 682; x_wconf 85' lang='lat' dir='ltr'>regu-</span> 
     </span>
     <span class='ocr_line' id='line_1_12' title="bbox 174 687 1117 737; baseline -0.002 -11"><span class='ocrx_word' id='word_1_59' title='bbox 174 688 224 735; x_wconf 88' lang='lat' dir='ltr'>la,</span> <span class='ocrx_word' id='word_1_60' title='bbox 244 700 360 737; x_wconf 84' lang='lat' dir='ltr'>quam</span> <span class='ocrx_word' id='word_1_61' title='bbox 380 688 657 734; x_wconf 71' lang='lat' dir='ltr'>observabant,</span> <span class='ocrx_word' id='word_1_62' title='bbox 677 688 849 725; x_wconf 82' lang='lat' dir='ltr'>canonici</span> <span class='ocrx_word' id='word_1_63' title='bbox 869 687 1117 736; x_wconf 84' lang='lat' dir='ltr'>appellaban-</span> 
     </span>
     <span class='ocr_line' id='line_1_13' title="bbox 175 741 1118 791; baseline -0.002 -11"><span class='ocrx_word' id='word_1_64' title='bbox 175 746 251 789; x_wconf 91' lang='lat' dir='ltr'>tur,</span> <span class='ocrx_word' id='word_1_65' title='bbox 272 754 339 791; x_wconf 89' lang='lat' dir='ltr'>per</span> <span class='ocrx_word' id='word_1_66' title='bbox 354 741 567 779; x_wconf 83' lang='lat' dir='ltr'>Ecclesiam</span> <span class='ocrx_word' id='word_1_67' title='bbox 587 741 750 779; x_wconf 88' lang='lat' dir='ltr'>latinam</span> <span class='ocrx_word' id='word_1_68' title='bbox 770 741 959 779; x_wconf 88' lang='lat' dir='ltr'>latissime</span> <span class='ocrx_word' id='word_1_69' title='bbox 978 752 1118 790; x_wconf 88' lang='lat' dir='ltr'>propa-</span> 
     </span>
     <span class='ocr_line' id='line_1_14' title="bbox 174 794 410 845; baseline -0.004 -12"><span class='ocrx_word' id='word_1_70' title='bbox 174 798 363 845; x_wconf 81' lang='lat' dir='ltr'>garentur</span> <span class='ocrx_word' id='word_1_71' title='bbox 385 794 410 832; x_wconf 86' lang='lat'>¹.</span> 
     </span>
    </p>

    <p class='ocr_par' dir='ltr' id='par_1_3' title="bbox 175 848 1124 1326">
     <span class='ocr_line' id='line_1_15' title="bbox 227 848 1119 898; baseline -0.002 -11"><span class='ocrx_word' id='word_1_72' title='bbox 227 850 289 887; x_wconf 84' lang='lat'>73.</span> <span class='ocrx_word' id='word_1_73' title='bbox 306 848 542 898; x_wconf 76' lang='lat' dir='ltr'>Stephanus</span> <span class='ocrx_word' id='word_1_74' title='bbox 562 848 613 885; x_wconf 92' lang='lat' dir='ltr'>II</span> <span class='ocrx_word' id='word_1_75' title='bbox 627 849 826 897; x_wconf 63' lang='lat' dir='ltr'>Pontifex·</span> <span class='ocrx_word' id='word_1_76' title='bbox 843 870 892 875; x_wconf 90' lang='lat'>—-</span> <span class='ocrx_word' id='word_1_77' title='bbox 908 848 945 886; x_wconf 91' lang='lat' dir='ltr'>S.</span> <span class='ocrx_word' id='word_1_78' title='bbox 968 848 1119 885; x_wconf 74' lang='lat' dir='ltr'>Zacha-</span> 
     </span>
     <span class='ocr_line' id='line_1_16' title="bbox 175 901 1120 952; baseline -0.002 -12"><span class='ocrx_word' id='word_1_79' title='bbox 175 903 234 941; x_wconf 90' lang='lat' dir='ltr'>ria</span> <span class='ocrx_word' id='word_1_80' title='bbox 252 903 322 952; x_wconf 88' lang='lat' dir='ltr'>Pp.</span> <span class='ocrx_word' id='word_1_81' title='bbox 335 902 485 940; x_wconf 78' lang='lat' dir='ltr'>an.752</span> <span class='ocrx_word' id='word_1_82' title='bbox 505 901 626 951; x_wconf 86' lang='lat' dir='ltr'>pridie</span> <span class='ocrx_word' id='word_1_83' title='bbox 649 902 737 939; x_wconf 90' lang='lat' dir='ltr'>idus</span> <span class='ocrx_word' id='word_1_84' title='bbox 753 902 912 940; x_wconf 87' lang='lat' dir='ltr'>martias</span> <span class='ocrx_word' id='word_1_85' title='bbox 928 902 976 940; x_wconf 87' lang='lat' dir='ltr'>ad</span> <span class='ocrx_word' id='word_1_86' title='bbox 992 901 1120 939; x_wconf 88' lang='lat' dir='ltr'>coele-</span> 
     </span>
     <span class='ocr_line' id='line_1_17' title="bbox 175 955 1122 1005; baseline -0.003 -10"><span class='ocrx_word' id='word_1_87' title='bbox 175 959 274 995; x_wconf 91' lang='lat' dir='ltr'>stem</span> <span class='ocrx_word' id='word_1_88' title='bbox 290 955 454 1005; x_wconf 82' lang='lat' dir='ltr'>gloriam</span> <span class='ocrx_word' id='word_1_89' title='bbox 475 957 625 1003; x_wconf 87' lang='lat' dir='ltr'>vocato,</span> <span class='ocrx_word' id='word_1_90' title='bbox 645 955 793 993; x_wconf 90' lang='lat' dir='ltr'>electus</span> <span class='ocrx_word' id='word_1_91' title='bbox 821 956 1122 1004; x_wconf 88' lang='lat' dir='ltr'>est-Stephanus</span> 
     </span>
     <span class='ocr_line' id='line_1_18' title="bbox 178 1008 1121 1060; baseline -0.003 -12"><span class='ocrx_word' id='word_1_92' title='bbox 178 1010 394 1060; x_wconf 80' lang='lat' dir='ltr'>presbyter,</span> <span class='ocrx_word' id='word_1_93' title='bbox 415 1008 480 1057; x_wconf 89' lang='lat' dir='ltr'>qui</span> <span class='ocrx_word' id='word_1_94' title='bbox 508 1020 594 1045; x_wconf 91' lang='lat' dir='ltr'>cum</span> <span class='ocrx_word' id='word_1_95' title='bbox 625 1009 741 1046; x_wconf 86' lang='lat' dir='ltr'>tertio</span> <span class='ocrx_word' id='word_1_96' title='bbox 765 1011 850 1058; x_wconf 86' lang='lat' dir='ltr'>post</span> <span class='ocrx_word' id='word_1_97' title='bbox 870 1009 930 1046; x_wconf 92' lang='lat' dir='ltr'>die</span> <span class='ocrx_word' id='word_1_98' title='bbox 951 1009 1121 1046; x_wconf 87' lang='lat' dir='ltr'>nondum</span> 
     </span>
     <span class='ocr_line' id='line_1_19' title="bbox 177 1062 1123 1111; baseline -0.002 -9"><span class='ocrx_word' id='word_1_99' title='bbox 177 1065 423 1102; x_wconf 87' lang='lat' dir='ltr'>consecratus</span> <span class='ocrx_word' id='word_1_100' title='bbox 442 1062 594 1109; x_wconf 88' lang='lat' dir='ltr'>obierit,</span> <span class='ocrx_word' id='word_1_101' title='bbox 623 1062 662 1099; x_wconf 89' lang='lat' dir='ltr'>in</span> <span class='ocrx_word' id='word_1_102' title='bbox 692 1062 927 1100; x_wconf 89' lang='lat' dir='ltr'>Pontificum</span> <span class='ocrx_word' id='word_1_103' title='bbox 946 1063 1123 1111; x_wconf 80' lang='lat' dir='ltr'>catalogo</span> 
     </span>
     <span class='ocr_line' id='line_1_20' title="bbox 178 1116 1124 1165; baseline -0.002 -10"><span class='ocrx_word' id='word_1_104' title='bbox 178 1130 252 1155; x_wconf 91' lang='lat' dir='ltr'>non</span> <span class='ocrx_word' id='word_1_105' title='bbox 272 1118 509 1155; x_wconf 86' lang='lat' dir='ltr'>recensetur.</span> <span class='ocrx_word' id='word_1_106' title='bbox 531 1116 641 1153; x_wconf 86' lang='lat' dir='ltr'>Tunc</span> <span class='ocrx_word' id='word_1_107' title='bbox 669 1116 718 1153; x_wconf 88' lang='lat' dir='ltr'>ad</span> <span class='ocrx_word' id='word_1_108' title='bbox 746 1128 939 1153; x_wconf 87' lang='lat' dir='ltr'>summum</span> <span class='ocrx_word' id='word_1_109' title='bbox 968 1116 1124 1165; x_wconf 86' lang='lat' dir='ltr'>pontifi-</span> 
     </span>
     <span class='ocr_line' id='line_1_21' title="bbox 178 1169 1123 1218; baseline -0.003 -9"><span class='ocrx_word' id='word_1_110' title='bbox 178 1173 308 1209; x_wconf 87' lang='lat' dir='ltr'>catum</span> <span class='ocrx_word' id='word_1_111' title='bbox 333 1171 406 1208; x_wconf 79' lang='lat' dir='ltr'>vn⁰</span> <span class='ocrx_word' id='word_1_112' title='bbox 435 1169 515 1207; x_wconf 82' lang='lat' dir='ltr'>kal.</span> <span class='ocrx_word' id='word_1_113' title='bbox 536 1169 645 1218; x_wconf 88' lang='lat' dir='ltr'>april.</span> <span class='ocrx_word' id='word_1_114' title='bbox 667 1181 728 1207; x_wconf 91' lang='lat' dir='ltr'>an.</span> <span class='ocrx_word' id='word_1_115' title='bbox 750 1169 827 1207; x_wconf 90' lang='grc'>752</span> <span class='ocrx_word' id='word_1_116' title='bbox 865 1172 1022 1207; x_wconf 79' lang='lat' dir='ltr'>evectus</span> <span class='ocrx_word' id='word_1_117' title='bbox 1050 1169 1123 1207; x_wconf 80' lang='lat' dir='ltr'>fuit</span> 
     </span>
     <span class='ocr_line' id='line_1_22' title="bbox 178 1223 1122 1274; baseline -0.003 -11"><span class='ocrx_word' id='word_1_118' title='bbox 178 1225 399 1274; x_wconf 77' lang='lat' dir='ltr'>Stephanus</span> <span class='ocrx_word' id='word_1_119' title='bbox 428 1223 478 1270; x_wconf 89' lang='lat' dir='ltr'>II,</span> <span class='ocrx_word' id='word_1_120' title='bbox 498 1224 712 1269; x_wconf 88' lang='lat' dir='ltr'>Romanus,</span> <span class='ocrx_word' id='word_1_121' title='bbox 732 1223 780 1261; x_wconf 88' lang='lat' dir='ltr'>R.</span> <span class='ocrx_word' id='word_1_122' title='bbox 802 1223 998 1261; x_wconf 84' lang='lat' dir='ltr'>Ecclesiae</span> <span class='ocrx_word' id='word_1_123' title='bbox 1027 1223 1122 1260; x_wconf 85' lang='lat' dir='ltr'>Dia-</span> 
     </span>
     <span class='ocr_line' id='line_1_23' title="bbox 179 1277 1017 1326; baseline -0.002 -10"><span class='ocrx_word' id='word_1_124' title='bbox 179 1290 312 1325; x_wconf 88' lang='lat' dir='ltr'>conus,</span> <span class='ocrx_word' id='word_1_125' title='bbox 342 1277 409 1326; x_wconf 92' lang='lat' dir='ltr'>qui</span> <span class='ocrx_word' id='word_1_126' title='bbox 437 1277 536 1315; x_wconf 91' lang='lat' dir='ltr'>sedit</span> <span class='ocrx_word' id='word_1_127' title='bbox 553 1288 670 1325; x_wconf 90' lang='lat' dir='ltr'>usque</span> <span class='ocrx_word' id='word_1_128' title='bbox 695 1277 742 1314; x_wconf 89' lang='lat' dir='ltr'>ad</span> <span class='ocrx_word' id='word_1_129' title='bbox 763 1288 909 1314; x_wconf 87' lang='lat' dir='ltr'>annum</span> <span class='ocrx_word' id='word_1_130' title='bbox 929 1277 1017 1314; x_wconf 88' lang='lat'>757.</span> 
     </span>
    </p>

    <p class='ocr_par' dir='ltr' id='par_1_4' title="bbox 178 1329 1135 3034">
     <span class='ocr_line' id='line_1_24' title="bbox 231 1329 1126 1381; baseline -0.002 -12"><span class='ocrx_word' id='word_1_131' title='bbox 231 1332 293 1369; x_wconf 85' lang='grc'>74.</span> <span class='ocrx_word' id='word_1_132' title='bbox 313 1331 492 1369; x_wconf 64' lang='lat' dir='ltr'>Domitio</span> <span class='ocrx_word' id='word_1_133' title='bbox 510 1331 658 1379; x_wconf 75' lang='lat' dir='ltr'>Pe&#39;pz‘nz’</span> <span class='ocrx_word' id='word_1_134' title='bbox 674 1329 761 1381; x_wconf 75' lang='lat' dir='ltr'>(an.</span> <span class='ocrx_word' id='word_1_135' title='bbox 778 1330 871 1380; x_wconf 87' lang='lat'>755)</span> <span class='ocrx_word' id='word_1_136' title='bbox 884 1353 934 1357; x_wconf 97' lang='lat'><strong>—</strong></span> <span class='ocrx_word' id='word_1_137' title='bbox 947 1331 1028 1368; x_wconf 89' lang='lat' dir='ltr'>Sub</span> <span class='ocrx_word' id='word_1_138' title='bbox 1045 1330 1126 1368; x_wconf 89' lang='lat' dir='ltr'>Ste—</span> 
     </span>
     <span class='ocr_line' id='line_1_25' title="bbox 178 1383 1125 1435; baseline -0.003 -12"><span class='ocrx_word' id='word_1_139' title='bbox 178 1385 297 1435; x_wconf 88' lang='lat' dir='ltr'>phani</span> <span class='ocrx_word' id='word_1_140' title='bbox 316 1385 353 1422; x_wconf 89' lang='lat' dir='ltr'>H</span> <span class='ocrx_word' id='word_1_141' title='bbox 371 1383 603 1433; x_wconf 86' lang='lat' dir='ltr'>pontificatu</span> <span class='ocrx_word' id='word_1_142' title='bbox 632 1384 812 1421; x_wconf 81' lang='lat' dir='ltr'>Romana</span> <span class='ocrx_word' id='word_1_143' title='bbox 843 1384 1020 1421; x_wconf 86' lang='lat' dir='ltr'>Ecclesia</span> <span class='ocrx_word' id='word_1_144' title='bbox 1039 1384 1125 1432; x_wconf 86' lang='lat' dir='ltr'>ple-</span> 
     </span>
     <span class='ocr_line' id='line_1_26' title="bbox 179 1437 1124 1487; baseline -0.003 -10"><span class='ocrx_word' id='word_1_145' title='bbox 179 1452 272 1477; x_wconf 88' lang='lat' dir='ltr'>num</span> <span class='ocrx_word' id='word_1_146' title='bbox 292 1451 335 1476; x_wconf 86' lang='lat' dir='ltr'>ac</span> <span class='ocrx_word' id='word_1_147' title='bbox 354 1449 510 1487; x_wconf 87' lang='lat' dir='ltr'>prorsus</span> <span class='ocrx_word' id='word_1_148' title='bbox 530 1437 790 1486; x_wconf 84' lang='lat' dir='ltr'>independens</span> <span class='ocrx_word' id='word_1_149' title='bbox 807 1437 1019 1475; x_wconf 90' lang='lat' dir='ltr'>dominium</span> <span class='ocrx_word' id='word_1_150' title='bbox 1038 1438 1124 1474; x_wconf 87' lang='lat' dir='ltr'>Ro-</span> 
     </span>
     <span class='ocr_line' id='line_1_27' title="bbox 179 1491 1126 1538; baseline -0.003 -7"><span class='ocrx_word' id='word_1_151' title='bbox 179 1505 265 1531; x_wconf 90' lang='lat' dir='ltr'>mae</span> <span class='ocrx_word' id='word_1_152' title='bbox 285 1495 325 1530; x_wconf 91' lang='lat' dir='ltr'>et</span> <span class='ocrx_word' id='word_1_153' title='bbox 343 1491 581 1529; x_wconf 83' lang='lat' dir='ltr'>exarchatus</span> <span class='ocrx_word' id='word_1_154' title='bbox 605 1494 811 1530; x_wconf 83' lang='lat' dir='ltr'>consecuta</span> <span class='ocrx_word' id='word_1_155' title='bbox 831 1494 911 1538; x_wconf 66' lang='lat' dir='ltr'>est,</span> <span class='ocrx_word' id='word_1_156' title='bbox 932 1494 971 1529; x_wconf 90' lang='lat' dir='ltr'>et</span> <span class='ocrx_word' id='word_1_157' title='bbox 990 1491 1126 1528; x_wconf 90' lang='lat' dir='ltr'>Ponti-</span> 
     </span>
     <span class='ocr_line' id='line_1_28' title="bbox 180 1544 1127 1598; baseline -0.003 -14"><span class='ocrx_word' id='word_1_158' title='bbox 180 1547 265 1593; x_wconf 86' lang='lat' dir='ltr'>fex,</span> <span class='ocrx_word' id='word_1_159' title='bbox 285 1545 417 1583; x_wconf 91' lang='lat' dir='ltr'>divino</span> <span class='ocrx_word' id='word_1_160' title='bbox 447 1545 532 1582; x_wconf 88' lang='lat' dir='ltr'>iure</span> <span class='ocrx_word' id='word_1_161' title='bbox 564 1544 771 1582; x_wconf 84' lang='lat' dir='ltr'>universae</span> <span class='ocrx_word' id='word_1_162' title='bbox 800 1544 996 1598; x_wconf 76' lang='lat' dir='ltr'>Ecclesiae</span> <span class='ocrx_word' id='word_1_163' title='bbox 1016 1545 1127 1593; x_wconf 87' lang='lat' dir='ltr'>prin-</span> 
     </span>
     <span class='ocr_line' id='line_1_29' title="bbox 180 1597 1128 1650; baseline -0.003 -11"><span class='ocrx_word' id='word_1_164' title='bbox 180 1613 268 1650; x_wconf 87' lang='lat' dir='ltr'>ceps</span> <span class='ocrx_word' id='word_1_165' title='bbox 288 1603 328 1637; x_wconf 92' lang='lat' dir='ltr'>et</span> <span class='ocrx_word' id='word_1_166' title='bbox 346 1600 473 1648; x_wconf 88' lang='lat' dir='ltr'>caput,</span> <span class='ocrx_word' id='word_1_167' title='bbox 493 1597 618 1635; x_wconf 87' lang='lat' dir='ltr'>civilis</span> <span class='ocrx_word' id='word_1_168' title='bbox 638 1598 873 1647; x_wconf 84' lang='lat' dir='ltr'>principatus</span> <span class='ocrx_word' id='word_1_169' title='bbox 901 1598 987 1636; x_wconf 89' lang='lat' dir='ltr'>iura</span> <span class='ocrx_word' id='word_1_170' title='bbox 1015 1597 1128 1636; x_wconf 88' lang='lat' dir='ltr'>firma</span> 
     </span>
     <span class='ocr_line' id='line_1_30' title="bbox 180 1651 1128 1702; baseline -0.005 -9"><span class='ocrx_word' id='word_1_171' title='bbox 180 1657 344 1702; x_wconf 88' lang='lat' dir='ltr'>rataque</span> <span class='ocrx_word' id='word_1_172' title='bbox 358 1652 508 1698; x_wconf 84' lang='lat' dir='ltr'>habuit,</span> <span class='ocrx_word' id='word_1_173' title='bbox 523 1663 597 1700; x_wconf 91' lang='lat' dir='ltr'>quo</span> <span class='ocrx_word' id='word_1_174' title='bbox 617 1651 740 1689; x_wconf 90' lang='lat' dir='ltr'>tutius</span> <span class='ocrx_word' id='word_1_175' title='bbox 759 1655 877 1701; x_wconf 90' lang='lat' dir='ltr'>atque</span> <span class='ocrx_word' id='word_1_176' title='bbox 893 1651 1052 1689; x_wconf 88' lang='lat' dir='ltr'>liberius</span> <span class='ocrx_word' id='word_1_177' title='bbox 1068 1663 1128 1689; x_wconf 89' lang='lat' dir='ltr'>su-</span> 
     </span>
     <span class='ocr_line' id='line_1_31' title="bbox 180 1705 1127 1758; baseline -0.004 -12"><span class='ocrx_word' id='word_1_178' title='bbox 180 1708 304 1758; x_wconf 88' lang='lat' dir='ltr'>premi</span> <span class='ocrx_word' id='word_1_179' title='bbox 320 1705 527 1745; x_wconf 88' lang='lat' dir='ltr'>sacerdotii</span> <span class='ocrx_word' id='word_1_180' title='bbox 542 1705 769 1743; x_wconf 87' lang='lat' dir='ltr'>muneribus</span> <span class='ocrx_word' id='word_1_181' title='bbox 785 1705 1026 1755; x_wconf 81' lang='lat' dir='ltr'>fungeretur.</span> <span class='ocrx_word' id='word_1_182' title='bbox 1044 1706 1127 1743; x_wconf 89' lang='lat' dir='ltr'>Iam</span> 
     </span>
     <span class='ocr_line' id='line_1_32' title="bbox 182 1759 1127 1811; baseline -0.004 -11"><span class='ocrx_word' id='word_1_183' title='bbox 182 1773 299 1811; x_wconf 91' lang='lat' dir='ltr'>supra</span> <span class='ocrx_word' id='word_1_184' title='bbox 313 1759 496 1806; x_wconf 87' lang='lat' dir='ltr'>vidimus,</span> <span class='ocrx_word' id='word_1_185' title='bbox 511 1759 699 1808; x_wconf 89' lang='lat' dir='ltr'>quomodo</span> <span class='ocrx_word' id='word_1_186' title='bbox 716 1759 995 1808; x_wconf 87' lang='lat' dir='ltr'>imperatorum</span> <span class='ocrx_word' id='word_1_187' title='bbox 1015 1770 1127 1808; x_wconf 81' lang='lat' dir='ltr'>grae-</span> 
     </span>
     <span class='ocr_line' id='line_1_33' title="bbox 182 1812 1125 1863; baseline -0.004 -10"><span class='ocrx_word' id='word_1_188' title='bbox 182 1826 330 1861; x_wconf 86' lang='lat' dir='ltr'>corum,</span> <span class='ocrx_word' id='word_1_189' title='bbox 348 1813 577 1863; x_wconf 87' lang='lat' dir='ltr'>praesertim</span> <span class='ocrx_word' id='word_1_190' title='bbox 593 1812 735 1850; x_wconf 87' lang='lat' dir='ltr'>Leonis</span> <span class='ocrx_word' id='word_1_191' title='bbox 754 1813 893 1859; x_wconf 86' lang='lat' dir='ltr'>Isauri,</span> <span class='ocrx_word' id='word_1_192' title='bbox 913 1815 1050 1850; x_wconf 87' lang='lat' dir='ltr'>contra</span> <span class='ocrx_word' id='word_1_193' title='bbox 1069 1824 1125 1849; x_wconf 92' lang='lat' dir='ltr'>or-</span> 
     </span>
     <span class='ocr_line' id='line_1_34' title="bbox 182 1864 1126 1906; baseline -0.002 0"><span class='ocrx_word' id='word_1_194' title='bbox 182 1869 374 1906; x_wconf 84' lang='lat' dir='ltr'>thodoxae</span> <span class='ocrx_word' id='word_1_195' title='bbox 399 1867 491 1905; x_wconf 88' lang='lat' dir='ltr'>fidei</span> <span class='ocrx_word' id='word_1_196' title='bbox 520 1864 740 1905; x_wconf 84' lang='lat' dir='ltr'>defensores</span> <span class='ocrx_word' id='word_1_197' title='bbox 761 1870 800 1904; x_wconf 91' lang='lat' dir='ltr'>et</span> <span class='ocrx_word' id='word_1_198' title='bbox 828 1867 1016 1904; x_wconf 86' lang='lat' dir='ltr'>adversus</span> <span class='ocrx_word' id='word_1_199' title='bbox 1039 1867 1126 1904; x_wconf 80' lang='lat' dir='ltr'>RR.</span> 
     </span>
     <span class='ocr_line' id='line_1_35' title="bbox 184 1920 1127 1971; baseline -0.002 -12"><span class='ocrx_word' id='word_1_200' title='bbox 184 1922 395 1960; x_wconf 88' lang='lat' dir='ltr'>Pontifices</span> <span class='ocrx_word' id='word_1_201' title='bbox 425 1920 756 1971; x_wconf 87' lang='lat' dir='ltr'>persecutionibus</span> <span class='ocrx_word' id='word_1_202' title='bbox 776 1922 815 1957; x_wconf 92' lang='lat' dir='ltr'>et</span> <span class='ocrx_word' id='word_1_203' title='bbox 843 1920 987 1968; x_wconf 87' lang='lat' dir='ltr'>iniquis</span> <span class='ocrx_word' id='word_1_204' title='bbox 1006 1932 1127 1957; x_wconf 89' lang='lat' dir='ltr'>cona-</span> 
     </span>
     <span class='ocr_line' id='line_1_36' title="bbox 182 1973 1127 2020; baseline -0.003 -7"><span class='ocrx_word' id='word_1_205' title='bbox 182 1976 286 2014; x_wconf 88' lang='lat' dir='ltr'>tibus</span> <span class='ocrx_word' id='word_1_206' title='bbox 305 1975 449 2012; x_wconf 86' lang='lat' dir='ltr'>factum</span> <span class='ocrx_word' id='word_1_207' title='bbox 470 1975 532 2020; x_wconf 89' lang='lat' dir='ltr'>sit,</span> <span class='ocrx_word' id='word_1_208' title='bbox 549 1976 591 2011; x_wconf 90' lang='lat' dir='ltr'>ut</span> <span class='ocrx_word' id='word_1_209' title='bbox 605 1985 739 2011; x_wconf 90' lang='lat' dir='ltr'>eorum</span> <span class='ocrx_word' id='word_1_210' title='bbox 754 1973 967 2012; x_wconf 88' lang='lat' dir='ltr'>auctoritas</span> <span class='ocrx_word' id='word_1_211' title='bbox 987 1974 1026 2011; x_wconf 92' lang='lat' dir='ltr'>in</span> <span class='ocrx_word' id='word_1_212' title='bbox 1047 1974 1127 2012; x_wconf 87' lang='lat' dir='ltr'>Ita-</span> 
     </span>
     <span class='ocr_line' id='line_1_37' title="bbox 183 2027 1129 2078; baseline -0.003 -11"><span class='ocrx_word' id='word_1_213' title='bbox 183 2029 238 2067; x_wconf 85' lang='lat' dir='ltr'>lia</span> <span class='ocrx_word' id='word_1_214' title='bbox 258 2029 466 2078; x_wconf 82' lang='lat' dir='ltr'>deperiret.</span> <span class='ocrx_word' id='word_1_215' title='bbox 487 2027 678 2074; x_wconf 89' lang='lat' dir='ltr'>Vidimus,</span> <span class='ocrx_word' id='word_1_216' title='bbox 698 2028 888 2076; x_wconf 85' lang='lat' dir='ltr'>quomodo</span> <span class='ocrx_word' id='word_1_217' title='bbox 904 2028 1070 2065; x_wconf 83' lang='lat' dir='ltr'>Romani</span> <span class='ocrx_word' id='word_1_218' title='bbox 1090 2030 1129 2065; x_wconf 86' lang='lat' dir='ltr'>et</span> 
     </span>
     <span class='ocr_line' id='line_1_38' title="bbox 183 2081 1126 2131; baseline -0.003 -10"><span class='ocrx_word' id='word_1_219' title='bbox 183 2083 506 2121; x_wconf 86' lang='lat' dir='ltr'>Ravennatenses</span> <span class='ocrx_word' id='word_1_220' title='bbox 535 2084 670 2119; x_wconf 86' lang='lat' dir='ltr'>contra</span> <span class='ocrx_word' id='word_1_221' title='bbox 699 2081 1042 2131; x_wconf 84' lang='lat' dir='ltr'>Longobardorum</span> <span class='ocrx_word' id='word_1_222' title='bbox 1063 2082 1126 2118; x_wconf 88' lang='lat' dir='ltr'>in-</span> 
     </span>
     <span class='ocr_line' id='line_1_39' title="bbox 185 2135 1129 2184; baseline -0.004 -9"><span class='ocrx_word' id='word_1_223' title='bbox 185 2137 363 2175; x_wconf 88' lang='lat' dir='ltr'>vasiones</span> <span class='ocrx_word' id='word_1_224' title='bbox 383 2135 628 2184; x_wconf 87' lang='lat' dir='ltr'>implorarint</span> <span class='ocrx_word' id='word_1_225' title='bbox 648 2135 840 2172; x_wconf 76' lang='lat' dir='ltr'>auxilium</span> <span class='ocrx_word' id='word_1_226' title='bbox 861 2136 948 2173; x_wconf 82' lang='lat' dir='ltr'>RR.</span> <span class='ocrx_word' id='word_1_227' title='bbox 970 2135 1129 2173; x_wconf 85' lang='lat' dir='ltr'>Pontifi-</span> 
     </span>
     <span class='ocr_line' id='line_1_40' title="bbox 186 2188 1129 2239; baseline -0.004 -10"><span class='ocrx_word' id='word_1_228' title='bbox 186 2203 285 2238; x_wconf 87' lang='lat' dir='ltr'>cum,</span> <span class='ocrx_word' id='word_1_229' title='bbox 297 2188 475 2239; x_wconf 82' lang='lat' dir='ltr'>Gregorii</span> <span class='ocrx_word' id='word_1_230' title='bbox 493 2188 528 2225; x_wconf 88' lang='grc' dir='ltr'>Π</span> <span class='ocrx_word' id='word_1_231' title='bbox 546 2193 584 2226; x_wconf 89' lang='lat' dir='ltr'>et</span> <span class='ocrx_word' id='word_1_232' title='bbox 601 2188 655 2225; x_wconf 92' lang='lat' dir='ltr'>III</span> <span class='ocrx_word' id='word_1_233' title='bbox 672 2192 711 2226; x_wconf 91' lang='lat' dir='ltr'>et</span> <span class='ocrx_word' id='word_1_234' title='bbox 725 2189 949 2235; x_wconf 84' lang='lat' dir='ltr'>Zachariae,</span> <span class='ocrx_word' id='word_1_235' title='bbox 963 2200 1129 2237; x_wconf 84' lang='lat' dir='ltr'>quornm</span> 
     </span>
     <span class='ocr_line' id='line_1_41' title="bbox 185 2242 1129 2295; baseline -0.005 -11"><span class='ocrx_word' id='word_1_236' title='bbox 185 2255 300 2295; x_wconf 89' lang='lat' dir='ltr'>opera</span> <span class='ocrx_word' id='word_1_237' title='bbox 328 2244 491 2281; x_wconf 86' lang='lat' dir='ltr'>ducatus</span> <span class='ocrx_word' id='word_1_238' title='bbox 515 2242 714 2279; x_wconf 83' lang='lat' dir='ltr'>Romanus</span> <span class='ocrx_word' id='word_1_239' title='bbox 733 2245 772 2279; x_wconf 88' lang='lat' dir='ltr'>et</span> <span class='ocrx_word' id='word_1_240' title='bbox 791 2243 1025 2279; x_wconf 80' lang='lat' dir='ltr'>exarchatus</span> <span class='ocrx_word' id='word_1_241' title='bbox 1046 2242 1129 2279; x_wconf 80' lang='lat' dir='ltr'>Ra-</span> 
     </span>
     <span class='ocr_line' id='line_1_42' title="bbox 187 2295 1130 2345; baseline -0.004 -9"><span class='ocrx_word' id='word_1_242' title='bbox 187 2297 435 2337; x_wconf 89' lang='lat' dir='ltr'>vennatensis</span> <span class='ocrx_word' id='word_1_243' title='bbox 475 2307 498 2333; x_wconf 86' lang='lat' dir='ltr'>a</span> <span class='ocrx_word' id='word_1_244' title='bbox 534 2295 794 2333; x_wconf 88' lang='lat' dir='ltr'>dominatione</span> <span class='ocrx_word' id='word_1_245' title='bbox 838 2295 1130 2345; x_wconf 79' lang='lat' dir='ltr'>Longobardica</span> 
     </span>
     <span class='ocr_line' id='line_1_43' title="bbox 185 2347 1128 2397; baseline -0.006 -6"><span class='ocrx_word' id='word_1_246' title='bbox 185 2350 405 2390; x_wconf 87' lang='lat' dir='ltr'>conservati</span> <span class='ocrx_word' id='word_1_247' title='bbox 439 2350 529 2387; x_wconf 88' lang='lat' dir='ltr'>sunt</span> <span class='ocrx_word' id='word_1_248' title='bbox 548 2347 575 2386; x_wconf 78' lang='lat'>².</span> <span class='ocrx_word' id='word_1_249' title='bbox 606 2348 753 2386; x_wconf 89' lang='lat' dir='ltr'>Verum</span> <span class='ocrx_word' id='word_1_250' title='bbox 787 2348 1014 2397; x_wconf 90' lang='lat' dir='ltr'>Aistulphus</span> <span class='ocrx_word' id='word_1_251' title='bbox 1027 2378 1036 2395; x_wconf 93' lang='lat'>,</span> <span class='ocrx_word' id='word_1_252' title='bbox 1066 2349 1128 2397; x_wconf 87' lang='lat' dir='ltr'>qui</span> 
     </span>
     <span class='ocr_line' id='line_1_44' title="bbox 186 2402 1130 2451; baseline -0.006 -7"><span class='ocrx_word' id='word_1_253' title='bbox 186 2405 301 2444; x_wconf 85' lang='lat' dir='ltr'>fratri</span> <span class='ocrx_word' id='word_1_254' title='bbox 321 2417 391 2443; x_wconf 88' lang='lat' dir='ltr'>suo</span> <span class='ocrx_word' id='word_1_255' title='bbox 412 2402 593 2441; x_wconf 87' lang='lat' dir='ltr'>Rachisio</span> <span class='ocrx_word' id='word_1_256' title='bbox 614 2413 674 2439; x_wconf 91' lang='lat' dir='ltr'>an.</span> <span class='ocrx_word' id='word_1_257' title='bbox 691 2402 768 2440; x_wconf 82' lang='lat'>749</span> <span class='ocrx_word' id='word_1_258' title='bbox 788 2403 826 2439; x_wconf 89' lang='lat' dir='ltr'>in</span> <span class='ocrx_word' id='word_1_259' title='bbox 850 2402 1130 2451; x_wconf 81' lang='lat' dir='ltr'>Longobardo-</span> 
     </span>
     <span class='ocr_line' id='line_1_45' title="bbox 187 2456 1131 2508; baseline -0.006 -10"><span class='ocrx_word' id='word_1_260' title='bbox 187 2471 275 2498; x_wconf 90' lang='lat' dir='ltr'>rum</span> <span class='ocrx_word' id='word_1_261' title='bbox 303 2470 422 2508; x_wconf 83' lang='lat' dir='ltr'>regno</span> <span class='ocrx_word' id='word_1_262' title='bbox 446 2456 652 2500; x_wconf 89' lang='lat' dir='ltr'>successit,</span> <span class='ocrx_word' id='word_1_263' title='bbox 672 2467 805 2504; x_wconf 87' lang='lat' dir='ltr'>pacem</span> <span class='ocrx_word' id='word_1_264' title='bbox 825 2467 848 2493; x_wconf 89' lang='lat' dir='ltr'>a</span> <span class='ocrx_word' id='word_1_265' title='bbox 867 2456 1131 2493; x_wconf 84' lang='lat' dir='ltr'>decessoribus</span> 
     </span>
     <span class='ocr_line' id='line_1_46' title="bbox 188 2507 1130 2558; baseline -0.007 -6"><span class='ocrx_word' id='word_1_266' title='bbox 188 2514 268 2552; x_wconf 86' lang='lat' dir='ltr'>suis</span> <span class='ocrx_word' id='word_1_267' title='bbox 286 2524 374 2550; x_wconf 88' lang='lat' dir='ltr'>cum</span> <span class='ocrx_word' id='word_1_268' title='bbox 394 2509 582 2549; x_wconf 84' lang='lat' dir='ltr'>Zacharia</span> <span class='ocrx_word' id='word_1_269' title='bbox 602 2509 737 2546; x_wconf 86' lang='lat' dir='ltr'>initam</span> <span class='ocrx_word' id='word_1_270' title='bbox 757 2507 954 2558; x_wconf 80' lang='lat' dir='ltr'>infregit3,</span> <span class='ocrx_word' id='word_1_271' title='bbox 970 2510 1130 2546; x_wconf 84' lang='lat' dir='ltr'>Raven-</span> 
     </span>
     <span class='ocr_line' id='line_1_47' title="bbox 187 2562 1133 2611; baseline -0.008 -5"><span class='ocrx_word' id='word_1_272' title='bbox 187 2571 387 2606; x_wconf 88' lang='lat' dir='ltr'>natonsem</span> <span class='ocrx_word' id='word_1_273' title='bbox 403 2563 657 2602; x_wconf 83' lang='lat' dir='ltr'>exarchatum</span> <span class='ocrx_word' id='word_1_274' title='bbox 673 2565 712 2600; x_wconf 84' lang='lat' dir='ltr'>et</span> <span class='ocrx_word' id='word_1_275' title='bbox 723 2562 965 2611; x_wconf 85' lang='lat' dir='ltr'>Pentapolim</span> <span class='ocrx_word' id='word_1_276' title='bbox 980 2566 1133 2600; x_wconf 84' lang='lat' dir='ltr'>armata</span> 
     </span>
     <span class='ocr_line' id='line_1_48' title="bbox 190 2616 1131 2665; baseline -0.007 -6"><span class='ocrx_word' id='word_1_277' title='bbox 190 2632 307 2659; x_wconf 88' lang='lat' dir='ltr'>manu</span> <span class='ocrx_word' id='word_1_278' title='bbox 328 2618 484 2657; x_wconf 87' lang='lat' dir='ltr'>invasit.</span> <span class='ocrx_word' id='word_1_279' title='bbox 507 2616 739 2665; x_wconf 82' lang='lat' dir='ltr'>Eutyeliius,</span> <span class='ocrx_word' id='word_1_280' title='bbox 755 2616 1014 2654; x_wconf 84' lang='lat' dir='ltr'>exarchorum</span> <span class='ocrx_word' id='word_1_281' title='bbox 1038 2616 1131 2653; x_wconf 93' lang='lat' dir='ltr'>ulti-</span> 
     </span>
     <span class='ocr_line' id='line_1_49' title="bbox 190 2669 1132 2721; baseline -0.006 -9"><span class='ocrx_word' id='word_1_282' title='bbox 190 2686 288 2721; x_wconf 89' lang='lat' dir='ltr'>mus,</span> <span class='ocrx_word' id='word_1_283' title='bbox 304 2673 359 2711; x_wconf 93' lang='lat' dir='ltr'>illi</span> <span class='ocrx_word' id='word_1_284' title='bbox 381 2672 561 2710; x_wconf 83' lang='lat' dir='ltr'>resistere</span> <span class='ocrx_word' id='word_1_285' title='bbox 583 2682 657 2707; x_wconf 89' lang='lat' dir='ltr'>non</span> <span class='ocrx_word' id='word_1_286' title='bbox 676 2670 826 2716; x_wconf 86' lang='lat' dir='ltr'>valens,</span> <span class='ocrx_word' id='word_1_287' title='bbox 841 2669 1018 2717; x_wconf 82' lang='lat' dir='ltr'>confugit</span> <span class='ocrx_word' id='word_1_288' title='bbox 1034 2669 1132 2707; x_wconf 87' lang='lat' dir='ltr'>Nea-</span> 
     </span>
     <span class='ocr_line' id='line_1_50' title="bbox 191 2723 1132 2778; baseline -0.007 -13"><span class='ocrx_word' id='word_1_289' title='bbox 191 2728 317 2778; x_wconf 86' lang='lat' dir='ltr'>polim.</span> <span class='ocrx_word' id='word_1_290' title='bbox 338 2725 580 2775; x_wconf 85' lang='lat' dir='ltr'>Aistulphus,</span> <span class='ocrx_word' id='word_1_291' title='bbox 600 2724 760 2762; x_wconf 87' lang='lat' dir='ltr'>subacto</span> <span class='ocrx_word' id='word_1_292' title='bbox 780 2723 1004 2768; x_wconf 80' lang='lat' dir='ltr'>exarchatu,</span> <span class='ocrx_word' id='word_1_293' title='bbox 1022 2734 1132 2759; x_wconf 87' lang='lat' dir='ltr'>arma</span> 
     </span>
     <span class='ocr_line' id='line_1_51' title="bbox 191 2776 1130 2827; baseline -0.007 -8"><span class='ocrx_word' id='word_1_294' title='bbox 191 2794 261 2819; x_wconf 86' lang='lat' dir='ltr'>sua</span> <span class='ocrx_word' id='word_1_295' title='bbox 280 2779 475 2818; x_wconf 87' lang='lat' dir='ltr'>convertit</span> <span class='ocrx_word' id='word_1_296' title='bbox 495 2779 543 2816; x_wconf 87' lang='lat' dir='ltr'>ad</span> <span class='ocrx_word' id='word_1_297' title='bbox 563 2777 830 2827; x_wconf 86' lang='lat' dir='ltr'>occupandum</span> <span class='ocrx_word' id='word_1_298' title='bbox 850 2777 1032 2814; x_wconf 87' lang='lat' dir='ltr'>ducatum</span> <span class='ocrx_word' id='word_1_299' title='bbox 1050 2776 1130 2813; x_wconf 86' lang='lat' dir='ltr'>Ro-</span> 
     </span>
     <span class='ocr_line' id='line_1_52' title="bbox 191 2829 1133 2879; baseline -0.007 -6"><span class='ocrx_word' id='word_1_300' title='bbox 191 2845 362 2879; x_wconf 88' lang='lat' dir='ltr'>manum,</span> <span class='ocrx_word' id='word_1_301' title='bbox 392 2833 588 2870; x_wconf 83' lang='lat' dir='ltr'>Romanos</span> <span class='ocrx_word' id='word_1_302' title='bbox 614 2831 728 2869; x_wconf 86' lang='lat' dir='ltr'>sicuti</span> <span class='ocrx_word' id='word_1_303' title='bbox 756 2829 1074 2878; x_wconf 86' lang='lat' dir='ltr'>Pentapolitanos</span> <span class='ocrx_word' id='word_1_304' title='bbox 1095 2832 1133 2866; x_wconf 87' lang='lat' dir='ltr'>et</span> 
     </span>
     <span class='ocr_line' id='line_1_53' title="bbox 193 2883 1133 2934; baseline -0.007 -8"><span class='ocrx_word' id='word_1_305' title='bbox 193 2889 514 2926; x_wconf 81' lang='lat' dir='ltr'>Ravennatenscs</span> <span class='ocrx_word' id='word_1_306' title='bbox 534 2885 694 2934; x_wconf 88' lang='lat' dir='ltr'>imperio</span> <span class='ocrx_word' id='word_1_307' title='bbox 709 2895 776 2922; x_wconf 92' lang='lat' dir='ltr'>suo</span> <span class='ocrx_word' id='word_1_308' title='bbox 795 2883 1029 2922; x_wconf 85' lang='lat' dir='ltr'>subdituros.</span> <span class='ocrx_word' id='word_1_309' title='bbox 1052 2883 1133 2919; x_wconf 87' lang='lat' dir='ltr'>Ste-</span> 
     </span>
     <span class='ocr_line' id='line_1_54' title="bbox 193 2937 1133 2992; baseline -0.009 -13"><span class='ocrx_word' id='word_1_310' title='bbox 193 2943 341 2992; x_wconf 83' lang='lat' dir='ltr'>phanus</span> <span class='ocrx_word' id='word_1_311' title='bbox 364 2940 430 2989; x_wconf 77' lang='lat' dir='ltr'>Pp.</span> <span class='ocrx_word' id='word_1_312' title='bbox 450 2939 483 2977; x_wconf 90' lang='lat'>11</span> <span class='ocrx_word' id='word_1_313' title='bbox 505 2951 590 2976; x_wconf 88' lang='lat' dir='ltr'>cum</span> <span class='ocrx_word' id='word_1_314' title='bbox 613 2939 660 2976; x_wconf 88' lang='lat' dir='ltr'>ad</span> <span class='ocrx_word' id='word_1_315' title='bbox 675 2937 978 2987; x_wconf 85' lang='lat' dir='ltr'>componendam</span> <span class='ocrx_word' id='word_1_316' title='bbox 999 2947 1133 2985; x_wconf 87' lang='lat' dir='ltr'>pacem</span> 
     </span>
     <span class='ocr_line' id='line_1_55' title="bbox 193 2989 1135 3034; baseline -0.007 -1"><span class='ocrx_word' id='word_1_317' title='bbox 193 2996 337 3034; x_wconf 82' lang='lat' dir='ltr'>frustra</span> <span class='ocrx_word' id='word_1_318' title='bbox 362 2994 542 3031; x_wconf 82' lang='lat' dir='ltr'>hortatus</span> <span class='ocrx_word' id='word_1_319' title='bbox 570 2995 639 3030; x_wconf 83' lang='lat' dir='ltr'>cst.</span> <span class='ocrx_word' id='word_1_320' title='bbox 661 2992 826 3029; x_wconf 84' lang='lat' dir='ltr'>Frustra</span> <span class='ocrx_word' id='word_1_321' title='bbox 849 2990 965 3029; x_wconf 88' lang='lat' dir='ltr'>ctiam</span> <span class='ocrx_word' id='word_1_322' title='bbox 986 2989 1135 3028; x_wconf 83' lang='lat' dir='ltr'>litteras</span> 
     </span>
    </p>
   </div>
   <div class='ocr_carea' id='block_1_3' title="bbox 197 3064 1134 3211">
    <p class='ocr_par' dir='ltr' id='par_1_5' title="bbox 197 3064 1134 3211">
     <span class='ocr_line' id='line_1_56' title="bbox 197 3064 1134 3147; baseline -0.007 -27"><span class='ocrx_word' id='word_1_323' title='bbox 197 3066 249 3143; x_wconf 45' lang='lat' dir='ltr'>--l</span> <span class='ocrx_word' id='word_1_324' title='bbox 263 3064 467 3147; x_wconf 30' lang='lat' dir='ltr'>&#39;lbofflsstiiip</span> <span class='ocrx_word' id='word_1_325' title='bbox 491 3087 551 3117; x_wconf 75' lang='lat' dir='ltr'>Vel.</span> <span class='ocrx_word' id='word_1_326' title='bbox 569 3088 598 3117; x_wconf 83' lang='lat' dir='ltr'>el</span> <span class='ocrx_word' id='word_1_327' title='bbox 615 3096 683 3118; x_wconf 70' lang='grc' dir='ltr'>που.</span> <span class='ocrx_word' id='word_1_328' title='bbox 706 3085 780 3118; x_wconf 86' lang='lat' dir='ltr'>eccl.</span> <span class='ocrx_word' id='word_1_329' title='bbox 803 3084 926 3125; x_wconf 77' lang='lat' dir='ltr'>discipl.</span> <span class='ocrx_word' id='word_1_330' title='bbox 952 3093 1015 3124; x_wconf 86' lang='lat' dir='ltr'>par.</span> <span class='ocrx_word' id='word_1_331' title='bbox 1035 3084 1056 3120; x_wconf 90' lang='grc'>1,</span> <span class='ocrx_word' id='word_1_332' title='bbox 1075 3084 1091 3113; x_wconf 57' lang='grc' dir='ltr'>1Α</span> <span class='ocrx_word' id='word_1_333' title='bbox 1109 3082 1134 3113; x_wconf 82' lang='grc'>3.</span> 
     </span>
     <span class='ocr_line' id='line_1_57' title="bbox 267 3129 460 3211; baseline -0.004 -9.138"><span class='ocrx_word' id='word_1_334' title='bbox 267 3131 330 3201; x_wconf 54' lang='lat' dir='ltr'>izi·</span> <span class='ocrx_word' id='word_1_335' title='bbox 347 3139 373 3211; x_wconf 55' lang='grc' dir='ltr'>ις,</span> <span class='ocrx_word' id='word_1_336' title='bbox 394 3129 460 3201; x_wconf 58' lang='lat' dir='ltr'>a:</span> 
     </span>
    </p>
   </div>
   <div class='ocr_carea' id='block_1_4' title="bbox 704 87 1600 120">
    <p class='ocr_par' dir='ltr' id='par_1_6' title="bbox 704 87 1600 120">
     <span class='ocr_line' id='line_1_58' title="bbox 704 87 1600 120; baseline 0 -3"><span class='ocrx_word' id='word_1_337' title='bbox 704 91 863 118; x_wconf 77' lang='lat' dir='ltr'>EPOCHA</span> <span class='ocrx_word' id='word_1_338' title='bbox 893 90 932 116; x_wconf 82' lang='lat' dir='ltr'>V.</span> <span class='ocrx_word' id='word_1_339' title='bbox 961 89 987 115; x_wconf 85' lang='grc' dir='ltr'><strong>Α</strong></span> <span class='ocrx_word' id='word_1_340' title='bbox 1014 87 1376 120; x_wconf 73' lang='lat' dir='ltr'>PsEvDOPROPHE&#39;rA</span> <span class='ocrx_word' id='word_1_341' title='bbox 1404 90 1600 117; x_wconf 83' lang='lat' dir='ltr'><strong>MAHOMET</strong></span> 
     </span>
    </p>
   </div>
   <div class='ocr_carea' id='block_1_5' title="bbox 1161 155 2137 1649">
    <p class='ocr_par' dir='ltr' id='par_1_7' title="bbox 1161 155 2137 1488">
     <span class='ocr_line' id='line_1_59' title="bbox 1161 155 2111 207; baseline 0.004 -15"><span class='ocrx_word' id='word_1_342' title='bbox 1161 155 1319 204; x_wconf 87' lang='lat' dir='ltr'>scripsit</span> <span class='ocrx_word' id='word_1_343' title='bbox 1339 155 1389 193; x_wconf 89' lang='lat' dir='ltr'>ad</span> <span class='ocrx_word' id='word_1_344' title='bbox 1409 155 1708 194; x_wconf 89' lang='lat' dir='ltr'>Constantinum</span> <span class='ocrx_word' id='word_1_345' title='bbox 1725 157 2027 207; x_wconf 83' lang='lat' dir='ltr'>Copronymum,</span> <span class='ocrx_word' id='word_1_346' title='bbox 2045 158 2111 206; x_wconf 90' lang='lat' dir='ltr'>qui</span> 
     </span>
     <span class='ocr_line' id='line_1_60' title="bbox 1164 208 2112 260; baseline 0.004 -15"><span class='ocrx_word' id='word_1_347' title='bbox 1164 219 1263 246; x_wconf 87' lang='lat' dir='ltr'>anno</span> <span class='ocrx_word' id='word_1_348' title='bbox 1283 208 1357 245; x_wconf 85' lang='grc'>741</span> <span class='ocrx_word' id='word_1_349' title='bbox 1375 208 1476 257; x_wconf 89' lang='lat' dir='ltr'>patri</span> <span class='ocrx_word' id='word_1_350' title='bbox 1497 220 1566 246; x_wconf 87' lang='lat' dir='ltr'>suo</span> <span class='ocrx_word' id='word_1_351' title='bbox 1587 210 1710 247; x_wconf 90' lang='lat' dir='ltr'>Leoni</span> <span class='ocrx_word' id='word_1_352' title='bbox 1729 210 1767 247; x_wconf 83' lang='lat' dir='ltr'>in</span> <span class='ocrx_word' id='word_1_353' title='bbox 1787 211 1950 260; x_wconf 87' lang='lat' dir='ltr'>imperio</span> <span class='ocrx_word' id='word_1_354' title='bbox 1971 222 2112 260; x_wconf 87' lang='lat' dir='ltr'>graeco</span> 
     </span>
     <span class='ocr_line' id='line_1_61' title="bbox 1162 261 2114 311; baseline 0.004 -13"><span class='ocrx_word' id='word_1_355' title='bbox 1162 264 1202 299; x_wconf 90' lang='lat' dir='ltr'>et</span> <span class='ocrx_word' id='word_1_356' title='bbox 1221 261 1260 298; x_wconf 91' lang='lat' dir='ltr'>in</span> <span class='ocrx_word' id='word_1_357' title='bbox 1281 261 1554 299; x_wconf 88' lang='lat' dir='ltr'>iconoclastica</span> <span class='ocrx_word' id='word_1_358' title='bbox 1573 262 1772 311; x_wconf 87' lang='lat' dir='ltr'>impietate</span> <span class='ocrx_word' id='word_1_359' title='bbox 1787 266 2048 310; x_wconf 88' lang='lat' dir='ltr'>successerat,</span> <span class='ocrx_word' id='word_1_360' title='bbox 2068 266 2114 302; x_wconf 78' lang='lat' dir='ltr'>ut</span> 
     </span>
     <span class='ocr_line' id='line_1_62' title="bbox 1161 314 2112 367; baseline 0.004 -16"><span class='ocrx_word' id='word_1_361' title='bbox 1161 314 1381 363; x_wconf 89' lang='lat' dir='ltr'>provincias</span> <span class='ocrx_word' id='word_1_362' title='bbox 1394 314 1549 352; x_wconf 89' lang='lat' dir='ltr'>Italicas</span> <span class='ocrx_word' id='word_1_363' title='bbox 1567 316 1614 353; x_wconf 86' lang='lat' dir='ltr'>ab</span> <span class='ocrx_word' id='word_1_364' title='bbox 1630 317 1881 365; x_wconf 87' lang='lat' dir='ltr'>occupatione</span> <span class='ocrx_word' id='word_1_365' title='bbox 1893 318 2112 367; x_wconf 84' lang='lat' dir='ltr'>Longobar-</span> 
     </span>
     <span class='ocr_line' id='line_1_63' title="bbox 1163 366 2112 420; baseline 0.004 -16"><span class='ocrx_word' id='word_1_366' title='bbox 1163 368 1300 405; x_wconf 88' lang='lat' dir='ltr'>dorum</span> <span class='ocrx_word' id='word_1_367' title='bbox 1328 366 1590 407; x_wconf 76' lang='lat' dir='ltr'>defenderet1.</span> <span class='ocrx_word' id='word_1_368' title='bbox 1611 370 1830 418; x_wconf 87' lang='lat' dir='ltr'>Imperator</span> <span class='ocrx_word' id='word_1_369' title='bbox 1849 383 1899 409; x_wconf 90' lang='lat' dir='ltr'>ss.</span> <span class='ocrx_word' id='word_1_370' title='bbox 1920 371 2112 420; x_wconf 85' lang='lat' dir='ltr'>Imagini-</span> 
     </span>
     <span class='ocr_line' id='line_1_64' title="bbox 1162 421 2137 474; baseline 0.003 -16"><span class='ocrx_word' id='word_1_371' title='bbox 1162 421 1232 458; x_wconf 91' lang='lat' dir='ltr'>bus</span> <span class='ocrx_word' id='word_1_372' title='bbox 1247 432 1460 470; x_wconf 89' lang='lat' dir='ltr'>earumque</span> <span class='ocrx_word' id='word_1_373' title='bbox 1472 421 1754 470; x_wconf 83' lang='lat' dir='ltr'>defensoribus,</span> <span class='ocrx_word' id='word_1_374' title='bbox 1767 435 1882 471; x_wconf 88' lang='lat' dir='ltr'>quam</span> <span class='ocrx_word' id='word_1_375' title='bbox 1894 425 2113 474; x_wconf 82' lang='lat' dir='ltr'>Longobar-</span> <span class='ocrx_word' id='word_1_376' title='bbox 2133 461 2137 466; x_wconf 85' lang='grc'><strong><em>,</em></strong></span> 
     </span>
     <span class='ocr_line' id='line_1_65' title="bbox 1162 474 2111 527; baseline 0.003 -16"><span class='ocrx_word' id='word_1_377' title='bbox 1162 475 1219 512; x_wconf 88' lang='lat' dir='ltr'>dis</span> <span class='ocrx_word' id='word_1_378' title='bbox 1235 474 1379 512; x_wconf 88' lang='lat' dir='ltr'>bellum</span> <span class='ocrx_word' id='word_1_379' title='bbox 1399 474 1568 513; x_wconf 90' lang='lat' dir='ltr'>indicere</span> <span class='ocrx_word' id='word_1_380' title='bbox 1585 475 1735 513; x_wconf 88' lang='lat' dir='ltr'>maluit.</span> <span class='ocrx_word' id='word_1_381' title='bbox 1754 476 1998 527; x_wconf 86' lang='lat' dir='ltr'>Quapropter</span> <span class='ocrx_word' id='word_1_382' title='bbox 2009 477 2111 514; x_wconf 88' lang='lat' dir='ltr'>Pon-</span> 
     </span>
     <span class='ocr_line' id='line_1_66' title="bbox 1161 527 2110 578; baseline 0.003 -13"><span class='ocrx_word' id='word_1_383' title='bbox 1161 527 1259 565; x_wconf 85' lang='lat' dir='ltr'>tifex</span> <span class='ocrx_word' id='word_1_384' title='bbox 1287 528 1526 566; x_wconf 88' lang='lat' dir='ltr'>Francorum</span> <span class='ocrx_word' id='word_1_385' title='bbox 1549 540 1662 577; x_wconf 89' lang='lat' dir='ltr'>opem</span> <span class='ocrx_word' id='word_1_386' title='bbox 1689 529 1916 578; x_wconf 87' lang='lat' dir='ltr'>imploravit</span> <span class='ocrx_word' id='word_1_387' title='bbox 1944 531 2046 568; x_wconf 88' lang='lat' dir='ltr'>datis</span> <span class='ocrx_word' id='word_1_388' title='bbox 2062 531 2110 568; x_wconf 87' lang='lat' dir='ltr'>ad</span> 
     </span>
     <span class='ocr_line' id='line_1_67' title="bbox 1163 581 2111 634; baseline 0.004 -16"><span class='ocrx_word' id='word_1_389' title='bbox 1163 581 1274 630; x_wconf 85' lang='lat' dir='ltr'>Pipin</span> <span class='ocrx_word' id='word_1_390' title='bbox 1282 593 1345 619; x_wconf 91' lang='lat' dir='ltr'>um</span> <span class='ocrx_word' id='word_1_391' title='bbox 1364 593 1494 631; x_wconf 80' lang='lat' dir='ltr'>regem</span> <span class='ocrx_word' id='word_1_392' title='bbox 1507 582 1660 620; x_wconf 89' lang='lat' dir='ltr'>litteris.</span> <span class='ocrx_word' id='word_1_393' title='bbox 1671 582 1789 620; x_wconf 87' lang='lat' dir='ltr'>Brevi</span> <span class='ocrx_word' id='word_1_394' title='bbox 1805 586 1890 632; x_wconf 89' lang='lat' dir='ltr'>post</span> <span class='ocrx_word' id='word_1_395' title='bbox 1907 582 1988 634; x_wconf 90' lang='lat' dir='ltr'>(an.</span> <span class='ocrx_word' id='word_1_396' title='bbox 2000 583 2111 632; x_wconf 87' lang='lat'>753),</span> 
     </span>
     <span class='ocr_line' id='line_1_68' title="bbox 1163 634 2115 685; baseline 0.001 -13"><span class='ocrx_word' id='word_1_397' title='bbox 1163 637 1205 672; x_wconf 90' lang='lat' dir='ltr'>ut</span> <span class='ocrx_word' id='word_1_398' title='bbox 1216 634 1337 672; x_wconf 84' lang='lat' dir='ltr'>refert</span> <span class='ocrx_word' id='word_1_399' title='bbox 1348 635 1466 672; x_wconf 87' lang='lat' dir='ltr'>Liber</span> <span class='ocrx_word' id='word_1_400' title='bbox 1478 635 1730 682; x_wconf 88' lang='lat' dir='ltr'>Pontificalis,</span> <span class='ocrx_word' id='word_1_401' title='bbox 1740 636 1900 674; x_wconf 77' lang='lat' dir='ltr'>Christo</span> <span class='ocrx_word' id='word_1_402' title='bbox 1911 636 2115 685; x_wconf 38' lang='lat' dir='ltr'>praevio&amp;</span> 
     </span>
     <span class='ocr_line' id='line_1_69' title="bbox 1163 688 2115 739; baseline 0.001 -14"><span class='ocrx_word' id='word_1_403' title='bbox 1163 688 1298 736; x_wconf 88' lang='lat' dir='ltr'>ipsein</span> <span class='ocrx_word' id='word_1_404' title='bbox 1328 689 1497 726; x_wconf 84' lang='lat' dir='ltr'>Galliam</span> <span class='ocrx_word' id='word_1_405' title='bbox 1516 689 1592 726; x_wconf 91' lang='lat' dir='ltr'>iter</span> <span class='ocrx_word' id='word_1_406' title='bbox 1610 689 1794 738; x_wconf 88' lang='lat' dir='ltr'>suscepit,</span> <span class='ocrx_word' id='word_1_407' title='bbox 1820 692 1864 727; x_wconf 89' lang='lat' dir='ltr'>ut</span> <span class='ocrx_word' id='word_1_408' title='bbox 1893 701 1983 727; x_wconf 89' lang='lat' dir='ltr'>cum</span> <span class='ocrx_word' id='word_1_409' title='bbox 2001 689 2115 739; x_wconf 91' lang='lat' dir='ltr'>Pipi-</span> 
     </span>
     <span class='ocr_line' id='line_1_70' title="bbox 1163 741 2115 791; baseline 0.001 -12"><span class='ocrx_word' id='word_1_410' title='bbox 1163 754 1210 779; x_wconf 90' lang='lat' dir='ltr'>no</span> <span class='ocrx_word' id='word_1_411' title='bbox 1235 743 1370 779; x_wconf 89' lang='lat' dir='ltr'>eadem</span> <span class='ocrx_word' id='word_1_412' title='bbox 1397 743 1444 779; x_wconf 90' lang='lat' dir='ltr'>de</span> <span class='ocrx_word' id='word_1_413' title='bbox 1462 754 1502 779; x_wconf 88' lang='lat' dir='ltr'>re</span> <span class='ocrx_word' id='word_1_414' title='bbox 1519 741 1688 791; x_wconf 45' lang='lat' dir='ltr'>ageret?</span> <span class='ocrx_word' id='word_1_415' title='bbox 1709 743 1872 791; x_wconf 89' lang='lat' dir='ltr'>Pipinus</span> <span class='ocrx_word' id='word_1_416' title='bbox 1904 742 2115 780; x_wconf 85' lang='lat' dir='ltr'>honorifice</span> 
     </span>
     <span class='ocr_line' id='line_1_71' title="bbox 1164 795 2114 845; baseline 0.002 -13"><span class='ocrx_word' id='word_1_417' title='bbox 1164 795 1390 833; x_wconf 87' lang='lat' dir='ltr'>Pontificem</span> <span class='ocrx_word' id='word_1_418' title='bbox 1410 796 1580 844; x_wconf 86' lang='lat' dir='ltr'>excepit,</span> <span class='ocrx_word' id='word_1_419' title='bbox 1608 808 1726 845; x_wconf 89' lang='lat' dir='ltr'>seque</span> <span class='ocrx_word' id='word_1_420' title='bbox 1747 796 1784 833; x_wconf 92' lang='lat' dir='ltr'>in</span> <span class='ocrx_word' id='word_1_421' title='bbox 1815 798 2010 834; x_wconf 86' lang='lat' dir='ltr'>conventu</span> <span class='ocrx_word' id='word_1_422' title='bbox 2034 796 2114 834; x_wconf 88' lang='lat' dir='ltr'>Ca-</span> 
     </span>
     <span class='ocr_line' id='line_1_72' title="bbox 1164 849 2114 898; baseline 0 -12"><span class='ocrx_word' id='word_1_423' title='bbox 1164 849 1306 896; x_wconf 90' lang='lat' dir='ltr'>risiaci,</span> <span class='ocrx_word' id='word_1_424' title='bbox 1318 850 1448 887; x_wconf 89' lang='lat' dir='ltr'>habito</span> <span class='ocrx_word' id='word_1_425' title='bbox 1468 850 1516 887; x_wconf 88' lang='lat' dir='ltr'>ad</span> <span class='ocrx_word' id='word_1_426' title='bbox 1538 850 1684 887; x_wconf 86' lang='lat' dir='ltr'>Iseram</span> <span class='ocrx_word' id='word_1_427' title='bbox 1701 861 1818 898; x_wconf 90' lang='lat' dir='ltr'>prope</span> <span class='ocrx_word' id='word_1_428' title='bbox 1836 849 2114 888; x_wconf 89' lang='lat' dir='ltr'>Noviodunum</span> 
     </span>
     <span class='ocr_line' id='line_1_73' title="bbox 1165 902 2115 949; baseline 0.001 -10"><span class='ocrx_word' id='word_1_429' title='bbox 1165 902 1204 939; x_wconf 93' lang='lat' dir='ltr'>in</span> <span class='ocrx_word' id='word_1_430' title='bbox 1233 903 1465 941; x_wconf 89' lang='lat' dir='ltr'>monasterio</span> <span class='ocrx_word' id='word_1_431' title='bbox 1494 903 1731 949; x_wconf 86' lang='lat' dir='ltr'>Britauiaco,</span> <span class='ocrx_word' id='word_1_432' title='bbox 1751 904 1801 941; x_wconf 82' lang='lat' dir='ltr'>ad</span> <span class='ocrx_word' id='word_1_433' title='bbox 1830 903 2115 941; x_wconf 86' lang='lat' dir='ltr'>defendendam</span> 
     </span>
     <span class='ocr_line' id='line_1_74' title="bbox 1166 956 2116 1006; baseline 0 -13"><span class='ocrx_word' id='word_1_434' title='bbox 1166 957 1209 994; x_wconf 88' lang='grc' dir='ltr'>Β.</span> <span class='ocrx_word' id='word_1_435' title='bbox 1232 956 1339 994; x_wconf 89' lang='lat' dir='ltr'>Petri</span> <span class='ocrx_word' id='word_1_436' title='bbox 1369 960 1408 994; x_wconf 91' lang='lat' dir='ltr'>et</span> <span class='ocrx_word' id='word_1_437' title='bbox 1436 957 1603 994; x_wconf 83' lang='lat' dir='ltr'>Romani</span> <span class='ocrx_word' id='word_1_438' title='bbox 1632 956 1762 1006; x_wconf 88' lang='lat' dir='ltr'>populi</span> <span class='ocrx_word' id='word_1_439' title='bbox 1791 968 1949 995; x_wconf 89' lang='lat' dir='ltr'>causam</span> <span class='ocrx_word' id='word_1_440' title='bbox 1977 957 2116 993; x_wconf 86' lang='lat' dir='ltr'>contra</span> 
     </span>
     <span class='ocr_line' id='line_1_75' title="bbox 1166 1009 2115 1058; baseline 0.001 -12"><span class='ocrx_word' id='word_1_441' title='bbox 1166 1010 1509 1058; x_wconf 83' lang='lat' dir='ltr'>Longobardorum</span> <span class='ocrx_word' id='word_1_442' title='bbox 1537 1022 1648 1048; x_wconf 89' lang='lat' dir='ltr'>arma</span> <span class='ocrx_word' id='word_1_443' title='bbox 1676 1010 1929 1048; x_wconf 86' lang='lat' dir='ltr'>iureiurando</span> <span class='ocrx_word' id='word_1_444' title='bbox 1946 1009 2115 1048; x_wconf 90' lang='lat' dir='ltr'>obstrin-</span> 
     </span>
     <span class='ocr_line' id='line_1_76' title="bbox 1167 1063 2114 1113; baseline 0 -13"><span class='ocrx_word' id='word_1_445' title='bbox 1167 1064 1237 1101; x_wconf 88' lang='lat' dir='ltr'>xit.</span> <span class='ocrx_word' id='word_1_446' title='bbox 1258 1064 1478 1113; x_wconf 87' lang='lat' dir='ltr'>Stephanus</span> <span class='ocrx_word' id='word_1_447' title='bbox 1497 1063 1667 1102; x_wconf 83' lang='lat' dir='ltr'>vicissim</span> <span class='ocrx_word' id='word_1_448' title='bbox 1683 1063 1864 1113; x_wconf 88' lang='lat' dir='ltr'>Pipinum</span> <span class='ocrx_word' id='word_1_449' title='bbox 1884 1063 2043 1113; x_wconf 86' lang='lat' dir='ltr'>eiusque</span> <span class='ocrx_word' id='word_1_450' title='bbox 2064 1063 2114 1100; x_wconf 90' lang='lat' dir='ltr'>fi-</span> 
     </span>
     <span class='ocr_line' id='line_1_77' title="bbox 1168 1117 2116 1167; baseline 0 -13"><span class='ocrx_word' id='word_1_451' title='bbox 1168 1117 1250 1163; x_wconf 91' lang='lat' dir='ltr'>lios,</span> <span class='ocrx_word' id='word_1_452' title='bbox 1271 1118 1450 1155; x_wconf 90' lang='lat' dir='ltr'>Carolum</span> <span class='ocrx_word' id='word_1_453' title='bbox 1466 1121 1506 1155; x_wconf 89' lang='lat' dir='ltr'>et</span> <span class='ocrx_word' id='word_1_454' title='bbox 1521 1118 1860 1164; x_wconf 87' lang='lat' dir='ltr'>Carolomannum,</span> <span class='ocrx_word' id='word_1_455' title='bbox 1875 1129 1988 1167; x_wconf 84' lang='lat' dir='ltr'>reges</span> <span class='ocrx_word' id='word_1_456' title='bbox 2002 1117 2116 1154; x_wconf 91' lang='lat' dir='ltr'>inun-</span> 
     </span>
     <span class='ocr_line' id='line_1_78' title="bbox 1167 1170 2115 1220; baseline -0.001 -12"><span class='ocrx_word' id='word_1_457' title='bbox 1167 1171 1238 1215; x_wconf 83' lang='lat' dir='ltr'>xit,</span> <span class='ocrx_word' id='word_1_458' title='bbox 1259 1173 1299 1208; x_wconf 92' lang='lat' dir='ltr'>et</span> <span class='ocrx_word' id='word_1_459' title='bbox 1319 1171 1497 1220; x_wconf 91' lang='lat' dir='ltr'>Pipinum</span> <span class='ocrx_word' id='word_1_460' title='bbox 1528 1172 1687 1220; x_wconf 84' lang='lat' dir='ltr'>eiusque</span> <span class='ocrx_word' id='word_1_461' title='bbox 1708 1182 1971 1217; x_wconf 86' lang='lat' dir='ltr'>successores,</span> <span class='ocrx_word' id='word_1_462' title='bbox 1991 1170 2115 1208; x_wconf 89' lang='lat' dir='ltr'>colla-</span> 
     </span>
     <span class='ocr_line' id='line_1_79' title="bbox 1167 1223 2136 1273; baseline -0.001 -11"><span class='ocrx_word' id='word_1_463' title='bbox 1167 1227 1209 1262; x_wconf 89' lang='lat' dir='ltr'>ta</span> <span class='ocrx_word' id='word_1_464' title='bbox 1228 1224 1274 1262; x_wconf 90' lang='lat' dir='ltr'>iis</span> <span class='ocrx_word' id='word_1_465' title='bbox 1294 1225 1522 1273; x_wconf 84' lang='lat' dir='ltr'>patriciatus</span> <span class='ocrx_word' id='word_1_466' title='bbox 1546 1225 1697 1262; x_wconf 88' lang='lat' dir='ltr'>romani</span> <span class='ocrx_word' id='word_1_467' title='bbox 1725 1225 1938 1273; x_wconf 84' lang='lat' dir='ltr'>dignitate,</span> <span class='ocrx_word' id='word_1_468' title='bbox 1966 1224 2015 1262; x_wconf 80' lang='lat' dir='ltr'>R.</span> <span class='ocrx_word' id='word_1_469' title='bbox 2036 1223 2136 1272; x_wconf 58' lang='lat' dir='ltr'>Ec-,</span> 
     </span>
     <span class='ocr_line' id='line_1_80' title="bbox 1168 1276 2115 1316; baseline -0.002 -1"><span class='ocrx_word' id='word_1_470' title='bbox 1168 1278 1308 1316; x_wconf 89' lang='lat' dir='ltr'>clesiae</span> <span class='ocrx_word' id='word_1_471' title='bbox 1329 1281 1367 1315; x_wconf 87' lang='lat' dir='ltr'>et</span> <span class='ocrx_word' id='word_1_472' title='bbox 1388 1279 1493 1315; x_wconf 85' lang='lat' dir='ltr'>urbis</span> <span class='ocrx_word' id='word_1_473' title='bbox 1514 1278 1736 1316; x_wconf 83' lang='lat' dir='ltr'>defensores</span> <span class='ocrx_word' id='word_1_474' title='bbox 1755 1278 1929 1316; x_wconf 87' lang='lat' dir='ltr'>instituit</span> <span class='ocrx_word' id='word_1_475' title='bbox 1948 1280 1974 1315; x_wconf 67' lang='lat'>⁶¹.</span> <span class='ocrx_word' id='word_1_476' title='bbox 1996 1276 2115 1314; x_wconf 89' lang='lat' dir='ltr'>Prae-</span> 
     </span>
     <span class='ocr_line' id='line_1_81' title="bbox 1169 1331 2115 1381; baseline -0.002 -12"><span class='ocrx_word' id='word_1_477' title='bbox 1169 1335 1279 1369; x_wconf 85' lang='lat' dir='ltr'>terea</span> <span class='ocrx_word' id='word_1_478' title='bbox 1310 1333 1358 1369; x_wconf 90' lang='lat' dir='ltr'>ad</span> <span class='ocrx_word' id='word_1_479' title='bbox 1388 1332 1543 1370; x_wconf 86' lang='lat' dir='ltr'>diversa</span> <span class='ocrx_word' id='word_1_480' title='bbox 1572 1332 1798 1381; x_wconf 87' lang='lat' dir='ltr'>disciplinae</span> <span class='ocrx_word' id='word_1_481' title='bbox 1827 1331 2115 1370; x_wconf 87' lang='lat' dir='ltr'>ecclesiasticae</span> 
     </span>
     <span class='ocr_line' id='line_1_82' title="bbox 1171 1384 2115 1434; baseline -0.001 -12"><span class='ocrx_word' id='word_1_482' title='bbox 1171 1386 1309 1434; x_wconf 89' lang='lat' dir='ltr'>capita,</span> <span class='ocrx_word' id='word_1_483' title='bbox 1344 1385 1391 1422; x_wconf 90' lang='lat' dir='ltr'>de</span> <span class='ocrx_word' id='word_1_484' title='bbox 1426 1385 1693 1431; x_wconf 89' lang='lat' dir='ltr'>matrimonio,</span> <span class='ocrx_word' id='word_1_485' title='bbox 1727 1386 1919 1434; x_wconf 89' lang='lat' dir='ltr'>baptismo</span> <span class='ocrx_word' id='word_1_486' title='bbox 1953 1387 1993 1422; x_wconf 91' lang='lat' dir='ltr'>et</span> <span class='ocrx_word' id='word_1_487' title='bbox 2013 1384 2115 1422; x_wconf 84' lang='lat' dir='ltr'>clero</span> 
     </span>
     <span class='ocr_line' id='line_1_83' title="bbox 1171 1438 1732 1488; baseline 0 -12"><span class='ocrx_word' id='word_1_488' title='bbox 1171 1439 1242 1477; x_wconf 88' lang='lat' dir='ltr'>sibi</span> <span class='ocrx_word' id='word_1_489' title='bbox 1261 1439 1469 1488; x_wconf 87' lang='lat' dir='ltr'>proposita,</span> <span class='ocrx_word' id='word_1_490' title='bbox 1488 1439 1684 1488; x_wconf 87' lang='lat' dir='ltr'>respondit</span> <span class='ocrx_word' id='word_1_491' title='bbox 1706 1438 1732 1476; x_wconf 87' lang='lat'>⁵.</span> 
     </span>
    </p>

    <p class='ocr_par' dir='ltr' id='par_1_8' title="bbox 1172 1491 2124 1649">
     <span class='ocr_line' id='line_1_84' title="bbox 1223 1491 2124 1541; baseline -0.001 -12"><span class='ocrx_word' id='word_1_492' title='bbox 1223 1495 1335 1530; x_wconf 86' lang='lat' dir='ltr'>Anno</span> <span class='ocrx_word' id='word_1_493' title='bbox 1364 1492 1440 1530; x_wconf 78' lang='lat'>754</span> <span class='ocrx_word' id='word_1_494' title='bbox 1460 1492 1620 1541; x_wconf 89' lang='lat' dir='ltr'>Pipinus</span> <span class='ocrx_word' id='word_1_495' title='bbox 1634 1522 1643 1538; x_wconf 95' lang='lat'>,</span> <span class='ocrx_word' id='word_1_496' title='bbox 1664 1504 1754 1530; x_wconf 89' lang='lat' dir='ltr'>cum</span> <span class='ocrx_word' id='word_1_497' title='bbox 1776 1491 2025 1541; x_wconf 90' lang='lat' dir='ltr'>Aistulphum</span> <span class='ocrx_word' id='word_1_498' title='bbox 2053 1501 2124 1539; x_wconf 90' lang='lat' dir='ltr'>per</span> 
     </span>
     <span class='ocr_line' id='line_1_85' title="bbox 1172 1545 2122 1595; baseline -0.001 -12"><span class='ocrx_word' id='word_1_499' title='bbox 1172 1547 1322 1595; x_wconf 83' lang='lat' dir='ltr'>legatos</span> <span class='ocrx_word' id='word_1_500' title='bbox 1343 1545 1489 1584; x_wconf 86' lang='lat' dir='ltr'>frustra</span> <span class='ocrx_word' id='word_1_501' title='bbox 1507 1546 1819 1595; x_wconf 86' lang='lat' dir='ltr'>interpellasset,</span> <span class='ocrx_word' id='word_1_502' title='bbox 1845 1548 1890 1583; x_wconf 90' lang='lat' dir='ltr'>ut</span> <span class='ocrx_word' id='word_1_503' title='bbox 1909 1556 2122 1594; x_wconf 87' lang='lat' dir='ltr'>quaecum-</span> 
     </span>
     <span class='ocr_line' id='line_1_86' title="bbox 1172 1599 2123 1649; baseline 0.001 -14"><span class='ocrx_word' id='word_1_504' title='bbox 1172 1612 1248 1649; x_wconf 80' lang='lat' dir='ltr'>que</span> <span class='ocrx_word' id='word_1_505' title='bbox 1268 1600 1307 1636; x_wconf 88' lang='lat' dir='ltr'>in</span> <span class='ocrx_word' id='word_1_506' title='bbox 1329 1600 1543 1638; x_wconf 82' lang='lat' dir='ltr'>exarchatu</span> <span class='ocrx_word' id='word_1_507' title='bbox 1565 1602 1681 1649; x_wconf 89' lang='lat' dir='ltr'>atque</span> <span class='ocrx_word' id='word_1_508' title='bbox 1707 1599 1914 1648; x_wconf 86' lang='lat' dir='ltr'>Pentapoli</span> <span class='ocrx_word' id='word_1_509' title='bbox 1933 1609 2123 1648; x_wconf 85' lang='lat' dir='ltr'>occupas·-</span> 
     </span>
    </p>
   </div>
   <div class='ocr_carea' id='block_1_6' title="bbox 1173 1736 2133 3198">
    <p class='ocr_par' dir='ltr' id='par_1_9' title="bbox 1173 1736 2128 2152">
     <span class='ocr_line' id='line_1_87' title="bbox 1215 1736 2122 1779; baseline -0.006 -8"><span class='ocrx_word' id='word_1_510' title='bbox 1215 1744 1224 1764; x_wconf 93' lang='lat'><strong>¹</strong></span> <span class='ocrx_word' id='word_1_511' title='bbox 1247 1742 1445 1774; x_wconf 81' lang='lat' dir='ltr'>«Dilucidum</span> <span class='ocrx_word' id='word_1_512' title='bbox 1469 1741 1517 1772; x_wconf 87' lang='lat' dir='ltr'>hic</span> <span class='ocrx_word' id='word_1_513' title='bbox 1541 1743 1588 1771; x_wconf 88' lang='lat' dir='ltr'>est</span> <span class='ocrx_word' id='word_1_514' title='bbox 1611 1740 1703 1779; x_wconf 87' lang='lat' dir='ltr'>plane</span> <span class='ocrx_word' id='word_1_515' title='bbox 1718 1764 1725 1777; x_wconf 88' lang='lat'>,</span> <span class='ocrx_word' id='word_1_516' title='bbox 1748 1738 1857 1770; x_wconf 83' lang='lat' dir='ltr'>scribit</span> <span class='ocrx_word' id='word_1_517' title='bbox 1878 1736 2122 1774; x_wconf 65' lang='lat' dir='ltr'>Thomassinus„</span> 
     </span>
     <span class='ocr_line' id='line_1_88' title="bbox 1174 1780 2125 1825; baseline -0.008 -9"><span class='ocrx_word' id='word_1_518' title='bbox 1174 1795 1268 1825; x_wconf 86' lang='lat' dir='ltr'>penes</span> <span class='ocrx_word' id='word_1_519' title='bbox 1285 1787 1399 1824; x_wconf 81' lang='lat' dir='ltr'>Papam</span> <span class='ocrx_word' id='word_1_520' title='bbox 1415 1784 1508 1814; x_wconf 79' lang='lat' dir='ltr'>fuisse</span> <span class='ocrx_word' id='word_1_521' title='bbox 1525 1791 1674 1814; x_wconf 88' lang='lat' dir='ltr'>summam</span> <span class='ocrx_word' id='word_1_522' title='bbox 1690 1781 1991 1812; x_wconf 81' lang='lat' dir='ltr'>administrationem</span> <span class='ocrx_word' id='word_1_523' title='bbox 2008 1780 2125 1810; x_wconf 82' lang='lat' dir='ltr'>Romae</span> 
     </span>
     <span class='ocr_line' id='line_1_89' title="bbox 1173 1820 2128 1865; baseline -0.008 -7"><span class='ocrx_word' id='word_1_524' title='bbox 1173 1834 1203 1859; x_wconf 88' lang='lat' dir='ltr'>et</span> <span class='ocrx_word' id='word_1_525' title='bbox 1219 1828 1420 1864; x_wconf 83' lang='lat' dir='ltr'>Exarchatus,</span> <span class='ocrx_word' id='word_1_526' title='bbox 1437 1827 1537 1865; x_wconf 89' lang='lat' dir='ltr'>ipsum</span> <span class='ocrx_word' id='word_1_527' title='bbox 1550 1825 1636 1863; x_wconf 86' lang='lat' dir='ltr'>pacis</span> <span class='ocrx_word' id='word_1_528' title='bbox 1651 1823 1779 1854; x_wconf 83' lang='lat' dir='ltr'>foedera</span> <span class='ocrx_word' id='word_1_529' title='bbox 1794 1822 1946 1859; x_wconf 79' lang='lat' dir='ltr'>sanxisse,</span> <span class='ocrx_word' id='word_1_530' title='bbox 1962 1820 2056 1851; x_wconf 88' lang='lat' dir='ltr'>bellis</span> <span class='ocrx_word' id='word_1_531' title='bbox 2071 1820 2128 1851; x_wconf 92' lang='lat' dir='ltr'>ob-</span> 
     </span>
     <span class='ocr_line' id='line_1_90' title="bbox 1174 1863 2125 1906; baseline -0.008 -6"><span class='ocrx_word' id='word_1_532' title='bbox 1174 1871 1286 1906; x_wconf 84' lang='lat' dir='ltr'>viasse,</span> <span class='ocrx_word' id='word_1_533' title='bbox 1304 1868 1395 1899; x_wconf 84' lang='lat' dir='ltr'>urbes</span> <span class='ocrx_word' id='word_1_534' title='bbox 1425 1867 1601 1898; x_wconf 77' lang='lat' dir='ltr'>defendisse</span> <span class='ocrx_word' id='word_1_535' title='bbox 1625 1876 1661 1897; x_wconf 86' lang='lat' dir='ltr'>ac</span> <span class='ocrx_word' id='word_1_536' title='bbox 1686 1872 1901 1905; x_wconf 83' lang='lat' dir='ltr'>recuperasse,</span> <span class='ocrx_word' id='word_1_537' title='bbox 1923 1863 2030 1894; x_wconf 87' lang='lat' dir='ltr'>hostes</span> <span class='ocrx_word' id='word_1_538' title='bbox 2055 1870 2125 1901; x_wconf 87' lang='lat' dir='ltr'>pro-</span> 
     </span>
     <span class='ocr_line' id='line_1_91' title="bbox 1174 1904 2127 1952; baseline -0.01 -9"><span class='ocrx_word' id='word_1_539' title='bbox 1174 1913 1326 1952; x_wconf 81' lang='lat' dir='ltr'>pulsasse,</span> <span class='ocrx_word' id='word_1_540' title='bbox 1350 1909 1534 1940; x_wconf 75' lang='lat' dir='ltr'>auctoritate</span> <span class='ocrx_word' id='word_1_541' title='bbox 1563 1908 1645 1947; x_wconf 88' lang='lat' dir='ltr'>apud</span> <span class='ocrx_word' id='word_1_542' title='bbox 1662 1908 1870 1947; x_wconf 83' lang='lat' dir='ltr'>Imperatores</span> <span class='ocrx_word' id='word_1_543' title='bbox 1888 1913 1924 1936; x_wconf 86' lang='lat' dir='ltr'>ac</span> <span class='ocrx_word' id='word_1_544' title='bbox 1937 1905 2038 1944; x_wconf 84' lang='lat' dir='ltr'>Reges</span> <span class='ocrx_word' id='word_1_545' title='bbox 2063 1904 2127 1934; x_wconf 85' lang='lat' dir='ltr'>cir-</span> 
     </span>
     <span class='ocr_line' id='line_1_92' title="bbox 1173 1945 2127 1991; baseline -0.009 -7"><span class='ocrx_word' id='word_1_546' title='bbox 1173 1955 1379 1984; x_wconf 87' lang='lat' dir='ltr'>cumiacentes</span> <span class='ocrx_word' id='word_1_547' title='bbox 1397 1950 1559 1991; x_wconf 87' lang='lat' dir='ltr'>plurimum</span> <span class='ocrx_word' id='word_1_548' title='bbox 1575 1950 1720 1980; x_wconf 84' lang='lat' dir='ltr'>valuisse.</span> <span class='ocrx_word' id='word_1_549' title='bbox 1736 1948 1783 1979; x_wconf 85' lang='lat' dir='ltr'>Ita</span> <span class='ocrx_word' id='word_1_550' title='bbox 1800 1950 1860 1979; x_wconf 88' lang='lat' dir='ltr'>iam</span> <span class='ocrx_word' id='word_1_551' title='bbox 1873 1956 1915 1983; x_wconf 89' lang='lat' dir='ltr'>re,</span> <span class='ocrx_word' id='word_1_552' title='bbox 1933 1945 2064 1976; x_wconf 87' lang='lat' dir='ltr'>necdum</span> <span class='ocrx_word' id='word_1_553' title='bbox 2077 1953 2127 1975; x_wconf 87' lang='lat' dir='ltr'>no-</span> 
     </span>
     <span class='ocr_line' id='line_1_93' title="bbox 1173 1987 2126 2033; baseline -0.01 -7"><span class='ocrx_word' id='word_1_554' title='bbox 1173 1996 1253 2026; x_wconf 82' lang='lat' dir='ltr'>mine</span> <span class='ocrx_word' id='word_1_555' title='bbox 1276 1994 1468 2033; x_wconf 79' lang='lat' dir='ltr'>principatus</span> <span class='ocrx_word' id='word_1_556' title='bbox 1488 2001 1583 2032; x_wconf 82' lang='lat' dir='ltr'>penes</span> <span class='ocrx_word' id='word_1_557' title='bbox 1607 1993 1691 2023; x_wconf 92' lang='lat' dir='ltr'>illum</span> <span class='ocrx_word' id='word_1_558' title='bbox 1708 1994 1784 2030; x_wconf 82' lang='lat' dir='ltr'>erat,</span> <span class='ocrx_word' id='word_1_559' title='bbox 1800 1989 1980 2021; x_wconf 83' lang='lat' dir='ltr'>moderante</span> <span class='ocrx_word' id='word_1_560' title='bbox 1995 1987 2044 2018; x_wconf 85' lang='lat' dir='ltr'>his</span> <span class='ocrx_word' id='word_1_561' title='bbox 2061 1995 2126 2017; x_wconf 90' lang='lat' dir='ltr'>om-</span> 
     </span>
     <span class='ocr_line' id='line_1_94' title="bbox 1173 2031 2128 2074; baseline -0.01 -6"><span class='ocrx_word' id='word_1_562' title='bbox 1173 2038 1263 2068; x_wconf 84' lang='lat' dir='ltr'>nibus</span> <span class='ocrx_word' id='word_1_563' title='bbox 1279 2036 1415 2066; x_wconf 68' lang='lat' dir='ltr'>Numinis</span> <span class='ocrx_word' id='word_1_564' title='bbox 1431 2034 1624 2074; x_wconf 83' lang='lat' dir='ltr'>providentia</span> <span class='ocrx_word' id='word_1_565' title='bbox 1640 2034 1722 2064; x_wconf 85' lang='lat' dir='ltr'>inter</span> <span class='ocrx_word' id='word_1_566' title='bbox 1733 2036 1834 2064; x_wconf 84' lang='lat' dir='ltr'>tantas</span> <span class='ocrx_word' id='word_1_567' title='bbox 1849 2031 1998 2062; x_wconf 90' lang='lat' dir='ltr'>bellorum</span> <span class='ocrx_word' id='word_1_568' title='bbox 2011 2032 2128 2068; x_wconf 83' lang='lat' dir='ltr'>tempe-</span> 
     </span>
     <span class='ocr_line' id='line_1_95' title="bbox 1173 2070 2126 2117; baseline -0.01 -7"><span class='ocrx_word' id='word_1_569' title='bbox 1173 2082 1295 2110; x_wconf 77' lang='lat' dir='ltr'>states»</span> <span class='ocrx_word' id='word_1_570' title='bbox 1315 2088 1323 2117; x_wconf 90' lang='lat'>;</span> <span class='ocrx_word' id='word_1_571' title='bbox 1351 2076 1410 2109; x_wconf 81' lang='lat' dir='ltr'>Vet.</span> <span class='ocrx_word' id='word_1_572' title='bbox 1438 2079 1468 2107; x_wconf 80' lang='lat' dir='ltr'>et</span> <span class='ocrx_word' id='word_1_573' title='bbox 1496 2085 1576 2107; x_wconf 77' lang='lat' dir='ltr'>nova</span> <span class='ocrx_word' id='word_1_574' title='bbox 1598 2075 1720 2108; x_wconf 78' lang='lat' dir='ltr'>Ecctes.</span> <span class='ocrx_word' id='word_1_575' title='bbox 1737 2073 1883 2114; x_wconf 76' lang='lat' dir='ltr'>DiscipL,</span> <span class='ocrx_word' id='word_1_576' title='bbox 1906 2076 1925 2103; x_wconf 90' lang='lat' dir='ltr'>t.</span> <span class='ocrx_word' id='word_1_577' title='bbox 1951 2070 2001 2109; x_wconf 90' lang='lat'>111,</span> <span class='ocrx_word' id='word_1_578' title='bbox 2020 2070 2040 2101; x_wconf 92' lang='lat' dir='ltr'>l.</span> <span class='ocrx_word' id='word_1_579' title='bbox 2056 2071 2078 2109; x_wconf 90' lang='lat'>1,</span> <span class='ocrx_word' id='word_1_580' title='bbox 2101 2079 2126 2100; x_wconf 90' lang='lat' dir='ltr'>c.</span> 
     </span>
     <span class='ocr_line' id='line_1_96' title="bbox 1176 2120 1301 2152; baseline 0 -1"><span class='ocrx_word' id='word_1_581' title='bbox 1176 2121 1214 2152; x_wconf 60' lang='lat'>*29</span> <span class='ocrx_word' id='word_1_582' title='bbox 1242 2120 1256 2143; x_wconf 65' lang='lat'><em>7</em></span> <span class='ocrx_word' id='word_1_583' title='bbox 1274 2120 1301 2151; x_wconf 80' lang='grc' dir='ltr'>Ο.</span> 
     </span>
    </p>

    <p class='ocr_par' dir='ltr' id='par_1_10' title="bbox 1174 2136 2128 2366">
     <span class='ocr_line' id='line_1_97' title="bbox 1216 2136 2128 2199; baseline -0.012 -6"><span class='ocrx_word' id='word_1_584' title='bbox 1216 2136 1408 2199; x_wconf 50' lang='grc' dir='ltr'>ζ’ῗξποηὶιις,</span> <span class='ocrx_word' id='word_1_585' title='bbox 1425 2159 1462 2189; x_wconf 81' lang='lat' dir='ltr'>ad</span> <span class='ocrx_word' id='word_1_586' title='bbox 1490 2168 1536 2189; x_wconf 84' lang='lat' dir='ltr'>an.</span> <span class='ocrx_word' id='word_1_587' title='bbox 1556 2159 1624 2197; x_wconf 83' lang='lat'>753,</span> <span class='ocrx_word' id='word_1_588' title='bbox 1640 2157 1655 2199; x_wconf 67' lang='grc' dir='ltr'>ξ</span> <span class='ocrx_word' id='word_1_589' title='bbox 1671 2158 1700 2197; x_wconf 79' lang='lat'>9,</span> <span class='ocrx_word' id='word_1_590' title='bbox 1718 2158 1835 2197; x_wconf 82' lang='lat' dir='ltr'>inquit:</span> <span class='ocrx_word' id='word_1_591' title='bbox 1871 2167 1882 2184; x_wconf 81' lang='lat' dir='ltr'>u</span> <span class='ocrx_word' id='word_1_592' title='bbox 1900 2153 1989 2193; x_wconf 88' lang='lat' dir='ltr'>Quod</span> <span class='ocrx_word' id='word_1_593' title='bbox 2013 2151 2128 2183; x_wconf 83' lang='lat' dir='ltr'>audisti</span> 
     </span>
     <span class='ocr_line' id='line_1_98' title="bbox 1174 2194 2126 2241; baseline -0.013 -5"><span class='ocrx_word' id='word_1_594' title='bbox 1174 2205 1212 2236; x_wconf 85' lang='lat' dir='ltr'>ab</span> <span class='ocrx_word' id='word_1_595' title='bbox 1237 2202 1402 2234; x_wconf 76' lang='lat' dir='ltr'>Anastasio</span> <span class='ocrx_word' id='word_1_596' title='bbox 1426 2202 1548 2239; x_wconf 85' lang='lat' dir='ltr'>dictum,</span> <span class='ocrx_word' id='word_1_597' title='bbox 1565 2202 1675 2241; x_wconf 70' lang='lat' dir='ltr'>prevto</span> <span class='ocrx_word' id='word_1_598' title='bbox 1694 2200 1833 2237; x_wconf 79' lang='lat' dir='ltr'>Christo,</span> <span class='ocrx_word' id='word_1_599' title='bbox 1865 2194 2126 2241; x_wconf 77' lang='lat' dir='ltr'>profectumste-</span> 
     </span>
     <span class='ocr_line' id='line_1_99' title="bbox 1175 2236 2128 2286; baseline -0.014 -8"><span class='ocrx_word' id='word_1_600' title='bbox 1175 2248 1308 2286; x_wconf 82' lang='lat' dir='ltr'>phanum</span> <span class='ocrx_word' id='word_1_601' title='bbox 1325 2246 1450 2284; x_wconf 80' lang='lat' dir='ltr'>Papam,</span> <span class='ocrx_word' id='word_1_602' title='bbox 1467 2243 1610 2273; x_wconf 81' lang='lat' dir='ltr'>allusisse</span> <span class='ocrx_word' id='word_1_603' title='bbox 1627 2251 1694 2273; x_wconf 84' lang='lat' dir='ltr'>eum</span> <span class='ocrx_word' id='word_1_604' title='bbox 1711 2245 1855 2281; x_wconf 84' lang='lat' dir='ltr'>putamus</span> <span class='ocrx_word' id='word_1_605' title='bbox 1879 2239 1919 2269; x_wconf 89' lang='lat' dir='ltr'>ad</span> <span class='ocrx_word' id='word_1_606' title='bbox 1935 2238 2026 2268; x_wconf 87' lang='lat' dir='ltr'>ritum</span> <span class='ocrx_word' id='word_1_607' title='bbox 2043 2236 2128 2266; x_wconf 78' lang='lat' dir='ltr'>illum</span> 
     </span>
     <span class='ocr_line' id='line_1_100' title="bbox 1175 2279 2128 2325; baseline -0.014 -5"><span class='ocrx_word' id='word_1_608' title='bbox 1175 2291 1329 2320; x_wconf 75' lang='lat' dir='ltr'>Romanae</span> <span class='ocrx_word' id='word_1_609' title='bbox 1348 2286 1514 2322; x_wconf 87' lang='lat' dir='ltr'>Ecclesiae,</span> <span class='ocrx_word' id='word_1_610' title='bbox 1537 2294 1597 2324; x_wconf 80' lang='lat' dir='ltr'>quo</span> <span class='ocrx_word' id='word_1_611' title='bbox 1614 2284 1730 2314; x_wconf 86' lang='lat' dir='ltr'>soleret</span> <span class='ocrx_word' id='word_1_612' title='bbox 1755 2281 1994 2322; x_wconf 86' lang='lat' dir='ltr'>peregrinantes</span> <span class='ocrx_word' id='word_1_613' title='bbox 2011 2279 2128 2325; x_wconf 63' lang='lat' dir='ltr'>R.⁰¹f¹3’</span> 
     </span>
     <span class='ocr_line' id='line_1_101' title="bbox 1174 2321 2127 2366; baseline -0.013 -5"><span class='ocrx_word' id='word_1_614' title='bbox 1174 2340 1229 2362; x_wconf 78' lang='lat' dir='ltr'>nos</span> <span class='ocrx_word' id='word_1_615' title='bbox 1251 2327 1415 2360; x_wconf 81' lang='lat' dir='ltr'>Pontifices</span> <span class='ocrx_word' id='word_1_616' title='bbox 1445 2325 1634 2366; x_wconf 81' lang='lat' dir='ltr'>praecedere</span> <span class='ocrx_word' id='word_1_617' title='bbox 1659 2324 1877 2356; x_wconf 81' lang='lat' dir='ltr'>sacratissima</span> <span class='ocrx_word' id='word_1_618' title='bbox 1903 2321 2127 2366; x_wconf 57' lang='lat' dir='ltr'>Eucharistianj.</span> 
     </span>
    </p>

    <p class='ocr_par' dir='ltr' id='par_1_11' title="bbox 1174 2362 2132 3076">
     <span class='ocr_line' id='line_1_102' title="bbox 1215 2362 2126 2409; baseline -0.01 -10"><span class='ocrx_word' id='word_1_619' title='bbox 1215 2372 1229 2392; x_wconf 76' lang='grc'><strong><em>3</em></strong></span> <span class='ocrx_word' id='word_1_620' title='bbox 1249 2372 1447 2409; x_wconf 79' lang='lat' dir='ltr'>«Antequam</span> <span class='ocrx_word' id='word_1_621' title='bbox 1472 2368 1501 2398; x_wconf 93' lang='lat' dir='ltr'>in</span> <span class='ocrx_word' id='word_1_622' title='bbox 1526 2367 1640 2397; x_wconf 84' lang='lat' dir='ltr'>Gallias</span> <span class='ocrx_word' id='word_1_623' title='bbox 1665 2368 1815 2406; x_wconf 79' lang='lat' dir='ltr'>pergeret</span> <span class='ocrx_word' id='word_1_624' title='bbox 1838 2363 1990 2400; x_wconf 80' lang='lat' dir='ltr'>Pontifex,</span> <span class='ocrx_word' id='word_1_625' title='bbox 2005 2362 2126 2401; x_wconf 79' lang='lat' dir='ltr'>Legatis</span> 
     </span>
     <span class='ocr_line' id='line_1_103' title="bbox 1175 2404 2128 2453; baseline -0.012 -9"><span class='ocrx_word' id='word_1_626' title='bbox 1175 2412 1371 2453; x_wconf 86' lang='lat' dir='ltr'>imperatoris</span> <span class='ocrx_word' id='word_1_627' title='bbox 1388 2415 1418 2441; x_wconf 86' lang='lat' dir='ltr'>et</span> <span class='ocrx_word' id='word_1_628' title='bbox 1440 2410 1533 2449; x_wconf 79' lang='lat' dir='ltr'>Regis</span> <span class='ocrx_word' id='word_1_629' title='bbox 1557 2409 1654 2448; x_wconf 83' lang='lat' dir='ltr'>Pipiui</span> <span class='ocrx_word' id='word_1_630' title='bbox 1674 2409 1794 2439; x_wconf 83' lang='lat' dir='ltr'>cinctus</span> <span class='ocrx_word' id='word_1_631' title='bbox 1819 2406 1858 2437; x_wconf 89' lang='lat' dir='ltr'>ad</span> <span class='ocrx_word' id='word_1_632' title='bbox 1883 2413 1990 2445; x_wconf 84' lang='lat' dir='ltr'>regem</span> <span class='ocrx_word' id='word_1_633' title='bbox 2007 2404 2128 2441; x_wconf 80' lang='lat' dir='ltr'>Longo-</span> 
     </span>
     <span class='ocr_line' id='line_1_104' title="bbox 1175 2445 2130 2492; baseline -0.014 -6"><span class='ocrx_word' id='word_1_634' title='bbox 1175 2455 1339 2486; x_wconf 86' lang='lat' dir='ltr'>bardorum</span> <span class='ocrx_word' id='word_1_635' title='bbox 1357 2453 1483 2492; x_wconf 79' lang='lat' dir='ltr'>Papiam</span> <span class='ocrx_word' id='word_1_636' title='bbox 1502 2451 1659 2491; x_wconf 77' lang='lat' dir='ltr'>profectus</span> <span class='ocrx_word' id='word_1_637' title='bbox 1677 2454 1732 2487; x_wconf 85' lang='lat' dir='ltr'>est,</span> <span class='ocrx_word' id='word_1_638' title='bbox 1750 2449 1788 2479; x_wconf 88' lang='lat' dir='ltr'>ab</span> <span class='ocrx_word' id='word_1_639' title='bbox 1813 2456 1911 2488; x_wconf 88' lang='lat' dir='ltr'>eoque</span> <span class='ocrx_word' id='word_1_640' title='bbox 1930 2445 2053 2487; x_wconf 88' lang='lat' dir='ltr'>repetiit</span> <span class='ocrx_word' id='word_1_641' title='bbox 2065 2445 2130 2491; x_wconf 64' lang='lat' dir='ltr'>lla-</span> 
     </span>
     <span class='ocr_line' id='line_1_105' title="bbox 1175 2487 2130 2530; baseline -0.012 -3"><span class='ocrx_word' id='word_1_642' title='bbox 1175 2496 1349 2528; x_wconf 85' lang='lat' dir='ltr'>vennatium</span> <span class='ocrx_word' id='word_1_643' title='bbox 1365 2494 1530 2530; x_wconf 79' lang='lat' dir='ltr'>civitatem,</span> <span class='ocrx_word' id='word_1_644' title='bbox 1553 2496 1583 2523; x_wconf 83' lang='lat' dir='ltr'>et</span> <span class='ocrx_word' id='word_1_645' title='bbox 1605 2492 1816 2529; x_wconf 80' lang='lat' dir='ltr'>exarchatum,</span> <span class='ocrx_word' id='word_1_646' title='bbox 1833 2493 1862 2520; x_wconf 86' lang='lat' dir='ltr'>et</span> <span class='ocrx_word' id='word_1_647' title='bbox 1879 2489 2002 2528; x_wconf 87' lang='lat' dir='ltr'>reliqua</span> <span class='ocrx_word' id='word_1_648' title='bbox 2019 2487 2130 2525; x_wconf 75' lang='lat' dir='ltr'>Reipu-</span> 
     </span>
     <span class='ocr_line' id='line_1_106' title="bbox 1175 2528 2127 2576; baseline -0.013 -7"><span class='ocrx_word' id='word_1_649' title='bbox 1175 2539 1273 2569; x_wconf 84' lang='lat' dir='ltr'>blicae</span> <span class='ocrx_word' id='word_1_650' title='bbox 1290 2537 1367 2573; x_wconf 80' lang='lat' dir='ltr'>loca,</span> <span class='ocrx_word' id='word_1_651' title='bbox 1384 2544 1463 2575; x_wconf 83' lang='lat' dir='ltr'>quae</span> <span class='ocrx_word' id='word_1_652' title='bbox 1479 2534 1547 2574; x_wconf 83' lang='lat' dir='ltr'>ipse</span> <span class='ocrx_word' id='word_1_653' title='bbox 1565 2533 1610 2564; x_wconf 82' lang='lat' dir='ltr'>vel</span> <span class='ocrx_word' id='word_1_654' title='bbox 1634 2534 1700 2564; x_wconf 85' lang='lat' dir='ltr'>eius</span> <span class='ocrx_word' id='word_1_655' title='bbox 1726 2532 1989 2576; x_wconf 78' lang='lat' dir='ltr'>praedecessores</span> <span class='ocrx_word' id='word_1_656' title='bbox 2006 2528 2127 2567; x_wconf 86' lang='lat' dir='ltr'>Longo·</span> 
     </span>
     <span class='ocr_line' id='line_1_107' title="bbox 1175 2574 2129 2615; baseline -0.014 -4"><span class='ocrx_word' id='word_1_657' title='bbox 1175 2579 1341 2611; x_wconf 82' lang='lat' dir='ltr'>bardorum</span> <span class='ocrx_word' id='word_1_658' title='bbox 1359 2585 1449 2615; x_wconf 67' lang='lat' dir='ltr'>reges</span> <span class='ocrx_word' id='word_1_659' title='bbox 1472 2574 1777 2607; x_wconf 75' lang='lat' dir='ltr'>invaserant...reuit</span> <span class='ocrx_word' id='word_1_660' title='bbox 1794 2578 1825 2605; x_wconf 91' lang='lat' dir='ltr'>ut</span> <span class='ocrx_word' id='word_1_661' title='bbox 1842 2574 2035 2607; x_wconf 80' lang='lat' dir='ltr'>Domnucas,</span> <span class='ocrx_word' id='word_1_662' title='bbox 2050 2577 2129 2615; x_wconf 74' lang='lat' dir='ltr'>quas</span> 
     </span>
     <span class='ocr_line' id='line_1_108' title="bbox 1175 2613 2130 2657; baseline -0.015 -4"><span class='ocrx_word' id='word_1_663' title='bbox 1175 2621 1354 2657; x_wconf 83' lang='lat' dir='ltr'>abstulerat,</span> <span class='ocrx_word' id='word_1_664' title='bbox 1371 2619 1513 2650; x_wconf 81' lang='lat' dir='ltr'>redderet</span> <span class='ocrx_word' id='word_1_665' title='bbox 1530 2626 1611 2654; x_wconf 73' lang='lat' dir='ltr'>oveS,</span> <span class='ocrx_word' id='word_1_666' title='bbox 1629 2621 1658 2648; x_wconf 86' lang='lat' dir='ltr'>et</span> <span class='ocrx_word' id='word_1_667' title='bbox 1681 2616 1810 2656; x_wconf 85' lang='lat' dir='ltr'>propria</span> <span class='ocrx_word' id='word_1_668' title='bbox 1828 2613 1966 2655; x_wconf 88' lang='lat' dir='ltr'>propriis</span> <span class='ocrx_word' id='word_1_669' title='bbox 1984 2613 2130 2643; x_wconf 80' lang='lat' dir='ltr'>restitue-</span> 
     </span>
     <span class='ocr_line' id='line_1_109' title="bbox 1175 2649 2130 2701; baseline -0.015 -7"><span class='ocrx_word' id='word_1_670' title='bbox 1175 2668 1229 2699; x_wconf 70' lang='lat' dir='ltr'>ret,</span> <span class='ocrx_word' id='word_1_671' title='bbox 1243 2667 1273 2693; x_wconf 88' lang='lat' dir='ltr'>ut</span> <span class='ocrx_word' id='word_1_672' title='bbox 1290 2662 1331 2692; x_wconf 78' lang='lat' dir='ltr'>ait</span> <span class='ocrx_word' id='word_1_673' title='bbox 1348 2661 1528 2691; x_wconf 71' lang='lat' dir='ltr'>Anastasius</span> <span class='ocrx_word' id='word_1_674' title='bbox 1548 2659 1583 2690; x_wconf 86' lang='lat' dir='ltr'>&#39;in</span> <span class='ocrx_word' id='word_1_675' title='bbox 1602 2658 1765 2699; x_wconf 77' lang='lat' dir='ltr'>Stephano</span> <span class='ocrx_word' id='word_1_676' title='bbox 1782 2657 1809 2688; x_wconf 93' lang='lat' dir='ltr'>Il</span> <span class='ocrx_word' id='word_1_677' title='bbox 1825 2657 1835 2695; x_wconf 92' lang='lat'>(</span> <span class='ocrx_word' id='word_1_678' title='bbox 1852 2665 1880 2697; x_wconf 89' lang='lat' dir='ltr'>p.</span> <span class='ocrx_word' id='word_1_679' title='bbox 1911 2653 1983 2701; x_wconf 66' lang='lat'>20⁹2,</span> <span class='ocrx_word' id='word_1_680' title='bbox 1999 2661 2030 2698; x_wconf 47' lang='lat' dir='ltr'>n,</span> <span class='ocrx_word' id='word_1_681' title='bbox 2049 2649 2130 2682; x_wconf 73' lang='lat'><strong>239-</strong></span> 
     </span>
     <span class='ocr_line' id='line_1_110' title="bbox 1174 2696 2132 2742; baseline -0.015 -6"><span class='ocrx_word' id='word_1_682' title='bbox 1174 2704 1244 2740; x_wconf 60' lang='lat'>240,</span> <span class='ocrx_word' id='word_1_683' title='bbox 1261 2708 1279 2735; x_wconf 79' lang='lat' dir='ltr'>t.</span> <span class='ocrx_word' id='word_1_684' title='bbox 1295 2704 1328 2742; x_wconf 87' lang='grc'>1).</span> <span class='ocrx_word' id='word_1_685' title='bbox 1345 2703 1404 2733; x_wconf 76' lang='lat' dir='ltr'>lias</span> <span class='ocrx_word' id='word_1_686' title='bbox 1421 2703 1513 2733; x_wconf 85' lang='lat' dir='ltr'>urbes</span> <span class='ocrx_word' id='word_1_687' title='bbox 1530 2701 1688 2740; x_wconf 81' lang='lat' dir='ltr'>repetebat</span> <span class='ocrx_word' id='word_1_688' title='bbox 1703 2699 1836 2731; x_wconf 77' lang='lat' dir='ltr'>Pontifex</span> <span class='ocrx_word' id='word_1_689' title='bbox 1852 2701 1881 2728; x_wconf 81' lang='lat' dir='ltr'>et</span> <span class='ocrx_word' id='word_1_690' title='bbox 1893 2701 2082 2742; x_wconf 49' lang='lat' dir='ltr'>provi-umas,</span> <span class='ocrx_word' id='word_1_691' title='bbox 2099 2696 2132 2723; x_wconf 89' lang='lat' dir='ltr'>ut</span> 
     </span>
     <span class='ocr_line' id='line_1_111' title="bbox 1175 2738 2129 2782; baseline -0.014 -5"><span class='ocrx_word' id='word_1_692' title='bbox 1175 2747 1213 2777; x_wconf 73' lang='lat' dir='ltr'>ad</span> <span class='ocrx_word' id='word_1_693' title='bbox 1231 2748 1398 2777; x_wconf 79' lang='lat' dir='ltr'>Romanum</span> <span class='ocrx_word' id='word_1_694' title='bbox 1423 2745 1481 2774; x_wconf 87' lang='lat' dir='ltr'>iam</span> <span class='ocrx_word' id='word_1_695' title='bbox 1506 2742 1681 2774; x_wconf 78' lang='lat' dir='ltr'>Pontificem</span> <span class='ocrx_word' id='word_1_696' title='bbox 1703 2742 1906 2781; x_wconf 83' lang='lat' dir='ltr'>pertinentes,</span> <span class='ocrx_word' id='word_1_697' title='bbox 1931 2745 1984 2777; x_wconf 79' lang='lat' dir='ltr'>qui</span> <span class='ocrx_word' id='word_1_698' title='bbox 2007 2738 2129 2782; x_wconf 80' lang='lat' dir='ltr'>patrem</span> 
     </span>
     <span class='ocr_line' id='line_1_112' title="bbox 1176 2776 2131 2824; baseline -0.015 -5"><span class='ocrx_word' id='word_1_699' title='bbox 1176 2789 1234 2819; x_wconf 82' lang='lat' dir='ltr'>illis</span> <span class='ocrx_word' id='word_1_700' title='bbox 1258 2796 1290 2818; x_wconf 85' lang='lat' dir='ltr'>se</span> <span class='ocrx_word' id='word_1_701' title='bbox 1308 2790 1336 2817; x_wconf 86' lang='lat' dir='ltr'>et</span> <span class='ocrx_word' id='word_1_702' title='bbox 1353 2788 1523 2817; x_wconf 74' lang='lat' dir='ltr'>Pau-onum</span> <span class='ocrx_word' id='word_1_703' title='bbox 1546 2783 1719 2824; x_wconf 82' lang='lat' dir='ltr'>spiritalem</span> <span class='ocrx_word' id='word_1_704' title='bbox 1735 2807 1743 2822; x_wconf 90' lang='lat'>,</span> <span class='ocrx_word' id='word_1_705' title='bbox 1761 2779 2020 2821; x_wconf 85' lang='lat' dir='ltr'>temporalemque</span> <span class='ocrx_word' id='word_1_706' title='bbox 2043 2776 2131 2823; x_wconf 43' lang='lat' dir='ltr'>exhi-</span> 
     </span>
     <span class='ocr_line' id='line_1_113' title="bbox 1179 2819 2128 2867; baseline -0.015 -6"><span class='ocrx_word' id='word_1_707' title='bbox 1179 2830 1271 2861; x_wconf 79' lang='lat' dir='ltr'>bebat</span> <span class='ocrx_word' id='word_1_708' title='bbox 1300 2827 1413 2859; x_wconf 77' lang='lat' dir='ltr'>iamdiu</span> <span class='ocrx_word' id='word_1_709' title='bbox 1430 2853 1437 2865; x_wconf 86' lang='lat'>,</span> <span class='ocrx_word' id='word_1_710' title='bbox 1458 2827 1507 2867; x_wconf 90' lang='lat' dir='ltr'>qui</span> <span class='ocrx_word' id='word_1_711' title='bbox 1539 2826 1652 2857; x_wconf 84' lang='lat' dir='ltr'>iamdiu</span> <span class='ocrx_word' id='word_1_712' title='bbox 1677 2825 1807 2864; x_wconf 78' lang='lat' dir='ltr'>regebat</span> <span class='ocrx_word' id='word_1_713' title='bbox 1832 2826 1862 2854; x_wconf 86' lang='lat' dir='ltr'>ct</span> <span class='ocrx_word' id='word_1_714' title='bbox 1893 2819 2128 2865; x_wconf 35' lang='lat' dir='ltr'>maiatum-qu·</span> 
     </span>
     <span class='ocr_line' id='line_1_114' title="bbox 1178 2861 2130 2903; baseline -0.015 -1"><span class='ocrx_word' id='word_1_715' title='bbox 1178 2880 1282 2903; x_wconf 77' lang='lat' dir='ltr'>earum</span> <span class='ocrx_word' id='word_1_716' title='bbox 1304 2870 1394 2901; x_wconf 82' lang='lat' dir='ltr'>saluti</span> <span class='ocrx_word' id='word_1_717' title='bbox 1422 2870 1584 2900; x_wconf 74' lang='lat' dir='ltr'>thesauros</span> <span class='ocrx_word' id='word_1_718' title='bbox 1602 2877 1675 2899; x_wconf 82' lang='lat' dir='ltr'>suos</span> <span class='ocrx_word' id='word_1_719' title='bbox 1699 2868 1789 2898; x_wconf 85' lang='lat' dir='ltr'>toties</span> <span class='ocrx_word' id='word_1_720' title='bbox 1809 2861 2014 2903; x_wconf 83' lang='lat' dir='ltr'>impenderat,</span> <span class='ocrx_word' id='word_1_721' title='bbox 2037 2863 2130 2890; x_wconf 82' lang='lat' dir='ltr'>vitam</span> 
     </span>
     <span class='ocr_line' id='line_1_115' title="bbox 1179 2900 2130 2952; baseline -0.015 -8"><span class='ocrx_word' id='word_1_722' title='bbox 1179 2912 1355 2952; x_wconf 71' lang='lat' dir='ltr'>impendere</span> <span class='ocrx_word' id='word_1_723' title='bbox 1383 2912 1470 2942; x_wconf 79' lang='lat' dir='ltr'>toties</span> <span class='ocrx_word' id='word_1_724' title='bbox 1495 2914 1619 2949; x_wconf 73' lang='lat' dir='ltr'>praesto</span> <span class='ocrx_word' id='word_1_725' title='bbox 1647 2910 1756 2945; x_wconf 79' lang='lat' dir='ltr'>luerat,</span> <span class='ocrx_word' id='word_1_726' title='bbox 1778 2906 1828 2947; x_wconf 82' lang='lat' dir='ltr'>qni</span> <span class='ocrx_word' id='word_1_727' title='bbox 1855 2900 2130 2950; x_wconf 71' lang='lat' dir='ltr'>Longobardorum</span> 
     </span>
     <span class='ocr_line' id='line_1_116' title="bbox 1179 2949 2131 2991; baseline -0.015 -6"><span class='ocrx_word' id='word_1_728' title='bbox 1179 2955 1356 2989; x_wconf 71' lang='lat' dir='ltr'>tvi-annicae</span> <span class='ocrx_word' id='word_1_729' title='bbox 1373 2952 1572 2983; x_wconf 77' lang='lat' dir='ltr'>dominationi</span> <span class='ocrx_word' id='word_1_730' title='bbox 1590 2951 1680 2982; x_wconf 78' lang='lat' dir='ltr'>toties</span> <span class='ocrx_word' id='word_1_731' title='bbox 1697 2949 1899 2984; x_wconf 82' lang='lat' dir='ltr'>subduxerat,</span> <span class='ocrx_word' id='word_1_732' title='bbox 1915 2953 1966 2991; x_wconf 78' lang='lat' dir='ltr'>qui</span> <span class='ocrx_word' id='word_1_733' title='bbox 1983 2951 2062 2974; x_wconf 86' lang='lat' dir='ltr'>unus</span> <span class='ocrx_word' id='word_1_734' title='bbox 2078 2949 2131 2988; x_wconf 76' lang='lat' dir='ltr'>gu-</span> 
     </span>
     <span class='ocr_line' id='line_1_117' title="bbox 1179 2983 2132 3031; baseline -0.015 -4"><span class='ocrx_word' id='word_1_735' title='bbox 1179 2990 1347 3027; x_wconf 77' lang='lat' dir='ltr'>bernacula</span> <span class='ocrx_word' id='word_1_736' title='bbox 1363 2997 1560 3029; x_wconf 78' lang='lat' dir='ltr'>tractaverat,</span> <span class='ocrx_word' id='word_1_737' title='bbox 1573 3002 1607 3023; x_wconf 81' lang='lat' dir='ltr'>cx</span> <span class='ocrx_word' id='word_1_738' title='bbox 1625 3002 1684 3031; x_wconf 77' lang='lat' dir='ltr'>quo</span> <span class='ocrx_word' id='word_1_739' title='bbox 1701 2992 1904 3031; x_wconf 79' lang='lat' dir='ltr'>Imperatores</span> <span class='ocrx_word' id='word_1_740' title='bbox 1919 2987 2012 3031; x_wconf 76' lang='lat' dir='ltr'>insse</span> <span class='ocrx_word' id='word_1_741' title='bbox 2027 2983 2132 3015; x_wconf 80' lang='lat' dir='ltr'>ltaliae</span> 
     </span>
     <span class='ocr_line' id='line_1_118' title="bbox 1179 3024 2104 3076; baseline -0.016 -6"><span class='ocrx_word' id='word_1_742' title='bbox 1179 3039 1260 3070; x_wconf 78' lang='lat' dir='ltr'>curis</span> <span class='ocrx_word' id='word_1_743' title='bbox 1280 3037 1399 3076; x_wconf 76' lang='lat' dir='ltr'>penitus</span> <span class='ocrx_word' id='word_1_744' title='bbox 1419 3036 1573 3066; x_wconf 70' lang='lat' dir='ltr'>exilisscnt</span> <span class='ocrx_word' id='word_1_745' title='bbox 1589 3045 1616 3072; x_wconf 69' lang='lat'>»3</span> <span class='ocrx_word' id='word_1_746' title='bbox 1633 3032 1871 3067; x_wconf 79' lang='lat' dir='ltr'>Tlioinassinus,</span> <span class='ocrx_word' id='word_1_747' title='bbox 1887 3029 1943 3059; x_wconf 84' lang='lat' dir='ltr'>loc.</span> <span class='ocrx_word' id='word_1_748' title='bbox 1964 3029 2028 3063; x_wconf 66' lang='lat' dir='ltr'>cu„</span> <span class='ocrx_word' id='word_1_749' title='bbox 2045 3025 2060 3066; x_wconf 66' lang='grc' dir='ltr'>ξ</span> <span class='ocrx_word' id='word_1_750' title='bbox 2077 3024 2104 3056; x_wconf 87' lang='lat'>7.</span> 
     </span>
    </p>

    <p class='ocr_par' dir='ltr' id='par_1_12' title="bbox 1184 3067 2133 3155">
     <span class='ocr_line' id='line_1_119' title="bbox 1224 3067 2133 3114; baseline -0.013 -4"><span class='ocrx_word' id='word_1_751' title='bbox 1224 3081 1234 3101; x_wconf 81' lang='lat'><strong>⁴</strong></span> <span class='ocrx_word' id='word_1_752' title='bbox 1253 3081 1356 3110; x_wconf 62' lang='lat' dir='ltr'>Anas-t.</span> <span class='ocrx_word' id='word_1_753' title='bbox 1377 3079 1462 3108; x_wconf 72' lang='lat' dir='ltr'>Vilice</span> <span class='ocrx_word' id='word_1_754' title='bbox 1479 3075 1538 3108; x_wconf 79' lang='lat' dir='ltr'>llll.</span> <span class='ocrx_word' id='word_1_755' title='bbox 1556 3075 1681 3114; x_wconf 63' lang='lat' dir='ltr'>Pontis„</span> <span class='ocrx_word' id='word_1_756' title='bbox 1697 3073 1877 3114; x_wconf 74' lang='lat' dir='ltr'>Stephanus</span> <span class='ocrx_word' id='word_1_757' title='bbox 1895 3069 1931 3105; x_wconf 84' lang='grc' dir='ltr'>ΙΙ;</span> <span class='ocrx_word' id='word_1_758' title='bbox 1949 3071 1977 3099; x_wconf 84' lang='lat' dir='ltr'>et</span> <span class='ocrx_word' id='word_1_759' title='bbox 1992 3067 2133 3099; x_wconf 72' lang='lat' dir='ltr'>Annales</span> 
     </span>
     <span class='ocr_line' id='line_1_120' title="bbox 1184 3123 1342 3155; baseline -0.032 0"><span class='ocrx_word' id='word_1_760' title='bbox 1184 3123 1342 3155; x_wconf 67' lang='lat' dir='ltr'>metenses.</span> 
     </span>
    </p>

    <p class='ocr_par' dir='ltr' id='par_1_13' title="bbox 1223 3157 1752 3198">
     <span class='ocr_line' id='line_1_121' title="bbox 1223 3157 1752 3198; baseline -0.017 -4"><span class='ocrx_word' id='word_1_761' title='bbox 1223 3165 1236 3185; x_wconf 63' lang='grc' dir='ltr'>ἵ·</span> <span class='ocrx_word' id='word_1_762' title='bbox 1255 3163 1366 3194; x_wconf 69' lang='grc' dir='ltr'>Ι,τιΙ)1ν·,</span> <span class='ocrx_word' id='word_1_763' title='bbox 1384 3161 1501 3192; x_wconf 63' lang='lat' dir='ltr'>(humil.</span> <span class='ocrx_word' id='word_1_764' title='bbox 1517 3165 1534 3191; x_wconf 86' lang='lat' dir='ltr'>t.</span> <span class='ocrx_word' id='word_1_765' title='bbox 1554 3160 1599 3192; x_wconf 77' lang='lat' dir='ltr'>Vl,</span> <span class='ocrx_word' id='word_1_766' title='bbox 1617 3168 1645 3198; x_wconf 78' lang='lat' dir='ltr'>p.</span> <span class='ocrx_word' id='word_1_767' title='bbox 1668 3157 1752 3188; x_wconf 64' lang='lat'>165¹».</span> 
     </span>
    </p>
   </div>
  </div>
 </body>
</html>
