2241 3473
219 121 292 158 170

218 193 514 232 Contendebant
558 191 838 229 Monot-helitae
855 219 864 236 ,
903 190 1115 226 humanam

164 247 309 285 Christi
339 249 519 284 naturam
539 244 594 281 ita
614 243 745 280 Verbo
766 255 850 280 esse
882 243 1032 279 unitam
1046 271 1054 287 ,
1076 244 1118 278 ut

162 301 321 350 propria
333 299 470 347 agendi
490 298 527 334 vi
547 299 585 334 et
597 296 822 344 operatione
834 297 1002 341 careret,
1016 295 1116 332 unde

163 353 416 396 asserebant,
445 361 561 387 unam
592 351 747 385 tantum
777 350 816 385 in
846 348 1002 385 Christo
1032 358 1115 385 esse

165 406 407 442 voluntatem
423 406 461 440 ct
478 401 884 450 operationem,quam
898 400 1118 451 &sumpt-awa,

164 457 406 501 Deivirilem,
427 455 688 504 appellabant.
711 455 823 492 Hanc
841 455 1061 492 doctrinam
1080 455 1119 492 in

164 510 297 560 primis
319 510 555 557 adoptarunt
571 507 734 555 Sergius
751 508 978 556 patriarcha
996 508 1064 556 Cp.
1082 509 1121 545 et

165 563 394 600 Theodorus
413 561 615 610 episcopus
635 561 931 598 pharanitanus
956 561 995 598 in
1016 562 1120 598 Ara-

164 617 228 653 bia
257 617 429 664 petraea.
460 613 590 651 Etiam
622 614 828 652 Heraclius
857 615 1071 663 imperator
1100 626 1120 651 e

165 668 358 716 colloquio
380 679 440 704 an.
462 666 540 704 629
560 667 692 705 habito
714 679 801 704 cum
823 667 1037 705 Athanasio
1055 667 1119 704 Ia-

165 721 384 759 cobitarum
405 720 645 769 patriarcha,
666 721 731 757 sed
752 721 962 770 praecipue
983 733 1003 758 e
1024 733 1120 758 con-

167 775 251 813 silio
273 774 399 822 Sergii
422 774 488 822 Cp.
507 774 685 811 eamdem
703 774 921 811 doctrinam
939 773 1121 822 suscepit,

166 827 342 873 credens,
358 826 441 864 eius
456 838 528 875 ope
544 827 844 876 Monophysitas
861 826 974 864 facile
993 827 1123 864 unien-

165 882 234 919 dos
254 892 342 918 cum
362 879 585 918 Catholicis.
604 880 729 917 Paulo
745 882 832 929 post
847 880 1006 929 Sergius
1021 892 1124 917 eam-

166 935 254 972 dem
271 932 489 971 doctrinam
508 934 702 982 persuasit
718 934 820 983 Cyro
838 933 1125 983 episcopoPha-

167 987 260 1025 siclis
272 988 375 1036 apud
389 988 522 1024 Lazos.
533 987 613 1024 Res
629 987 801 1024 tenuiter
816 986 1124 1035 coepta,an.t333

168 1053 332 1089 magnas
351 1041 489 1078 turbas
510 1040 714 1085 excitavit,
732 1052 850 1088 quum
867 1040 1007 1089 Cyrus,
1024 1052 1125 1077 anno

167 1095 245 1132 630
272 1095 319 1131 ad
349 1094 660 1142 patriarchatum
690 1093 1001 1131 Alexandrinum
1031 1104 1125 1142 pro-

167 1150 314 1194 motus,
334 1147 374 1184 in
396 1147 545 1196 synodo
566 1159 636 1195 pro
659 1147 800 1184 unione
822 1147 1124 1196 Monophysita-

168 1213 256 1239 rum
279 1201 440 1245 habita,
468 1212 538 1249 ope
568 1200 768 1238 doctrinae
798 1201 843 1237 dc
873 1213 951 1237 una
981 1199 1124 1238 Christi

169 1254 398 1304 operatione
418 1253 665 1291 Theandrica
684 1265 751 1290 seu
775 1253 977 1300 Deivirili·,
1007 1265 1124 1302 quam

169 1308 336 1357 septimo
366 1307 471 1344 inter
499 1319 637 1344 novem
670 1307 1017 1345 anathematismos
1046 1306 1126 1343 illic

170 1362 342 1406 edictos,
363 1360 507 1397 diserte
536 1360 718 1406 tradidit,
749 1360 835 1398 illos
863 1361 912 1397 ad
944 1359 1124 1397 unionem

171 1426 261 1452 cum
283 1413 495 1451 Catholicis
524 1413 693 1451 admisit.
724 1413 829 1451 Huic
860 1413 953 1463 Cyri
985 1413 1125 1462 agendi

172 1467 316 1506 rationi
338 1470 378 1503 et
399 1467 602 1504 doctrinae
623 1466 777 1515 publice
798 1467 944 1504 restitit
963 1466 1126 1514 Sophro-

171 1521 259 1558 nius
281 1520 497 1557 monachus
524 1520 796 1566 Palaestinas,
824 1522 918 1557 tunc
948 1519 1126 1557 Alexan-

171 1574 279 1611 driae
300 1584 559 1619 commorans,
575 1575 615 1610 et
630 1584 719 1610 cum
735 1572 1029 1621 abrogationem
1046 1585 1129 1621 sep-

169 1627 254 1665 timi
277 1626 619 1673 anathematismi,
651 1638 726 1675 quo
756 1626 1125 1675 Eutycltianismum

170 1680 399 1718 resuscitari
421 1679 509 1717 iure
539 1680 761 1726 metuebat,
792 1691 815 1716 a
845 1680 950 1729 Cyro
980 1679 1128 1717 frustra

171 1733 422 1784 postulasset,
435 1733 616 1782 querelas
628 1745 717 1771 suas
730 1732 872 1770 detulit
883 1733 930 1770 ad
944 1732 1125 1782 Sergium

171 1787 437 1836 patriarcham
462 1787 528 1835 Cp.
550 1787 702 1824 Verum
724 1786 886 1834 Sergius
901 1786 1131 1824 anathema-

171 1842 308 1878 tismos
328 1839 548 1889 agendique
565 1840 757 1877 rationem
775 1839 865 1889 Cyri
884 1839 1127 1889 approbavit.

172 1893 412 1942 Sophronias
433 1905 493 1930 an.
515 1893 592 1931 634
613 1893 661 1930 ad
683 1894 814 1930 sedem
842 1893 1129 1942 Hierosolymi-

172 1950 303 1984 tanam
327 1950 500 1993 evectus,
523 1958 591 1995 pro
613 1958 720 1983 more
741 1946 968 1995 synodicam
984 1946 1130 1995 episto—

172 2001 249 2037 lam
271 2000 319 2037 ad
342 2000 584 2048 patriarchas
604 1999 770 2048 scripsit,
791 1999 828 2036 in
851 2011 943 2047 qua,
973 2001 1132 2048 praeter

173 2053 263 2099 alia,
279 2053 536 2090 orthodoxam
555 2053 769 2090 doctrinam
787 2052 833 2089 dc
850 2052 1131 2090 iucarnationis

173 2106 362 2155 mysterio
383 2107 494 2143 docte
515 2107 707 2155 exposuit.
730 2105 892 2154 Sergius
923 2117 1014 2143 vero
1045 2118 1128 2143 mc-

174 2163 306 2205 tuens,
328 2172 375 2196 ne
398 2159 498 2208 apud
522 2160 568 2196 R.
602 2159 834 2196 Pontificem
864 2172 886 2196 a
916 2158 1131 2208 Sophronio

174 2213 491 2263 praeveniretur,
508 2213 554 2249 ad
574 2212 785 2249 Honorium
804 2213 872 2261 I'p.
894 2212 1049 2249 litteras
1065 2213 1130 2249 de-

175 2266 232 2303 dit
261 2265 374 2303 officii
406 2266 552 2314 plenas,
582 2266 619 2302 in
650 2265 793 2314 quibus
814 2266 987 2313 maligna
1006 2266 1130 2304 inter-

175 2319 396 2369 pretatione
418 2319 723 2356 controversiam
747 2319 850 2355 inter
870 2319 1017 2367 Cyrum
1039 2319 1131 2356 Ale-

176 2372 411 2410 xandrinum
444 2376 483 2409 et
513 2372 770 2420 Sepla-onium
803 2372 1132 2421 llierosolymita-

178 2438 269 2463 num
303 2425 515 2473 agitatam,
537 2425 739 2474 cxposuit3
772 2425 937 2461 multum
973 2427 1133 2473 questus

176 2482 236 2516 cst
256 2480 302 2516 de
323 2478 557 2527 Soplironio,
578 2479 686 2526 quasi
709 2479 805 2515 duas
827 2478 863 2514 in
886 2478 1041 2515 Christo
1071 2490 1133 2515 vo-

178 2533 351 2570 luntates
364 2532 432 2570 sibi
446 2532 675 2577 contrarias,
693 2531 826 2579 quales
843 2531 880 2567 in
896 2531 1004 2568 nobis
1021 2543 1133 2580 expe-

178 2585 324 2632 rimur,
346 2597 431 2623 csse
453 2586 723 2630 contenderet,
744 2584 943 2632 suasitque
964 2585 1132 2621 Pontifi-

178 2639 233 2684 ci,
254 2639 526 2676 abstincndum
555 2638 636 2675 sore
658 2641 742 2675 tum
772 2639 820 2675 ab
852 2638 967 2675 unius
997 2640 1080 2675 tum
1113 2650 1135 2675 a

178 2692 344 2729 duarum
359 2692 608 2729 voluntatum
623 2694 661 2728 ct
673 2691 944 2741 operationum
963 2691 1135 2736 vocibus,

180 2757 227 2782 nc
266 2758 285 2782 c
314 2745 448 2782 litibus
479 2745 525 2782 de
556 2745 615 2782 his
646 2745 805 2782 vocibus
839 2744 1065 2782 scandalmn
1097 2748 1135 2779 et

179 2798 349 2835 schisma
365 2798 420 2835 ori
429 2801 576 2846 rentur,
590 2798 756 2847 unioquo
767 2795 1135 2847 Monoptiysitarum

179 2852 476 2900 praepediretur
499 2851 521 2888 ¹.

234 2906 269 2941 8.
292 2905 472 2941 Honoris
493 2905 514 2941 I
530 2905 702 2953 eyn'slola
723 2905 778 2941 ml
799 2904 1136 2953 Samiam—Ho-

181 2958 263 2995 nori
273 2969 314 2993 us
327 2957 355 3003 I,
368 2957 569 2994 consilium
588 2958 712 3004 Sergii
733 2958 948 3006 improvide
965 2960 1138 3001 secutus,

182 3011 227 3047 ad
253 3022 340 3047 cum
368 3010 576 3059 rescripsit,
599 3011 624 3048 I.
648 3011 860 3058 Christum,
883 3011 1135 3048 mediatorem

674 127 832 154 EPOCHA
863 127 901 153 V.
932 126 959 152 Α
987 124 1358 152 PSEVDOPROPHETA
1387 124 1590 152 MAHOMET

1164 188 1233 226 Dei
1253 191 1293 227 et
1312 189 1526 234 hominum,
1541 189 1747 237 operatum
1769 189 1902 227 divina
1917 190 1958 226 et
1977 189 2120 227 huma-

1164 254 1225 289 na3
1246 254 1269 280 a
1280 254 1420 280 recens
1435 241 1604 279 inductis
1617 242 1780 286 vocibus
1794 242 1911 280 unius
1923 243 1996 281 aut
2007 242 2120 291 gemi-

1162 306 1234 332 nae
1250 294 1505 344 operationis,
1518 294 1619 343 quod
1638 294 1884 343 simplicibus
1895 295 2123 332 scandalum

1162 360 1354 396 generare
1376 350 1547 397 possent,
1569 359 1653 385 esse
1677 348 1966 395 abstinendum,
1988 350 2028 385 et
2046 348 2123 385 fide

1163 402 1383 439 orthodoxa
1418 402 1535 449 atque
1571 400 1727 438 unitate
1757 401 1951 438 catholica
1970 401 2122 450 praedi-

1163 454 1342 500 candum,
1362 466 1383 491 «
1396 453 1606 490 Dominum
1625 454 1654 491 I.
1673 454 1872 492 Christum
1889 454 2031 492 Filium
2050 454 2123 492 Dei

1165 507 1266 553 vivi,
1287 507 1412 544 Deum
1442 506 1690 544 verissimum
1709 537 1717 552 ,
1737 506 1775 544 in
1799 507 1951 545 duabus
1969 506 2124 544 naturis

1164 563 1371 609 operatum
1384 559 1575 597 divinitus
1585 562 1704 608 atque
1721 560 2123 602 humanitus».Quum

1164 615 1296 651 autem
1317 613 1429 650 brevi
1451 615 1539 661 post
1559 612 1757 651 Honorius
1779 613 1824 650 de
1844 614 1981 650 eadem
2001 624 2044 651 re
2065 625 2125 651 ac-

1165 666 1330 715 cepisset
1358 666 1510 704 litteras
1540 666 1747 715 Sophronii
1776 665 1945 715 episcopi
1975 666 2120 704 Hiero-

1164 719 1412 768 solymitani,
1435 719 1601 756 alteram
1621 719 1669 756 ad
1686 719 1882 769 Sergium,
1903 718 2052 768 Cyrum
2082 721 2123 757 et

1164 773 1427 821 Sophronium
1448 772 1553 810 dedit
1573 772 1796 821 epistolam,
1816 772 1856 809 in
1877 784 1954 821 qua
1983 784 2121 811 rursus

1164 825 1330 874 scripsit,
1345 837 1368 863 a
1385 826 1544 862 vocibus
1560 825 1676 863 unius
1692 827 1732 863 et
1744 826 1924 875 geminae
1935 826 2128 875 operatio-

1166 879 1225 916 nis
1254 890 1337 916 esse
1368 878 1643 916 abstinendum
1673 881 1830 928 propter
1850 890 1988 917 earum
2009 879 2125 916 novi-

1165 934 1291 970 tatem
1304 931 1581 970 etscandalum
1594 931 1842 980 simplicium3
1854 932 1921 970 sed
1933 932 2127 980 confiteri,

1167 987 1359 1034 oportere,
1382 997 1404 1022 «
1425 987 1611 1034 utrasque
1631 987 1795 1023 naturas
1814 985 1852 1022 in
1874 998 1950 1023 uno
1968 985 2125 1024 Christo

1169 1039 1319 1076 unitate
1331 1038 1503 1076 naturali
1521 1038 1725 1087 copulatas
1741 1051 1831 1076 cum
1847 1038 2010 1076 alterius
2025 1050 2128 1076 com-

1168 1092 1351 1129 munione
1372 1093 1579 1140 operantes
1600 1093 1718 1140 atque
1739 1092 1991 1141 operatrices,
2007 1094 2048 1129 et
2065 1091 2128 1129 di-

1169 1146 1300 1183 vinam
1321 1145 1478 1193 quidem
1500 1156 1602 1194 quae
1621 1144 1695 1182 Dei
1712 1148 1816 1193 sunt,
1833 1147 2071 1194 operantem,
2087 1147 2130 1183 et

1169 1199 1380 1236 humanam
1397 1210 1447 1247 qu
1455 1209 1497 1235 ae
1510 1197 1638 1236 carnis
1653 1200 2040 1247 sunt,exequentem,
2052 1210 2128 1235 non

1170 1252 1292 1289 divise
1314 1264 1440 1301 neque
1461 1251 1622 1289 confuse
1643 1254 1713 1289 aut
1728 1251 2041 1290 convertibiliter
2059 1251 2131 1289 Dei

1171 1307 1352 1343 naturam
1374 1306 1413 1342 in
1435 1304 1631 1342 hominem
1654 1308 1692 1343 et
1712 1306 1923 1343 humanam
1945 1305 1986 1342 in
2003 1305 2126 1343 Deum

1169 1370 1397 1396 conversam
1421 1359 1649 1403 edocentes,
1670 1359 1737 1396 sed
1759 1360 1991 1396 naturarum
2014 1358 2129 1396 diffe-

1170 1413 1321 1450 rentias
1341 1412 1516 1460 integras
1536 1411 1769 1450 confitentes
1791 1424 1826 1450 ».

1225 1465 1416 1507 Quamvis
1436 1465 1559 1514 igitur
1578 1465 1775 1503 Honorius
1795 1465 1812 1502 Ι
1832 1466 1993 1515 propter
2023 1464 2131 1514 peri-

1171 1519 1260 1556 cula
1281 1518 1454 1556 scandali
1477 1530 1500 1556 a
1520 1518 1725 1556 vocabulis
1747 1518 1861 1556 unius
1890 1521 1931 1556 et
1951 1518 2132 1567 geminae

1171 1572 1408 1620 operationis
1442 1571 1718 1609 abstinendum
1753 1571 1972 1618 censuerit,
2001 1571 2130 1621 ipsum

1171 1627 1303 1662 tamen
1325 1625 1467 1674 dogma
1488 1625 1535 1661 de
1556 1625 1707 1662 duabus
1724 1625 1868 1663 Christi
1887 1625 2132 1675 operationi-

1171 1679 1244 1716 bus
1264 1678 1408 1715 diserte
1424 1677 1648 1727 explicavit.
1666 1678 1915 1728 Quapropter
1932 1678 2132 1716 immerito

1172 1731 1348 1768 nonnulli
1366 1731 1481 1768 fidem
1500 1731 1583 1768 eius
1599 1731 1811 1769 indubium
1825 1733 2034 1770 vocarunt.
2046 1731 2132 1774 Quo

1172 1787 1305 1822 autem
1326 1796 1444 1822 sensu
1465 1784 1505 1822 in
1527 1784 1646 1834 priori
1675 1784 1841 1834 epistola
1872 1785 1921 1823 ad
1949 1784 2131 1834 Sergium

1172 1838 1329 1884 dixerit,
1355 1839 1488 1876 Unam
1508 1838 1764 1876 voluntatem
1790 1840 1976 1888 fatemur
1996 1838 2139 1876 Domi-

1172 1893 1221 1929 πί
1234 1892 1390 1937 Nostri,
1407 1903 1454 1928 ex
1470 1891 1590 1940 ipsius
1608 1891 1794 1940 epistolae
1813 1893 2003 1930 contextu
2017 1894 2136 1940 atque

1173 1957 1221 1982 ex
1242 1944 1399 1982 Ioannis
1420 1945 1490 1993 Pp.
1513 1945 1567 1982 IV
1589 1947 1628 1982 et
1649 1956 1677 1982 s.
1700 1944 1863 1982 Maximi
1898 1945 2135 1983 testimoniis

1174 1998 1374 2043 novimus,
1409 1997 1593 2034 nimirum
1629 1998 1677 2035 de
1713 1997 1937 2036 exclusione
1966 1998 2135 2036 duarum

1178 2051 1426 2088 voluntatum
1450 2051 1551 2088 inter
1569 2063 1609 2089 se
1626 2051 1902 2100 pugnantium,
1919 2051 2080 2101 spiritus
2098 2053 2138 2088 et

1174 2105 1303 2142 carnis
1319 2104 1454 2153 quales
1476 2104 1513 2141 in
1536 2104 1678 2142 vitiata
1700 2106 1834 2142 nostra
1855 2107 1998 2143 natura
2017 2117 2136 2154 expe·

1173 2158 1296 2196 rimur
1315 2156 1337 2195 ¹.
1361 2157 1510 2195 Verum
1537 2160 1608 2204 est,
1634 2157 1851 2196 Honorium
1881 2158 1951 2208 Pp.
1979 2158 2016 2196 in
2045 2169 2140 2195 con-

1217 2285 1227 2306 ¹
1247 2286 1348 2317 Multis
1366 2285 1465 2316 modis
1479 2309 1486 2323 ,
1506 2286 1691 2324 praesertim
1716 2288 1855 2324 tempore
1879 2285 2007 2317 Concilii
2025 2286 2144 2317 Vatica-

1177 2327 1218 2366 ni,
1236 2326 1364 2358 defensa
1383 2327 1435 2358 suit
1450 2335 1544 2357 cansa
1562 2327 1687 2357 lionorii
1707 2327 1726 2357 l.
1745 2328 1785 2357 lix
1802 2327 1944 2358 omnibus
1960 2327 1991 2358 in
2006 2336 2148 2367 comper-

1177 2373 1206 2399 to
1224 2373 1271 2399 est
1288 2369 1379 2398 huius
1404 2368 1561 2399 l’ontiticis
1586 2367 1781 2405 orthodoxia,
1810 2370 1851 2399 uti
1877 2369 1906 2399 in
1933 2369 2039 2408 primis
2056 2371 2144 2409 patet

1176 2419 1212 2440 ex
1230 2409 1414 2440 defensione
1432 2418 1524 2449 quam
1542 2410 1579 2439 de
1597 2418 1632 2439 eo
1648 2411 1787 2448 suscepit
1800 2410 1932 2441 loannes
1950 2411 1994 2448 tv,
2007 2410 2056 2450 qui
2074 2419 2142 2441 cum

1177 2460 1293 2490 magna
1322 2451 1532 2481 admiratione
1561 2450 1692 2489 legisset
1727 2451 1757 2481 in
1787 2452 1917 2491 epistola
1942 2452 2144 2490 Imperatoris

1178 2492 1372 2523 Constantini
1409 2492 1621 2522 patriarcham
1657 2493 1805 2531 Pyrrhum
1838 2493 1943 2524 dicere
1976 2493 2143 2523 Honorium

1179 2532 1348 2573 scripsisse
1362 2534 1471 2571 Sergio
1491 2533 1655 2572 epistotam
1675 2543 1751 2563 snae
1768 2534 1930 2565 doctrinae
1946 2534 2144 2564 consentien-

1180 2579 1258 2612 tem,
1285 2575 1443 2613 rescripsit
1459 2586 1464 2604 :
1495 2585 1506 2602 n
1524 2576 1636 2604 (inuios
1654 2575 1833 2606 Occidentis
1848 2581 1961 2616 partes
1976 2574 2146 2606 scandati-

1182 2619 1272 2646 kalae
1291 2617 1467 2652 turbantur,
1492 2616 1587 2646 fratre
1604 2619 1712 2646 nostro
1739 2617 1857 2655 Pyrrho
1889 2617 2070 2647 l‘atriarclia
2088 2625 2144 2655 per

1180 2658 1297 2687 litteras
1323 2666 1396 2687 suas
1422 2658 1481 2687 huc
1499 2661 1591 2696 atque
1609 2657 1679 2687 illuc
1706 2659 1916 2696 transmissas,
1943 2667 2023 2688 nova
2047 2666 2141 2698 quae-

1180 2699 1249 2728 dam
1268 2702 1298 2728 ct
1323 2702 1452 2737 praeter
1476 2699 1603 2737 regulas
1631 2698 1699 2728 tidei
1718 2699 1933 2737 praedicante,
1951 2702 1981 2729 et
2004 2697 2042 2728 ad
2069 2707 2143 2738 pro-

1179 2740 1278 2779 prium
1296 2748 1422 2769 sensnm
1447 2741 1534 2779 quasi
1552 2742 1686 2770 sanctae
1703 2741 1880 2771 nwmnrtae
1898 2740 2064 2771 llottorium
2083 2741 2142 2770 Pa-

1180 2790 1250 2820 pam
1268 2781 1465 2811 dccessorem
1483 2785 1621 2811 nostrum
1648 2781 1806 2812 attrahere
1830 2782 2003 2819 festinante,
2027 2781 2109 2820 qnod
2127 2789 2145 2811 a

1182 2825 1285 2852 mente
1307 2822 1458 2852 catholici
1482 2822 1586 2853 Putris
1610 2827 1677 2853 erat
1703 2823 1825 2861 penitus
1849 2823 1982 2853 alienum
2007 2834 2035 2852 i».
2060 2822 2146 2854 Unde

1182 2864 1273 2903 paulo
1299 2867 1367 2902 post
1385 2874 1409 2894 s.
1428 2864 1574 2894 Martinus
1594 2865 1645 2903 t‘p.
1665 2864 1673 2894 l
1691 2867 1808 2903 martyr
1825 2863 1853 2894 in
1873 2863 1983 2894 litteris
2001 2862 2138 2902 encycli-

1180 2906 1224 2934 cis
1251 2904 1287 2934 ad
1307 2905 1482 2934 universum
1508 2905 1613 2935 orbem
1638 2905 1719 2934 datis
1744 2913 1810 2934 cum
1836 2914 1990 2936 consensu
2012 2904 2138 2935 Concilii

1180 2947 1395 2976 Latet-:utensis
1420 2947 1557 2976 scrihere
1576 2947 1681 2984 potuit:
1706 2957 1717 2973 tt
1732 2946 1953 2977 Anu-cessores·
1970 2946 2066 2976 nostri
2082 2954 2143 2976 non

1181 2988 1383 3017 destituerunt
1399 2987 1600 3017 admonentes
1619 2987 1829 3026 (t‘atriarchas
1849 2988 1914 3027 (tp.)
1927 2991 1955 3018 ct
1970 2990 2145 3018 contestan-

1182 3032 1226 3058 tes
1245 3029 1391 3058 ret-edere
1415 3039 1431 3057 a
1456 3038 1511 3058 sna
1537 3028 1711 3058 huiusmodi
1745 3029 1876 3065 haeresi,
1907 3031 1935 3059 ct
1963 3036 2071 3059 sanam
2089 3027 2146 3057 do·
2199 3047 2202 3050 ⁴

1183 3069 1311 3099 ctrinam
1330 3070 1506 3109 :nuptm-ti».
1528 3071 1562 3099 tzt
1582 3070 1716 3100 l’ontit'cx
1737 3070 1856 3108 Agatho
1879 3073 1940 3099 tam
1959 3069 1989 3100 in
2008 3069 2147 3109 Epistola

1182 3112 1357 3147 ‹ingniatica
1376 3111 1413 3141 ad
1427 3111 1593 3141 (kint-,itiam
1614 3111 1852 3141 oecumenicum
1870 3111 1920 3147 vt.
1938 3111 1968 3141 in
1986 3119 2047 3149 qno
2064 3110 2148 3140 dam—

227 3148 234 3169 ¹
256 3151 416 3187 rvtavtus,
441 3149 585 3189 Damnat.
606 3150 740 3191 (haulay.
758 3154 775 3182 t.
797 3152 826 3190 V,
846 3150 883 3182 (Ie
898 3150 1138 3189 lncarnatt'one;
1184 3153 1285 3182 nanda
1303 3156 1368 3182 erat
1393 3153 1533 3183 haeresis
1557 3151 1796 3188 monothelitica‚
1815 3161 1906 3191 quam
1928 3151 1959 3183 in
1977 3151 2088 3182 litteris
2107 3150 2147 3181 ad

185 3191 302 3227 Curictl.
318 3201 386 3232 qen.
412 3191 456 3230 tl,
471 3195 528 3222 art.
546 3192 573 3229 ti,
591 3194 619 3230 8,
640 3192 683 3223 tri.

1184 3194 1424 3233 tinpcr.-=t‹.›rcm,
1455 3194 1526 3224 duni
1560 3202 1712 3233 expresse
1747 3193 1875 3234 imponit
1915 3192 2147 3224 damnationem
