2241 3473
709 126 846 156 VSQVE
866 126 920 153 AD
941 124 1225 154 PRAESENTEM
1248 128 1455 156 ΑΕΤΑΤΕΜ

1918 114 1995 154 345

101 198 317 236 Henricum
333 199 517 235 comitem
533 199 580 237 de
596 201 1050 248 Saint-Simon,qui,con-
1098 201 1279 237 I'Arcnir
1306 204 1574 248 propugnatas
1600 196 1874 236 condemnavit
1899 197 1938 234 in
1965 198 2041 245 epi-

101 253 226 299 ceptis
250 253 287 288 in
312 253 411 289 bello
430 255 668 290 Americano
687 254 990 301 intemperantis
1009 254 1049 289 li·
1098 255 1198 291 stola
1224 256 1426 304 encyclica
1453 253 1611 290 Mirari
1638 264 1702 289 cos
1727 252 1919 295 arbitror,
1945 251 2040 288 data

101 306 265 342 bertatis
293 305 402 342 ideis.
431 312 660 354 consumpto
680 307 897 349 itineribus,
919 308 1049 342 incon-

100 359 283 395 sideratis
318 361 651 406 speculationibus
684 365 723 397 et
750 361 941 396 licentiori
968 361 1050 396 vita

100 412 350 458 patrimonio,
379 418 651 461 attentatoque
677 413 853 454 suicidio,
875 414 1049 449 incredu-

101 465 162 501 lus
196 466 292 502 obiit
326 466 490 503 Parisiis
521 479 622 503 anno
659 467 765 504 18‘25.
799 467 1051 503 Contendunt

101 519 638 568 Sansimoniani‚religionem
650 520 905 555 christianam
918 525 1051 556 01000-

101 572 345 609 stitutionem
356 574 541 610 socialem
554 585 641 611 esse
653 573 938 614 reformandas,
951 573 1049 620 quod

100 626 249 662 saeculi
265 626 375 663 huius
390 627 596 663 illuminati
613 626 860 674 genioatque
875 625 1051 672 indigen-

102 679 168 715 tiis
201 690 277 715 non
312 680 549 716 sufficerent.
578 679 815 716 Praedicant
844 679 1048 726 speciatim

101 732 260 780 plenam
288 733 527 776 libertatem,
553 733 818 770 conditionum
839 732 1048 779 aequalita-

103 790 199 827 tem,
226 785 415 822 bonorum
443 787 780 828 communitatem,
801 786 1048 832 plenamque,

100 843 144 874 ut
168 838 315 882 dicunt,
343 839 516 877 feminae
543 839 916 886 emancipationem.

148 891 384 928 Franciscus
399 894 530 929 Maria
543 893 709 930 Carolus
724 893 1050 934 Fourrier,natus

101 944 345 982 Vesuntione
372 957 475 982 anno
504 947 595 983 1772
620 951 660 982 01
687 950 861 981 mortuus
888 945 1050 981 Parisiis

100 1009 206 1035 anno
235 999 338 1042 1837,
367 1000 491 1036 Deum
517 1000 714 1035 hominem
742 1003 782 1035 et
809 1010 942 1035 rerum
968 999 1049 1034 uni—

100 1053 333 1088 versitatem
353 1065 439 1090 esse
455 1065 574 1089 unum
590 1053 756 1096 dicebat,
774 1052 974 1088 doctrinas
990 1064 1048 1088 re-

99 1106 251 1142 velat-as
278 1107 509 1150 reiiciebat;
536 1108 654 1143 finem
682 1106 850 1142 hominis
876 1117 963 1142 esse
990 1116 1049 1141 as-

99 1160 258 1196 serebat
289 1161 490 1208 proprium
518 1161 576 1196 sui
603 1160 723 1207 ipsius
749 1160 891 1195 bonum
919 1159 1047 1205 physi-

99 1224 187 1249 cum
204 1217 244 1250 et
257 1214 421 1258 morale;
437 1214 664 1249 adstruebat
680 1213 901 1248 animarum
922 1217 1046 1248 trans-

99 1266 395 1312 migrationem;
421 1267 470 1303 ad
497 1266 799 1303 restaurandam
818 1266 1048 1301 societatem

99 1319 467 1363 docebat,homines
480 1332 567 1357 esse
586 1321 809 1356 successive
820 1319 1052 1355 distribuen-

100 1372 170 1409 dos
195 1374 234 1409 in
260 1375 466 1420 congeries
484 1403 492 1417 ,
521 1374 558 1409 in
586 1374 712 1410 series
737 1378 778 1409 et
804 1373 1048 1419 phalanges,

99 1427 228 1463 unitas
254 1439 325 1474 per
342 1427 397 1464 sic
415 1427 560 1464 dictum
585 1427 912 1476 phalansterium,
932 1437 956 1462 a
974 1438 1049 1473 quo

100 1491 243 1517 nomen
269 1485 381 1517 secta
406 1482 523 1518 habet
541 1484 565 1516 1.

146 1534 342 1571 Robertus
356 1535 494 1577 Owen,
506 1539 620 1570 natus
635 1535 672 1570 in
690 1534 946 1581 Anglia²anno
959 1534 1047 1569 1771

101 1586 228 1635 ibique
260 1599 388 1635 nuper
406 1588 626 1626 defunctus.
649 1593 727 1623 tum
746 1588 784 1622 in
803 1588 949 1632 Anglia
967 1594 1048 1622 tum

99 1640 139 1674 in
174 1641 387 1684 America,
423 1642 626 1688 religionis
659 1645 698 1676 et
724 1641 978 1687 proprietatis
1004 1651 1049 1676 ac

99 1695 340 1731 matrimonii
366 1695 618 1731 abolitionem
647 1694 905 1741 praedicavit;
925 1695 980 1729 sic
998 1694 1050 1729 di-

99 1752 204 1784 ctam
237 1749 469 1785 societatem
496 1748 761 1784 universalem
790 1747 1049 1783 rationalista-

99 1812 186 1837 rum
220 1802 402 1838 instituit.
451 1802 626 1838 Docebat
652 1802 684 1836 is
704 1830 712 1844 ,
739 1801 906 1836 hominis
930 1801 1049 1837 finem

99 1866 188 1892 esse
209 1855 248 1890 in
267 1855 340 1891 hac
357 1857 440 1891 vita
458 1866 612 1891 summa
627 1855 812 1891 felicitate
831 1858 870 1890 et
884 1859 1048 1890 naturae

99 1909 376 1956 cupiditatibus
400 1909 492 1944 frui.
520 1909 705 1955 Negabat
729 1913 941 1956 praeterea
962 1908 1051 1944 libe-

101 1974 189 1999 rum
216 1963 383 1998 hominis
410 1963 635 1999 arbitrium.

141 2017 331 2053 Felicitas
340 2017 540 2053 Robertus
551 2016 597 2053 de
610 2016 1051 2060 Lamennais‚sacerdos

100 2070 248 2114 Gallus,
277 2070 589 2106 rationalismum
616 2075 657 2106 et
684 2071 913 2117 progenitos
939 2081 988 2106 ex
1005 2082 1050 2106 00

100 2134 259 2159 errores
284 2123 486 2160 ardentius
505 2134 751 2171 oppugnans,
771 2123 973 2159 naturales
990 2134 1052 2159 ra-

104 2177 220 2213 tionis
245 2177 443 2213 humanae
469 2177 574 2213 vires
600 2177 761 2212 nimium
781 2177 993 2224 depressit,
1012 2181 1051 2213 et

102 2241 297 2266 summum
316 2235 433 2278 atque
451 2231 655 2266 infallibile
674 2230 921 2266 certitudinis
936 2230 1051 2267 crite-

102 2284 202 2319 rium
238 2285 438 2320 constituit
464 2285 502 2319 in
531 2284 711 2331 generali
736 2284 936 2320 hominum
963 2295 1054 2320 con-

103 2337 300 2379 sensione,
322 2349 435 2384 quam
453 2349 606 2374 sensnm
623 2349 858 2374 communem
881 2339 1054 2385 appella-

103 2390 183 2426 bat.
212 2389 432 2427 Praeterea
458 2402 558 2427 anno
588 2392 678 2428 1830
704 2392 743 2426 in
771 2391 895 2426 diario
922 2392 983 2427 cui
1009 2393 1052 2427 ti-

104 2445 209 2481 tulus
239 2444 427 2488 l'Acenir,
459 2445 663 2481 rebellioni
694 2451 834 2481 contra
863 2445 1054 2492 gubernia

104 2499 286 2534 absoluta
321 2499 516 2545 applausit
533 2527 541 2542 ‚
578 2499 739 2534 totalem
767 2499 870 2534 inter
898 2500 1051 2535 Statum

105 2553 261 2588 civilem
289 2558 328 2587 et
354 2552 574 2588 Ecclesiam
600 2553 892 2598 separationem
913 2564 1052 2599 propu-

105 2605 263 2653 gnavit,
291 2614 338 2640 ac
365 2605 587 2641 libertatem
615 2607 879 2642 conscientiae
906 2610 946 2641 et
973 2607 1054 2653 opi*

106 2659 267 2695 nionum
284 2664 401 2705 atquc
416 2659 513 2694 artis
528 2659 710 2694 librariae
721 2659 769 2694 ad
780 2659 930 2704 scripta
939 2670 1054 2706 quae-

107 2713 201 2749 libet
226 2714 265 2749 in
293 2714 432 2759 vulgus
459 2712 623 2755 edenda,
650 2713 825 2759 aliasque
852 2712 1053 2749 libertates

107 2769 294 2814 tanquam
327 2777 425 2802 vera
453 2766 643 2812 principia
671 2766 789 2801 tuitus
814 2771 885 2801 est.
916 2765 1054 2803 Plures

107 2820 283 2868 episcopi
309 2820 412 2857 Galli
438 2819 570 2854 varias
597 2820 882 2865 propositiones
901 2831 949 2855 ex
968 2820 1051 2855 eius

108 2873 264 2920 scriptis
295 2878 507 2920 excerptas
540 2883 708 2908 censura
742 2876 954 2916 notarunt;
990 2874 1053 2908 alii

107 2927 276 2963 Romani
306 2926 509 2962 Pontificis
536 2926 771 2961 sententiam
792 2926 1053 2972 appellarunt.

109 2980 325 3026 Gregorius
366 2979 438 3026 Pp.
478 2978 571 3013 XVI
618 2977 815 3014 doctrinas
853 2978 892 3013 in
931 2979 1053 3016 diario

156 3062 163 3083 ¹
194 3062 236 3092 Dc
264 3060 358 3091 liuius
377 3058 507 3089 scholae
527 3062 700 3097 systemate
725 3057 892 3096 legendum
912 3058 975 3089 erit
993 3058 1053 3091 Sul

109 3107 318 3138 monimento
344 3103 500 3145 filosofico
528 3103 688 3134 moderno
709 3103 739 3134 111
759 3103 928 3144 appendic.
946 3106 1051 3143 operis

112 3151 154 3183 De
181 3151 302 3183 Salinis
321 3174 329 3188 ,
362 3148 566 3189 Competalia
591 3148 680 3180 della
705 3149 810 3180 storia
836 3148 922 3180 della
947 3149 1054 3189 filoso-

108 3196 153 3237 fia
179 3201 243 3230 etc.
270 3195 399 3237 Napoli,
428 3194 606 3226 Bibliotcca
629 3194 802 3234 0111101100,
830 3194 930 3225 1860.

325 3251 588 3300 WOVTERS,
618 3251 670 3293 11.

1101 310 1143 344 15
1170 310 1324 355 augusti
1353 309 1444 346 1832
1463 308 1510 344 ad
1529 319 1666 344 omnes
1684 305 1944 354 patriarchas,
1963 305 2039 353 pri-

1100 367 1238 404 mates,
1257 362 1577 409 archiepiscopos
1596 364 1636 397 et
1653 361 1872 408 episcopos.
1893 359 1950 395 De
1969 359 2041 395 La-

1102 415 1280 452 mcnnais
1308 415 1345 450 in
1379 414 1695 451 aberrationibus
1729 414 1809 449 suis
1835 413 2016 459 pertinax
2035 440 2045 456 ‚

1099 480 1168 505 eas
1195 470 1232 504 in
1261 479 1361 503 novo
1387 468 1587 514 opusculo,
1607 468 1666 503 cui
1694 468 1847 503 titulus:
1877 465 2046 502 Paroles

1099 523 1187 558 cl'un
1209 522 1390 567 croyant,
1411 520 1672 568 impudentius
1691 519 1876 556 defendit.
1894 519 2044 566 Grego-

1103 577 1181 612 rius
1196 576 1287 612 XVI
1308 586 1379 622 per
1394 575 1561 610 alteram
1577 574 1818 621 encyclicam
1835 572 2044 619 Singulari

1099 629 1346 672 Nos,datam
1366 628 1411 664 25
1430 628 1522 663 iunii
1544 628 1633 664 1834
1652 627 1699 662 ad
1717 637 1855 662 omnes
1875 625 2040 673 patriar-

1100 683 1210 726 chas,
1222 683 1426 729 primates,
1441 681 1761 728 archiepiscopos
1776 683 1816 716 et
1829 680 2045 726 episcopos,

1101 735 1323 783 praefatum
1350 735 1579 782 opusculum
1599 732 1892 775 condemnavit,
1912 732 2044 768 simul-

1099 801 1172 837 que
1184 789 1233 824 im
1241 789 1420 836 probavit
1430 788 1628 824 invectum
1640 787 1687 823 ab
1698 786 1834 823 eodem
1851 785 2046 832 scriptore

1101 844 1367 891 philosophiae
1386 847 1574 890 systema.
1595 843 1652 878 De
1668 840 1905 877 Lamennais
1920 839 1967 875 ad
1984 850 2048 886 pe-

1101 898 1184 933 iora
1211 909 1368 943 semper
1393 896 1566 943 dilapsus
1600 895 1758 932 tandem
1785 893 2045 941 impoenitens

1098 952 1194 988 obiit
1218 951 1263 988 27
1290 951 1481 988 februarii
1508 951 1599 987 1854
1618 953 1645 982 ¹-

1145 1007 1186 1042 In
1212 1006 1365 1042 Alsatia
1397 1016 1543 1040 novum
1572 1003 1837 1051 philosophiae
1865 1005 2039 1050 systema

1098 1061 1246 1096 invexit
1261 1059 1478 1095 Ludovicus
1493 1058 1676 1100 Bautain,
1693 1056 1877 1092 sacerdos
1892 1057 2044 1100 Gallus,

1098 1115 1161 1161 qui
1192 1113 1241 1149 ad
1275 1112 1555 1149 confutandum
1583 1110 1897 1146 rationalismum
1924 1109 2043 1156 philo-

1099 1166 1541 1214 sophico-theologicum
1551 1163 1840 1208 ,contendebat,
1852 1162 2044 1198 rationem

1100 1221 1268 1268 propriis
1279 1220 1358 1256 suis
1373 1220 1520 1255 viribus
1533 1218 1582 1254 ad
1608 1218 1751 1253 nullius
1765 1216 1946 1252 veritatis
1962 1227 2049 1251 cer-

1101 1274 1305 1310 titudinem
1332 1273 1560 1320 pertingere
1587 1282 1714 1317 posse;
1744 1270 1782 1305 in
1810 1279 2049 1316 cognoscen-

1099 1328 1156 1363 dis
1175 1327 1407 1363 veritatibus
1423 1326 1542 1362 fidem
1563 1323 1907 1372 supernaturalem
1934 1333 2050 1369 prae-

1103 1382 1243 1418 cedere
1270 1392 1383 1417 usum
1411 1379 1592 1421 rationis,
1609 1383 1649 1415 et
1667 1379 1768 1414 hanc
1786 1377 1912 1424 ipsam
1930 1376 2046 1412 fidem

1099 1447 1186 1473 esse
1206 1436 1243 1470 111
1263 1434 1483 1481 pilosophia
1501 1445 1548 1469 ac
1568 1432 1766 1478 theologia
1782 1431 1942 1466 unicum
1962 1441 2046 1465 cer-

1101 1489 1275 1526 titudinis
1301 1488 1515 1524 criterium.
1546 1487 1764 1533 Episcopus
1789 1483 2047 1530 Argentorati

1102 1545 1144 1580 15
1162 1542 1396 1590 septembris
1424 1541 1514 1578 1834
1540 1540 1731 1576 monitum
1757 1537 1804 1573 ad
1823 1548 1913 1573 eum
1928 1536 2047 1580 dedit,

1100 1597 1305 1633 continens
1331 1606 1401 1631 sex
1419 1593 1718 1641 propositiones,
1737 1592 1821 1627 eius
1843 1590 2048 1626 doctrinae

1099 1652 1248 1687 directe
1267 1650 1483 1696 oppositas;
1501 1647 1642 1684 deinde
1662 1658 1731 1693 per
1751 1646 1902 1681 litteras
1920 1648 2049 1690 pasto-

1101 1705 1204 1741 rales
1222 1704 1373 1740 clerum
1392 1706 1432 1738 et
1459 1701 1642 1748 populum
1667 1699 1883 1741 admonuit,
1908 1700 1952 1732 ut
1976 1697 2048 1732 sibi

1101 1761 1289 1795 caverent
1327 1768 1350 1792 a
1387 1755 1570 1803 praefata
1607 1753 1798 1789 doctrina.
1832 1751 2049 1798 Gregorius

1102 1814 1169 1860 Pp.
1191 1813 1283 1848 XVI
1304 1812 1351 1847 ab
1371 1811 1553 1857 episcopo
1569 1806 1849 1854 Argentinensi
1865 1805 2051 1852 interpel-

1101 1868 1220 1909 latus,
1250 1865 1439 1901 monitum
1467 1863 1550 1899 eius
1576 1862 1804 1907 litterasque
1831 1859 2050 1906 pastorales

1101 1925 1238 1957 contra
1274 1919 1518 1967 praedictam
1557 1915 1778 1951 doctrinam
1817 1912 2052 1960 approbavit

1101 1979 1216 2022 atque
1232 1972 1404 2010 laudavit
1418 1982 1489 2019 per
1505 1971 1634 2006 Breve
1648 1969 1694 2005 20
1708 1966 1928 2004 decembris
1945 1966 2049 2003 1834.

1103 2029 1247 2064 Postea
1261 2026 1430 2062 Bautain
1445 2023 1645 2060 humiliter
1660 2034 1699 2057 se
1715 2020 1880 2056 subiecit
1894 2023 1933 2056 et
1947 2031 2050 2055 anno

1104 2082 1194 2119 1840
1213 2077 1542 2128 propositionibus
1559 2075 1763 2111 doctrinae
1782 2084 1877 2110 suae
1893 2078 2048 2108 contra-

1104 2135 1172 2170 riis
1197 2132 1427 2179 subscripsit
1443 2133 1471 2164 ².

1150 2188 1279 2229 Quum
1291 2185 1535 2231 Augustinus
1550 2180 1890 2229 Bonnetty,laicus
1898 2179 2049 2223 Gallus,

1104 2243 1141 2278 in
1160 2242 1239 2277 suis
1257 2237 1590 2287 ephem.Annctles
1604 2237 1650 2272 dc
1666 2233 1923 2281 Philosophia
1941 2233 2051 2268 chre-

1104 2296 1245 2337 tienne,
1272 2293 1461 2341 quaedam
1489 2295 1527 2327 et
1551 2291 1634 2336 ipse
1661 2290 1859 2325 docuisset
1886 2286 2049 2322 rationis

1103 2350 1298 2384 humanae
1317 2347 1397 2381 vim
1424 2345 1539 2380 nimis
1565 2341 1838 2389 deprimentia,
1857 2341 1963 2375 iussu
1982 2340 2050 2376 Se-

1104 2403 1162 2438 dis
1194 2401 1445 2449 Apostolicae
1481 2409 1582 2434 anno
1619 2397 1711 2434 1855
1744 2393 2049 2431 subscribendae

1105 2457 1139 2492 ei
1157 2456 1316 2492 fuerunt
1331 2453 1556 2501 propositae
1576 2455 1743 2498 quatuor
1762 2447 2049 2495 propositiones

1104 2510 1151 2545 de
1177 2510 1215 2545 vi
1241 2512 1454 2554 mutuaque
1474 2506 1664 2542 relatione
1691 2501 1852 2538 rationis
1878 2505 1917 2536 et
1940 2500 2049 2544 fidei,

1104 2563 1241 2610 quibus
1266 2562 1369 2597 illico
1397 2561 1482 2607 pius
1508 2559 1572 2594 ille
1598 2560 1737 2593 auctor
1762 2554 1994 2601 subscripsit
2018 2556 2047 2587 3.

1153 2617 1230 2651 Alii
1248 2626 1344 2651 vero
1363 2615 1577 2660 scriptores
1592 2609 1773 2646 catholici
1791 2609 1829 2643 in
1849 2607 2050 2654 oppositos

1106 2681 1266 2707 errores
1285 2668 1517 2714 inciderunt.
1534 2664 1729 2710 Imprimis
1744 2661 1938 2709 Georgius
1951 2661 2053 2697 Her-

1153 2786 1161 2806 1
1185 2789 1226 2817 lie
1244 2785 1397 2827 operibus
1423 2781 1656 2824 philosophicis
1682 2780 1849 2822 scriptoris
1876 2780 1972 2812 huius
1998 2781 2048 2812 su-

1107 2832 1175 2863 sius
1196 2832 1362 2873 loquutuin
1382 2834 1431 2860 est
1450 2829 1481 2858 in
1502 2827 1631 2868 neapol.
1655 2825 1730 2866 Epli.
1748 2826 1791 2857 La
1810 2825 1951 2858 Scienza
1970 2836 1987 2858 0
2005 2826 2050 2859 La

1107 2876 1291 2914 Fede,voll.
1308 2883 1405 2911 xxxt,
1419 2883 1449 2915 p.
1466 2873 1524 2904 101
1547 2882 1619 2914 sqq,
1635 2880 1684 2908 xi,
1699 2881 1730 2912 p.
1746 2871 1825 2910 212,
1838 2880 1903 2909 xli,
1918 2881 1949 2912 p.
1970 2872 2049 2910 134,

1108 2932 1186 2961 xiii,
1208 2932 1236 2963 p.
1261 2921 1337 2959 321,
1356 2921 1433 2951 401.
1453 2920 1530 2951 Prae
1549 2919 1685 2950 caeteris
1706 2919 1812 2957 legere
1827 2918 1914 2950 iuvat
1929 2918 1991 2949 vol.
2009 2926 2049 2956 11,

1107 2979 1139 3010 p.
1165 2968 1228 3000 130
1259 2976 1330 3009 sqq,
1361 2966 1390 2996 in
1419 2973 1481 3007 quo
1501 2963 1722 2996 Lammenaisii
1749 2966 1959 3005 exponuntur
1985 2964 2051 2996 vita

1106 3018 1137 3046 et
1155 3022 1217 3045 res.

1149 3061 1161 3081 ‘2
1180 3058 1216 3090 Cf
1231 3057 1275 3089 La
1295 3057 1432 3089 Scienza
1450 3065 1464 3086 e
1486 3055 1517 3086 la
1536 3054 1712 3093 Fecle,vol.
1727 3063 1784 3094 xx,
1802 3053 1899 3095 p.321
1920 3058 1951 3086 et
1970 3054 2047 3088 334.

1151 3106 1165 3126 ³³
1177 3103 1293 3135 7111.Πί
1306 3101 1421 3134 alcum
1437 3100 1679 3142 vei-iprincipii
1692 3099 1726 3132 di
1737 3099 1874 3141 filosofia
1884 3100 2047 3133 cristiana

1107 3149 1345 3185 disconosciuti
1364 3147 1454 3179 dalla
1467 3147 1581 3178 scuola
1593 3145 1912 3177 de¹tradiz2i0nalisli
1925 3147 1958 3177 10
1971 3147 2042 3178 citt.

1108 3196 1153 3228 La
1172 3194 1312 3227 Scienza
1333 3203 1349 3225 0
1369 3193 1403 3224 la
1422 3193 1519 3231 Fede,
1541 3192 1607 3225 vol.
1626 3200 1723 3230 xxm,
1741 3201 1772 3234 p.
1791 3190 1833 3221 28
1852 3200 1923 3232 sqq.

1784 3245 1838 3285 29
