<?xml version="1.0" encoding="UTF-8"?>
<!DOCTYPE html PUBLIC "-//W3C//DTD XHTML 1.0 Transitional//EN"
    "http://www.w3.org/TR/xhtml1/DTD/xhtml1-transitional.dtd">
<html xmlns="http://www.w3.org/1999/xhtml" xml:lang="en" lang="en">
 <head>
  <title>
</title>
<meta http-equiv="Content-Type" content="text/html;charset=utf-8" />
  <meta name='ocr-system' content='tesseract 3.04.00' />
  <meta name='ocr-capabilities' content='ocr_page ocr_carea ocr_par ocr_line ocrx_word'/>
</head>
<body>
  <div class='ocr_page' id='page_1' title='image "./historiaeecclesi01wout_0107.png"; bbox 0 0 2241 3473; ppageno 0'>
   <div class='ocr_carea' id='block_1_1' title="bbox 675 153 1584 189">
    <p class='ocr_par' dir='ltr' id='par_1_1' title="bbox 675 153 1584 189">
     <span class='ocr_line' id='line_1_1' title="bbox 675 153 1584 189; baseline -0.006 -4"><span class='ocrx_word' id='word_1_1' title='bbox 675 158 800 189; x_wconf 77' lang='lat' dir='ltr'><strong>VSQVE</strong></span> <span class='ocrx_word' id='word_1_2' title='bbox 827 158 881 185; x_wconf 78' lang='lat' dir='ltr'>AD</span> <span class='ocrx_word' id='word_1_3' title='bbox 909 155 1222 189; x_wconf 79' lang='lat' dir='ltr'>CONVERSIONEM</span> <span class='ocrx_word' id='word_1_4' title='bbox 1250 154 1513 182; x_wconf 80' lang='lat' dir='ltr'>CONSTANTINI</span> <span class='ocrx_word' id='word_1_5' title='bbox 1542 153 1584 180; x_wconf 84' lang='lat' dir='ltr'>M.</span> 
     </span>
    </p>
   </div>
   <div class='ocr_carea' id='block_1_2' title="bbox 117 220 1069 1392">
    <p class='ocr_par' dir='ltr' id='par_1_2' title="bbox 117 220 1069 1223">
     <span class='ocr_line' id='line_1_2' title="bbox 130 220 1065 274; baseline -0.005 -11"><span class='ocrx_word' id='word_1_6' title='bbox 130 223 428 274; x_wconf 80' lang='lat' dir='ltr'>rosolymitanos</span> <span class='ocrx_word' id='word_1_7' title='bbox 471 232 614 271; x_wconf 82' lang='lat' dir='ltr'>magna</span> <span class='ocrx_word' id='word_1_8' title='bbox 650 232 803 271; x_wconf 86' lang='lat' dir='ltr'>semper</span> <span class='ocrx_word' id='word_1_9' title='bbox 839 220 1065 259; x_wconf 86' lang='lat' dir='ltr'>reverentia</span> 
     </span>
     <span class='ocr_line' id='line_1_3' title="bbox 129 273 1063 331; baseline -0.005 -14"><span class='ocrx_word' id='word_1_10' title='bbox 129 279 350 331; x_wconf 86' lang='lat' dir='ltr'>prosecutos</span> <span class='ocrx_word' id='word_1_11' title='bbox 369 275 484 313; x_wconf 85' lang='lat' dir='ltr'>fuisse</span> <span class='ocrx_word' id='word_1_12' title='bbox 504 275 731 313; x_wconf 74' lang='lat' dir='ltr'><strong>cathedram</strong></span> <span class='ocrx_word' id='word_1_13' title='bbox 750 286 778 312; x_wconf 91' lang='lat' dir='ltr'>s.</span> <span class='ocrx_word' id='word_1_14' title='bbox 796 273 921 312; x_wconf 87' lang='lat' dir='ltr'>Iacobi</span> <span class='ocrx_word' id='word_1_15' title='bbox 939 303 949 319; x_wconf 92' lang='lat'>,</span> <span class='ocrx_word' id='word_1_16' title='bbox 968 285 1063 323; x_wconf 83' lang='lat' dir='ltr'>apo-</span> 
     </span>
     <span class='ocr_line' id='line_1_4' title="bbox 128 324 1066 378; baseline -0.004 -9"><span class='ocrx_word' id='word_1_17' title='bbox 128 330 215 373; x_wconf 73' lang='lat' dir='ltr'>stoli</span> <span class='ocrx_word' id='word_1_18' title='bbox 233 332 272 368; x_wconf 88' lang='lat' dir='ltr'>et</span> <span class='ocrx_word' id='word_1_19' title='bbox 290 329 456 378; x_wconf 85' lang='lat' dir='ltr'>episcopi</span> <span class='ocrx_word' id='word_1_20' title='bbox 476 327 820 377; x_wconf 78' lang='lat' dir='ltr'>Hierosolymitani</span> <span class='ocrx_word' id='word_1_21' title='bbox 844 324 867 365; x_wconf 86' lang='lat'>¹.</span> <span class='ocrx_word' id='word_1_22' title='bbox 890 326 1066 365; x_wconf 85' lang='lat' dir='ltr'>Vidimus</span> 
     </span>
     <span class='ocr_line' id='line_1_5' title="bbox 128 379 1062 434; baseline -0.005 -12"><span class='ocrx_word' id='word_1_23' title='bbox 128 395 254 434; x_wconf 84' lang='lat' dir='ltr'>supra,</span> <span class='ocrx_word' id='word_1_24' title='bbox 269 383 414 432; x_wconf 89' lang='lat' dir='ltr'>quanto</span> <span class='ocrx_word' id='word_1_25' title='bbox 431 382 576 419; x_wconf 84' lang='lat' dir='ltr'>honore</span> <span class='ocrx_word' id='word_1_26' title='bbox 591 381 848 429; x_wconf 83' lang='lat' dir='ltr'>Smyrnenses</span> <span class='ocrx_word' id='word_1_27' title='bbox 863 379 1062 417; x_wconf 89' lang='lat' dir='ltr'>christiani</span> 
     </span>
     <span class='ocr_line' id='line_1_6' title="bbox 127 432 1064 482; baseline -0.007 -6"><span class='ocrx_word' id='word_1_28' title='bbox 127 436 332 476; x_wconf 82' lang='lat' dir='ltr'><strong>habuerint</strong></span> <span class='ocrx_word' id='word_1_29' title='bbox 351 446 436 472; x_wconf 88' lang='lat' dir='ltr'>ossa</span> <span class='ocrx_word' id='word_1_30' title='bbox 450 447 479 472; x_wconf 90' lang='lat' dir='ltr'>s.</span> <span class='ocrx_word' id='word_1_31' title='bbox 492 434 711 482; x_wconf 80' lang='lat' dir='ltr'>Polycarpi,</span> <span class='ocrx_word' id='word_1_32' title='bbox 726 432 892 481; x_wconf 85' lang='lat' dir='ltr'><strong>episcopi</strong></span> <span class='ocrx_word' id='word_1_33' title='bbox 909 434 948 470; x_wconf 90' lang='lat' dir='ltr'>et</span> <span class='ocrx_word' id='word_1_34' title='bbox 967 444 1064 470; x_wconf 90' lang='lat' dir='ltr'>mar-</span> 
     </span>
     <span class='ocr_line' id='line_1_7' title="bbox 127 485 1062 541; baseline -0.006 -12"><span class='ocrx_word' id='word_1_35' title='bbox 127 490 226 541; x_wconf 81' lang='lat' dir='ltr'>tyris</span> <span class='ocrx_word' id='word_1_36' title='bbox 245 487 270 526; x_wconf 76' lang='lat'>².</span> <span class='ocrx_word' id='word_1_37' title='bbox 292 488 455 526; x_wconf 86' lang='lat' dir='ltr'>Pontius</span> <span class='ocrx_word' id='word_1_38' title='bbox 483 488 522 525; x_wconf 91' lang='lat' dir='ltr'>in</span> <span class='ocrx_word' id='word_1_39' title='bbox 566 487 654 524; x_wconf 69' lang='lat' dir='ltr'>Vita</span> <span class='ocrx_word' id='word_1_40' title='bbox 683 498 712 524; x_wconf 93' lang='lat' dir='ltr'>s.</span> <span class='ocrx_word' id='word_1_41' title='bbox 741 485 948 534; x_wconf 86' lang='lat' dir='ltr'>Cypriani,</span> <span class='ocrx_word' id='word_1_42' title='bbox 977 485 1062 534; x_wconf 90' lang='lat' dir='ltr'>epi-</span> 
     </span>
     <span class='ocr_line' id='line_1_8' title="bbox 126 538 1065 593; baseline -0.006 -11"><span class='ocrx_word' id='word_1_43' title='bbox 126 542 231 593; x_wconf 85' lang='lat' dir='ltr'><strong>scopi</strong></span> <span class='ocrx_word' id='word_1_44' title='bbox 245 540 576 591; x_wconf 83' lang='lat' dir='ltr'>Carthaginensis,</span> <span class='ocrx_word' id='word_1_45' title='bbox 591 538 727 585; x_wconf 79' lang='lat' dir='ltr'><strong>refert,</strong></span> <span class='ocrx_word' id='word_1_46' title='bbox 742 538 982 576; x_wconf 76' lang='lat' dir='ltr'>Christianos</span> <span class='ocrx_word' id='word_1_47' title='bbox 999 550 1065 576; x_wconf 85' lang='lat' dir='ltr'>ex-</span> 
     </span>
     <span class='ocr_line' id='line_1_9' title="bbox 127 592 1063 647; baseline -0.004 -13"><span class='ocrx_word' id='word_1_48' title='bbox 127 595 394 647; x_wconf 84' lang='lat' dir='ltr'>pansislinteis</span> <span class='ocrx_word' id='word_1_49' title='bbox 409 595 493 632; x_wconf 88' lang='lat' dir='ltr'>eius</span> <span class='ocrx_word' id='word_1_50' title='bbox 504 592 730 641; x_wconf 87' lang='lat' dir='ltr'>sanguinem</span> <span class='ocrx_word' id='word_1_51' title='bbox 742 592 952 640; x_wconf 77' lang='lat' dir='ltr'>excepisse.</span> <span class='ocrx_word' id='word_1_52' title='bbox 968 592 1063 630; x_wconf 87' lang='lat' dir='ltr'>Inde</span> 
     </span>
     <span class='ocr_line' id='line_1_10' title="bbox 127 645 1062 698; baseline -0.005 -10"><span class='ocrx_word' id='word_1_53' title='bbox 127 649 246 688; x_wconf 82' lang='lat' dir='ltr'>etiam</span> <span class='ocrx_word' id='word_1_54' title='bbox 277 648 586 698; x_wconf 80' lang='lat' dir='ltr'>persecutionum</span> <span class='ocrx_word' id='word_1_55' title='bbox 614 647 788 694; x_wconf 88' lang='lat' dir='ltr'>tempore</span> <span class='ocrx_word' id='word_1_56' title='bbox 819 645 1062 683; x_wconf 88' lang='lat' dir='ltr'>ethnicorum</span> 
     </span>
     <span class='ocr_line' id='line_1_11' title="bbox 126 698 1063 748; baseline -0.005 -7"><span class='ocrx_word' id='word_1_57' title='bbox 126 702 300 742; x_wconf 89' lang='lat' dir='ltr'>studium</span> <span class='ocrx_word' id='word_1_58' title='bbox 320 712 451 739; x_wconf 87' lang='lat' dir='ltr'>sacras</span> <span class='ocrx_word' id='word_1_59' title='bbox 471 701 691 748; x_wconf 83' lang='lat' dir='ltr'>martyrum</span> <span class='ocrx_word' id='word_1_60' title='bbox 710 698 873 736; x_wconf 76' lang='lat' dir='ltr'>exuvias</span> <span class='ocrx_word' id='word_1_61' title='bbox 883 698 958 736; x_wconf 92' lang='lat' dir='ltr'>huc</span> <span class='ocrx_word' id='word_1_62' title='bbox 969 698 1063 736; x_wconf 92' lang='lat' dir='ltr'>illuc</span> 
     </span>
     <span class='ocr_line' id='line_1_12' title="bbox 127 751 1064 805; baseline -0.004 -11"><span class='ocrx_word' id='word_1_63' title='bbox 127 755 374 805; x_wconf 78' lang='lat' dir='ltr'>dispergendi</span> <span class='ocrx_word' id='word_1_64' title='bbox 403 757 442 792; x_wconf 87' lang='lat' dir='ltr'>et</span> <span class='ocrx_word' id='word_1_65' title='bbox 469 752 681 803; x_wconf 90' lang='lat' dir='ltr'>perdendi,</span> <span class='ocrx_word' id='word_1_66' title='bbox 711 763 759 789; x_wconf 92' lang='lat' dir='ltr'>ne</span> <span class='ocrx_word' id='word_1_67' title='bbox 792 763 815 789; x_wconf 89' lang='lat' dir='ltr'>a</span> <span class='ocrx_word' id='word_1_68' title='bbox 840 751 1064 790; x_wconf 88' lang='lat' dir='ltr'>Christianis</span> 
     </span>
     <span class='ocr_line' id='line_1_13' title="bbox 128 805 1064 858; baseline -0.004 -10"><span class='ocrx_word' id='word_1_69' title='bbox 128 809 413 858; x_wconf 75' lang='lat' dir='ltr'>exciperentur.</span> <span class='ocrx_word' id='word_1_70' title='bbox 435 809 470 845; x_wconf 80' lang='lat' dir='ltr'>A</span> <span class='ocrx_word' id='word_1_71' title='bbox 490 805 734 844; x_wconf 81' lang='lat' dir='ltr'>Constantini</span> <span class='ocrx_word' id='word_1_72' title='bbox 754 805 806 843; x_wconf 90' lang='lat' dir='ltr'>M.</span> <span class='ocrx_word' id='word_1_73' title='bbox 827 805 1064 854; x_wconf 87' lang='lat' dir='ltr'>temporibus</span> 
     </span>
     <span class='ocr_line' id='line_1_14' title="bbox 127 858 1065 908; baseline -0.004 -7"><span class='ocrx_word' id='word_1_74' title='bbox 127 864 364 902; x_wconf 86' lang='lat' dir='ltr'>Sanctorum</span> <span class='ocrx_word' id='word_1_75' title='bbox 384 859 565 908; x_wconf 86' lang='lat' dir='ltr'>reliquias</span> <span class='ocrx_word' id='word_1_76' title='bbox 587 858 723 896; x_wconf 89' lang='lat' dir='ltr'>maiori</span> <span class='ocrx_word' id='word_1_77' title='bbox 743 870 812 896; x_wconf 88' lang='lat' dir='ltr'>seu</span> <span class='ocrx_word' id='word_1_78' title='bbox 829 858 1065 897; x_wconf 89' lang='lat' dir='ltr'>sollemniori</span> 
     </span>
     <span class='ocr_line' id='line_1_15' title="bbox 126 911 1067 960; baseline -0.004 -6"><span class='ocrx_word' id='word_1_79' title='bbox 126 917 271 955; x_wconf 87' lang='lat' dir='ltr'>honore</span> <span class='ocrx_word' id='word_1_80' title='bbox 291 913 455 960; x_wconf 89' lang='lat' dir='ltr'>habitas,</span> <span class='ocrx_word' id='word_1_81' title='bbox 474 925 522 951; x_wconf 79' lang='lat' dir='ltr'>ex</span> <span class='ocrx_word' id='word_1_82' title='bbox 543 911 627 950; x_wconf 87' lang='lat' dir='ltr'>aliis</span> <span class='ocrx_word' id='word_1_83' title='bbox 648 913 687 950; x_wconf 89' lang='lat' dir='ltr'>in</span> <span class='ocrx_word' id='word_1_84' title='bbox 707 911 785 950; x_wconf 89' lang='lat' dir='ltr'>alia</span> <span class='ocrx_word' id='word_1_85' title='bbox 802 911 887 950; x_wconf 87' lang='lat' dir='ltr'>loca</span> <span class='ocrx_word' id='word_1_86' title='bbox 906 913 1067 950; x_wconf 89' lang='lat' dir='ltr'>transla-</span> 
     </span>
     <span class='ocr_line' id='line_1_16' title="bbox 117 965 1066 1016; baseline -0.003 -9"><span class='ocrx_word' id='word_1_87' title='bbox 117 971 201 1016; x_wconf 88' lang='lat' dir='ltr'>·tas,</span> <span class='ocrx_word' id='word_1_88' title='bbox 220 969 260 1006; x_wconf 92' lang='lat' dir='ltr'>in</span> <span class='ocrx_word' id='word_1_89' title='bbox 281 966 453 1005; x_wconf 89' lang='lat' dir='ltr'>ecclesiis</span> <span class='ocrx_word' id='word_1_90' title='bbox 482 965 658 1015; x_wconf 87' lang='lat' dir='ltr'>publicae</span> <span class='ocrx_word' id='word_1_91' title='bbox 679 965 919 1003; x_wconf 84' lang='lat' dir='ltr'>venerationi</span> <span class='ocrx_word' id='word_1_92' title='bbox 948 978 1066 1016; x_wconf 75' lang='lat' dir='ltr'>expo-</span> 
     </span>
     <span class='ocr_line' id='line_1_17' title="bbox 125 1019 1066 1070; baseline -0.004 -8"><span class='ocrx_word' id='word_1_93' title='bbox 125 1022 241 1068; x_wconf 83' lang='lat' dir='ltr'>sitas,</span> <span class='ocrx_word' id='word_1_94' title='bbox 260 1024 300 1059; x_wconf 92' lang='lat' dir='ltr'>et</span> <span class='ocrx_word' id='word_1_95' title='bbox 319 1020 579 1070; x_wconf 76' lang='lat' dir='ltr'>Vigilantiam</span> <span class='ocrx_word' id='word_1_96' title='bbox 599 1019 791 1068; x_wconf 90' lang='lat' dir='ltr'>aliosque,</span> <span class='ocrx_word' id='word_1_97' title='bbox 819 1019 883 1068; x_wconf 91' lang='lat' dir='ltr'>qui</span> <span class='ocrx_word' id='word_1_98' title='bbox 913 1031 978 1057; x_wconf 85' lang='lat' dir='ltr'>eas</span> <span class='ocrx_word' id='word_1_99' title='bbox 1006 1021 1066 1069; x_wconf 90' lang='lat' dir='ltr'>pie</span> 
     </span>
     <span class='ocr_line' id='line_1_18' title="bbox 126 1072 1066 1122; baseline -0.003 -8"><span class='ocrx_word' id='word_1_100' title='bbox 126 1079 166 1115; x_wconf 92' lang='lat' dir='ltr'>et</span> <span class='ocrx_word' id='word_1_101' title='bbox 185 1075 334 1114; x_wconf 87' lang='lat' dir='ltr'>utiliter</span> <span class='ocrx_word' id='word_1_102' title='bbox 353 1087 377 1113; x_wconf 92' lang='lat' dir='ltr'>a</span> <span class='ocrx_word' id='word_1_103' title='bbox 409 1072 637 1112; x_wconf 87' lang='lat' dir='ltr'>Christianis</span> <span class='ocrx_word' id='word_1_104' title='bbox 662 1073 735 1111; x_wconf 91' lang='lat' dir='ltr'>coli</span> <span class='ocrx_word' id='word_1_105' title='bbox 763 1074 955 1122; x_wconf 83' lang='lat' dir='ltr'>negabant</span> <span class='ocrx_word' id='word_1_106' title='bbox 976 1102 984 1119; x_wconf 73' lang='lat'>,</span> <span class='ocrx_word' id='word_1_107' title='bbox 1018 1075 1066 1111; x_wconf 86' lang='lat' dir='ltr'>ab</span> 
     </span>
     <span class='ocr_line' id='line_1_19' title="bbox 126 1126 1069 1177; baseline -0.004 -9"><span class='ocrx_word' id='word_1_108' title='bbox 126 1129 300 1168; x_wconf 88' lang='lat' dir='ltr'>Ecclesia</span> <span class='ocrx_word' id='word_1_109' title='bbox 319 1141 387 1177; x_wconf 90' lang='lat' dir='ltr'>pro</span> <span class='ocrx_word' id='word_1_110' title='bbox 407 1126 610 1166; x_wconf 84' lang='lat' dir='ltr'>haereticis</span> <span class='ocrx_word' id='word_1_111' title='bbox 627 1127 778 1165; x_wconf 85' lang='lat' dir='ltr'>habitos</span> <span class='ocrx_word' id='word_1_112' title='bbox 794 1126 925 1173; x_wconf 82' lang='lat' dir='ltr'>fuisse,</span> <span class='ocrx_word' id='word_1_113' title='bbox 938 1139 1069 1165; x_wconf 90' lang='lat' dir='ltr'>monu-</span> 
     </span>
     <span class='ocr_line' id='line_1_20' title="bbox 127 1179 955 1223; baseline -0.005 -2"><span class='ocrx_word' id='word_1_114' title='bbox 127 1186 259 1223; x_wconf 84' lang='lat' dir='ltr'>menta</span> <span class='ocrx_word' id='word_1_115' title='bbox 278 1181 543 1220; x_wconf 85' lang='lat' dir='ltr'>ecclesiastica</span> <span class='ocrx_word' id='word_1_116' title='bbox 563 1182 758 1219; x_wconf 86' lang='lat' dir='ltr'>testantur</span> <span class='ocrx_word' id='word_1_117' title='bbox 776 1179 802 1218; x_wconf 80' lang='lat'>³.</span> <span class='ocrx_word' id='word_1_118' title='bbox 951 1189 955 1194; x_wconf 91' lang='grc'><strong><em>·</em></strong></span> 
     </span>
    </p>

    <p class='ocr_par' dir='ltr' id='par_1_3' title="bbox 125 1234 1068 1392">
     <span class='ocr_line' id='line_1_21' title="bbox 179 1234 1067 1283; baseline -0.002 -9"><span class='ocrx_word' id='word_1_119' title='bbox 179 1236 242 1274; x_wconf 88' lang='grc'>96.</span> <span class='ocrx_word' id='word_1_120' title='bbox 262 1236 521 1274; x_wconf 74' lang='lat' dir='ltr'>Continentia</span> <span class='ocrx_word' id='word_1_121' title='bbox 536 1234 971 1283; x_wconf 76' lang='lat' dir='ltr'>Clerz’corum--Supra</span> <span class='ocrx_word' id='word_1_122' title='bbox 983 1246 1067 1272; x_wconf 89' lang='lat' dir='ltr'>me-</span> 
     </span>
     <span class='ocr_line' id='line_1_22' title="bbox 125 1288 1067 1335; baseline -0.002 -7"><span class='ocrx_word' id='word_1_123' title='bbox 125 1291 320 1328; x_wconf 86' lang='lat' dir='ltr'>moratum</span> <span class='ocrx_word' id='word_1_124' title='bbox 341 1288 547 1326; x_wconf 87' lang='lat' dir='ltr'>concilium</span> <span class='ocrx_word' id='word_1_125' title='bbox 567 1288 849 1326; x_wconf 86' lang='lat' dir='ltr'>Eliberitanum</span> <span class='ocrx_word' id='word_1_126' title='bbox 862 1318 871 1333; x_wconf 92' lang='lat'>,</span> <span class='ocrx_word' id='word_1_127' title='bbox 891 1300 974 1325; x_wconf 86' lang='lat' dir='ltr'>can.</span> <span class='ocrx_word' id='word_1_128' title='bbox 995 1289 1067 1335; x_wconf 83' lang='lat'>33,</span> 
     </span>
     <span class='ocr_line' id='line_1_23' title="bbox 127 1341 1068 1392; baseline -0.002 -11"><span class='ocrx_word' id='word_1_129' title='bbox 127 1342 328 1392; x_wconf 88' lang='lat' dir='ltr'>episcopis,</span> <span class='ocrx_word' id='word_1_130' title='bbox 347 1341 970 1390; x_wconf 79' lang='lat' dir='ltr'>presbyteris,diaconis,&#39;aliisque</span> <span class='ocrx_word' id='word_1_131' title='bbox 991 1342 1068 1379; x_wconf 90' lang='lat' dir='ltr'>cle-</span> 
     </span>
    </p>
   </div>
   <div class='ocr_carea' id='block_1_3' title="bbox 127 1394 1076 1444">
    <p class='ocr_par' dir='ltr' id='par_1_4' title="bbox 127 1394 1076 1444">
     <span class='ocr_line' id='line_1_24' title="bbox 127 1394 1076 1444; baseline -0.003 -10"><span class='ocrx_word' id='word_1_132' title='bbox 127 1396 218 1434; x_wconf 90' lang='lat' dir='ltr'>ricis</span> <span class='ocrx_word' id='word_1_133' title='bbox 237 1397 278 1433; x_wconf 93' lang='lat' dir='ltr'>in</span> <span class='ocrx_word' id='word_1_134' title='bbox 297 1395 512 1433; x_wconf 88' lang='lat' dir='ltr'>ministerio</span> <span class='ocrx_word' id='word_1_135' title='bbox 531 1395 686 1444; x_wconf 85' lang='lat' dir='ltr'>positis,</span> <span class='ocrx_word' id='word_1_136' title='bbox 715 1394 992 1432; x_wconf 74' lang='lat' dir='ltr'>continentiam</span> <span class='ocrx_word' id='word_1_137' title='bbox 1020 1395 1076 1432; x_wconf 84' lang='lat' dir='ltr'>ab</span> 
     </span>
    </p>
   </div>
   <div class='ocr_carea' id='block_1_4' title="bbox 125 1448 1072 2775">
    <p class='ocr_par' dir='ltr' id='par_1_5' title="bbox 125 1448 1072 2775">
     <span class='ocr_line' id='line_1_25' title="bbox 127 1448 1068 1497; baseline -0.002 -9"><span class='ocrx_word' id='word_1_138' title='bbox 127 1449 332 1494; x_wconf 85' lang='lat' dir='ltr'>uxoribus,</span> <span class='ocrx_word' id='word_1_139' title='bbox 370 1451 460 1486; x_wconf 86' lang='lat' dir='ltr'>ante</span> <span class='ocrx_word' id='word_1_140' title='bbox 499 1451 696 1497; x_wconf 89' lang='lat' dir='ltr'>susceptos</span> <span class='ocrx_word' id='word_1_141' title='bbox 733 1448 897 1486; x_wconf 89' lang='lat' dir='ltr'>Ordines</span> <span class='ocrx_word' id='word_1_142' title='bbox 926 1449 1068 1494; x_wconf 89' lang='lat' dir='ltr'>ductis,</span> 
     </span>
     <span class='ocr_line' id='line_1_26' title="bbox 127 1501 1070 1552; baseline -0.003 -11"><span class='ocrx_word' id='word_1_143' title='bbox 127 1503 318 1552; x_wconf 84' lang='lat' dir='ltr'>praecipit</span> <span class='ocrx_word' id='word_1_144' title='bbox 337 1502 406 1540; x_wconf 90' lang='lat' dir='ltr'>sub</span> <span class='ocrx_word' id='word_1_145' title='bbox 432 1514 557 1551; x_wconf 88' lang='lat' dir='ltr'>poena</span> <span class='ocrx_word' id='word_1_146' title='bbox 585 1501 846 1550; x_wconf 87' lang='lat' dir='ltr'>depositionis.</span> <span class='ocrx_word' id='word_1_147' title='bbox 882 1502 1070 1543; x_wconf 83' lang='lat' dir='ltr'>Quamvis</span> 
     </span>
     <span class='ocr_line' id='line_1_27' title="bbox 127 1555 1069 1604; baseline -0.002 -10"><span class='ocrx_word' id='word_1_148' title='bbox 127 1557 228 1594; x_wconf 90' lang='lat' dir='ltr'>enim</span> <span class='ocrx_word' id='word_1_149' title='bbox 251 1556 429 1594; x_wconf 89' lang='lat' dir='ltr'>Christus</span> <span class='ocrx_word' id='word_1_150' title='bbox 447 1559 516 1592; x_wconf 86' lang='lat' dir='ltr'>aut</span> <span class='ocrx_word' id='word_1_151' title='bbox 536 1555 712 1604; x_wconf 80' lang='lat' dir='ltr'>Apostoli</span> <span class='ocrx_word' id='word_1_152' title='bbox 732 1555 839 1592; x_wconf 86' lang='lat' dir='ltr'>nulla</span> <span class='ocrx_word' id='word_1_153' title='bbox 854 1555 939 1604; x_wconf 81' lang='lat' dir='ltr'>lege</span> <span class='ocrx_word' id='word_1_154' title='bbox 955 1555 1069 1592; x_wconf 88' lang='lat' dir='ltr'>coeli-</span> 
     </span>
     <span class='ocr_line' id='line_1_28' title="bbox 125 1608 1068 1657; baseline -0.003 -9"><span class='ocrx_word' id='word_1_155' title='bbox 125 1610 262 1648; x_wconf 86' lang='lat' dir='ltr'>batum</span> <span class='ocrx_word' id='word_1_156' title='bbox 271 1609 423 1647; x_wconf 86' lang='lat' dir='ltr'>clericis</span> <span class='ocrx_word' id='word_1_157' title='bbox 438 1608 681 1657; x_wconf 89' lang='lat' dir='ltr'>imperarint,</span> <span class='ocrx_word' id='word_1_158' title='bbox 699 1621 747 1657; x_wconf 89' lang='lat' dir='ltr'>qu</span> <span class='ocrx_word' id='word_1_159' title='bbox 755 1621 819 1645; x_wconf 90' lang='lat' dir='ltr'>um</span> <span class='ocrx_word' id='word_1_160' title='bbox 835 1611 967 1646; x_wconf 87' lang='lat' dir='ltr'>tamen</span> <span class='ocrx_word' id='word_1_161' title='bbox 984 1609 1068 1646; x_wconf 91' lang='lat' dir='ltr'>eius</span> 
     </span>
     <span class='ocr_line' id='line_1_29' title="bbox 127 1662 1069 1712; baseline -0.002 -12"><span class='ocrx_word' id='word_1_162' title='bbox 127 1662 436 1712; x_wconf 86' lang='lat' dir='ltr'>possibilitatem,</span> <span class='ocrx_word' id='word_1_163' title='bbox 448 1662 722 1699; x_wconf 83' lang='lat' dir='ltr'>excellentiam</span> <span class='ocrx_word' id='word_1_164' title='bbox 733 1664 772 1699; x_wconf 88' lang='lat' dir='ltr'>et</span> <span class='ocrx_word' id='word_1_165' title='bbox 784 1662 965 1699; x_wconf 87' lang='lat' dir='ltr'>meritum</span> <span class='ocrx_word' id='word_1_166' title='bbox 979 1674 1069 1698; x_wconf 86' lang='lat' dir='ltr'>ver-</span> 
     </span>
     <span class='ocr_line' id='line_1_30' title="bbox 127 1715 1070 1763; baseline -0.001 -10"><span class='ocrx_word' id='word_1_167' title='bbox 127 1717 175 1753; x_wconf 89' lang='lat' dir='ltr'>bo</span> <span class='ocrx_word' id='word_1_168' title='bbox 195 1717 235 1753; x_wconf 88' lang='lat' dir='ltr'>et</span> <span class='ocrx_word' id='word_1_169' title='bbox 253 1715 429 1763; x_wconf 78' lang='lat' dir='ltr'>exemplo</span> <span class='ocrx_word' id='word_1_170' title='bbox 449 1715 664 1761; x_wconf 82' lang='lat' dir='ltr'>docuerint,</span> <span class='ocrx_word' id='word_1_171' title='bbox 685 1716 732 1752; x_wconf 88' lang='lat' dir='ltr'>ab</span> <span class='ocrx_word' id='word_1_172' title='bbox 752 1715 844 1763; x_wconf 90' lang='lat' dir='ltr'>ipsis</span> <span class='ocrx_word' id='word_1_173' title='bbox 872 1715 1070 1752; x_wconf 87' lang='lat' dir='ltr'>Ecclesiae</span> 
     </span>
     <span class='ocr_line' id='line_1_31' title="bbox 126 1768 1071 1816; baseline 0 -10"><span class='ocrx_word' id='word_1_174' title='bbox 126 1769 248 1806; x_wconf 89' lang='lat' dir='ltr'>initiis</span> <span class='ocrx_word' id='word_1_175' title='bbox 269 1769 508 1806; x_wconf 89' lang='lat' dir='ltr'>consuetudo</span> <span class='ocrx_word' id='word_1_176' title='bbox 530 1780 686 1816; x_wconf 88' lang='lat' dir='ltr'>mosque</span> <span class='ocrx_word' id='word_1_177' title='bbox 719 1768 998 1814; x_wconf 87' lang='lat' dir='ltr'>obtinuerunt,</span> <span class='ocrx_word' id='word_1_178' title='bbox 1029 1770 1071 1806; x_wconf 90' lang='lat' dir='ltr'>ut</span> 
     </span>
     <span class='ocr_line' id='line_1_32' title="bbox 127 1821 1069 1871; baseline -0.001 -12"><span class='ocrx_word' id='word_1_179' title='bbox 127 1822 258 1859; x_wconf 91' lang='lat' dir='ltr'>clerici</span> <span class='ocrx_word' id='word_1_180' title='bbox 277 1822 317 1859; x_wconf 92' lang='lat' dir='ltr'>in</span> <span class='ocrx_word' id='word_1_181' title='bbox 338 1822 459 1859; x_wconf 88' lang='lat' dir='ltr'>sacris</span> <span class='ocrx_word' id='word_1_182' title='bbox 488 1821 695 1859; x_wconf 83' lang='lat' dir='ltr'>Ordinibus</span> <span class='ocrx_word' id='word_1_183' title='bbox 723 1821 927 1858; x_wconf 88' lang='lat' dir='ltr'>constituti</span> <span class='ocrx_word' id='word_1_184' title='bbox 960 1821 1069 1871; x_wconf 85' lang='lat' dir='ltr'>(epi-</span> 
     </span>
     <span class='ocr_line' id='line_1_33' title="bbox 126 1873 1071 1924; baseline 0 -12"><span class='ocrx_word' id='word_1_185' title='bbox 126 1875 250 1924; x_wconf 81' lang='lat' dir='ltr'>scopi,</span> <span class='ocrx_word' id='word_1_186' title='bbox 271 1875 490 1923; x_wconf 77' lang='lat' dir='ltr'>presbyteri</span> <span class='ocrx_word' id='word_1_187' title='bbox 510 1877 551 1911; x_wconf 90' lang='lat' dir='ltr'>et</span> <span class='ocrx_word' id='word_1_188' title='bbox 579 1873 756 1923; x_wconf 84' lang='lat' dir='ltr'>diaconi)</span> <span class='ocrx_word' id='word_1_189' title='bbox 785 1874 973 1912; x_wconf 88' lang='lat' dir='ltr'>caelibem</span> <span class='ocrx_word' id='word_1_190' title='bbox 1003 1877 1071 1912; x_wconf 88' lang='lat' dir='ltr'>aut</span> 
     </span>
     <span class='ocr_line' id='line_1_34' title="bbox 126 1927 1070 1974; baseline 0 -9"><span class='ocrx_word' id='word_1_191' title='bbox 126 1928 391 1965; x_wconf 87' lang='lat' dir='ltr'>continentem</span> <span class='ocrx_word' id='word_1_192' title='bbox 411 1927 534 1964; x_wconf 85' lang='lat' dir='ltr'>vitam</span> <span class='ocrx_word' id='word_1_193' title='bbox 551 1928 735 1974; x_wconf 73' lang='lat' dir='ltr'>colerent,</span> <span class='ocrx_word' id='word_1_194' title='bbox 752 1929 848 1965; x_wconf 88' lang='lat' dir='ltr'>adeo</span> <span class='ocrx_word' id='word_1_195' title='bbox 868 1931 909 1965; x_wconf 92' lang='lat' dir='ltr'>ut</span> <span class='ocrx_word' id='word_1_196' title='bbox 925 1940 1000 1965; x_wconf 88' lang='lat' dir='ltr'>non</span> <span class='ocrx_word' id='word_1_197' title='bbox 1016 1940 1070 1965; x_wconf 92' lang='lat' dir='ltr'>so-</span> 
     </span>
     <span class='ocr_line' id='line_1_35' title="bbox 126 1980 1069 2030; baseline 0 -12"><span class='ocrx_word' id='word_1_198' title='bbox 126 1981 210 2019; x_wconf 91' lang='lat' dir='ltr'>lum</span> <span class='ocrx_word' id='word_1_199' title='bbox 221 1983 309 2030; x_wconf 91' lang='lat' dir='ltr'>post</span> <span class='ocrx_word' id='word_1_200' title='bbox 319 1984 516 2029; x_wconf 90' lang='lat' dir='ltr'>susceptos</span> <span class='ocrx_word' id='word_1_201' title='bbox 527 1980 689 2018; x_wconf 86' lang='lat' dir='ltr'>Ordines</span> <span class='ocrx_word' id='word_1_202' title='bbox 700 1993 830 2018; x_wconf 89' lang='lat' dir='ltr'>sacros</span> <span class='ocrx_word' id='word_1_203' title='bbox 842 1992 983 2018; x_wconf 86' lang='lat' dir='ltr'>uxores</span> <span class='ocrx_word' id='word_1_204' title='bbox 995 1993 1069 2018; x_wconf 91' lang='lat' dir='ltr'>non</span> 
     </span>
     <span class='ocr_line' id='line_1_36' title="bbox 127 2034 1071 2083; baseline -0.001 -12"><span class='ocrx_word' id='word_1_205' title='bbox 127 2035 329 2078; x_wconf 88' lang='lat' dir='ltr'>ducerent,</span> <span class='ocrx_word' id='word_1_206' title='bbox 349 2035 414 2071; x_wconf 91' lang='lat' dir='ltr'>sed</span> <span class='ocrx_word' id='word_1_207' title='bbox 434 2034 553 2071; x_wconf 85' lang='lat' dir='ltr'>etiam</span> <span class='ocrx_word' id='word_1_208' title='bbox 574 2035 622 2072; x_wconf 85' lang='lat' dir='ltr'>ab</span> <span class='ocrx_word' id='word_1_209' title='bbox 642 2046 713 2071; x_wconf 92' lang='lat' dir='ltr'>usu</span> <span class='ocrx_word' id='word_1_210' title='bbox 731 2046 876 2080; x_wconf 91' lang='lat' dir='ltr'>earum,</span> <span class='ocrx_word' id='word_1_211' title='bbox 893 2045 990 2083; x_wconf 90' lang='lat' dir='ltr'>quas</span> <span class='ocrx_word' id='word_1_212' title='bbox 1006 2047 1071 2071; x_wconf 85' lang='lat' dir='ltr'>an-</span> 
     </span>
     <span class='ocr_line' id='line_1_37' title="bbox 127 2087 1072 2136; baseline -0.001 -11"><span class='ocrx_word' id='word_1_213' title='bbox 127 2090 192 2125; x_wconf 89' lang='lat' dir='ltr'>tea</span> <span class='ocrx_word' id='word_1_214' title='bbox 207 2088 415 2133; x_wconf 80' lang='lat' dir='ltr'>duxerant,</span> <span class='ocrx_word' id='word_1_215' title='bbox 432 2087 684 2125; x_wconf 88' lang='lat' dir='ltr'>abstinerent.</span> <span class='ocrx_word' id='word_1_216' title='bbox 701 2088 757 2125; x_wconf 92' lang='lat' dir='ltr'>De</span> <span class='ocrx_word' id='word_1_217' title='bbox 776 2088 847 2125; x_wconf 86' lang='lat' dir='ltr'>hac</span> <span class='ocrx_word' id='word_1_218' title='bbox 867 2087 1072 2136; x_wconf 87' lang='lat' dir='ltr'>disciplina</span> 
     </span>
     <span class='ocr_line' id='line_1_38' title="bbox 128 2141 1070 2189; baseline -0.001 -10"><span class='ocrx_word' id='word_1_219' title='bbox 128 2143 316 2189; x_wconf 88' lang='lat' dir='ltr'>tanquam</span> <span class='ocrx_word' id='word_1_220' title='bbox 337 2153 408 2178; x_wconf 91' lang='lat' dir='ltr'>usu</span> <span class='ocrx_word' id='word_1_221' title='bbox 430 2144 588 2189; x_wconf 89' lang='lat' dir='ltr'>recepta</span> <span class='ocrx_word' id='word_1_222' title='bbox 608 2141 753 2178; x_wconf 86' lang='lat' dir='ltr'>diserte</span> <span class='ocrx_word' id='word_1_223' title='bbox 773 2141 987 2189; x_wconf 87' lang='lat' dir='ltr'>loquuntur</span> <span class='ocrx_word' id='word_1_224' title='bbox 1013 2142 1070 2178; x_wconf 91' lang='lat' dir='ltr'>O·-</span> 
     </span>
     <span class='ocr_line' id='line_1_39' title="bbox 128 2193 1071 2243; baseline -0.001 -11"><span class='ocrx_word' id='word_1_225' title='bbox 128 2195 283 2243; x_wconf 78' lang='lat' dir='ltr'>rigenes</span> <span class='ocrx_word' id='word_1_226' title='bbox 311 2193 339 2240; x_wconf 77' lang='lat'>⁴,</span> <span class='ocrx_word' id='word_1_227' title='bbox 374 2194 564 2231; x_wconf 88' lang='lat' dir='ltr'>Eusebius</span> <span class='ocrx_word' id='word_1_228' title='bbox 594 2193 618 2239; x_wconf 87' lang='lat'>⁵,</span> <span class='ocrx_word' id='word_1_229' title='bbox 649 2206 677 2232; x_wconf 89' lang='lat' dir='ltr'>s.</span> <span class='ocrx_word' id='word_1_230' title='bbox 718 2194 970 2243; x_wconf 89' lang='lat' dir='ltr'>Epiphanius,</span> <span class='ocrx_word' id='word_1_231' title='bbox 1005 2194 1071 2243; x_wconf 92' lang='lat' dir='ltr'>qui</span> 
     </span>
     <span class='ocr_line' id='line_1_40' title="bbox 132 2246 1070 2296; baseline -0.001 -12"><span class='ocrx_word' id='word_1_232' title='bbox 132 2247 310 2284; x_wconf 92' lang='lat' dir='ltr'>eamdem</span> <span class='ocrx_word' id='word_1_233' title='bbox 330 2259 379 2284; x_wconf 83' lang='lat' dir='ltr'>ex</span> <span class='ocrx_word' id='word_1_234' title='bbox 401 2247 611 2296; x_wconf 85' lang='lat' dir='ltr'>apostolica</span> <span class='ocrx_word' id='word_1_235' title='bbox 626 2247 871 2285; x_wconf 90' lang='lat' dir='ltr'>institutione</span> <span class='ocrx_word' id='word_1_236' title='bbox 887 2248 1029 2296; x_wconf 85' lang='lat' dir='ltr'>repetit</span> <span class='ocrx_word' id='word_1_237' title='bbox 1044 2246 1070 2292; x_wconf 78' lang='lat'>⁶,</span> 
     </span>
     <span class='ocr_line' id='line_1_41' title="bbox 128 2298 1071 2349; baseline 0.001 -12"><span class='ocrx_word' id='word_1_238' title='bbox 128 2312 157 2338; x_wconf 90' lang='lat' dir='ltr'>s.</span> <span class='ocrx_word' id='word_1_239' title='bbox 186 2300 451 2349; x_wconf 82' lang='lat' dir='ltr'>Hieronymus</span> <span class='ocrx_word' id='word_1_240' title='bbox 480 2298 507 2345; x_wconf 90' lang='lat'>⁷,</span> <span class='ocrx_word' id='word_1_241' title='bbox 537 2300 680 2349; x_wconf 89' lang='lat' dir='ltr'>aliique</span> <span class='ocrx_word' id='word_1_242' title='bbox 707 2301 858 2338; x_wconf 85' lang='lat' dir='ltr'>Patres.</span> <span class='ocrx_word' id='word_1_243' title='bbox 896 2300 1071 2338; x_wconf 84' lang='lat' dir='ltr'>Narrant</span> 
     </span>
     <span class='ocr_line' id='line_1_42' title="bbox 135 2351 1072 2402; baseline 0.001 -12"><span class='ocrx_word' id='word_1_244' title='bbox 135 2353 289 2402; x_wconf 91' lang='lat' dir='ltr'>quidem</span> <span class='ocrx_word' id='word_1_245' title='bbox 306 2354 487 2391; x_wconf 88' lang='lat' dir='ltr'>Socrates</span> <span class='ocrx_word' id='word_1_246' title='bbox 507 2351 535 2399; x_wconf 77' lang='lat'>⁸,</span> <span class='ocrx_word' id='word_1_247' title='bbox 554 2356 593 2391; x_wconf 91' lang='lat' dir='ltr'>et</span> <span class='ocrx_word' id='word_1_248' title='bbox 625 2354 860 2391; x_wconf 86' lang='lat' dir='ltr'>Sozomenus</span> <span class='ocrx_word' id='word_1_249' title='bbox 878 2352 906 2398; x_wconf 78' lang='lat'>⁹,</span> <span class='ocrx_word' id='word_1_250' title='bbox 933 2354 1072 2391; x_wconf 87' lang='lat' dir='ltr'>Patres</span> 
     </span>
     <span class='ocr_line' id='line_1_43' title="bbox 128 2406 1071 2455; baseline 0.001 -12"><span class='ocrx_word' id='word_1_251' title='bbox 128 2406 279 2444; x_wconf 91' lang='lat' dir='ltr'>concilii</span> <span class='ocrx_word' id='word_1_252' title='bbox 301 2407 463 2445; x_wconf 71' lang='lat' dir='ltr'>Nicaeni</span> <span class='ocrx_word' id='word_1_253' title='bbox 482 2407 511 2453; x_wconf 92' lang='grc' dir='ltr'>Ι,</span> <span class='ocrx_word' id='word_1_254' title='bbox 532 2407 634 2455; x_wconf 90' lang='lat' dir='ltr'>quod</span> <span class='ocrx_word' id='word_1_255' title='bbox 655 2418 718 2444; x_wconf 88' lang='lat' dir='ltr'>an.</span> <span class='ocrx_word' id='word_1_256' title='bbox 738 2407 817 2444; x_wconf 77' lang='lat'>325</span> <span class='ocrx_word' id='word_1_257' title='bbox 832 2407 1071 2444; x_wconf 86' lang='lat' dir='ltr'>celebratum</span> 
     </span>
     <span class='ocr_line' id='line_1_44' title="bbox 129 2459 1072 2509; baseline 0.001 -13"><span class='ocrx_word' id='word_1_258' title='bbox 129 2462 200 2505; x_wconf 88' lang='lat' dir='ltr'>est,</span> <span class='ocrx_word' id='word_1_259' title='bbox 220 2459 380 2497; x_wconf 90' lang='lat' dir='ltr'>consilio</span> <span class='ocrx_word' id='word_1_260' title='bbox 402 2460 614 2509; x_wconf 91' lang='lat' dir='ltr'>Paphnutii</span> <span class='ocrx_word' id='word_1_261' title='bbox 635 2460 801 2509; x_wconf 88' lang='lat' dir='ltr'>episcopi</span> <span class='ocrx_word' id='word_1_262' title='bbox 822 2473 845 2497; x_wconf 87' lang='lat' dir='ltr'>a</span> <span class='ocrx_word' id='word_1_263' title='bbox 864 2461 1072 2498; x_wconf 88' lang='lat' dir='ltr'>sancienda</span> 
     </span>
     <span class='ocr_line' id='line_1_45' title="bbox 126 2511 1071 2560; baseline 0.001 -11"><span class='ocrx_word' id='word_1_264' title='bbox 126 2511 225 2560; x_wconf 87' lang='lat' dir='ltr'>lege,</span> <span class='ocrx_word' id='word_1_265' title='bbox 247 2515 290 2549; x_wconf 90' lang='lat' dir='ltr'>ut</span> <span class='ocrx_word' id='word_1_266' title='bbox 318 2513 450 2550; x_wconf 83' lang='lat' dir='ltr'>clerici</span> <span class='ocrx_word' id='word_1_267' title='bbox 480 2514 645 2551; x_wconf 88' lang='lat' dir='ltr'>maiores</span> <span class='ocrx_word' id='word_1_268' title='bbox 680 2525 719 2551; x_wconf 90' lang='lat' dir='ltr'>se</span> <span class='ocrx_word' id='word_1_269' title='bbox 753 2513 995 2551; x_wconf 88' lang='lat' dir='ltr'>continerent</span> <span class='ocrx_word' id='word_1_270' title='bbox 1023 2514 1071 2550; x_wconf 89' lang='lat' dir='ltr'>ab</span> 
     </span>
     <span class='ocr_line' id='line_1_46' title="bbox 128 2565 1072 2611; baseline 0.002 -9"><span class='ocrx_word' id='word_1_271' title='bbox 128 2565 326 2610; x_wconf 76' lang='lat' dir='ltr'>uxoribus,</span> <span class='ocrx_word' id='word_1_272' title='bbox 347 2568 436 2603; x_wconf 90' lang='lat' dir='ltr'>ante</span> <span class='ocrx_word' id='word_1_273' title='bbox 457 2578 607 2604; x_wconf 89' lang='lat' dir='ltr'>sacram</span> <span class='ocrx_word' id='word_1_274' title='bbox 623 2566 917 2604; x_wconf 89' lang='lat' dir='ltr'>Ordinationem</span> <span class='ocrx_word' id='word_1_275' title='bbox 933 2567 1072 2611; x_wconf 89' lang='lat' dir='ltr'>ductis,</span> 
     </span>
     <span class='ocr_line' id='line_1_47' title="bbox 128 2618 1071 2668; baseline 0.001 -13"><span class='ocrx_word' id='word_1_276' title='bbox 128 2618 356 2656; x_wconf 86' lang='lat' dir='ltr'>abstinuisse</span> <span class='ocrx_word' id='word_1_277' title='bbox 369 2648 379 2663; x_wconf 88' lang='lat'>,</span> <span class='ocrx_word' id='word_1_278' title='bbox 408 2619 577 2667; x_wconf 90' lang='lat' dir='ltr'>satisque</span> <span class='ocrx_word' id='word_1_279' title='bbox 598 2631 680 2657; x_wconf 90' lang='lat' dir='ltr'>esse</span> <span class='ocrx_word' id='word_1_280' title='bbox 700 2619 892 2657; x_wconf 88' lang='lat' dir='ltr'>iudicasse</span> <span class='ocrx_word' id='word_1_281' title='bbox 905 2649 914 2663; x_wconf 91' lang='lat'>,</span> <span class='ocrx_word' id='word_1_282' title='bbox 936 2622 980 2656; x_wconf 92' lang='lat' dir='ltr'>ut</span> <span class='ocrx_word' id='word_1_283' title='bbox 1005 2620 1071 2668; x_wconf 91' lang='lat' dir='ltr'>qui</span> 
     </span>
     <span class='ocr_line' id='line_1_48' title="bbox 128 2670 1068 2721; baseline 0.002 -13"><span class='ocrx_word' id='word_1_284' title='bbox 128 2671 168 2708; x_wconf 92' lang='lat' dir='ltr'>in</span> <span class='ocrx_word' id='word_1_285' title='bbox 187 2671 335 2708; x_wconf 84' lang='lat' dir='ltr'>clerum</span> <span class='ocrx_word' id='word_1_286' title='bbox 356 2670 521 2709; x_wconf 88' lang='lat' dir='ltr'>fuissent</span> <span class='ocrx_word' id='word_1_287' title='bbox 541 2673 747 2721; x_wconf 86' lang='lat' dir='ltr'>adscripti,</span> <span class='ocrx_word' id='word_1_288' title='bbox 768 2673 979 2710; x_wconf 87' lang='lat' dir='ltr'>secundum</span> <span class='ocrx_word' id='word_1_289' title='bbox 1004 2685 1068 2710; x_wconf 50' lang='lat' dir='ltr'>tve-</span> 
     </span>
     <span class='ocr_line' id='line_1_49' title="bbox 126 2724 1066 2775; baseline 0.001 -13"><span class='ocrx_word' id='word_1_290' title='bbox 126 2724 250 2763; x_wconf 82' lang='lat' dir='ltr'>terem</span> <span class='ocrx_word' id='word_1_291' title='bbox 262 2724 459 2762; x_wconf 87' lang='lat' dir='ltr'>Ecclesiae</span> <span class='ocrx_word' id='word_1_292' title='bbox 475 2725 723 2763; x_wconf 85' lang='lat' dir='ltr'>traditionem</span> <span class='ocrx_word' id='word_1_293' title='bbox 735 2726 914 2775; x_wconf 85' lang='lat' dir='ltr'>deinceps</span> <span class='ocrx_word' id='word_1_294' title='bbox 927 2737 1066 2764; x_wconf 70' lang='lat' dir='ltr'>uxores</span> 
     </span>
    </p>
   </div>
   <div class='ocr_carea' id='block_1_5' title="bbox 130 2851 1072 3256">
    <p class='ocr_par' dir='ltr' id='par_1_6' title="bbox 168 2851 587 2889">
     <span class='ocr_line' id='line_1_50' title="bbox 168 2851 587 2889; baseline -0.002 -6"><span class='ocrx_word' id='word_1_295' title='bbox 168 2851 178 2872; x_wconf 89' lang='lat'>¹</span> <span class='ocrx_word' id='word_1_296' title='bbox 195 2851 270 2883; x_wconf 79' lang='lat' dir='ltr'>Hisc.</span> <span class='ocrx_word' id='word_1_297' title='bbox 288 2851 360 2883; x_wconf 82' lang='lat' dir='ltr'>eccl.</span> <span class='ocrx_word' id='word_1_298' title='bbox 379 2851 396 2882; x_wconf 92' lang='lat' dir='ltr'>l.</span> <span class='ocrx_word' id='word_1_299' title='bbox 421 2851 481 2889; x_wconf 67' lang='lat' dir='ltr'>VII,</span> <span class='ocrx_word' id='word_1_300' title='bbox 497 2861 523 2882; x_wconf 87' lang='lat' dir='ltr'>c.</span> <span class='ocrx_word' id='word_1_301' title='bbox 545 2852 587 2882; x_wconf 87' lang='lat'>19.</span> 
     </span>
    </p>

    <p class='ocr_par' dir='ltr' id='par_1_7' title="bbox 166 2892 370 2932">
     <span class='ocr_line' id='line_1_51' title="bbox 166 2892 370 2932; baseline 0 -10"><span class='ocrx_word' id='word_1_302' title='bbox 166 2892 180 2913; x_wconf 73' lang='lat'><em>2</em></span> <span class='ocrx_word' id='word_1_303' title='bbox 194 2893 260 2924; x_wconf 71' lang='lat' dir='ltr'>vid.</span> <span class='ocrx_word' id='word_1_304' title='bbox 276 2902 302 2932; x_wconf 78' lang='lat' dir='ltr'>p.</span> <span class='ocrx_word' id='word_1_305' title='bbox 323 2892 370 2924; x_wconf 74' lang='grc'>43.</span> 
     </span>
    </p>

    <p class='ocr_par' dir='ltr' id='par_1_8' title="bbox 130 2933 1072 3048">
     <span class='ocr_line' id='line_1_52' title="bbox 167 2933 1072 2974; baseline -0.001 -9"><span class='ocrx_word' id='word_1_306' title='bbox 167 2934 182 2955; x_wconf 79' lang='lat'>³</span> <span class='ocrx_word' id='word_1_307' title='bbox 197 2934 234 2965; x_wconf 82' lang='lat' dir='ltr'>Cf</span> <span class='ocrx_word' id='word_1_308' title='bbox 251 2935 441 2970; x_wconf 82' lang='lat' dir='ltr'>Bellarmin.,</span> <span class='ocrx_word' id='word_1_309' title='bbox 469 2933 521 2974; x_wconf 77' lang='lat'>011.</span> <span class='ocrx_word' id='word_1_310' title='bbox 540 2937 568 2964; x_wconf 84' lang='lat' dir='ltr'>et</span> <span class='ocrx_word' id='word_1_311' title='bbox 591 2933 646 2963; x_wconf 90' lang='lat' dir='ltr'>loc.</span> <span class='ocrx_word' id='word_1_312' title='bbox 671 2934 735 2972; x_wconf 61' lang='lat' dir='ltr'>cit„</span> <span class='ocrx_word' id='word_1_313' title='bbox 750 2945 775 2966; x_wconf 90' lang='lat' dir='ltr'>c.</span> <span class='ocrx_word' id='word_1_314' title='bbox 793 2934 830 2972; x_wconf 85' lang='lat'>3;</span> <span class='ocrx_word' id='word_1_315' title='bbox 861 2934 981 2974; x_wconf 78' lang='lat' dir='ltr'>Selvag.</span> <span class='ocrx_word' id='word_1_316' title='bbox 1003 2933 1072 2965; x_wconf 86' lang='lat' dir='ltr'>An-</span> 
     </span>
     <span class='ocr_line' id='line_1_53' title="bbox 130 2974 450 3048; baseline -0.002 -2"><span class='ocrx_word' id='word_1_317' title='bbox 130 2974 450 3048; x_wconf 55' lang='lat' dir='ltr'>2‘11:¹‡5·.‚2.¹.2.7z÷.¹..{¹2</span> 
     </span>
    </p>

    <p class='ocr_par' dir='ltr' id='par_1_9' title="bbox 167 3039 730 3095">
     <span class='ocr_line' id='line_1_54' title="bbox 167 3039 730 3095; baseline -0.004 -7"><span class='ocrx_word' id='word_1_318' title='bbox 167 3057 182 3079; x_wconf 84' lang='lat'>5</span> <span class='ocrx_word' id='word_1_319' title='bbox 198 3039 411 3088; x_wconf 55' lang='lat' dir='ltr'>Demens-trac.</span> <span class='ocrx_word' id='word_1_320' title='bbox 428 3041 569 3095; x_wconf 68' lang='lat' dir='ltr'>eiranqel.</span> <span class='ocrx_word' id='word_1_321' title='bbox 588 3040 604 3086; x_wconf 59' lang='lat' dir='ltr'>l]</span> <span class='ocrx_word' id='word_1_322' title='bbox 619 3056 644 3091; x_wconf 86' lang='grc' dir='ltr'>Ι,</span> <span class='ocrx_word' id='word_1_323' title='bbox 661 3066 685 3087; x_wconf 90' lang='lat' dir='ltr'>c.</span> <span class='ocrx_word' id='word_1_324' title='bbox 703 3056 730 3087; x_wconf 80' lang='lat'>9.</span> 
     </span>
    </p>

    <p class='ocr_par' dir='ltr' id='par_1_10' title="bbox 167 3097 850 3138">
     <span class='ocr_line' id='line_1_55' title="bbox 167 3097 850 3138; baseline -0.003 -8"><span class='ocrx_word' id='word_1_325' title='bbox 167 3098 182 3120; x_wconf 76' lang='lat'><strong>⁶</strong></span> <span class='ocrx_word' id='word_1_326' title='bbox 196 3097 337 3138; x_wconf 60' lang='lat' dir='ltr'>Est-posit.</span> <span class='ocrx_word' id='word_1_327' title='bbox 353 3098 436 3138; x_wconf 79' lang='lat' dir='ltr'>fidei,</span> <span class='ocrx_word' id='word_1_328' title='bbox 453 3107 479 3128; x_wconf 93' lang='lat' dir='ltr'>n.</span> <span class='ocrx_word' id='word_1_329' title='bbox 495 3098 549 3136; x_wconf 71' lang='lat'>⁵213</span> <span class='ocrx_word' id='word_1_330' title='bbox 568 3098 692 3129; x_wconf 70' lang='lat' dir='ltr'>[lueres.</span> <span class='ocrx_word' id='word_1_331' title='bbox 711 3097 748 3127; x_wconf 67' lang='lat'>⁴9</span> <span class='ocrx_word' id='word_1_332' title='bbox 762 3101 791 3128; x_wconf 85' lang='lat' dir='ltr'>et</span> <span class='ocrx_word' id='word_1_333' title='bbox 804 3098 850 3128; x_wconf 76' lang='lat'>59.</span> 
     </span>
    </p>

    <p class='ocr_par' dir='ltr' id='par_1_11' title="bbox 166 3137 994 3179">
     <span class='ocr_line' id='line_1_56' title="bbox 166 3137 994 3179; baseline 0 -9"><span class='ocrx_word' id='word_1_334' title='bbox 166 3138 181 3160; x_wconf 91' lang='lat'><strong>⁷</strong></span> <span class='ocrx_word' id='word_1_335' title='bbox 196 3138 227 3170; x_wconf 87' lang='lat' dir='ltr'>L.</span> <span class='ocrx_word' id='word_1_336' title='bbox 243 3142 356 3170; x_wconf 77' lang='lat' dir='ltr'>contra</span> <span class='ocrx_word' id='word_1_337' title='bbox 378 3138 523 3179; x_wconf 71' lang='lat' dir='ltr'>Viyilant.</span> <span class='ocrx_word' id='word_1_338' title='bbox 541 3143 569 3170; x_wconf 82' lang='lat' dir='ltr'>et</span> <span class='ocrx_word' id='word_1_339' title='bbox 584 3138 680 3178; x_wconf 72' lang='lat' dir='ltr'>Epist.</span> <span class='ocrx_word' id='word_1_340' title='bbox 697 3137 741 3172; x_wconf 73' lang='lat'>48.</span> <span class='ocrx_word' id='word_1_341' title='bbox 753 3137 794 3170; x_wconf 78' lang='lat' dir='ltr'>ad</span> <span class='ocrx_word' id='word_1_342' title='bbox 810 3139 994 3171; x_wconf 84' lang='lat' dir='ltr'>Pammach.</span> 
     </span>
    </p>

    <p class='ocr_par' dir='ltr' id='par_1_12' title="bbox 167 3179 552 3219">
     <span class='ocr_line' id='line_1_57' title="bbox 167 3179 552 3219; baseline 0 -9"><span class='ocrx_word' id='word_1_343' title='bbox 167 3179 182 3201; x_wconf 81' lang='lat'>⁸</span> <span class='ocrx_word' id='word_1_344' title='bbox 197 3179 282 3212; x_wconf 76' lang='lat' dir='ltr'>Hist.</span> <span class='ocrx_word' id='word_1_345' title='bbox 297 3181 368 3212; x_wconf 85' lang='lat' dir='ltr'>eccl.</span> <span class='ocrx_word' id='word_1_346' title='bbox 386 3181 404 3211; x_wconf 89' lang='lat' dir='ltr'>l.</span> <span class='ocrx_word' id='word_1_347' title='bbox 422 3181 445 3219; x_wconf 92' lang='lat'>1,</span> <span class='ocrx_word' id='word_1_348' title='bbox 461 3190 486 3211; x_wconf 89' lang='lat' dir='ltr'>c.</span> <span class='ocrx_word' id='word_1_349' title='bbox 508 3181 552 3210; x_wconf 83' lang='lat' dir='ltr'>ll.</span> 
     </span>
    </p>

    <p class='ocr_par' dir='ltr' id='par_1_13' title="bbox 168 3220 550 3256">
     <span class='ocr_line' id='line_1_58' title="bbox 168 3220 550 3256; baseline 0 -4"><span class='ocrx_word' id='word_1_350' title='bbox 168 3220 182 3243; x_wconf 78' lang='lat'>⁹</span> <span class='ocrx_word' id='word_1_351' title='bbox 198 3221 282 3252; x_wconf 72' lang='lat' dir='ltr'>Hcst.</span> <span class='ocrx_word' id='word_1_352' title='bbox 298 3221 372 3253; x_wconf 84' lang='lat' dir='ltr'>eccl.</span> <span class='ocrx_word' id='word_1_353' title='bbox 388 3222 406 3253; x_wconf 92' lang='lat' dir='ltr'>l.</span> <span class='ocrx_word' id='word_1_354' title='bbox 423 3222 444 3256; x_wconf 79' lang='grc' dir='ltr'>Ι,</span> <span class='ocrx_word' id='word_1_355' title='bbox 460 3231 485 3253; x_wconf 89' lang='lat' dir='ltr'>c.</span> <span class='ocrx_word' id='word_1_356' title='bbox 502 3221 550 3252; x_wconf 75' lang='lat'>23.</span> 
     </span>
    </p>
   </div>
   <div class='ocr_carea' id='block_1_6' title="bbox 1953 142 2004 180">
    <p class='ocr_par' dir='ltr' id='par_1_14' title="bbox 1953 142 2004 180">
     <span class='ocr_line' id='line_1_59' title="bbox 1953 142 2004 180; baseline 0 0"><span class='ocrx_word' id='word_1_357' title='bbox 1953 142 2004 180; x_wconf 85' lang='lat'>77</span> 
     </span>
    </p>
   </div>
   <div class='ocr_carea' id='block_1_7' title="bbox 1107 215 2066 2491">
    <p class='ocr_par' dir='ltr' id='par_1_15' title="bbox 1108 215 2055 416">
     <span class='ocr_line' id='line_1_60' title="bbox 1111 215 2054 264; baseline -0.003 -7"><span class='ocrx_word' id='word_1_358' title='bbox 1111 232 1186 258; x_wconf 91' lang='lat' dir='ltr'>non</span> <span class='ocrx_word' id='word_1_359' title='bbox 1205 219 1405 257; x_wconf 87' lang='lat' dir='ltr'>ducerent.</span> <span class='ocrx_word' id='word_1_360' title='bbox 1417 219 1470 256; x_wconf 89' lang='lat' dir='ltr'>At</span> <span class='ocrx_word' id='word_1_361' title='bbox 1479 216 1684 264; x_wconf 79' lang='lat' dir='ltr'>Baronius,</span> <span class='ocrx_word' id='word_1_362' title='bbox 1694 215 1889 263; x_wconf 87' lang='lat' dir='ltr'>Valesius,</span> <span class='ocrx_word' id='word_1_363' title='bbox 1904 216 2054 255; x_wconf 86' lang='lat' dir='ltr'>Bellar-</span> 
     </span>
     <span class='ocr_line' id='line_1_61' title="bbox 1109 269 2055 320; baseline -0.004 -9"><span class='ocrx_word' id='word_1_364' title='bbox 1109 272 1465 319; x_wconf 89' lang='lat' dir='ltr'>minus,Sandinus,</span> <span class='ocrx_word' id='word_1_365' title='bbox 1474 271 1616 320; x_wconf 88' lang='lat' dir='ltr'>aliique</span> <span class='ocrx_word' id='word_1_366' title='bbox 1625 269 1798 308; x_wconf 91' lang='lat' dir='ltr'>Socratis</span> <span class='ocrx_word' id='word_1_367' title='bbox 1817 271 1858 307; x_wconf 90' lang='lat' dir='ltr'>et</span> <span class='ocrx_word' id='word_1_368' title='bbox 1872 270 2055 308; x_wconf 89' lang='lat' dir='ltr'>Sozome-</span> 
     </span>
     <span class='ocr_line' id='line_1_62' title="bbox 1109 322 2051 374; baseline -0.001 -12"><span class='ocrx_word' id='word_1_369' title='bbox 1109 326 1147 362; x_wconf 90' lang='lat' dir='ltr'>ni</span> <span class='ocrx_word' id='word_1_370' title='bbox 1168 325 1431 363; x_wconf 83' lang='lat' dir='ltr'>narrationem</span> <span class='ocrx_word' id='word_1_371' title='bbox 1452 324 1636 374; x_wconf 82' lang='lat' dir='ltr'>gravibus</span> <span class='ocrx_word' id='word_1_372' title='bbox 1652 323 1698 362; x_wconf 87' lang='lat' dir='ltr'>de</span> <span class='ocrx_word' id='word_1_373' title='bbox 1713 322 1838 362; x_wconf 85' lang='lat' dir='ltr'>causis</span> <span class='ocrx_word' id='word_1_374' title='bbox 1854 323 2051 362; x_wconf 87' lang='lat' dir='ltr'>sublestae</span> 
     </span>
     <span class='ocr_line' id='line_1_63' title="bbox 1108 377 1403 416; baseline 0.003 -1"><span class='ocrx_word' id='word_1_375' title='bbox 1108 378 1197 415; x_wconf 90' lang='lat' dir='ltr'>fidei</span> <span class='ocrx_word' id='word_1_376' title='bbox 1217 379 1362 416; x_wconf 90' lang='lat' dir='ltr'>habent</span> <span class='ocrx_word' id='word_1_377' title='bbox 1380 377 1403 416; x_wconf 87' lang='lat'>¹.</span> 
     </span>
    </p>

    <p class='ocr_par' dir='ltr' id='par_1_16' title="bbox 1107 425 2066 2491">
     <span class='ocr_line' id='line_1_64' title="bbox 1160 425 2056 480; baseline -0.002 -12"><span class='ocrx_word' id='word_1_378' title='bbox 1160 431 1242 468; x_wconf 89' lang='lat' dir='ltr'>Iam</span> <span class='ocrx_word' id='word_1_379' title='bbox 1270 443 1368 469; x_wconf 86' lang='lat' dir='ltr'>saec.</span> <span class='ocrx_word' id='word_1_380' title='bbox 1395 430 1451 468; x_wconf 92' lang='lat' dir='ltr'>IV</span> <span class='ocrx_word' id='word_1_381' title='bbox 1476 430 1606 480; x_wconf 87' lang='lat' dir='ltr'>prisca</span> <span class='ocrx_word' id='word_1_382' title='bbox 1631 425 1836 479; x_wconf 88' lang='lat' dir='ltr'>disciplina</span> <span class='ocrx_word' id='word_1_383' title='bbox 1863 429 1910 467; x_wconf 93' lang='lat' dir='ltr'>de</span> <span class='ocrx_word' id='word_1_384' title='bbox 1939 428 2056 466; x_wconf 91' lang='lat' dir='ltr'>maio·</span> 
     </span>
     <span class='ocr_line' id='line_1_65' title="bbox 1107 482 2054 522; baseline -0.001 -2"><span class='ocrx_word' id='word_1_385' title='bbox 1107 495 1194 520; x_wconf 91' lang='lat' dir='ltr'>rum</span> <span class='ocrx_word' id='word_1_386' title='bbox 1215 483 1445 522; x_wconf 89' lang='lat' dir='ltr'>clericorum</span> <span class='ocrx_word' id='word_1_387' title='bbox 1466 483 1704 522; x_wconf 90' lang='lat' dir='ltr'>continentia</span> <span class='ocrx_word' id='word_1_388' title='bbox 1730 486 1814 521; x_wconf 91' lang='lat' dir='ltr'>tum</span> <span class='ocrx_word' id='word_1_389' title='bbox 1833 482 1921 520; x_wconf 81' lang='lat' dir='ltr'>RR.</span> <span class='ocrx_word' id='word_1_390' title='bbox 1944 482 2054 520; x_wconf 92' lang='lat' dir='ltr'>Pon-</span> 
     </span>
     <span class='ocr_line' id='line_1_66' title="bbox 1109 533 2054 585; baseline 0.001 -12"><span class='ocrx_word' id='word_1_391' title='bbox 1109 536 1254 574; x_wconf 88' lang='lat' dir='ltr'>tificum</span> <span class='ocrx_word' id='word_1_392' title='bbox 1266 539 1348 574; x_wconf 88' lang='lat' dir='ltr'>tum</span> <span class='ocrx_word' id='word_1_393' title='bbox 1358 536 1526 575; x_wconf 90' lang='lat' dir='ltr'>Concilio</span> <span class='ocrx_word' id='word_1_394' title='bbox 1533 548 1616 574; x_wconf 91' lang='lat' dir='ltr'>rum</span> <span class='ocrx_word' id='word_1_395' title='bbox 1629 536 1778 585; x_wconf 85' lang='lat' dir='ltr'>legibus</span> <span class='ocrx_word' id='word_1_396' title='bbox 1790 535 1940 574; x_wconf 86' lang='lat' dir='ltr'>sancita</span> <span class='ocrx_word' id='word_1_397' title='bbox 1951 533 2054 574; x_wconf 74' lang='lat' dir='ltr'>fuit2.</span> 
     </span>
     <span class='ocr_line' id='line_1_67' title="bbox 1107 589 2053 638; baseline -0.001 -11"><span class='ocrx_word' id='word_1_398' title='bbox 1107 589 1218 631; x_wconf 88' lang='lat' dir='ltr'>Quod</span> <span class='ocrx_word' id='word_1_399' title='bbox 1235 590 1282 627; x_wconf 91' lang='lat' dir='ltr'>ad</span> <span class='ocrx_word' id='word_1_400' title='bbox 1298 589 1458 627; x_wconf 90' lang='lat' dir='ltr'>clericos</span> <span class='ocrx_word' id='word_1_401' title='bbox 1474 589 1642 627; x_wconf 89' lang='lat' dir='ltr'>diaconis</span> <span class='ocrx_word' id='word_1_402' title='bbox 1663 589 1868 627; x_wconf 89' lang='lat' dir='ltr'>inferiores</span> <span class='ocrx_word' id='word_1_403' title='bbox 1888 590 2053 638; x_wconf 88' lang='lat' dir='ltr'>spectat,</span> 
     </span>
     <span class='ocr_line' id='line_1_68' title="bbox 1107 641 2054 692; baseline 0 -13"><span class='ocrx_word' id='word_1_404' title='bbox 1107 653 1230 691; x_wconf 90' lang='lat' dir='ltr'>quum</span> <span class='ocrx_word' id='word_1_405' title='bbox 1257 642 1350 680; x_wconf 92' lang='lat' dir='ltr'>olim</span> <span class='ocrx_word' id='word_1_406' title='bbox 1371 654 1418 682; x_wconf 90' lang='lat' dir='ltr'>ne</span> <span class='ocrx_word' id='word_1_407' title='bbox 1438 642 1736 681; x_wconf 82' lang='lat' dir='ltr'>subdiaconatus</span> <span class='ocrx_word' id='word_1_408' title='bbox 1767 642 1922 692; x_wconf 92' lang='lat' dir='ltr'>quidem</span> <span class='ocrx_word' id='word_1_409' title='bbox 1950 641 2054 679; x_wconf 90' lang='lat' dir='ltr'>inter</span> 
     </span>
     <span class='ocr_line' id='line_1_69' title="bbox 1108 695 2056 745; baseline 0 -13"><span class='ocrx_word' id='word_1_410' title='bbox 1108 696 1274 734; x_wconf 86' lang='lat' dir='ltr'>maiores</span> <span class='ocrx_word' id='word_1_411' title='bbox 1289 695 1442 734; x_wconf 88' lang='lat' dir='ltr'>ordines</span> <span class='ocrx_word' id='word_1_412' title='bbox 1461 698 1748 742; x_wconf 85' lang='lat' dir='ltr'>numeraretur,</span> <span class='ocrx_word' id='word_1_413' title='bbox 1758 695 1870 734; x_wconf 89' lang='lat' dir='ltr'>varia</span> <span class='ocrx_word' id='word_1_414' title='bbox 1888 695 2056 745; x_wconf 87' lang='lat' dir='ltr'>primum</span> 
     </span>
     <span class='ocr_line' id='line_1_70' title="bbox 1107 748 2058 797; baseline -0.001 -11"><span class='ocrx_word' id='word_1_415' title='bbox 1107 748 1182 786; x_wconf 85' lang='lat' dir='ltr'>fuit</span> <span class='ocrx_word' id='word_1_416' title='bbox 1191 749 1444 787; x_wconf 87' lang='lat' dir='ltr'>ecclesiarum</span> <span class='ocrx_word' id='word_1_417' title='bbox 1457 748 1798 797; x_wconf 79' lang='lat' dir='ltr'>disciplinaSupra</span> <span class='ocrx_word' id='word_1_418' title='bbox 1808 749 1955 786; x_wconf 91' lang='lat' dir='ltr'>dictum</span> <span class='ocrx_word' id='word_1_419' title='bbox 1972 759 2058 786; x_wconf 91' lang='lat' dir='ltr'>con-</span> 
     </span>
     <span class='ocr_line' id='line_1_71' title="bbox 1108 801 2053 840; baseline 0 -1"><span class='ocrx_word' id='word_1_420' title='bbox 1108 802 1239 840; x_wconf 90' lang='lat' dir='ltr'>cilium</span> <span class='ocrx_word' id='word_1_421' title='bbox 1248 802 1529 840; x_wconf 88' lang='lat' dir='ltr'>Eliberitanum</span> <span class='ocrx_word' id='word_1_422' title='bbox 1546 813 1679 839; x_wconf 89' lang='lat' dir='ltr'>omnes</span> <span class='ocrx_word' id='word_1_423' title='bbox 1699 802 1857 839; x_wconf 88' lang='lat' dir='ltr'>clericos</span> <span class='ocrx_word' id='word_1_424' title='bbox 1876 801 1916 839; x_wconf 93' lang='lat' dir='ltr'>in</span> <span class='ocrx_word' id='word_1_425' title='bbox 1935 801 2053 839; x_wconf 91' lang='lat' dir='ltr'>mini-</span> 
     </span>
     <span class='ocr_line' id='line_1_72' title="bbox 1107 854 2050 904; baseline 0 -12"><span class='ocrx_word' id='word_1_426' title='bbox 1107 856 1222 893; x_wconf 89' lang='lat' dir='ltr'>sterio</span> <span class='ocrx_word' id='word_1_427' title='bbox 1253 855 1397 904; x_wconf 89' lang='lat' dir='ltr'>positos</span> <span class='ocrx_word' id='word_1_428' title='bbox 1423 854 1685 892; x_wconf 87' lang='lat' dir='ltr'>continentiae</span> <span class='ocrx_word' id='word_1_429' title='bbox 1712 854 1798 904; x_wconf 85' lang='lat' dir='ltr'>lege</span> <span class='ocrx_word' id='word_1_430' title='bbox 1827 854 2050 892; x_wconf 77' lang='lat' dir='ltr'>obstrinxit.</span> 
     </span>
     <span class='ocr_line' id='line_1_73' title="bbox 1108 907 2057 956; baseline -0.001 -11"><span class='ocrx_word' id='word_1_431' title='bbox 1108 909 1369 946; x_wconf 87' lang='lat' dir='ltr'>Subdiaconos</span> <span class='ocrx_word' id='word_1_432' title='bbox 1386 908 1504 946; x_wconf 87' lang='lat' dir='ltr'>etiam</span> <span class='ocrx_word' id='word_1_433' title='bbox 1520 907 1750 956; x_wconf 85' lang='lat' dir='ltr'>eademlege</span> <span class='ocrx_word' id='word_1_434' title='bbox 1767 908 1971 946; x_wconf 89' lang='lat' dir='ltr'>adstrictos</span> <span class='ocrx_word' id='word_1_435' title='bbox 1991 918 2057 945; x_wconf 89' lang='lat' dir='ltr'>es-</span> 
     </span>
     <span class='ocr_line' id='line_1_74' title="bbox 1110 960 2052 1010; baseline -0.001 -11"><span class='ocrx_word' id='word_1_436' title='bbox 1110 973 1148 999; x_wconf 90' lang='lat' dir='ltr'>se</span> <span class='ocrx_word' id='word_1_437' title='bbox 1167 991 1176 1007; x_wconf 95' lang='lat'>,</span> <span class='ocrx_word' id='word_1_438' title='bbox 1202 962 1338 999; x_wconf 88' lang='lat' dir='ltr'>scribit</span> <span class='ocrx_word' id='word_1_439' title='bbox 1361 974 1388 999; x_wconf 92' lang='lat' dir='ltr'>s.</span> <span class='ocrx_word' id='word_1_440' title='bbox 1418 961 1656 1010; x_wconf 89' lang='lat' dir='ltr'>Epiphanius</span> <span class='ocrx_word' id='word_1_441' title='bbox 1668 960 1693 998; x_wconf 80' lang='lat'>3.</span> <span class='ocrx_word' id='word_1_442' title='bbox 1724 960 1763 997; x_wconf 88' lang='lat' dir='ltr'>S.</span> <span class='ocrx_word' id='word_1_443' title='bbox 1786 961 2052 1010; x_wconf 85' lang='lat' dir='ltr'>Hieronymus</span> 
     </span>
     <span class='ocr_line' id='line_1_75' title="bbox 1108 1014 2055 1064; baseline -0.001 -12"><span class='ocrx_word' id='word_1_444' title='bbox 1108 1015 1207 1053; x_wconf 91' lang='lat' dir='ltr'>solos</span> <span class='ocrx_word' id='word_1_445' title='bbox 1227 1015 1438 1064; x_wconf 90' lang='lat' dir='ltr'>episcopos,</span> <span class='ocrx_word' id='word_1_446' title='bbox 1459 1015 1708 1063; x_wconf 88' lang='lat' dir='ltr'>presbyteros</span> <span class='ocrx_word' id='word_1_447' title='bbox 1725 1015 1765 1050; x_wconf 90' lang='lat' dir='ltr'>et</span> <span class='ocrx_word' id='word_1_448' title='bbox 1781 1014 1960 1051; x_wconf 83' lang='lat' dir='ltr'>diaconos</span> <span class='ocrx_word' id='word_1_449' title='bbox 1976 1025 2055 1051; x_wconf 91' lang='lat' dir='ltr'>me-</span> 
     </span>
     <span class='ocr_line' id='line_1_76' title="bbox 1110 1066 2059 1116; baseline 0 -12"><span class='ocrx_word' id='word_1_450' title='bbox 1110 1070 1238 1106; x_wconf 84' lang='lat' dir='ltr'>morat</span> <span class='ocrx_word' id='word_1_451' title='bbox 1253 1067 1278 1106; x_wconf 77' lang='lat'>⁴.</span> <span class='ocrx_word' id='word_1_452' title='bbox 1297 1069 1334 1106; x_wconf 89' lang='lat' dir='ltr'>S.</span> <span class='ocrx_word' id='word_1_453' title='bbox 1349 1069 1426 1106; x_wconf 89' lang='lat' dir='ltr'>Leo</span> <span class='ocrx_word' id='word_1_454' title='bbox 1443 1067 1510 1113; x_wconf 86' lang='lat' dir='ltr'>M.,</span> <span class='ocrx_word' id='word_1_455' title='bbox 1539 1066 1606 1115; x_wconf 91' lang='lat' dir='ltr'>qui</span> <span class='ocrx_word' id='word_1_456' title='bbox 1625 1067 1673 1104; x_wconf 86' lang='lat' dir='ltr'>ab</span> <span class='ocrx_word' id='word_1_457' title='bbox 1694 1079 1756 1104; x_wconf 88' lang='lat' dir='ltr'>an.</span> <span class='ocrx_word' id='word_1_458' title='bbox 1771 1066 1848 1103; x_wconf 83' lang='lat'>440</span> <span class='ocrx_word' id='word_1_459' title='bbox 1869 1079 1990 1116; x_wconf 90' lang='lat' dir='ltr'>usque</span> <span class='ocrx_word' id='word_1_460' title='bbox 2010 1067 2059 1104; x_wconf 91' lang='lat' dir='ltr'>ad</span> 
     </span>
     <span class='ocr_line' id='line_1_77' title="bbox 1108 1120 2056 1169; baseline -0.002 -11"><span class='ocrx_word' id='word_1_461' title='bbox 1108 1121 1183 1159; x_wconf 79' lang='lat'>461</span> <span class='ocrx_word' id='word_1_462' title='bbox 1214 1133 1407 1159; x_wconf 90' lang='lat' dir='ltr'>summum</span> <span class='ocrx_word' id='word_1_463' title='bbox 1438 1120 1707 1169; x_wconf 88' lang='lat' dir='ltr'>pontificatum</span> <span class='ocrx_word' id='word_1_464' title='bbox 1723 1120 1853 1168; x_wconf 82' lang='lat' dir='ltr'>gessit,</span> <span class='ocrx_word' id='word_1_465' title='bbox 1876 1120 1924 1157; x_wconf 88' lang='lat' dir='ltr'>ad</span> <span class='ocrx_word' id='word_1_466' title='bbox 1948 1121 2056 1157; x_wconf 92' lang='lat' dir='ltr'>Ana-</span> 
     </span>
     <span class='ocr_line' id='line_1_78' title="bbox 1110 1172 2061 1218; baseline -0.002 -7"><span class='ocrx_word' id='word_1_467' title='bbox 1110 1175 1271 1212; x_wconf 84' lang='lat' dir='ltr'>stasium</span> <span class='ocrx_word' id='word_1_468' title='bbox 1299 1173 1684 1212; x_wconf 87' lang='lat' dir='ltr'>Thessalonicensem</span> <span class='ocrx_word' id='word_1_469' title='bbox 1713 1172 1870 1218; x_wconf 85' lang='lat' dir='ltr'>scribit,</span> <span class='ocrx_word' id='word_1_470' title='bbox 1891 1184 1939 1209; x_wconf 90' lang='lat' dir='ltr'>ne</span> <span class='ocrx_word' id='word_1_471' title='bbox 1967 1173 2061 1210; x_wconf 89' lang='lat' dir='ltr'>sub-</span> 
     </span>
     <span class='ocr_line' id='line_1_79' title="bbox 1110 1227 2056 1277; baseline -0.002 -13"><span class='ocrx_word' id='word_1_472' title='bbox 1110 1228 1282 1266; x_wconf 89' lang='lat' dir='ltr'>diaconis</span> <span class='ocrx_word' id='word_1_473' title='bbox 1302 1228 1457 1277; x_wconf 80' lang='lat' dir='ltr'>quidem</span> <span class='ocrx_word' id='word_1_474' title='bbox 1477 1227 1634 1264; x_wconf 91' lang='lat' dir='ltr'>concedi</span> <span class='ocrx_word' id='word_1_475' title='bbox 1653 1238 1815 1264; x_wconf 81' lang='lat' dir='ltr'>uxorem</span> <span class='ocrx_word' id='word_1_476' title='bbox 1831 1227 1971 1263; x_wconf 89' lang='lat' dir='ltr'>ducere</span> <span class='ocrx_word' id='word_1_477' title='bbox 1988 1228 2056 1263; x_wconf 87' lang='lat' dir='ltr'>aut</span> 
     </span>
     <span class='ocr_line' id='line_1_80' title="bbox 1112 1279 2057 1328; baseline -0.002 -10"><span class='ocrx_word' id='word_1_478' title='bbox 1112 1283 1228 1318; x_wconf 87' lang='lat' dir='ltr'>antea</span> <span class='ocrx_word' id='word_1_479' title='bbox 1257 1282 1375 1318; x_wconf 88' lang='lat' dir='ltr'>ducta</span> <span class='ocrx_word' id='word_1_480' title='bbox 1404 1281 1472 1318; x_wconf 89' lang='lat' dir='ltr'>uti.</span> <span class='ocrx_word' id='word_1_481' title='bbox 1496 1282 1608 1318; x_wconf 90' lang='lat' dir='ltr'>Anno</span> <span class='ocrx_word' id='word_1_482' title='bbox 1628 1281 1704 1318; x_wconf 82' lang='lat'>538</span> <span class='ocrx_word' id='word_1_483' title='bbox 1733 1279 1905 1328; x_wconf 82' lang='lat' dir='ltr'>synodus</span> <span class='ocrx_word' id='word_1_484' title='bbox 1926 1281 2057 1317; x_wconf 89' lang='lat' dir='ltr'>Aure-</span> 
     </span>
     <span class='ocr_line' id='line_1_81' title="bbox 1108 1331 2052 1382; baseline -0.003 -11"><span class='ocrx_word' id='word_1_485' title='bbox 1108 1334 1292 1372; x_wconf 87' lang='lat' dir='ltr'>lianensis</span> <span class='ocrx_word' id='word_1_486' title='bbox 1308 1335 1376 1380; x_wconf 84' lang='lat'>111,</span> <span class='ocrx_word' id='word_1_487' title='bbox 1397 1345 1480 1371; x_wconf 90' lang='lat' dir='ltr'>can.</span> <span class='ocrx_word' id='word_1_488' title='bbox 1503 1334 1541 1379; x_wconf 81' lang='lat'>2,</span> <span class='ocrx_word' id='word_1_489' title='bbox 1561 1334 1634 1371; x_wconf 89' lang='lat' dir='ltr'>sub</span> <span class='ocrx_word' id='word_1_490' title='bbox 1653 1344 1778 1382; x_wconf 87' lang='lat' dir='ltr'>poena</span> <span class='ocrx_word' id='word_1_491' title='bbox 1798 1331 2052 1382; x_wconf 87' lang='lat' dir='ltr'>depositionis</span> 
     </span>
     <span class='ocr_line' id='line_1_82' title="bbox 1110 1385 2052 1436; baseline -0.003 -12"><span class='ocrx_word' id='word_1_492' title='bbox 1110 1387 1319 1436; x_wconf 87' lang='lat' dir='ltr'>prohibuit,</span> <span class='ocrx_word' id='word_1_493' title='bbox 1339 1387 1544 1436; x_wconf 88' lang='lat' dir='ltr'>quominus</span> <span class='ocrx_word' id='word_1_494' title='bbox 1561 1387 1660 1424; x_wconf 92' lang='lat' dir='ltr'>ullus</span> <span class='ocrx_word' id='word_1_495' title='bbox 1678 1387 1854 1432; x_wconf 87' lang='lat' dir='ltr'>clericus,</span> <span class='ocrx_word' id='word_1_496' title='bbox 1872 1385 2052 1434; x_wconf 89' lang='lat' dir='ltr'>incipien-</span> 
     </span>
     <span class='ocr_line' id='line_1_83' title="bbox 1111 1441 2053 1486; baseline -0.002 -8"><span class='ocrx_word' id='word_1_497' title='bbox 1111 1441 1157 1477; x_wconf 93' lang='lat' dir='ltr'>do</span> <span class='ocrx_word' id='word_1_498' title='bbox 1184 1453 1206 1478; x_wconf 90' lang='lat' dir='ltr'>a</span> <span class='ocrx_word' id='word_1_499' title='bbox 1225 1441 1468 1478; x_wconf 87' lang='lat' dir='ltr'>subdiaconis</span> <span class='ocrx_word' id='word_1_500' title='bbox 1486 1469 1495 1486; x_wconf 94' lang='lat'>‚</span> <span class='ocrx_word' id='word_1_501' title='bbox 1516 1451 1675 1477; x_wconf 81' lang='lat' dir='ltr'>uxorem</span> <span class='ocrx_word' id='word_1_502' title='bbox 1696 1441 1855 1477; x_wconf 88' lang='lat' dir='ltr'>duceret</span> <span class='ocrx_word' id='word_1_503' title='bbox 1875 1441 1943 1476; x_wconf 90' lang='lat' dir='ltr'>aut</span> <span class='ocrx_word' id='word_1_504' title='bbox 1963 1441 2053 1476; x_wconf 87' lang='lat' dir='ltr'>ante</span> 
     </span>
     <span class='ocr_line' id='line_1_84' title="bbox 1110 1490 2052 1539; baseline -0.003 -8"><span class='ocrx_word' id='word_1_505' title='bbox 1110 1494 1249 1531; x_wconf 87' lang='lat' dir='ltr'>ductae</span> <span class='ocrx_word' id='word_1_506' title='bbox 1268 1506 1307 1531; x_wconf 87' lang='lat' dir='ltr'>se</span> <span class='ocrx_word' id='word_1_507' title='bbox 1327 1494 1520 1532; x_wconf 87' lang='lat' dir='ltr'>misceret.</span> <span class='ocrx_word' id='word_1_508' title='bbox 1543 1493 1692 1535; x_wconf 85' lang='lat' dir='ltr'>«Quod</span> <span class='ocrx_word' id='word_1_509' title='bbox 1712 1493 1743 1531; x_wconf 92' lang='lat' dir='ltr'>si</span> <span class='ocrx_word' id='word_1_510' title='bbox 1759 1490 2052 1539; x_wconf 83' lang='lat' dir='ltr'>fecerit,subdit</span> 
     </span>
     <span class='ocr_line' id='line_1_85' title="bbox 1111 1545 2054 1597; baseline -0.003 -12"><span class='ocrx_word' id='word_1_511' title='bbox 1111 1548 1294 1597; x_wconf 85' lang='lat' dir='ltr'>synodus,</span> <span class='ocrx_word' id='word_1_512' title='bbox 1305 1547 1404 1585; x_wconf 89' lang='lat' dir='ltr'>laica</span> <span class='ocrx_word' id='word_1_513' title='bbox 1419 1547 1688 1585; x_wconf 88' lang='lat' dir='ltr'>communione</span> <span class='ocrx_word' id='word_1_514' title='bbox 1706 1548 1923 1591; x_wconf 87' lang='lat' dir='ltr'>contentus,</span> <span class='ocrx_word' id='word_1_515' title='bbox 1940 1545 2054 1582; x_wconf 77' lang='lat' dir='ltr'>iuxta</span> 
     </span>
     <span class='ocr_line' id='line_1_86' title="bbox 1110 1599 2060 1649; baseline -0.002 -12"><span class='ocrx_word' id='word_1_516' title='bbox 1110 1599 1282 1649; x_wconf 88' lang='lat' dir='ltr'>p&#39;riorum</span> <span class='ocrx_word' id='word_1_517' title='bbox 1299 1613 1493 1638; x_wconf 90' lang='lat' dir='ltr'>canonum</span> <span class='ocrx_word' id='word_1_518' title='bbox 1512 1603 1661 1638; x_wconf 84' lang='lat' dir='ltr'>statuta</span> <span class='ocrx_word' id='word_1_519' title='bbox 1678 1600 1726 1637; x_wconf 90' lang='lat' dir='ltr'>ab</span> <span class='ocrx_word' id='word_1_520' title='bbox 1747 1599 1868 1637; x_wconf 88' lang='lat' dir='ltr'>officio</span> <span class='ocrx_word' id='word_1_521' title='bbox 1889 1599 2060 1647; x_wconf 88' lang='lat' dir='ltr'>depona-</span> 
     </span>
     <span class='ocr_line' id='line_1_87' title="bbox 1110 1652 2056 1701; baseline -0.003 -10"><span class='ocrx_word' id='word_1_522' title='bbox 1110 1656 1176 1691; x_wconf 89' lang='lat' dir='ltr'>tur</span> <span class='ocrx_word' id='word_1_523' title='bbox 1195 1666 1230 1691; x_wconf 87' lang='lat'>».</span> <span class='ocrx_word' id='word_1_524' title='bbox 1262 1654 1391 1695; x_wconf 86' lang='lat' dir='ltr'>Quum</span> <span class='ocrx_word' id='word_1_525' title='bbox 1419 1654 1515 1690; x_wconf 89' lang='lat' dir='ltr'>haec</span> <span class='ocrx_word' id='word_1_526' title='bbox 1546 1653 1748 1701; x_wconf 87' lang='lat' dir='ltr'>disciplina</span> <span class='ocrx_word' id='word_1_527' title='bbox 1767 1653 1806 1689; x_wconf 93' lang='lat' dir='ltr'>in</span> <span class='ocrx_word' id='word_1_528' title='bbox 1821 1652 1957 1690; x_wconf 88' lang='lat' dir='ltr'>Sicilia</span> <span class='ocrx_word' id='word_1_529' title='bbox 1979 1663 2056 1688; x_wconf 92' lang='lat' dir='ltr'>non</span> 
     </span>
     <span class='ocr_line' id='line_1_88' title="bbox 1111 1706 2059 1755; baseline -0.003 -10"><span class='ocrx_word' id='word_1_530' title='bbox 1111 1708 1397 1753; x_wconf 85' lang='lat' dir='ltr'>observaretur,</span> <span class='ocrx_word' id='word_1_531' title='bbox 1428 1706 1610 1755; x_wconf 82' lang='lat' dir='ltr'>Pelagius</span> <span class='ocrx_word' id='word_1_532' title='bbox 1642 1707 1710 1755; x_wconf 88' lang='lat' dir='ltr'>Pp.</span> <span class='ocrx_word' id='word_1_533' title='bbox 1732 1706 1768 1743; x_wconf 91' lang='lat' dir='ltr'>II</span> <span class='ocrx_word' id='word_1_534' title='bbox 1781 1735 1790 1751; x_wconf 91' lang='lat'>,</span> <span class='ocrx_word' id='word_1_535' title='bbox 1811 1708 1965 1743; x_wconf 86' lang='lat' dir='ltr'>creatus</span> <span class='ocrx_word' id='word_1_536' title='bbox 1996 1716 2059 1742; x_wconf 90' lang='lat' dir='ltr'>an.</span> 
     </span>
     <span class='ocr_line' id='line_1_89' title="bbox 1111 1758 2060 1806; baseline -0.003 -9"><span class='ocrx_word' id='word_1_537' title='bbox 1111 1760 1200 1806; x_wconf 80' lang='lat'>578,</span> <span class='ocrx_word' id='word_1_538' title='bbox 1217 1760 1441 1806; x_wconf 88' lang='lat' dir='ltr'>mandavit,</span> <span class='ocrx_word' id='word_1_539' title='bbox 1465 1762 1506 1797; x_wconf 88' lang='lat' dir='ltr'>ut</span> <span class='ocrx_word' id='word_1_540' title='bbox 1524 1759 1752 1797; x_wconf 88' lang='lat' dir='ltr'>subdiaconi</span> <span class='ocrx_word' id='word_1_541' title='bbox 1771 1758 1892 1796; x_wconf 87' lang='lat' dir='ltr'>Siculi</span> <span class='ocrx_word' id='word_1_542' title='bbox 1915 1769 2060 1796; x_wconf 88' lang='lat' dir='ltr'>secun-</span> 
     </span>
     <span class='ocr_line' id='line_1_90' title="bbox 1112 1811 2062 1855; baseline -0.004 -4"><span class='ocrx_word' id='word_1_543' title='bbox 1112 1814 1201 1850; x_wconf 90' lang='lat' dir='ltr'>dum</span> <span class='ocrx_word' id='word_1_544' title='bbox 1224 1825 1372 1851; x_wconf 89' lang='lat' dir='ltr'>morem</span> <span class='ocrx_word' id='word_1_545' title='bbox 1392 1814 1442 1851; x_wconf 88' lang='lat' dir='ltr'>R.</span> <span class='ocrx_word' id='word_1_546' title='bbox 1459 1813 1658 1855; x_wconf 87' lang='lat' dir='ltr'>Ecclesiae</span> <span class='ocrx_word' id='word_1_547' title='bbox 1674 1824 1714 1850; x_wconf 90' lang='lat' dir='ltr'>se</span> <span class='ocrx_word' id='word_1_548' title='bbox 1732 1812 1778 1849; x_wconf 87' lang='lat' dir='ltr'>ab</span> <span class='ocrx_word' id='word_1_549' title='bbox 1797 1811 1981 1849; x_wconf 78' lang='lat' dir='ltr'>uxoribus</span> <span class='ocrx_word' id='word_1_550' title='bbox 1998 1823 2062 1848; x_wconf 90' lang='lat' dir='ltr'>an-</span> 
     </span>
     <span class='ocr_line' id='line_1_91' title="bbox 1111 1864 2063 1907; baseline -0.004 -3"><span class='ocrx_word' id='word_1_551' title='bbox 1111 1869 1175 1904; x_wconf 90' lang='lat' dir='ltr'>tea</span> <span class='ocrx_word' id='word_1_552' title='bbox 1191 1867 1318 1904; x_wconf 90' lang='lat' dir='ltr'>ductis</span> <span class='ocrx_word' id='word_1_553' title='bbox 1328 1866 1584 1904; x_wconf 89' lang='lat' dir='ltr'>continerent.</span> <span class='ocrx_word' id='word_1_554' title='bbox 1597 1866 1707 1907; x_wconf 86' lang='lat' dir='ltr'>Quod</span> <span class='ocrx_word' id='word_1_555' title='bbox 1722 1866 1920 1902; x_wconf 88' lang='lat' dir='ltr'>decretum</span> <span class='ocrx_word' id='word_1_556' title='bbox 1929 1864 2063 1902; x_wconf 85' lang='lat' dir='ltr'>s.Gre-</span> 
     </span>
     <span class='ocr_line' id='line_1_92' title="bbox 1112 1917 2063 1968; baseline -0.003 -11"><span class='ocrx_word' id='word_1_557' title='bbox 1112 1919 1245 1968; x_wconf 82' lang='lat' dir='ltr'>gorius</span> <span class='ocrx_word' id='word_1_558' title='bbox 1265 1919 1336 1966; x_wconf 87' lang='lat' dir='ltr'>M.,</span> <span class='ocrx_word' id='word_1_559' title='bbox 1357 1919 1442 1957; x_wconf 89' lang='lat' dir='ltr'>eius</span> <span class='ocrx_word' id='word_1_560' title='bbox 1462 1930 1662 1956; x_wconf 87' lang='lat' dir='ltr'>successor</span> <span class='ocrx_word' id='word_1_561' title='bbox 1678 1948 1686 1963; x_wconf 92' lang='lat'>‚</span> <span class='ocrx_word' id='word_1_562' title='bbox 1708 1918 1948 1966; x_wconf 88' lang='lat' dir='ltr'>temperavit</span> <span class='ocrx_word' id='word_1_563' title='bbox 1970 1917 2063 1966; x_wconf 86' lang='lat' dir='ltr'>qui-</span> 
     </span>
     <span class='ocr_line' id='line_1_93' title="bbox 1113 1970 2063 2022; baseline -0.003 -12"><span class='ocrx_word' id='word_1_564' title='bbox 1113 1974 1200 2010; x_wconf 89' lang='lat' dir='ltr'>dem</span> <span class='ocrx_word' id='word_1_565' title='bbox 1220 1972 1259 2009; x_wconf 92' lang='lat' dir='ltr'>in</span> <span class='ocrx_word' id='word_1_566' title='bbox 1279 1972 1448 2022; x_wconf 84' lang='lat' dir='ltr'>gratiam</span> <span class='ocrx_word' id='word_1_567' title='bbox 1469 1984 1605 2010; x_wconf 89' lang='lat' dir='ltr'>eorum</span> <span class='ocrx_word' id='word_1_568' title='bbox 1626 1972 1953 2009; x_wconf 90' lang='lat' dir='ltr'>subdiaconorum</span> <span class='ocrx_word' id='word_1_569' title='bbox 1966 2000 1975 2016; x_wconf 95' lang='lat'>,</span> <span class='ocrx_word' id='word_1_570' title='bbox 1996 1970 2063 2019; x_wconf 89' lang='lat' dir='ltr'>qui</span> 
     </span>
     <span class='ocr_line' id='line_1_94' title="bbox 1112 2023 2063 2063; baseline -0.003 0"><span class='ocrx_word' id='word_1_571' title='bbox 1112 2026 1190 2063; x_wconf 89' lang='lat' dir='ltr'>iam</span> <span class='ocrx_word' id='word_1_572' title='bbox 1213 2030 1305 2063; x_wconf 88' lang='lat' dir='ltr'>ante</span> <span class='ocrx_word' id='word_1_573' title='bbox 1332 2026 1427 2063; x_wconf 87' lang='lat' dir='ltr'>illud</span> <span class='ocrx_word' id='word_1_574' title='bbox 1449 2038 1591 2063; x_wconf 76' lang='lat' dir='ltr'>uxores</span> <span class='ocrx_word' id='word_1_575' title='bbox 1613 2026 1808 2063; x_wconf 77' lang='lat' dir='ltr'>duxerant</span> <span class='ocrx_word' id='word_1_576' title='bbox 1828 2028 1868 2062; x_wconf 91' lang='lat' dir='ltr'>et</span> <span class='ocrx_word' id='word_1_577' title='bbox 1888 2023 2063 2061; x_wconf 89' lang='lat' dir='ltr'>ordinati</span> 
     </span>
     <span class='ocr_line' id='line_1_95' title="bbox 1111 2076 2060 2128; baseline -0.003 -12"><span class='ocrx_word' id='word_1_578' title='bbox 1111 2079 1287 2126; x_wconf 82' lang='lat' dir='ltr'>fuerant,</span> <span class='ocrx_word' id='word_1_579' title='bbox 1308 2080 1374 2117; x_wconf 89' lang='lat' dir='ltr'>sed</span> <span class='ocrx_word' id='word_1_580' title='bbox 1397 2091 1443 2116; x_wconf 90' lang='lat' dir='ltr'>ea</span> <span class='ocrx_word' id='word_1_581' title='bbox 1462 2079 1562 2128; x_wconf 80' lang='lat' dir='ltr'>lege,</span> <span class='ocrx_word' id='word_1_582' title='bbox 1583 2081 1625 2116; x_wconf 89' lang='lat' dir='ltr'>ut</span> <span class='ocrx_word' id='word_1_583' title='bbox 1646 2080 1694 2116; x_wconf 90' lang='lat' dir='ltr'>ad</span> <span class='ocrx_word' id='word_1_584' title='bbox 1715 2078 1872 2116; x_wconf 87' lang='lat' dir='ltr'>altiores</span> <span class='ocrx_word' id='word_1_585' title='bbox 1893 2076 2060 2114; x_wconf 88' lang='lat' dir='ltr'>Ordines</span> 
     </span>
     <span class='ocr_line' id='line_1_96' title="bbox 1114 2130 2057 2181; baseline -0.003 -11"><span class='ocrx_word' id='word_1_586' title='bbox 1114 2145 1189 2170; x_wconf 91' lang='lat' dir='ltr'>non</span> <span class='ocrx_word' id='word_1_587' title='bbox 1216 2133 1490 2178; x_wconf 89' lang='lat' dir='ltr'>ascenderent,</span> <span class='ocrx_word' id='word_1_588' title='bbox 1511 2136 1551 2169; x_wconf 90' lang='lat' dir='ltr'>et</span> <span class='ocrx_word' id='word_1_589' title='bbox 1570 2132 1752 2181; x_wconf 91' lang='lat' dir='ltr'>deinceps</span> <span class='ocrx_word' id='word_1_590' title='bbox 1772 2131 1942 2180; x_wconf 88' lang='lat' dir='ltr'>episcopi</span> <span class='ocrx_word' id='word_1_591' title='bbox 1963 2130 2057 2167; x_wconf 90' lang='lat' dir='ltr'>nul-</span> 
     </span>
     <span class='ocr_line' id='line_1_97' title="bbox 1112 2182 2059 2232; baseline -0.004 -9"><span class='ocrx_word' id='word_1_592' title='bbox 1112 2186 1194 2223; x_wconf 90' lang='lat' dir='ltr'>lum</span> <span class='ocrx_word' id='word_1_593' title='bbox 1215 2187 1444 2224; x_wconf 87' lang='lat' dir='ltr'>ordinarent</span> <span class='ocrx_word' id='word_1_594' title='bbox 1459 2186 1751 2231; x_wconf 86' lang='lat' dir='ltr'>subdiaconum,</span> <span class='ocrx_word' id='word_1_595' title='bbox 1768 2184 1843 2221; x_wconf 92' lang='lat' dir='ltr'>nisi</span> <span class='ocrx_word' id='word_1_596' title='bbox 1865 2184 1930 2232; x_wconf 91' lang='lat' dir='ltr'>qui</span> <span class='ocrx_word' id='word_1_597' title='bbox 1947 2182 2059 2220; x_wconf 87' lang='lat' dir='ltr'>caeli-</span> 
     </span>
     <span class='ocr_line' id='line_1_98' title="bbox 1112 2237 2061 2288; baseline -0.004 -11"><span class='ocrx_word' id='word_1_598' title='bbox 1112 2240 1199 2277; x_wconf 88' lang='lat' dir='ltr'>bem</span> <span class='ocrx_word' id='word_1_599' title='bbox 1229 2239 1351 2277; x_wconf 86' lang='lat' dir='ltr'>vitam</span> <span class='ocrx_word' id='word_1_600' title='bbox 1378 2251 1496 2288; x_wconf 83' lang='lat' dir='ltr'>agere</span> <span class='ocrx_word' id='word_1_601' title='bbox 1527 2239 1646 2276; x_wconf 87' lang='lat' dir='ltr'>vellet</span> <span class='ocrx_word' id='word_1_602' title='bbox 1657 2237 1682 2276; x_wconf 75' lang='lat'>5.</span> <span class='ocrx_word' id='word_1_603' title='bbox 1713 2238 1904 2276; x_wconf 86' lang='lat' dir='ltr'>Eamdem</span> <span class='ocrx_word' id='word_1_604' title='bbox 1933 2237 2061 2284; x_wconf 87' lang='lat' dir='ltr'>legem</span> 
     </span>
     <span class='ocr_line' id='line_1_99' title="bbox 1112 2290 2064 2342; baseline -0.005 -12"><span class='ocrx_word' id='word_1_605' title='bbox 1112 2295 1228 2342; x_wconf 80' lang='lat' dir='ltr'>urget</span> <span class='ocrx_word' id='word_1_606' title='bbox 1248 2293 1350 2330; x_wconf 89' lang='lat' dir='ltr'>idem</span> <span class='ocrx_word' id='word_1_607' title='bbox 1370 2292 1555 2330; x_wconf 78' lang='lat' dir='ltr'>Pontifex</span> <span class='ocrx_word' id='word_1_608' title='bbox 1575 2293 1615 2329; x_wconf 90' lang='lat' dir='ltr'>in</span> <span class='ocrx_word' id='word_1_609' title='bbox 1637 2291 1802 2341; x_wconf 87' lang='lat' dir='ltr'>epistola</span> <span class='ocrx_word' id='word_1_610' title='bbox 1819 2303 1889 2328; x_wconf 89' lang='lat' dir='ltr'>sua</span> <span class='ocrx_word' id='word_1_611' title='bbox 1905 2290 1954 2327; x_wconf 89' lang='lat' dir='ltr'>ad</span> <span class='ocrx_word' id='word_1_612' title='bbox 1970 2290 2064 2326; x_wconf 86' lang='lat' dir='ltr'>Leo-</span> 
     </span>
     <span class='ocr_line' id='line_1_100' title="bbox 1114 2342 2066 2384; baseline -0.005 -1"><span class='ocrx_word' id='word_1_613' title='bbox 1114 2359 1201 2384; x_wconf 88' lang='lat' dir='ltr'>nem</span> <span class='ocrx_word' id='word_1_614' title='bbox 1217 2346 1475 2384; x_wconf 85' lang='lat' dir='ltr'>Catanensem</span> <span class='ocrx_word' id='word_1_615' title='bbox 1500 2349 1539 2383; x_wconf 90' lang='lat' dir='ltr'>et</span> <span class='ocrx_word' id='word_1_616' title='bbox 1570 2346 1609 2382; x_wconf 93' lang='lat' dir='ltr'>in</span> <span class='ocrx_word' id='word_1_617' title='bbox 1634 2345 1710 2382; x_wconf 86' lang='lat' dir='ltr'>alia</span> <span class='ocrx_word' id='word_1_618' title='bbox 1745 2345 1792 2382; x_wconf 89' lang='lat' dir='ltr'>ad</span> <span class='ocrx_word' id='word_1_619' title='bbox 1822 2342 2066 2381; x_wconf 87' lang='lat' dir='ltr'>Bonifacium</span> 
     </span>
     <span class='ocr_line' id='line_1_101' title="bbox 1113 2395 2066 2449; baseline -0.005 -12"><span class='ocrx_word' id='word_1_620' title='bbox 1113 2399 1377 2449; x_wconf 83' lang='lat' dir='ltr'>Rhegiensem</span> <span class='ocrx_word' id='word_1_621' title='bbox 1389 2397 1711 2448; x_wconf 77' lang='lat' dir='ltr'>episcopum⁶.Ex</span> <span class='ocrx_word' id='word_1_622' title='bbox 1725 2410 1800 2447; x_wconf 90' lang='lat' dir='ltr'>quo</span> <span class='ocrx_word' id='word_1_623' title='bbox 1813 2400 1986 2446; x_wconf 88' lang='lat' dir='ltr'>tempore</span> <span class='ocrx_word' id='word_1_624' title='bbox 2002 2395 2066 2432; x_wconf 83' lang='lat' dir='ltr'>lex</span> 
     </span>
     <span class='ocr_line' id='line_1_102' title="bbox 1112 2448 2066 2491; baseline -0.005 -1"><span class='ocrx_word' id='word_1_625' title='bbox 1112 2454 1158 2490; x_wconf 91' lang='lat' dir='ltr'>de</span> <span class='ocrx_word' id='word_1_626' title='bbox 1174 2453 1415 2490; x_wconf 85' lang='lat' dir='ltr'>continentia</span> <span class='ocrx_word' id='word_1_627' title='bbox 1437 2453 1769 2491; x_wconf 87' lang='lat' dir='ltr'>subdiaconorum</span> <span class='ocrx_word' id='word_1_628' title='bbox 1784 2463 1808 2489; x_wconf 87' lang='lat' dir='ltr'>a</span> <span class='ocrx_word' id='word_1_629' title='bbox 1824 2451 2002 2488; x_wconf 84' lang='lat' dir='ltr'>Romana</span> <span class='ocrx_word' id='word_1_630' title='bbox 2017 2448 2066 2486; x_wconf 89' lang='lat' dir='ltr'>ad</span> 
     </span>
    </p>
   </div>
   <div class='ocr_carea' id='block_1_8' title="bbox 1113 2552 2069 3257">
    <p class='ocr_par' dir='ltr' id='par_1_17' title="bbox 1113 2552 2069 2929">
     <span class='ocr_line' id='line_1_103' title="bbox 1153 2552 2064 2596; baseline -0.005 -7"><span class='ocrx_word' id='word_1_631' title='bbox 1153 2558 1164 2579; x_wconf 84' lang='lat'>¹</span> <span class='ocrx_word' id='word_1_632' title='bbox 1182 2560 1291 2589; x_wconf 81' lang='lat' dir='ltr'>Baron.</span> <span class='ocrx_word' id='word_1_633' title='bbox 1316 2559 1355 2590; x_wconf 89' lang='lat' dir='ltr'>ad</span> <span class='ocrx_word' id='word_1_634' title='bbox 1372 2568 1419 2589; x_wconf 87' lang='lat' dir='ltr'>an.</span> <span class='ocrx_word' id='word_1_635' title='bbox 1437 2557 1476 2589; x_wconf 80' lang='lat'>58</span> <span class='ocrx_word' id='word_1_636' title='bbox 1494 2562 1523 2588; x_wconf 83' lang='lat' dir='ltr'>et</span> <span class='ocrx_word' id='word_1_637' title='bbox 1540 2557 1616 2596; x_wconf 70' lang='lat'>3253</span> <span class='ocrx_word' id='word_1_638' title='bbox 1633 2557 1751 2595; x_wconf 60' lang='lat' dir='ltr'>Vales„</span> <span class='ocrx_word' id='word_1_639' title='bbox 1771 2557 1877 2586; x_wconf 74' lang='lat' dir='ltr'>Annot.</span> <span class='ocrx_word' id='word_1_640' title='bbox 1896 2555 1925 2585; x_wconf 93' lang='lat' dir='ltr'>in</span> <span class='ocrx_word' id='word_1_641' title='bbox 1941 2552 2064 2586; x_wconf 66' lang='grc' dir='ltr'><em>δουναι.</em></span> 
     </span>
     <span class='ocr_line' id='line_1_104' title="bbox 1114 2594 2065 2638; baseline -0.006 -8"><span class='ocrx_word' id='word_1_642' title='bbox 1114 2604 1143 2630; x_wconf 81' lang='lat' dir='ltr'>et</span> <span class='ocrx_word' id='word_1_643' title='bbox 1167 2599 1347 2638; x_wconf 68' lang='lat' dir='ltr'>Sozomen.;</span> <span class='ocrx_word' id='word_1_644' title='bbox 1371 2600 1555 2637; x_wconf 63' lang='lat' dir='ltr'>Bellarmin„</span> <span class='ocrx_word' id='word_1_645' title='bbox 1577 2595 1858 2631; x_wconf 80' lang='lat' dir='ltr'>Controvers.—de</span> <span class='ocrx_word' id='word_1_646' title='bbox 1874 2594 1990 2627; x_wconf 85' lang='lat' dir='ltr'>Concil.</span> <span class='ocrx_word' id='word_1_647' title='bbox 2010 2595 2028 2625; x_wconf 89' lang='lat' dir='ltr'>l.</span> <span class='ocrx_word' id='word_1_648' title='bbox 2046 2595 2065 2632; x_wconf 90' lang='lat'>1,</span> 
     </span>
     <span class='ocr_line' id='line_1_105' title="bbox 1115 2636 2066 2678; baseline -0.006 -7"><span class='ocrx_word' id='word_1_649' title='bbox 1115 2651 1138 2671; x_wconf 92' lang='lat' dir='ltr'>c.</span> <span class='ocrx_word' id='word_1_650' title='bbox 1158 2641 1213 2678; x_wconf 75' lang='lat'>18,</span> <span class='ocrx_word' id='word_1_651' title='bbox 1238 2646 1266 2672; x_wconf 84' lang='lat' dir='ltr'>et</span> <span class='ocrx_word' id='word_1_652' title='bbox 1289 2640 1325 2672; x_wconf 81' lang='lat' dir='ltr'>de</span> <span class='ocrx_word' id='word_1_653' title='bbox 1345 2641 1491 2677; x_wconf 77' lang='lat' dir='ltr'>Clericis‚</span> <span class='ocrx_word' id='word_1_654' title='bbox 1509 2641 1525 2670; x_wconf 89' lang='lat' dir='ltr'>l.</span> <span class='ocrx_word' id='word_1_655' title='bbox 1543 2642 1565 2678; x_wconf 91' lang='lat' dir='ltr'>I,</span> <span class='ocrx_word' id='word_1_656' title='bbox 1583 2650 1607 2670; x_wconf 92' lang='lat' dir='ltr'>c.</span> <span class='ocrx_word' id='word_1_657' title='bbox 1625 2639 1678 2678; x_wconf 68' lang='lat'>⁹203</span> <span class='ocrx_word' id='word_1_658' title='bbox 1696 2638 1819 2669; x_wconf 80' lang='lat' dir='ltr'>Sandini</span> <span class='ocrx_word' id='word_1_659' title='bbox 1834 2661 1841 2675; x_wconf 91' lang='lat'>,</span> <span class='ocrx_word' id='word_1_660' title='bbox 1857 2636 1978 2676; x_wconf 79' lang='lat' dir='ltr'>Disput.</span> <span class='ocrx_word' id='word_1_661' title='bbox 1995 2636 2066 2666; x_wconf 63' lang='lat' dir='ltr'>hist.</span> 
     </span>
     <span class='ocr_line' id='line_1_106' title="bbox 1114 2678 2067 2723; baseline -0.007 -9"><span class='ocrx_word' id='word_1_662' title='bbox 1114 2683 1193 2719; x_wconf 81' lang='lat' dir='ltr'>x111;</span> <span class='ocrx_word' id='word_1_663' title='bbox 1211 2683 1332 2723; x_wconf 81' lang='lat' dir='ltr'>Stilling</span> <span class='ocrx_word' id='word_1_664' title='bbox 1345 2707 1352 2720; x_wconf 94' lang='lat'>,</span> <span class='ocrx_word' id='word_1_665' title='bbox 1369 2683 1453 2714; x_wconf 70' lang='lat' dir='ltr'>Acta</span> <span class='ocrx_word' id='word_1_666' title='bbox 1469 2681 1523 2713; x_wconf 67' lang='lat' dir='ltr'>SS.</span> <span class='ocrx_word' id='word_1_667' title='bbox 1539 2685 1558 2712; x_wconf 88' lang='lat' dir='ltr'>t.</span> <span class='ocrx_word' id='word_1_668' title='bbox 1576 2682 1620 2712; x_wconf 89' lang='lat'>111</span> <span class='ocrx_word' id='word_1_669' title='bbox 1639 2682 1719 2720; x_wconf 84' lang='lat' dir='ltr'>Sept.</span> <span class='ocrx_word' id='word_1_670' title='bbox 1739 2680 1770 2710; x_wconf 92' lang='lat' dir='ltr'>S.</span> <span class='ocrx_word' id='word_1_671' title='bbox 1788 2678 2067 2717; x_wconf 76' lang='lat' dir='ltr'>Paphnut.-De</span> 
     </span>
     <span class='ocr_line' id='line_1_107' title="bbox 1114 2720 2069 2762; baseline -0.007 -7"><span class='ocrx_word' id='word_1_672' title='bbox 1114 2725 1301 2755; x_wconf 78' lang='lat' dir='ltr'>continentia</span> <span class='ocrx_word' id='word_1_673' title='bbox 1311 2725 1497 2755; x_wconf 67' lang='lat' dir='ltr'>elericorum</span> <span class='ocrx_word' id='word_1_674' title='bbox 1511 2724 1684 2762; x_wconf 77' lang='lat' dir='ltr'>appositum</span> <span class='ocrx_word' id='word_1_675' title='bbox 1697 2730 1774 2760; x_wconf 86' lang='lat' dir='ltr'>opus</span> <span class='ocrx_word' id='word_1_676' title='bbox 1795 2720 1967 2758; x_wconf 85' lang='lat' dir='ltr'>composuit</span> <span class='ocrx_word' id='word_1_677' title='bbox 1977 2720 2069 2749; x_wconf 83' lang='lat' dir='ltr'>Fran-</span> 
     </span>
     <span class='ocr_line' id='line_1_108' title="bbox 1115 2760 2068 2802; baseline -0.005 -7"><span class='ocrx_word' id='word_1_678' title='bbox 1115 2766 1215 2796; x_wconf 80' lang='lat' dir='ltr'>ciscus</span> <span class='ocrx_word' id='word_1_679' title='bbox 1238 2767 1386 2796; x_wconf 78' lang='lat' dir='ltr'>Antonius</span> <span class='ocrx_word' id='word_1_680' title='bbox 1410 2766 1577 2802; x_wconf 70' lang='lat' dir='ltr'>Zac-caria,</span> <span class='ocrx_word' id='word_1_681' title='bbox 1603 2763 1797 2802; x_wconf 82' lang='lat' dir='ltr'>inscriptum:</span> <span class='ocrx_word' id='word_1_682' title='bbox 1823 2760 1944 2792; x_wconf 74' lang='lat' dir='ltr'>Storicc</span> <span class='ocrx_word' id='word_1_683' title='bbox 1973 2760 2068 2800; x_wconf 86' lang='lat' dir='ltr'>pole-</span> 
     </span>
     <span class='ocr_line' id='line_1_109' title="bbox 1114 2800 2067 2842; baseline -0.006 -5"><span class='ocrx_word' id='word_1_684' title='bbox 1114 2807 1206 2837; x_wconf 82' lang='lat' dir='ltr'>mica</span> <span class='ocrx_word' id='word_1_685' title='bbox 1229 2807 1285 2838; x_wconf 83' lang='lat' dir='ltr'>del</span> <span class='ocrx_word' id='word_1_686' title='bbox 1300 2805 1442 2838; x_wconf 66' lang='lat' dir='ltr'>celibat‘o</span> <span class='ocrx_word' id='word_1_687' title='bbox 1459 2815 1568 2842; x_wconf 79' lang='lat' dir='ltr'>sacro,</span> <span class='ocrx_word' id='word_1_688' title='bbox 1588 2806 1684 2835; x_wconf 83' lang='lat' dir='ltr'>Roma</span> <span class='ocrx_word' id='word_1_689' title='bbox 1706 2802 1793 2840; x_wconf 77' lang='grc'>1774,</span> <span class='ocrx_word' id='word_1_690' title='bbox 1810 2806 1839 2832; x_wconf 77' lang='lat' dir='ltr'>et</span> <span class='ocrx_word' id='word_1_691' title='bbox 1855 2800 2067 2841; x_wconf 67' lang='lat' dir='ltr'>Nap01i1852‚</span> 
     </span>
     <span class='ocr_line' id='line_1_110' title="bbox 1113 2843 2066 2888; baseline -0.006 -9"><span class='ocrx_word' id='word_1_692' title='bbox 1113 2849 1142 2879; x_wconf 87' lang='lat' dir='ltr'>in</span> <span class='ocrx_word' id='word_1_693' title='bbox 1160 2857 1219 2888; x_wconf 86' lang='lat' dir='ltr'>quo</span> <span class='ocrx_word' id='word_1_694' title='bbox 1235 2849 1300 2887; x_wconf 80' lang='lat' dir='ltr'>ipse</span> <span class='ocrx_word' id='word_1_695' title='bbox 1317 2848 1518 2887; x_wconf 80' lang='lat' dir='ltr'>apostolicam</span> <span class='ocrx_word' id='word_1_696' title='bbox 1535 2846 1624 2876; x_wconf 87' lang='lat' dir='ltr'>huius</span> <span class='ocrx_word' id='word_1_697' title='bbox 1642 2844 1824 2883; x_wconf 83' lang='lat' dir='ltr'>disciplinae</span> <span class='ocrx_word' id='word_1_698' title='bbox 1843 2843 1998 2884; x_wconf 85' lang='lat' dir='ltr'>originem</span> <span class='ocrx_word' id='word_1_699' title='bbox 2016 2843 2066 2873; x_wconf 88' lang='lat' dir='ltr'>do-</span> 
     </span>
     <span class='ocr_line' id='line_1_111' title="bbox 1114 2890 1488 2929; baseline -0.008 -8"><span class='ocrx_word' id='word_1_700' title='bbox 1114 2894 1161 2921; x_wconf 85' lang='lat' dir='ltr'>cte</span> <span class='ocrx_word' id='word_1_701' title='bbox 1177 2890 1360 2929; x_wconf 81' lang='lat' dir='ltr'>eruditeque</span> <span class='ocrx_word' id='word_1_702' title='bbox 1378 2891 1488 2919; x_wconf 83' lang='lat' dir='ltr'>tuetur.</span> 
     </span>
    </p>

    <p class='ocr_par' dir='ltr' id='par_1_18' title="bbox 1113 2926 2067 3134">
     <span class='ocr_line' id='line_1_112' title="bbox 1154 2926 2067 2969; baseline -0.007 -8"><span class='ocrx_word' id='word_1_703' title='bbox 1154 2930 1168 2951; x_wconf 79' lang='lat'>&#39;2</span> <span class='ocrx_word' id='word_1_704' title='bbox 1184 2931 1308 2961; x_wconf 81' lang='lat' dir='ltr'>Sirieius</span> <span class='ocrx_word' id='word_1_705' title='bbox 1334 2932 1385 2969; x_wconf 86' lang='lat' dir='ltr'>Pp.</span> <span class='ocrx_word' id='word_1_706' title='bbox 1409 2929 1515 2969; x_wconf 76' lang='lat' dir='ltr'>Epist.</span> <span class='ocrx_word' id='word_1_707' title='bbox 1534 2929 1544 2958; x_wconf 90' lang='lat'>1</span> <span class='ocrx_word' id='word_1_708' title='bbox 1563 2927 1607 2958; x_wconf 76' lang='lat' dir='ltr'>acl</span> <span class='ocrx_word' id='word_1_709' title='bbox 1623 2926 1758 2958; x_wconf 81' lang='lat' dir='ltr'>Himer.</span> <span class='ocrx_word' id='word_1_710' title='bbox 1783 2926 1999 2963; x_wconf 74' lang='lat' dir='ltr'>Thessalon.;</span> <span class='ocrx_word' id='word_1_711' title='bbox 2015 2926 2067 2956; x_wconf 85' lang='lat' dir='ltr'>In-</span> 
     </span>
     <span class='ocr_line' id='line_1_113' title="bbox 1113 2966 2066 3010; baseline -0.007 -8"><span class='ocrx_word' id='word_1_712' title='bbox 1113 2976 1231 3002; x_wconf 81' lang='lat' dir='ltr'>nocent.</span> <span class='ocrx_word' id='word_1_713' title='bbox 1250 2971 1382 3010; x_wconf 49' lang='lat' dir='ltr'>{Epist</span> <span class='ocrx_word' id='word_1_714' title='bbox 1396 2972 1441 3001; x_wconf 82' lang='lat' dir='ltr'>ad</span> <span class='ocrx_word' id='word_1_715' title='bbox 1456 2969 1659 2999; x_wconf 76' lang='lat' dir='ltr'>Vicerz&#39;cz&#39;zcm</span> <span class='ocrx_word' id='word_1_716' title='bbox 1670 2968 1884 3007; x_wconf 70' lang='lat' dir='ltr'>etEoesuper.</span> <span class='ocrx_word' id='word_1_717' title='bbox 1900 2966 2066 3003; x_wconf 61' lang='lat' dir='ltr'>Tolosam,</span> 
     </span>
     <span class='ocr_line' id='line_1_114' title="bbox 1114 3008 2067 3051; baseline -0.006 -8"><span class='ocrx_word' id='word_1_718' title='bbox 1114 3015 1172 3043; x_wconf 84' lang='lat' dir='ltr'>Leo</span> <span class='ocrx_word' id='word_1_719' title='bbox 1190 3014 1225 3043; x_wconf 87' lang='lat' dir='ltr'>M.</span> <span class='ocrx_word' id='word_1_720' title='bbox 1243 3012 1353 3051; x_wconf 78' lang='lat' dir='ltr'>Epist.</span> <span class='ocrx_word' id='word_1_721' title='bbox 1372 3012 1417 3042; x_wconf 86' lang='lat' dir='ltr'>ad</span> <span class='ocrx_word' id='word_1_722' title='bbox 1439 3011 1574 3041; x_wconf 75' lang='lat' dir='ltr'>Rustic.</span> <span class='ocrx_word' id='word_1_723' title='bbox 1592 3009 1758 3047; x_wconf 80' lang='lat' dir='ltr'>Narbon.;</span> <span class='ocrx_word' id='word_1_724' title='bbox 1775 3010 1943 3040; x_wconf 87' lang='lat' dir='ltr'>Concilium</span> <span class='ocrx_word' id='word_1_725' title='bbox 1962 3008 2067 3038; x_wconf 86' lang='lat' dir='ltr'>Elibe-</span> 
     </span>
     <span class='ocr_line' id='line_1_115' title="bbox 1113 3048 2063 3091; baseline -0.005 -7"><span class='ocrx_word' id='word_1_726' title='bbox 1113 3055 1255 3091; x_wconf 83' lang='lat' dir='ltr'>ritanum,</span> <span class='ocrx_word' id='word_1_727' title='bbox 1272 3054 1515 3089; x_wconf 68' lang='lat' dir='ltr'>Carthaginiense</span> <span class='ocrx_word' id='word_1_728' title='bbox 1528 3052 1554 3082; x_wconf 91' lang='lat'>11</span> <span class='ocrx_word' id='word_1_729' title='bbox 1572 3060 1619 3081; x_wconf 78' lang='lat' dir='ltr'>an.</span> <span class='ocrx_word' id='word_1_730' title='bbox 1636 3051 1705 3089; x_wconf 87' lang='grc'>390,</span> <span class='ocrx_word' id='word_1_731' title='bbox 1720 3051 1908 3081; x_wconf 73' lang='lat' dir='ltr'>Taurinense</span> <span class='ocrx_word' id='word_1_732' title='bbox 1927 3058 1975 3080; x_wconf 91' lang='lat' dir='ltr'>an.</span> <span class='ocrx_word' id='word_1_733' title='bbox 1992 3048 2063 3087; x_wconf 86' lang='lat'>397,</span> 
     </span>
     <span class='ocr_line' id='line_1_116' title="bbox 1113 3091 1984 3134; baseline -0.005 -9"><span class='ocrx_word' id='word_1_734' title='bbox 1113 3095 1359 3134; x_wconf 72' lang='lat' dir='ltr'>Carthaginense</span> <span class='ocrx_word' id='word_1_735' title='bbox 1376 3095 1398 3123; x_wconf 82' lang='lat' dir='ltr'>V</span> <span class='ocrx_word' id='word_1_736' title='bbox 1414 3103 1462 3124; x_wconf 86' lang='lat' dir='ltr'>an.</span> <span class='ocrx_word' id='word_1_737' title='bbox 1480 3093 1549 3131; x_wconf 79' lang='lat'>398,</span> <span class='ocrx_word' id='word_1_738' title='bbox 1567 3093 1745 3124; x_wconf 81' lang='lat' dir='ltr'>Toletanum</span> <span class='ocrx_word' id='word_1_739' title='bbox 1762 3101 1810 3123; x_wconf 83' lang='lat' dir='ltr'>an.</span> <span class='ocrx_word' id='word_1_740' title='bbox 1827 3091 1897 3130; x_wconf 70' lang='lat'>400,</span> <span class='ocrx_word' id='word_1_741' title='bbox 1915 3091 1984 3121; x_wconf 88' lang='lat' dir='ltr'>alia.</span> 
     </span>
    </p>

    <p class='ocr_par' dir='ltr' id='par_1_19' title="bbox 1154 3135 1556 3166">
     <span class='ocr_line' id='line_1_117' title="bbox 1154 3135 1556 3166; baseline 0.002 -1"><span class='ocrx_word' id='word_1_742' title='bbox 1154 3136 1168 3157; x_wconf 83' lang='grc'><strong>3</strong></span> <span class='ocrx_word' id='word_1_743' title='bbox 1186 3137 1253 3166; x_wconf 76' lang='lat' dir='ltr'>Loc.</span> <span class='ocrx_word' id='word_1_744' title='bbox 1269 3136 1316 3165; x_wconf 76' lang='lat' dir='ltr'>cit.</span> <span class='ocrx_word' id='word_1_745' title='bbox 1333 3152 1373 3156; x_wconf 94' lang='lat'>—-</span> <span class='ocrx_word' id='word_1_746' title='bbox 1388 3135 1401 3156; x_wconf 80' lang='lat'>4</span> <span class='ocrx_word' id='word_1_747' title='bbox 1418 3136 1487 3166; x_wconf 87' lang='lat' dir='ltr'>Loc.</span> <span class='ocrx_word' id='word_1_748' title='bbox 1507 3136 1556 3166; x_wconf 84' lang='lat' dir='ltr'>cit.</span> 
     </span>
    </p>

    <p class='ocr_par' dir='ltr' id='par_1_20' title="bbox 1155 3175 1435 3215">
     <span class='ocr_line' id='line_1_118' title="bbox 1155 3175 1435 3215; baseline -0.007 -8"><span class='ocrx_word' id='word_1_749' title='bbox 1155 3178 1169 3199; x_wconf 84' lang='lat'>5</span> <span class='ocrx_word' id='word_1_750' title='bbox 1187 3178 1215 3207; x_wconf 88' lang='lat' dir='ltr'>L.</span> <span class='ocrx_word' id='word_1_751' title='bbox 1233 3177 1246 3207; x_wconf 93' lang='lat' dir='ltr'>I</span> <span class='ocrx_word' id='word_1_752' title='bbox 1263 3175 1369 3215; x_wconf 69' lang='lat' dir='ltr'>Epist.</span> <span class='ocrx_word' id='word_1_753' title='bbox 1388 3175 1435 3206; x_wconf 59' lang='lat'>44.</span> 
     </span>
    </p>

    <p class='ocr_par' dir='ltr' id='par_1_21' title="bbox 1157 3215 1540 3257">
     <span class='ocr_line' id='line_1_119' title="bbox 1157 3215 1540 3257; baseline -0.003 -9"><span class='ocrx_word' id='word_1_754' title='bbox 1157 3219 1170 3241; x_wconf 76' lang='grc'>6</span> <span class='ocrx_word' id='word_1_755' title='bbox 1187 3219 1215 3248; x_wconf 89' lang='lat' dir='ltr'>L.</span> <span class='ocrx_word' id='word_1_756' title='bbox 1233 3218 1275 3248; x_wconf 90' lang='lat'>111</span> <span class='ocrx_word' id='word_1_757' title='bbox 1291 3217 1400 3257; x_wconf 73' lang='lat' dir='ltr'>Epist.</span> <span class='ocrx_word' id='word_1_758' title='bbox 1414 3215 1454 3247; x_wconf 78' lang='grc'>31-</span> <span class='ocrx_word' id='word_1_759' title='bbox 1469 3220 1497 3247; x_wconf 70' lang='lat' dir='ltr'>et</span> <span class='ocrx_word' id='word_1_760' title='bbox 1513 3216 1540 3247; x_wconf 83' lang='lat'>5.</span> 
     </span>
    </p>
   </div>
  </div>
 </body>
</html>
