<?xml version="1.0" encoding="UTF-8"?>
<!DOCTYPE html PUBLIC "-//W3C//DTD XHTML 1.0 Transitional//EN"
    "http://www.w3.org/TR/xhtml1/DTD/xhtml1-transitional.dtd">
<html xmlns="http://www.w3.org/1999/xhtml" xml:lang="en" lang="en">
 <head>
  <title>
</title>
<meta http-equiv="Content-Type" content="text/html;charset=utf-8" />
  <meta name='ocr-system' content='tesseract 3.04.00' />
  <meta name='ocr-capabilities' content='ocr_page ocr_carea ocr_par ocr_line ocrx_word'/>
</head>
<body>
  <div class='ocr_page' id='page_1' title='image "./historiaeecclesi01wout_0026.png"; bbox 0 0 2241 3473; ppageno 0'>
   <div class='ocr_carea' id='block_1_1' title="bbox 267 164 337 192">
    <p class='ocr_par' dir='ltr' id='par_1_1' title="bbox 267 164 337 192">
     <span class='ocr_line' id='line_1_1' title="bbox 267 164 337 192; baseline -0.014 0"><span class='ocrx_word' id='word_1_1' title='bbox 267 164 337 192; x_wconf 80' lang='lat' dir='ltr'>XVI</span> 
     </span>
    </p>
   </div>
   <div class='ocr_carea' id='block_1_2' title="bbox 214 222 1169 2711">
    <p class='ocr_par' dir='ltr' id='par_1_2' title="bbox 214 222 1164 447">
     <span class='ocr_line' id='line_1_2' title="bbox 215 222 1164 280; baseline -0.007 -10"><span class='ocrx_word' id='word_1_2' title='bbox 215 228 340 270; x_wconf 88' lang='lat' dir='ltr'>huius</span> <span class='ocrx_word' id='word_1_3' title='bbox 357 229 536 270; x_wconf 84' lang='lat' dir='ltr'>eventus</span> <span class='ocrx_word' id='word_1_4' title='bbox 553 226 734 280; x_wconf 89' lang='lat' dir='ltr'>vestigia</span> <span class='ocrx_word' id='word_1_5' title='bbox 749 223 1020 279; x_wconf 88' lang='lat' dir='ltr'>reperiuntur</span> <span class='ocrx_word' id='word_1_6' title='bbox 1035 222 1077 263; x_wconf 90' lang='lat' dir='ltr'>in</span> <span class='ocrx_word' id='word_1_7' title='bbox 1095 235 1164 263; x_wconf 92' lang='lat' dir='ltr'>an-</span> 
     </span>
     <span class='ocr_line' id='line_1_3' title="bbox 214 278 1164 341; baseline -0.007 -12"><span class='ocrx_word' id='word_1_8' title='bbox 214 287 378 329; x_wconf 90' lang='lat' dir='ltr'>nalibus</span> <span class='ocrx_word' id='word_1_9' title='bbox 401 282 746 341; x_wconf 85' lang='lat' dir='ltr'>AEgyptiorum¹,</span> <span class='ocrx_word' id='word_1_10' title='bbox 770 284 976 338; x_wconf 81' lang='lat' dir='ltr'>Syrorum</span> <span class='ocrx_word' id='word_1_11' title='bbox 988 284 1017 330; x_wconf 81' lang='lat'>²,</span> <span class='ocrx_word' id='word_1_12' title='bbox 1041 278 1164 323; x_wconf 88' lang='lat' dir='ltr'>Chal-</span> 
     </span>
     <span class='ocr_line' id='line_1_4' title="bbox 216 341 1163 399; baseline -0.006 -11"><span class='ocrx_word' id='word_1_13' title='bbox 216 346 417 388; x_wconf 88' lang='lat' dir='ltr'>daeorum</span> <span class='ocrx_word' id='word_1_14' title='bbox 449 352 491 387; x_wconf 90' lang='lat' dir='ltr'>et</span> <span class='ocrx_word' id='word_1_15' title='bbox 522 343 799 399; x_wconf 75' lang='lat' dir='ltr'><strong>Assyriorum</strong></span> <span class='ocrx_word' id='word_1_16' title='bbox 819 341 848 390; x_wconf 81' lang='lat'>³,</span> <span class='ocrx_word' id='word_1_17' title='bbox 877 341 1114 383; x_wconf 86' lang='lat' dir='ltr'>Sinensium</span> <span class='ocrx_word' id='word_1_18' title='bbox 1134 342 1163 389; x_wconf 80' lang='lat'>⁴,</span> 
     </span>
     <span class='ocr_line' id='line_1_5' title="bbox 217 405 462 447; baseline -0.004 -1"><span class='ocrx_word' id='word_1_19' title='bbox 217 405 413 447; x_wconf 88' lang='lat' dir='ltr'>Indorum</span> <span class='ocrx_word' id='word_1_20' title='bbox 435 409 462 445; x_wconf 84' lang='lat'>⁵.</span> 
     </span>
    </p>

    <p class='ocr_par' dir='ltr' id='par_1_3' title="bbox 215 459 1168 1096">
     <span class='ocr_line' id='line_1_6' title="bbox 275 459 1166 514; baseline -0.007 -9"><span class='ocrx_word' id='word_1_21' title='bbox 275 464 482 506; x_wconf 76' lang='lat' dir='ltr'>Noemum</span> <span class='ocrx_word' id='word_1_22' title='bbox 515 474 607 503; x_wconf 90' lang='lat' dir='ltr'>cum</span> <span class='ocrx_word' id='word_1_23' title='bbox 640 459 796 501; x_wconf 86' lang='lat' dir='ltr'>familia</span> <span class='ocrx_word' id='word_1_24' title='bbox 827 473 906 502; x_wconf 86' lang='lat' dir='ltr'>sua</span> <span class='ocrx_word' id='word_1_25' title='bbox 936 462 1032 514; x_wconf 90' lang='lat' dir='ltr'>post</span> <span class='ocrx_word' id='word_1_26' title='bbox 1061 459 1166 500; x_wconf 92' lang='lat' dir='ltr'>dilu-</span> 
     </span>
     <span class='ocr_line' id='line_1_7' title="bbox 215 518 1165 574; baseline -0.006 -9"><span class='ocrx_word' id='word_1_27' title='bbox 215 524 330 566; x_wconf 87' lang='lat' dir='ltr'>vium</span> <span class='ocrx_word' id='word_1_28' title='bbox 352 524 393 563; x_wconf 90' lang='lat' dir='ltr'>in</span> <span class='ocrx_word' id='word_1_29' title='bbox 416 522 533 563; x_wconf 83' lang='lat' dir='ltr'>avita</span> <span class='ocrx_word' id='word_1_30' title='bbox 554 519 755 574; x_wconf 84' lang='lat' dir='ltr'>religione</span> <span class='ocrx_word' id='word_1_31' title='bbox 775 522 818 561; x_wconf 92' lang='lat' dir='ltr'>et</span> <span class='ocrx_word' id='word_1_32' title='bbox 840 520 931 561; x_wconf 86' lang='lat' dir='ltr'>veri</span> <span class='ocrx_word' id='word_1_33' title='bbox 956 519 1027 560; x_wconf 90' lang='lat' dir='ltr'>Dei</span> <span class='ocrx_word' id='word_1_34' title='bbox 1049 518 1165 560; x_wconf 91' lang='lat' dir='ltr'>cultu</span> 
     </span>
     <span class='ocr_line' id='line_1_8' title="bbox 216 577 1165 636; baseline -0.004 -13"><span class='ocrx_word' id='word_1_35' title='bbox 216 593 528 636; x_wconf 85' lang='lat' dir='ltr'>perseverasse,</span> <span class='ocrx_word' id='word_1_36' title='bbox 551 593 574 620; x_wconf 92' lang='lat' dir='ltr'>e</span> <span class='ocrx_word' id='word_1_37' title='bbox 598 578 813 621; x_wconf 86' lang='lat' dir='ltr'>Geneseos</span> <span class='ocrx_word' id='word_1_38' title='bbox 836 578 1040 633; x_wconf 90' lang='lat' dir='ltr'>capitibus</span> <span class='ocrx_word' id='word_1_39' title='bbox 1061 577 1165 619; x_wconf 90' lang='lat' dir='ltr'>VIII</span> 
     </span>
     <span class='ocr_line' id='line_1_9' title="bbox 216 637 1166 692; baseline -0.004 -10"><span class='ocrx_word' id='word_1_40' title='bbox 216 646 259 682; x_wconf 89' lang='lat' dir='ltr'>et</span> <span class='ocrx_word' id='word_1_41' title='bbox 283 641 345 682; x_wconf 90' lang='lat' dir='ltr'>IX</span> <span class='ocrx_word' id='word_1_42' title='bbox 368 638 635 680; x_wconf 88' lang='lat' dir='ltr'>manifestum</span> <span class='ocrx_word' id='word_1_43' title='bbox 653 641 731 680; x_wconf 85' lang='lat' dir='ltr'>est.</span> <span class='ocrx_word' id='word_1_44' title='bbox 750 638 842 680; x_wconf 91' lang='lat' dir='ltr'>Hoc</span> <span class='ocrx_word' id='word_1_45' title='bbox 859 650 1026 679; x_wconf 90' lang='lat' dir='ltr'>sacrum</span> <span class='ocrx_word' id='word_1_46' title='bbox 1049 637 1166 692; x_wconf 90' lang='lat' dir='ltr'>depo-</span> 
     </span>
     <span class='ocr_line' id='line_1_10' title="bbox 215 695 1167 753; baseline -0.004 -12"><span class='ocrx_word' id='word_1_47' title='bbox 215 701 341 741; x_wconf 91' lang='lat' dir='ltr'>situm</span> <span class='ocrx_word' id='word_1_48' title='bbox 365 712 389 740; x_wconf 86' lang='lat' dir='ltr'>a</span> <span class='ocrx_word' id='word_1_49' title='bbox 405 698 596 753; x_wconf 91' lang='lat' dir='ltr'>patribus</span> <span class='ocrx_word' id='word_1_50' title='bbox 619 700 852 752; x_wconf 88' lang='lat' dir='ltr'>acceptum,</span> <span class='ocrx_word' id='word_1_51' title='bbox 874 697 966 739; x_wconf 76' lang='lat' dir='ltr'>Noe</span> <span class='ocrx_word' id='word_1_52' title='bbox 988 695 1167 738; x_wconf 89' lang='lat' dir='ltr'>fideliter</span> 
     </span>
     <span class='ocr_line' id='line_1_11' title="bbox 217 755 1167 809; baseline -0.005 -8"><span class='ocrx_word' id='word_1_53' title='bbox 217 758 588 801; x_wconf 89' lang='lat' dir='ltr'>transmittendum</span> <span class='ocrx_word' id='word_1_54' title='bbox 620 759 789 800; x_wconf 88' lang='lat' dir='ltr'>curavit</span> <span class='ocrx_word' id='word_1_55' title='bbox 815 770 927 798; x_wconf 88' lang='lat' dir='ltr'>novo</span> <span class='ocrx_word' id='word_1_56' title='bbox 960 755 1073 805; x_wconf 90' lang='lat' dir='ltr'>orbi,</span> <span class='ocrx_word' id='word_1_57' title='bbox 1097 756 1167 809; x_wconf 87' lang='lat' dir='ltr'>qui</span> 
     </span>
     <span class='ocr_line' id='line_1_12' title="bbox 217 815 1168 871; baseline -0.002 -13"><span class='ocrx_word' id='word_1_58' title='bbox 217 820 333 859; x_wconf 88' lang='lat' dir='ltr'>totus</span> <span class='ocrx_word' id='word_1_59' title='bbox 365 817 418 859; x_wconf 91' lang='lat' dir='ltr'>ab</span> <span class='ocrx_word' id='word_1_60' title='bbox 449 830 499 858; x_wconf 89' lang='lat' dir='ltr'>eo</span> <span class='ocrx_word' id='word_1_61' title='bbox 533 817 739 871; x_wconf 81' lang='lat' dir='ltr'>originem</span> <span class='ocrx_word' id='word_1_62' title='bbox 771 815 976 858; x_wconf 81' lang='lat' dir='ltr'>sumebat.</span> <span class='ocrx_word' id='word_1_63' title='bbox 1009 815 1168 857; x_wconf 79' lang='lat' dir='ltr'>Habuit</span> 
     </span>
     <span class='ocr_line' id='line_1_13' title="bbox 216 874 1168 929; baseline -0.003 -11"><span class='ocrx_word' id='word_1_64' title='bbox 216 877 307 918; x_wconf 75' lang='lat' dir='ltr'>Noe</span> <span class='ocrx_word' id='word_1_65' title='bbox 330 880 417 918; x_wconf 91' lang='lat' dir='ltr'>tres</span> <span class='ocrx_word' id='word_1_66' title='bbox 438 875 568 923; x_wconf 89' lang='lat' dir='ltr'>filios,</span> <span class='ocrx_word' id='word_1_67' title='bbox 593 875 703 925; x_wconf 90' lang='lat' dir='ltr'>Sem,</span> <span class='ocrx_word' id='word_1_68' title='bbox 737 874 868 918; x_wconf 89' lang='lat' dir='ltr'>Cham</span> <span class='ocrx_word' id='word_1_69' title='bbox 892 880 935 918; x_wconf 89' lang='lat' dir='ltr'>et</span> <span class='ocrx_word' id='word_1_70' title='bbox 957 874 1119 929; x_wconf 87' lang='lat' dir='ltr'>Iaphet‚</span> <span class='ocrx_word' id='word_1_71' title='bbox 1143 887 1168 915; x_wconf 91' lang='lat' dir='ltr'>a</span> 
     </span>
     <span class='ocr_line' id='line_1_14' title="bbox 216 934 1165 989; baseline -0.002 -12"><span class='ocrx_word' id='word_1_72' title='bbox 216 935 365 989; x_wconf 91' lang='lat' dir='ltr'>quibus</span> <span class='ocrx_word' id='word_1_73' title='bbox 377 936 730 978; x_wconf 77' lang='lat' dir='ltr'>disseminatum</span> <span class='ocrx_word' id='word_1_74' title='bbox 744 938 821 984; x_wconf 81' lang='lat' dir='ltr'>est,</span> <span class='ocrx_word' id='word_1_75' title='bbox 835 934 968 989; x_wconf 90' lang='lat' dir='ltr'>inquit</span> <span class='ocrx_word' id='word_1_76' title='bbox 978 935 1165 989; x_wconf 82' lang='lat' dir='ltr'>MoyseS,</span> 
     </span>
     <span class='ocr_line' id='line_1_15' title="bbox 216 995 1167 1050; baseline -0.003 -13"><span class='ocrx_word' id='word_1_77' title='bbox 216 1007 351 1037; x_wconf 75' lang='lat' dir='ltr'>omne</span> <span class='ocrx_word' id='word_1_78' title='bbox 370 1007 518 1050; x_wconf 72' lang='lat' dir='ltr'><em>96⁷2ch</em></span> <span class='ocrx_word' id='word_1_79' title='bbox 548 995 788 1037; x_wconf 77' lang='lat' dir='ltr'>hominum</span> <span class='ocrx_word' id='word_1_80' title='bbox 809 1007 953 1049; x_wconf 66' lang='lat' dir='ltr'>super</span> <span class='ocrx_word' id='word_1_81' title='bbox 976 995 1167 1036; x_wconf 77' lang='lat' dir='ltr'>univer-</span> 
     </span>
     <span class='ocr_line' id='line_1_16' title="bbox 217 1052 569 1096; baseline 0.003 -1"><span class='ocrx_word' id='word_1_82' title='bbox 217 1066 318 1096; x_wconf 80' lang='lat' dir='ltr'>sam</span> <span class='ocrx_word' id='word_1_83' title='bbox 343 1057 521 1096; x_wconf 79' lang='lat' dir='ltr'>terram</span> <span class='ocrx_word' id='word_1_84' title='bbox 542 1052 569 1096; x_wconf 84' lang='lat'>⁵.</span> 
     </span>
    </p>

    <p class='ocr_par' dir='ltr' id='par_1_4' title="bbox 217 1113 1169 1702">
     <span class='ocr_line' id='line_1_17' title="bbox 275 1113 1169 1168; baseline -0.001 -14"><span class='ocrx_word' id='word_1_85' title='bbox 275 1113 319 1154; x_wconf 87' lang='lat'>7.</span> <span class='ocrx_word' id='word_1_86' title='bbox 341 1113 580 1168; x_wconf 74' lang='lat' dir='ltr'>Dz&#39;spersz&#39;o</span> <span class='ocrx_word' id='word_1_87' title='bbox 609 1114 820 1168; x_wconf 72' lang='lat' dir='ltr'>yentz&#39;um</span> <span class='ocrx_word' id='word_1_88' title='bbox 838 1136 896 1144; x_wconf 92' lang='lat'>—</span> <span class='ocrx_word' id='word_1_89' title='bbox 913 1113 1050 1161; x_wconf 84' lang='lat' dir='ltr'>Quum</span> <span class='ocrx_word' id='word_1_90' title='bbox 1072 1125 1169 1168; x_wconf 90' lang='lat' dir='ltr'>pro-</span> 
     </span>
     <span class='ocr_line' id='line_1_18' title="bbox 217 1172 1167 1231; baseline -0.002 -17"><span class='ocrx_word' id='word_1_91' title='bbox 217 1185 370 1231; x_wconf 83' lang='lat' dir='ltr'>gressu</span> <span class='ocrx_word' id='word_1_92' title='bbox 386 1173 588 1227; x_wconf 90' lang='lat' dir='ltr'>temporis</span> <span class='ocrx_word' id='word_1_93' title='bbox 601 1185 767 1213; x_wconf 90' lang='lat' dir='ltr'>rursum</span> <span class='ocrx_word' id='word_1_94' title='bbox 785 1172 1014 1214; x_wconf 87' lang='lat' dir='ltr'>humanum</span> <span class='ocrx_word' id='word_1_95' title='bbox 1034 1185 1167 1227; x_wconf 89' lang='lat' dir='ltr'>genus</span> 
     </span>
     <span class='ocr_line' id='line_1_19' title="bbox 217 1231 1167 1286; baseline -0.001 -13"><span class='ocrx_word' id='word_1_96' title='bbox 217 1236 330 1275; x_wconf 88' lang='lat' dir='ltr'>esset</span> <span class='ocrx_word' id='word_1_97' title='bbox 359 1231 894 1286; x_wconf 88' lang='lat' dir='ltr'>multiplicatum,homines</span> <span class='ocrx_word' id='word_1_98' title='bbox 918 1232 1167 1273; x_wconf 79' lang='lat' dir='ltr'>insolescere</span> 
     </span>
     <span class='ocr_line' id='line_1_20' title="bbox 220 1291 1169 1347; baseline -0.001 -14"><span class='ocrx_word' id='word_1_99' title='bbox 220 1295 461 1347; x_wconf 87' lang='lat' dir='ltr'>coeperunt.</span> <span class='ocrx_word' id='word_1_100' title='bbox 477 1292 677 1333; x_wconf 88' lang='lat' dir='ltr'>Dominus</span> <span class='ocrx_word' id='word_1_101' title='bbox 699 1304 844 1333; x_wconf 90' lang='lat' dir='ltr'>eorum</span> <span class='ocrx_word' id='word_1_102' title='bbox 867 1291 1103 1346; x_wconf 86' lang='lat' dir='ltr'>superbiam</span> <span class='ocrx_word' id='word_1_103' title='bbox 1128 1299 1169 1332; x_wconf 87' lang='lat' dir='ltr'>et</span> 
     </span>
     <span class='ocr_line' id='line_1_21' title="bbox 217 1349 1168 1405; baseline -0.003 -12"><span class='ocrx_word' id='word_1_104' title='bbox 217 1352 499 1393; x_wconf 79' lang='lat' dir='ltr'>temeritatem</span> <span class='ocrx_word' id='word_1_105' title='bbox 509 1350 748 1405; x_wconf 88' lang='lat' dir='ltr'>linguarum</span> <span class='ocrx_word' id='word_1_106' title='bbox 762 1350 944 1392; x_wconf 88' lang='lat' dir='ltr'>divortio</span> <span class='ocrx_word' id='word_1_107' title='bbox 956 1349 1095 1404; x_wconf 88' lang='lat' dir='ltr'>fregit.</span> <span class='ocrx_word' id='word_1_108' title='bbox 1106 1350 1168 1391; x_wconf 91' lang='lat' dir='ltr'>In-</span> 
     </span>
     <span class='ocr_line' id='line_1_22' title="bbox 221 1409 1166 1458; baseline -0.001 -7"><span class='ocrx_word' id='word_1_109' title='bbox 221 1409 271 1451; x_wconf 91' lang='lat' dir='ltr'>de</span> <span class='ocrx_word' id='word_1_110' title='bbox 284 1409 441 1452; x_wconf 87' lang='lat' dir='ltr'>factum</span> <span class='ocrx_word' id='word_1_111' title='bbox 455 1414 531 1458; x_wconf 87' lang='lat' dir='ltr'>est,</span> <span class='ocrx_word' id='word_1_112' title='bbox 545 1414 594 1452; x_wconf 93' lang='lat' dir='ltr'>ut</span> <span class='ocrx_word' id='word_1_113' title='bbox 611 1409 792 1451; x_wconf 88' lang='lat' dir='ltr'>familiae</span> <span class='ocrx_word' id='word_1_114' title='bbox 811 1423 855 1451; x_wconf 90' lang='lat' dir='ltr'>se</span> <span class='ocrx_word' id='word_1_115' title='bbox 873 1410 912 1450; x_wconf 90' lang='lat' dir='ltr'>in</span> <span class='ocrx_word' id='word_1_116' title='bbox 931 1411 1074 1451; x_wconf 78' lang='lat' dir='ltr'>varias</span> <span class='ocrx_word' id='word_1_117' title='bbox 1093 1423 1166 1451; x_wconf 87' lang='lat' dir='ltr'>or-</span> 
     </span>
     <span class='ocr_line' id='line_1_23' title="bbox 221 1469 1168 1524; baseline -0.002 -13"><span class='ocrx_word' id='word_1_118' title='bbox 221 1469 281 1511; x_wconf 91' lang='lat' dir='ltr'>bis</span> <span class='ocrx_word' id='word_1_119' title='bbox 305 1474 443 1512; x_wconf 89' lang='lat' dir='ltr'>terrae</span> <span class='ocrx_word' id='word_1_120' title='bbox 457 1472 612 1524; x_wconf 89' lang='lat' dir='ltr'>partes,</span> <span class='ocrx_word' id='word_1_121' title='bbox 629 1470 761 1524; x_wconf 90' lang='lat' dir='ltr'>primo</span> <span class='ocrx_word' id='word_1_122' title='bbox 775 1470 815 1510; x_wconf 91' lang='lat' dir='ltr'>in</span> <span class='ocrx_word' id='word_1_123' title='bbox 835 1470 1007 1517; x_wconf 83' lang='lat' dir='ltr'>vicinas,</span> <span class='ocrx_word' id='word_1_124' title='bbox 1021 1469 1168 1510; x_wconf 87' lang='lat' dir='ltr'>deinde</span> 
     </span>
     <span class='ocr_line' id='line_1_24' title="bbox 222 1527 1166 1570; baseline -0.002 0"><span class='ocrx_word' id='word_1_125' title='bbox 222 1531 348 1570; x_wconf 88' lang='lat' dir='ltr'>aucta</span> <span class='ocrx_word' id='word_1_126' title='bbox 378 1528 592 1570; x_wconf 89' lang='lat' dir='ltr'>hominum</span> <span class='ocrx_word' id='word_1_127' title='bbox 615 1529 737 1570; x_wconf 87' lang='lat' dir='ltr'>simul</span> <span class='ocrx_word' id='word_1_128' title='bbox 761 1528 1030 1570; x_wconf 86' lang='lat' dir='ltr'>incolentium</span> <span class='ocrx_word' id='word_1_129' title='bbox 1053 1527 1166 1569; x_wconf 90' lang='lat' dir='ltr'>mul-</span> 
     </span>
     <span class='ocr_line' id='line_1_25' title="bbox 219 1587 1169 1637; baseline -0.001 -8"><span class='ocrx_word' id='word_1_130' title='bbox 219 1587 411 1637; x_wconf 87' lang='lat' dir='ltr'>titudine,</span> <span class='ocrx_word' id='word_1_131' title='bbox 434 1589 475 1628; x_wconf 89' lang='lat' dir='ltr'>in</span> <span class='ocrx_word' id='word_1_132' title='bbox 498 1589 748 1630; x_wconf 83' lang='lat' dir='ltr'>remotiores</span> <span class='ocrx_word' id='word_1_133' title='bbox 766 1588 996 1630; x_wconf 77' lang='lat' dir='ltr'>diviserint.</span> <span class='ocrx_word' id='word_1_134' title='bbox 1020 1588 1085 1629; x_wconf 90' lang='lat' dir='ltr'>Ita</span> <span class='ocrx_word' id='word_1_135' title='bbox 1108 1587 1169 1629; x_wconf 88' lang='lat' dir='ltr'>di-</span> 
     </span>
     <span class='ocr_line' id='line_1_26' title="bbox 221 1644 823 1702; baseline 0 -14"><span class='ocrx_word' id='word_1_136' title='bbox 221 1648 333 1689; x_wconf 86' lang='lat' dir='ltr'>versi</span> <span class='ocrx_word' id='word_1_137' title='bbox 356 1647 493 1702; x_wconf 92' lang='lat' dir='ltr'>populi</span> <span class='ocrx_word' id='word_1_138' title='bbox 515 1648 655 1689; x_wconf 85' lang='lat' dir='ltr'>exorti</span> <span class='ocrx_word' id='word_1_139' title='bbox 676 1650 775 1689; x_wconf 89' lang='lat' dir='ltr'>sunt</span> <span class='ocrx_word' id='word_1_140' title='bbox 795 1644 823 1688; x_wconf 85' lang='lat'>⁷.</span> 
     </span>
    </p>

    <p class='ocr_par' dir='ltr' id='par_1_5' title="bbox 219 1706 1169 2579">
     <span class='ocr_line' id='line_1_27' title="bbox 277 1706 1165 1749; baseline -0.001 -2"><span class='ocrx_word' id='word_1_141' title='bbox 277 1706 316 1747; x_wconf 89' lang='lat'>8.</span> <span class='ocrx_word' id='word_1_142' title='bbox 328 1706 626 1749; x_wconf 74' lang='lat' dir='ltr'>Idololatrz&#39;ae</span> <span class='ocrx_word' id='word_1_143' title='bbox 647 1707 783 1748; x_wconf 76' lang='lat' dir='ltr'>initia</span> <span class='ocrx_word' id='word_1_144' title='bbox 798 1731 854 1736; x_wconf 81' lang='lat'>——</span> <span class='ocrx_word' id='word_1_145' title='bbox 867 1707 1053 1748; x_wconf 86' lang='lat' dir='ltr'>Decursu</span> <span class='ocrx_word' id='word_1_146' title='bbox 1067 1710 1165 1748; x_wconf 90' lang='lat' dir='ltr'>tem-</span> 
     </span>
     <span class='ocr_line' id='line_1_28' title="bbox 219 1766 1166 1820; baseline 0 -14"><span class='ocrx_word' id='word_1_147' title='bbox 219 1766 334 1820; x_wconf 91' lang='lat' dir='ltr'>poris</span> <span class='ocrx_word' id='word_1_148' title='bbox 349 1767 500 1807; x_wconf 91' lang='lat' dir='ltr'>sensim</span> <span class='ocrx_word' id='word_1_149' title='bbox 519 1766 776 1820; x_wconf 88' lang='lat' dir='ltr'>praeteritae</span> <span class='ocrx_word' id='word_1_150' title='bbox 793 1766 946 1807; x_wconf 84' lang='lat' dir='ltr'>aetatis</span> <span class='ocrx_word' id='word_1_151' title='bbox 965 1766 1166 1807; x_wconf 90' lang='lat' dir='ltr'>memoria</span> 
     </span>
     <span class='ocr_line' id='line_1_29' title="bbox 220 1824 1167 1879; baseline -0.001 -13"><span class='ocrx_word' id='word_1_152' title='bbox 220 1824 395 1874; x_wconf 85' lang='lat' dir='ltr'>defecit;</span> <span class='ocrx_word' id='word_1_153' title='bbox 419 1824 585 1879; x_wconf 86' lang='lat' dir='ltr'>plurimi</span> <span class='ocrx_word' id='word_1_154' title='bbox 602 1825 803 1868; x_wconf 84' lang='lat' dir='ltr'>mortales</span> <span class='ocrx_word' id='word_1_155' title='bbox 821 1825 1007 1867; x_wconf 85' lang='lat' dir='ltr'>sensibus</span> <span class='ocrx_word' id='word_1_156' title='bbox 1026 1829 1069 1866; x_wconf 90' lang='lat' dir='ltr'>et</span> <span class='ocrx_word' id='word_1_157' title='bbox 1081 1838 1167 1866; x_wconf 88' lang='lat' dir='ltr'>sen-</span> 
     </span>
     <span class='ocr_line' id='line_1_30' title="bbox 222 1883 1166 1932; baseline 0 -7"><span class='ocrx_word' id='word_1_158' title='bbox 222 1883 401 1925; x_wconf 89' lang='lat' dir='ltr'>sibilium</span> <span class='ocrx_word' id='word_1_159' title='bbox 419 1897 561 1926; x_wconf 89' lang='lat' dir='ltr'>rerum</span> <span class='ocrx_word' id='word_1_160' title='bbox 581 1884 786 1926; x_wconf 87' lang='lat' dir='ltr'>illecebris</span> <span class='ocrx_word' id='word_1_161' title='bbox 804 1885 997 1932; x_wconf 86' lang='lat' dir='ltr'>immersi,</span> <span class='ocrx_word' id='word_1_162' title='bbox 1016 1884 1068 1925; x_wconf 89' lang='lat' dir='ltr'>ab</span> <span class='ocrx_word' id='word_1_163' title='bbox 1081 1885 1166 1925; x_wconf 82' lang='lat' dir='ltr'>avi-</span> 
     </span>
     <span class='ocr_line' id='line_1_31' title="bbox 222 1942 1166 2001; baseline -0.002 -16"><span class='ocrx_word' id='word_1_164' title='bbox 222 1948 268 1986; x_wconf 90' lang='lat' dir='ltr'>ta</span> <span class='ocrx_word' id='word_1_165' title='bbox 289 1944 451 2001; x_wconf 89' lang='lat' dir='ltr'>pietate</span> <span class='ocrx_word' id='word_1_166' title='bbox 473 1942 760 1994; x_wconf 80' lang='lat' dir='ltr'>deflexerunt3</span> <span class='ocrx_word' id='word_1_167' title='bbox 785 1957 949 1985; x_wconf 89' lang='lat' dir='ltr'>morum</span> <span class='ocrx_word' id='word_1_168' title='bbox 971 1943 1166 1998; x_wconf 88' lang='lat' dir='ltr'>improbi-</span> 
     </span>
     <span class='ocr_line' id='line_1_32' title="bbox 221 2002 1166 2053; baseline -0.001 -9"><span class='ocrx_word' id='word_1_169' title='bbox 221 2006 289 2044; x_wconf 87' lang='lat' dir='ltr'>tas</span> <span class='ocrx_word' id='word_1_170' title='bbox 322 2003 526 2053; x_wconf 85' lang='lat' dir='ltr'>invaluit;</span> <span class='ocrx_word' id='word_1_171' title='bbox 550 2004 642 2046; x_wconf 84' lang='lat' dir='ltr'>veri</span> <span class='ocrx_word' id='word_1_172' title='bbox 664 2003 740 2044; x_wconf 91' lang='lat' dir='ltr'>Dei</span> <span class='ocrx_word' id='word_1_173' title='bbox 766 2004 918 2045; x_wconf 88' lang='lat' dir='ltr'>notitia</span> <span class='ocrx_word' id='word_1_174' title='bbox 941 2002 1166 2045; x_wconf 89' lang='lat' dir='ltr'>obscurata</span> 
     </span>
     <span class='ocr_line' id='line_1_33' title="bbox 221 2062 1167 2117; baseline 0 -14"><span class='ocrx_word' id='word_1_175' title='bbox 221 2065 285 2104; x_wconf 89' lang='lat' dir='ltr'>est</span> <span class='ocrx_word' id='word_1_176' title='bbox 300 2075 309 2111; x_wconf 89' lang='lat'><em>;</em></span> <span class='ocrx_word' id='word_1_177' title='bbox 334 2062 574 2116; x_wconf 86' lang='lat' dir='ltr'>primitivae</span> <span class='ocrx_word' id='word_1_178' title='bbox 586 2062 856 2105; x_wconf 87' lang='lat' dir='ltr'>revelationis</span> <span class='ocrx_word' id='word_1_179' title='bbox 869 2062 1071 2117; x_wconf 83' lang='lat' dir='ltr'>dogmata</span> <span class='ocrx_word' id='word_1_180' title='bbox 1084 2075 1167 2103; x_wconf 87' lang='lat' dir='ltr'>ma·</span> 
     </span>
     <span class='ocr_line' id='line_1_34' title="bbox 220 2120 1163 2176; baseline 0 -14"><span class='ocrx_word' id='word_1_181' title='bbox 220 2120 258 2163; x_wconf 89' lang='lat' dir='ltr'>le</span> <span class='ocrx_word' id='word_1_182' title='bbox 291 2121 470 2170; x_wconf 88' lang='lat' dir='ltr'>tradita,</span> <span class='ocrx_word' id='word_1_183' title='bbox 493 2122 717 2176; x_wconf 88' lang='lat' dir='ltr'>multisque</span> <span class='ocrx_word' id='word_1_184' title='bbox 739 2121 888 2164; x_wconf 87' lang='lat' dir='ltr'>fabulis</span> <span class='ocrx_word' id='word_1_185' title='bbox 911 2121 1163 2163; x_wconf 85' lang='lat' dir='ltr'>adulterata.</span> 
     </span>
     <span class='ocr_line' id='line_1_35' title="bbox 224 2180 1165 2236; baseline 0 -14"><span class='ocrx_word' id='word_1_186' title='bbox 224 2180 315 2228; x_wconf 84' lang='lat' dir='ltr'>Quo</span> <span class='ocrx_word' id='word_1_187' title='bbox 334 2181 490 2223; x_wconf 88' lang='lat' dir='ltr'>factum</span> <span class='ocrx_word' id='word_1_188' title='bbox 510 2186 586 2230; x_wconf 90' lang='lat' dir='ltr'>est,</span> <span class='ocrx_word' id='word_1_189' title='bbox 607 2185 653 2223; x_wconf 94' lang='lat' dir='ltr'>ut</span> <span class='ocrx_word' id='word_1_190' title='bbox 670 2181 893 2236; x_wconf 89' lang='lat' dir='ltr'>pleraeque</span> <span class='ocrx_word' id='word_1_191' title='bbox 905 2185 1065 2236; x_wconf 84' lang='lat' dir='ltr'>gentes,</span> <span class='ocrx_word' id='word_1_192' title='bbox 1080 2182 1165 2222; x_wconf 87' lang='lat' dir='ltr'>Deo</span> 
     </span>
     <span class='ocr_line' id='line_1_36' title="bbox 223 2241 1167 2295; baseline -0.001 -14"><span class='ocrx_word' id='word_1_193' title='bbox 223 2242 393 2294; x_wconf 86' lang='lat' dir='ltr'>patrum</span> <span class='ocrx_word' id='word_1_194' title='bbox 411 2253 584 2282; x_wconf 89' lang='lat' dir='ltr'>suorum</span> <span class='ocrx_word' id='word_1_195' title='bbox 602 2241 855 2295; x_wconf 84' lang='lat' dir='ltr'>posthabito,</span> <span class='ocrx_word' id='word_1_196' title='bbox 874 2253 1010 2281; x_wconf 83' lang='lat' dir='ltr'>novos</span> <span class='ocrx_word' id='word_1_197' title='bbox 1028 2254 1167 2282; x_wconf 84' lang='lat' dir='ltr'>recen-</span> 
     </span>
     <span class='ocr_line' id='line_1_37' title="bbox 222 2299 1166 2355; baseline 0 -15"><span class='ocrx_word' id='word_1_198' title='bbox 222 2307 370 2353; x_wconf 86' lang='lat' dir='ltr'>tesque</span> <span class='ocrx_word' id='word_1_199' title='bbox 403 2299 503 2342; x_wconf 89' lang='lat' dir='ltr'>deos</span> <span class='ocrx_word' id='word_1_200' title='bbox 537 2300 716 2342; x_wconf 83' lang='lat' dir='ltr'>adorare</span> <span class='ocrx_word' id='word_1_201' title='bbox 749 2301 976 2355; x_wconf 86' lang='lat' dir='ltr'>coeperint.</span> <span class='ocrx_word' id='word_1_202' title='bbox 1005 2299 1166 2342; x_wconf 89' lang='lat' dir='ltr'>Sensim</span> 
     </span>
     <span class='ocr_line' id='line_1_38' title="bbox 220 2358 1168 2413; baseline -0.001 -13"><span class='ocrx_word' id='word_1_203' title='bbox 220 2358 526 2413; x_wconf 87' lang='lat' dir='ltr'>polytheismus</span> <span class='ocrx_word' id='word_1_204' title='bbox 551 2363 593 2402; x_wconf 88' lang='lat' dir='ltr'>et</span> <span class='ocrx_word' id='word_1_205' title='bbox 615 2359 865 2408; x_wconf 86' lang='lat' dir='ltr'>idololatria,</span> <span class='ocrx_word' id='word_1_206' title='bbox 879 2372 1057 2413; x_wconf 86' lang='lat' dir='ltr'>quorum</span> <span class='ocrx_word' id='word_1_207' title='bbox 1072 2363 1168 2400; x_wconf 87' lang='lat' dir='ltr'>ante</span> 
     </span>
     <span class='ocr_line' id='line_1_39' title="bbox 221 2417 1169 2474; baseline 0 -15"><span class='ocrx_word' id='word_1_208' title='bbox 221 2417 423 2460; x_wconf 92' lang='lat' dir='ltr'>diluvium</span> <span class='ocrx_word' id='word_1_209' title='bbox 464 2423 507 2461; x_wconf 89' lang='lat' dir='ltr'>et</span> <span class='ocrx_word' id='word_1_210' title='bbox 537 2419 678 2474; x_wconf 88' lang='lat' dir='ltr'>primis</span> <span class='ocrx_word' id='word_1_211' title='bbox 720 2418 898 2460; x_wconf 88' lang='lat' dir='ltr'>saeculis</span> <span class='ocrx_word' id='word_1_212' title='bbox 931 2423 1026 2472; x_wconf 87' lang='lat' dir='ltr'>post</span> <span class='ocrx_word' id='word_1_213' title='bbox 1058 2419 1169 2459; x_wconf 89' lang='lat' dir='ltr'>nulla</span> 
     </span>
     <span class='ocr_line' id='line_1_40' title="bbox 222 2477 1169 2532; baseline 0 -13"><span class='ocrx_word' id='word_1_214' title='bbox 222 2490 398 2532; x_wconf 89' lang='lat' dir='ltr'>usquam</span> <span class='ocrx_word' id='word_1_215' title='bbox 419 2479 576 2520; x_wconf 89' lang='lat' dir='ltr'>mentio</span> <span class='ocrx_word' id='word_1_216' title='bbox 599 2482 718 2520; x_wconf 88' lang='lat' dir='ltr'>certa</span> <span class='ocrx_word' id='word_1_217' title='bbox 750 2479 949 2526; x_wconf 82' lang='lat' dir='ltr'>occurrit,</span> <span class='ocrx_word' id='word_1_218' title='bbox 973 2477 1169 2520; x_wconf 88' lang='lat' dir='ltr'>obtinue-</span> 
     </span>
     <span class='ocr_line' id='line_1_41' title="bbox 221 2536 365 2579; baseline 0 -1"><span class='ocrx_word' id='word_1_219' title='bbox 221 2541 321 2579; x_wconf 90' lang='lat' dir='ltr'>runt</span> <span class='ocrx_word' id='word_1_220' title='bbox 337 2536 365 2578; x_wconf 81' lang='lat'>⁸.</span> 
     </span>
    </p>

    <p class='ocr_par' dir='ltr' id='par_1_6' title="bbox 225 2596 1169 2711">
     <span class='ocr_line' id='line_1_42' title="bbox 285 2596 1169 2651; baseline 0 -14"><span class='ocrx_word' id='word_1_221' title='bbox 285 2596 324 2637; x_wconf 85' lang='lat'>9.</span> <span class='ocrx_word' id='word_1_222' title='bbox 355 2596 610 2639; x_wconf 78' lang='lat' dir='ltr'>Abraham.</span> <span class='ocrx_word' id='word_1_223' title='bbox 646 2597 854 2650; x_wconf 80' lang='lat' dir='ltr'>Populus</span> <span class='ocrx_word' id='word_1_224' title='bbox 887 2598 1055 2639; x_wconf 78' lang='lat' dir='ltr'>electus</span> <span class='ocrx_word' id='word_1_225' title='bbox 1078 2596 1169 2651; x_wconf 79' lang='lat' dir='ltr'>(an.</span> 
     </span>
     <span class='ocr_line' id='line_1_43' title="bbox 225 2655 1168 2711; baseline 0 -15"><span class='ocrx_word' id='word_1_226' title='bbox 225 2669 285 2697; x_wconf 80' lang='lat' dir='ltr'>m.</span> <span class='ocrx_word' id='word_1_227' title='bbox 309 2656 424 2698; x_wconf 74' lang='lat'>2083</span> <span class='ocrx_word' id='word_1_228' title='bbox 443 2660 537 2698; x_wconf 78' lang='lat' dir='ltr'>ant.</span> <span class='ocrx_word' id='word_1_229' title='bbox 565 2656 608 2699; x_wconf 90' lang='lat' dir='ltr'>C.</span> <span class='ocrx_word' id='word_1_230' title='bbox 636 2655 888 2711; x_wconf 76' lang='lat' dir='ltr'>1917)-Ne</span> <span class='ocrx_word' id='word_1_231' title='bbox 911 2657 1030 2698; x_wconf 85' lang='lat' dir='ltr'>avita</span> <span class='ocrx_word' id='word_1_232' title='bbox 1053 2656 1168 2698; x_wconf 85' lang='lat' dir='ltr'>Reli-</span> 
     </span>
    </p>
   </div>
   <div class='ocr_carea' id='block_1_3' title="bbox 309 2754 486 2759">
    <p class='ocr_par' dir='ltr' id='par_1_7' title="bbox 309 2754 486 2759">
     <span class='ocr_line' id='line_1_44' title="bbox 309 2754 486 2759; baseline 0 0"><span class='ocrx_word' id='word_1_233' title='bbox 309 2754 486 2759; x_wconf 95' lang='lat' dir='ltr'> </span> 
     </span>
    </p>
   </div>
   <div class='ocr_carea' id='block_1_4' title="bbox 224 2794 1173 2920">
    <p class='ocr_par' dir='ltr' id='par_1_8' title="bbox 224 2794 1173 2920">
     <span class='ocr_line' id='line_1_45' title="bbox 265 2794 1173 2835; baseline 0.001 -10"><span class='ocrx_word' id='word_1_234' title='bbox 265 2794 380 2834; x_wconf 73' lang='lat' dir='ltr'>¹Apud</span> <span class='ocrx_word' id='word_1_235' title='bbox 413 2796 596 2835; x_wconf 83' lang='lat' dir='ltr'>Diodorum,</span> <span class='ocrx_word' id='word_1_236' title='bbox 626 2795 782 2827; x_wconf 78' lang='lat' dir='ltr'>Biblioth.</span> <span class='ocrx_word' id='word_1_237' title='bbox 810 2795 827 2826; x_wconf 90' lang='lat' dir='ltr'>l.</span> <span class='ocrx_word' id='word_1_238' title='bbox 853 2796 881 2833; x_wconf 81' lang='lat'>¹3</span> <span class='ocrx_word' id='word_1_239' title='bbox 911 2795 1081 2833; x_wconf 77' lang='lat' dir='ltr'>Platonem,</span> <span class='ocrx_word' id='word_1_240' title='bbox 1117 2794 1173 2826; x_wconf 86' lang='lat' dir='ltr'>Ti-</span> 
     </span>
     <span class='ocr_line' id='line_1_46' title="bbox 224 2846 853 2920; baseline 0 -12"><span class='ocrx_word' id='word_1_241' title='bbox 224 2846 380 2917; x_wconf 47' lang='lat' dir='ltr'>mgefflr&#39;m</span> <span class='ocrx_word' id='word_1_242' title='bbox 398 2879 574 2915; x_wconf 72' lang='lat' dir='ltr'>Lucinnum,</span> <span class='ocrx_word' id='word_1_243' title='bbox 594 2879 641 2909; x_wconf 83' lang='lat' dir='ltr'>De</span> <span class='ocrx_word' id='word_1_244' title='bbox 656 2879 721 2910; x_wconf 81' lang='lat' dir='ltr'>dea</span> <span class='ocrx_word' id='word_1_245' title='bbox 738 2879 853 2920; x_wconf 69' lang='lat' dir='ltr'>Syria⁴</span> 
     </span>
    </p>
   </div>
   <div class='ocr_carea' id='block_1_5' title="bbox 224 2919 1196 3250">
    <p class='ocr_par' dir='ltr' id='par_1_9' title="bbox 265 2919 791 2960">
     <span class='ocr_line' id='line_1_47' title="bbox 265 2919 791 2960; baseline 0.002 -11"><span class='ocrx_word' id='word_1_246' title='bbox 265 2919 277 2938; x_wconf 67' lang='lat'>³³</span> <span class='ocrx_word' id='word_1_247' title='bbox 294 2920 380 2959; x_wconf 73' lang='lat' dir='ltr'>Apud</span> <span class='ocrx_word' id='word_1_248' title='bbox 400 2920 545 2951; x_wconf 56' lang='lat' dir='ltr'>lit-rosum</span> <span class='ocrx_word' id='word_1_249' title='bbox 562 2924 590 2951; x_wconf 79' lang='lat' dir='ltr'>et</span> <span class='ocrx_word' id='word_1_250' title='bbox 605 2921 791 2960; x_wconf 67' lang='lat' dir='ltr'>Abydenum.</span> 
     </span>
    </p>

    <p class='ocr_par' dir='ltr' id='par_1_10' title="bbox 265 2961 552 3001">
     <span class='ocr_line' id='line_1_48' title="bbox 265 2961 552 3001; baseline -0.007 -10"><span class='ocrx_word' id='word_1_251' title='bbox 265 2961 277 2982; x_wconf 84' lang='lat'>⁴</span> <span class='ocrx_word' id='word_1_252' title='bbox 293 2961 322 2991; x_wconf 81' lang='grc' dir='ltr'>Ιη</span> <span class='ocrx_word' id='word_1_253' title='bbox 338 2961 552 3001; x_wconf 72' lang='lat' dir='ltr'>Clmu-Ka&#39;nq,</span> 
     </span>
    </p>

    <p class='ocr_par' dir='ltr' id='par_1_11' title="bbox 265 3002 620 3034">
     <span class='ocr_line' id='line_1_49' title="bbox 265 3002 620 3034; baseline 0 -2"><span class='ocrx_word' id='word_1_254' title='bbox 265 3002 279 3023; x_wconf 81' lang='lat'><strong>5</strong></span> <span class='ocrx_word' id='word_1_255' title='bbox 296 3003 326 3032; x_wconf 89' lang='lat' dir='ltr'>ln</span> <span class='ocrx_word' id='word_1_256' title='bbox 345 3003 620 3034; x_wconf 61' lang='lat' dir='ltr'>liseur-Veniam.</span> 
     </span>
    </p>

    <p class='ocr_par' dir='ltr' id='par_1_12' title="bbox 264 3043 541 3082">
     <span class='ocr_line' id='line_1_50' title="bbox 264 3043 541 3082; baseline 0.007 -9"><span class='ocrx_word' id='word_1_257' title='bbox 264 3043 279 3065; x_wconf 79' lang='lat'><strong><em>⁶</em></strong></span> <span class='ocrx_word' id='word_1_258' title='bbox 297 3044 411 3075; x_wconf 71' lang='lat' dir='ltr'>Genes.</span> <span class='ocrx_word' id='word_1_259' title='bbox 430 3045 477 3082; x_wconf 67' lang='lat' dir='ltr'>lx,</span> <span class='ocrx_word' id='word_1_260' title='bbox 496 3044 541 3075; x_wconf 62' lang='lat'>15).</span> 
     </span>
    </p>

    <p class='ocr_par' dir='ltr' id='par_1_13' title="bbox 264 3084 478 3117">
     <span class='ocr_line' id='line_1_51' title="bbox 264 3084 478 3117; baseline 0 -2"><span class='ocrx_word' id='word_1_261' title='bbox 264 3084 278 3106; x_wconf 88' lang='lat'><em>⁷</em></span> <span class='ocrx_word' id='word_1_262' title='bbox 294 3085 368 3117; x_wconf 77' lang='lat' dir='ltr'>ibid.</span> <span class='ocrx_word' id='word_1_263' title='bbox 389 3087 478 3117; x_wconf 73' lang='grc' dir='ltr'>Χ-ΧΙ.</span> 
     </span>
    </p>

    <p class='ocr_par' dir='ltr' id='par_1_14' title="bbox 224 3126 1196 3250">
     <span class='ocr_line' id='line_1_52' title="bbox 266 3126 1174 3167; baseline 0.003 -13"><span class='ocrx_word' id='word_1_264' title='bbox 266 3126 280 3146; x_wconf 72' lang='lat'>’³</span> <span class='ocrx_word' id='word_1_265' title='bbox 295 3127 453 3166; x_wconf 71' lang='lat' dir='ltr'>Sapient.</span> <span class='ocrx_word' id='word_1_266' title='bbox 470 3128 595 3158; x_wconf 72' lang='lat' dir='ltr'>xlii-lv.</span> <span class='ocrx_word' id='word_1_267' title='bbox 615 3128 652 3157; x_wconf 68' lang='lat' dir='ltr'>(Is</span> <span class='ocrx_word' id='word_1_268' title='bbox 672 3128 809 3166; x_wconf 56' lang='lat' dir='ltr'>Heruli-r,</span> <span class='ocrx_word' id='word_1_269' title='bbox 828 3127 947 3158; x_wconf 67' lang='lat' dir='ltr'>Truilv&#39;</span> <span class='ocrx_word' id='word_1_270' title='bbox 965 3128 1039 3158; x_wconf 74' lang='lat' dir='ltr'>hist.</span> <span class='ocrx_word' id='word_1_271' title='bbox 1055 3134 1086 3159; x_wconf 84' lang='lat' dir='ltr'>e!</span> <span class='ocrx_word' id='word_1_272' title='bbox 1101 3128 1174 3167; x_wconf 72' lang='lat' dir='ltr'>(loy-</span> 
     </span>
     <span class='ocr_line' id='line_1_53' title="bbox 226 3169 1175 3210; baseline 0.004 -13"><span class='ocrx_word' id='word_1_273' title='bbox 226 3174 301 3198; x_wconf 76' lang='lat' dir='ltr'>mat</span> <span class='ocrx_word' id='word_1_274' title='bbox 328 3170 368 3198; x_wconf 68' lang='lat' dir='ltr'>(le</span> <span class='ocrx_word' id='word_1_275' title='bbox 389 3170 424 3200; x_wconf 85' lang='lat' dir='ltr'>la</span> <span class='ocrx_word' id='word_1_276' title='bbox 441 3179 536 3199; x_wconf 72' lang='lat' dir='ltr'>rrum</span> <span class='ocrx_word' id='word_1_277' title='bbox 554 3169 710 3207; x_wconf 71' lang='lat' dir='ltr'>reltffl&#39;rm,</span> <span class='ocrx_word' id='word_1_278' title='bbox 735 3174 751 3199; x_wconf 80' lang='lat' dir='ltr'>t.</span> <span class='ocrx_word' id='word_1_279' title='bbox 772 3170 795 3200; x_wconf 87' lang='lat' dir='ltr'>l:</span> <span class='ocrx_word' id='word_1_280' title='bbox 821 3170 959 3207; x_wconf 57' lang='lat' dir='ltr'>iinon-ke,</span> <span class='ocrx_word' id='word_1_281' title='bbox 986 3171 1175 3210; x_wconf 37' lang='lat' dir='ltr'>leoli-qima&amp;</span> 
     </span>
     <span class='ocr_line' id='line_1_54' title="bbox 224 3195 1196 3250; baseline 0.003 -10"><span class='ocrx_word' id='word_1_282' title='bbox 224 3210 410 3241; x_wconf 76' lang='lat' dir='ltr'>naturalis</span> <span class='ocrx_word' id='word_1_283' title='bbox 425 3217 457 3241; x_wconf 80' lang='lat' dir='ltr'>ec</span> <span class='ocrx_word' id='word_1_284' title='bbox 475 3211 645 3242; x_wconf 73' lang='lat' dir='ltr'>revelatae</span> <span class='ocrx_word' id='word_1_285' title='bbox 657 3210 846 3250; x_wconf 72' lang='lat' dir='ltr'>principia.</span> <span class='ocrx_word' id='word_1_286' title='bbox 1193 3195 1196 3232; x_wconf 64' lang='lat'>1</span> 
     </span>
    </p>
   </div>
   <div class='ocr_carea' id='block_1_6' title="bbox 713 155 1648 188">
    <p class='ocr_par' dir='ltr' id='par_1_15' title="bbox 713 155 1648 188">
     <span class='ocr_line' id='line_1_55' title="bbox 713 155 1648 188; baseline -0.006 0"><span class='ocrx_word' id='word_1_287' title='bbox 713 159 954 188; x_wconf 76' lang='lat' dir='ltr'><strong>APPARATVS</strong></span> <span class='ocrx_word' id='word_1_288' title='bbox 983 158 1036 185; x_wconf 89' lang='lat' dir='ltr'>AD</span> <span class='ocrx_word' id='word_1_289' title='bbox 1065 157 1288 184; x_wconf 85' lang='lat' dir='ltr'>HISTORIAM</span> <span class='ocrx_word' id='word_1_290' title='bbox 1316 155 1648 184; x_wconf 79' lang='lat' dir='ltr'>ECCLESIASTICAM</span> 
     </span>
    </p>
   </div>
   <div class='ocr_carea' id='block_1_7' title="bbox 1203 219 2168 3010">
    <p class='ocr_par' dir='ltr' id='par_1_16' title="bbox 1203 219 2163 1760">
     <span class='ocr_line' id='line_1_56' title="bbox 1204 219 2149 277; baseline 0.001 -15"><span class='ocrx_word' id='word_1_291' title='bbox 1204 222 1273 277; x_wconf 90' lang='lat' dir='ltr'>gio</span> <span class='ocrx_word' id='word_1_292' title='bbox 1305 222 1470 277; x_wconf 88' lang='lat' dir='ltr'>penitus</span> <span class='ocrx_word' id='word_1_293' title='bbox 1502 220 1735 275; x_wconf 86' lang='lat' dir='ltr'>deperiret,</span> <span class='ocrx_word' id='word_1_294' title='bbox 1768 221 1880 262; x_wconf 88' lang='lat' dir='ltr'>Deus</span> <span class='ocrx_word' id='word_1_295' title='bbox 1912 219 1989 262; x_wconf 92' lang='lat' dir='ltr'>sibi</span> <span class='ocrx_word' id='word_1_296' title='bbox 2017 219 2149 276; x_wconf 89' lang='lat' dir='ltr'>elegit</span> 
     </span>
     <span class='ocr_line' id='line_1_57' title="bbox 1203 279 2152 336; baseline -0.001 -13"><span class='ocrx_word' id='word_1_297' title='bbox 1203 281 1426 336; x_wconf 87' lang='lat' dir='ltr'>specialem</span> <span class='ocrx_word' id='word_1_298' title='bbox 1449 280 1660 335; x_wconf 90' lang='lat' dir='ltr'>populum,</span> <span class='ocrx_word' id='word_1_299' title='bbox 1683 279 1750 321; x_wconf 90' lang='lat' dir='ltr'>cui</span> <span class='ocrx_word' id='word_1_300' title='bbox 1766 280 1966 333; x_wconf 88' lang='lat' dir='ltr'>antiquae</span> <span class='ocrx_word' id='word_1_301' title='bbox 1981 280 2152 322; x_wconf 87' lang='lat' dir='ltr'>revela-</span> 
     </span>
     <span class='ocr_line' id='line_1_58' title="bbox 1205 338 2149 393; baseline 0 -11"><span class='ocrx_word' id='word_1_302' title='bbox 1205 341 1331 382; x_wconf 88' lang='lat' dir='ltr'>tionis</span> <span class='ocrx_word' id='word_1_303' title='bbox 1353 344 1396 383; x_wconf 92' lang='lat' dir='ltr'>et</span> <span class='ocrx_word' id='word_1_304' title='bbox 1412 339 1648 382; x_wconf 89' lang='lat' dir='ltr'>traditionis</span> <span class='ocrx_word' id='word_1_305' title='bbox 1667 338 1902 393; x_wconf 92' lang='lat' dir='ltr'>depositum</span> <span class='ocrx_word' id='word_1_306' title='bbox 1920 340 2149 382; x_wconf 90' lang='lat' dir='ltr'>committe-</span> 
     </span>
     <span class='ocr_line' id='line_1_59' title="bbox 1205 398 2150 454; baseline 0.001 -13"><span class='ocrx_word' id='word_1_307' title='bbox 1205 403 1283 441; x_wconf 88' lang='lat' dir='ltr'>ret.</span> <span class='ocrx_word' id='word_1_308' title='bbox 1317 401 1365 441; x_wconf 91' lang='lat' dir='ltr'>In</span> <span class='ocrx_word' id='word_1_309' title='bbox 1396 399 1519 441; x_wconf 86' lang='lat' dir='ltr'>electi</span> <span class='ocrx_word' id='word_1_310' title='bbox 1540 399 1664 440; x_wconf 90' lang='lat' dir='ltr'>huius</span> <span class='ocrx_word' id='word_1_311' title='bbox 1687 398 1826 452; x_wconf 90' lang='lat' dir='ltr'>populi</span> <span class='ocrx_word' id='word_1_312' title='bbox 1854 401 1981 453; x_wconf 87' lang='lat' dir='ltr'>caput</span> <span class='ocrx_word' id='word_1_313' title='bbox 2001 399 2150 454; x_wconf 89' lang='lat' dir='ltr'>selegit</span> 
     </span>
     <span class='ocr_line' id='line_1_60' title="bbox 1207 456 2149 513; baseline -0.002 -12"><span class='ocrx_word' id='word_1_314' title='bbox 1207 458 1436 507; x_wconf 88' lang='lat' dir='ltr'>Abraham,</span> <span class='ocrx_word' id='word_1_315' title='bbox 1470 472 1593 513; x_wconf 90' lang='lat' dir='ltr'>quem</span> <span class='ocrx_word' id='word_1_316' title='bbox 1625 471 1647 498; x_wconf 92' lang='lat' dir='ltr'>e</span> <span class='ocrx_word' id='word_1_317' title='bbox 1675 456 1890 500; x_wconf 88' lang='lat' dir='ltr'>Chaldaea</span> <span class='ocrx_word' id='word_1_318' title='bbox 1909 458 2087 501; x_wconf 83' lang='lat' dir='ltr'>vocavit</span> <span class='ocrx_word' id='word_1_319' title='bbox 2107 459 2149 499; x_wconf 90' lang='lat' dir='ltr'>in</span> 
     </span>
     <span class='ocr_line' id='line_1_61' title="bbox 1205 515 2150 572; baseline -0.003 -11"><span class='ocrx_word' id='word_1_320' title='bbox 1205 521 1366 561; x_wconf 89' lang='lat' dir='ltr'>terram</span> <span class='ocrx_word' id='word_1_321' title='bbox 1385 517 1612 567; x_wconf 79' lang='lat' dir='ltr'>Chanaan3</span> <span class='ocrx_word' id='word_1_322' title='bbox 1633 517 1670 558; x_wconf 89' lang='lat' dir='ltr'>ei</span> <span class='ocrx_word' id='word_1_323' title='bbox 1688 520 1829 558; x_wconf 88' lang='lat' dir='ltr'>terrae</span> <span class='ocrx_word' id='word_1_324' title='bbox 1847 515 1973 558; x_wconf 89' lang='lat' dir='ltr'>huius</span> <span class='ocrx_word' id='word_1_325' title='bbox 1988 530 2150 572; x_wconf 90' lang='lat' dir='ltr'>posses-</span> 
     </span>
     <span class='ocr_line' id='line_1_62' title="bbox 1206 576 2151 632; baseline -0.001 -12"><span class='ocrx_word' id='word_1_326' title='bbox 1206 579 1365 620; x_wconf 89' lang='lat' dir='ltr'>sionem</span> <span class='ocrx_word' id='word_1_327' title='bbox 1387 582 1430 620; x_wconf 87' lang='lat' dir='ltr'>et</span> <span class='ocrx_word' id='word_1_328' title='bbox 1450 578 1714 618; x_wconf 89' lang='lat' dir='ltr'>innumeram</span> <span class='ocrx_word' id='word_1_329' title='bbox 1735 576 2030 630; x_wconf 87' lang='lat' dir='ltr'>posteritatem</span> <span class='ocrx_word' id='word_1_330' title='bbox 2048 589 2151 632; x_wconf 92' lang='lat' dir='ltr'>pro-</span> 
     </span>
     <span class='ocr_line' id='line_1_63' title="bbox 1206 635 2152 691; baseline -0.001 -12"><span class='ocrx_word' id='word_1_331' title='bbox 1206 638 1335 688; x_wconf 77' lang='lat' dir='ltr'>misit3</span> <span class='ocrx_word' id='word_1_332' title='bbox 1358 637 1573 691; x_wconf 90' lang='lat' dir='ltr'>eidemque</span> <span class='ocrx_word' id='word_1_333' title='bbox 1597 635 1819 684; x_wconf 89' lang='lat' dir='ltr'>revelavit,</span> <span class='ocrx_word' id='word_1_334' title='bbox 1837 647 1891 677; x_wconf 85' lang='lat' dir='ltr'>ex</span> <span class='ocrx_word' id='word_1_335' title='bbox 1909 636 1999 678; x_wconf 88' lang='lat' dir='ltr'>eius</span> <span class='ocrx_word' id='word_1_336' title='bbox 2016 639 2152 691; x_wconf 88' lang='lat' dir='ltr'>poste-</span> 
     </span>
     <span class='ocr_line' id='line_1_64' title="bbox 1206 695 2150 750; baseline -0.001 -12"><span class='ocrx_word' id='word_1_337' title='bbox 1206 698 1334 739; x_wconf 90' lang='lat' dir='ltr'>ritate</span> <span class='ocrx_word' id='word_1_338' title='bbox 1364 697 1627 738; x_wconf 89' lang='lat' dir='ltr'>nasciturum</span> <span class='ocrx_word' id='word_1_339' title='bbox 1655 695 1830 736; x_wconf 87' lang='lat' dir='ltr'>humani</span> <span class='ocrx_word' id='word_1_340' title='bbox 1861 695 2033 750; x_wconf 90' lang='lat' dir='ltr'>generis</span> <span class='ocrx_word' id='word_1_341' title='bbox 2055 695 2150 737; x_wconf 84' lang='lat' dir='ltr'>Re-</span> 
     </span>
     <span class='ocr_line' id='line_1_65' title="bbox 1207 753 2154 811; baseline -0.003 -13"><span class='ocrx_word' id='word_1_342' title='bbox 1207 756 1464 811; x_wconf 86' lang='lat' dir='ltr'>demptorem</span> <span class='ocrx_word' id='word_1_343' title='bbox 1479 789 1488 805; x_wconf 95' lang='lat'>,</span> <span class='ocrx_word' id='word_1_344' title='bbox 1511 757 1551 797; x_wconf 90' lang='lat' dir='ltr'>in</span> <span class='ocrx_word' id='word_1_345' title='bbox 1574 768 1655 809; x_wconf 90' lang='lat' dir='ltr'>quo</span> <span class='ocrx_word' id='word_1_346' title='bbox 1678 767 1824 796; x_wconf 90' lang='lat' dir='ltr'>omnes</span> <span class='ocrx_word' id='word_1_347' title='bbox 1848 757 2000 809; x_wconf 85' lang='lat' dir='ltr'>gentes</span> <span class='ocrx_word' id='word_1_348' title='bbox 2021 753 2154 796; x_wconf 88' lang='lat' dir='ltr'>bene-</span> 
     </span>
     <span class='ocr_line' id='line_1_66' title="bbox 1207 813 2154 863; baseline -0.001 -6"><span class='ocrx_word' id='word_1_349' title='bbox 1207 815 1459 863; x_wconf 87' lang='lat' dir='ltr'>dicerentur,</span> <span class='ocrx_word' id='word_1_350' title='bbox 1491 814 1600 857; x_wconf 91' lang='lat' dir='ltr'>idest</span> <span class='ocrx_word' id='word_1_351' title='bbox 1631 813 1684 856; x_wconf 90' lang='lat' dir='ltr'>ad</span> <span class='ocrx_word' id='word_1_352' title='bbox 1715 814 1807 856; x_wconf 88' lang='lat' dir='ltr'>veri</span> <span class='ocrx_word' id='word_1_353' title='bbox 1841 815 1916 855; x_wconf 91' lang='lat' dir='ltr'>Dei</span> <span class='ocrx_word' id='word_1_354' title='bbox 1945 815 2154 856; x_wconf 90' lang='lat' dir='ltr'>sinceram</span> 
     </span>
     <span class='ocr_line' id='line_1_67' title="bbox 1207 873 2154 930; baseline -0.001 -14"><span class='ocrx_word' id='word_1_355' title='bbox 1207 875 1488 930; x_wconf 86' lang='lat' dir='ltr'>cognitionem</span> <span class='ocrx_word' id='word_1_356' title='bbox 1541 875 1782 927; x_wconf 90' lang='lat' dir='ltr'>cultumque</span> <span class='ocrx_word' id='word_1_357' title='bbox 1839 873 2154 915; x_wconf 88' lang='lat' dir='ltr'>reducerentur.</span> 
     </span>
     <span class='ocr_line' id='line_1_68' title="bbox 1208 932 2152 988; baseline -0.003 -12"><span class='ocrx_word' id='word_1_358' title='bbox 1208 934 1378 977; x_wconf 84' lang='lat' dir='ltr'>Novum</span> <span class='ocrx_word' id='word_1_359' title='bbox 1394 933 1540 976; x_wconf 84' lang='lat' dir='ltr'>foedus</span> <span class='ocrx_word' id='word_1_360' title='bbox 1559 946 1652 975; x_wconf 91' lang='lat' dir='ltr'>cum</span> <span class='ocrx_word' id='word_1_361' title='bbox 1668 946 1718 974; x_wconf 92' lang='lat' dir='ltr'>eo</span> <span class='ocrx_word' id='word_1_362' title='bbox 1735 932 1837 980; x_wconf 89' lang='lat' dir='ltr'>iniit,</span> <span class='ocrx_word' id='word_1_363' title='bbox 1856 933 1975 974; x_wconf 89' lang='lat' dir='ltr'>cuius</span> <span class='ocrx_word' id='word_1_364' title='bbox 1987 933 2152 988; x_wconf 89' lang='lat' dir='ltr'>signum</span> 
     </span>
     <span class='ocr_line' id='line_1_69' title="bbox 1208 991 2157 1047; baseline -0.001 -13"><span class='ocrx_word' id='word_1_365' title='bbox 1208 997 1321 1036; x_wconf 91' lang='lat' dir='ltr'>esset</span> <span class='ocrx_word' id='word_1_366' title='bbox 1343 994 1618 1042; x_wconf 90' lang='lat' dir='ltr'>circumcisio,</span> <span class='ocrx_word' id='word_1_367' title='bbox 1652 1005 1759 1046; x_wconf 90' lang='lat' dir='ltr'>quae</span> <span class='ocrx_word' id='word_1_368' title='bbox 1782 991 1923 1034; x_wconf 83' lang='lat' dir='ltr'>divina</span> <span class='ocrx_word' id='word_1_369' title='bbox 1950 992 2157 1047; x_wconf 88' lang='lat' dir='ltr'>promissa</span> 
     </span>
     <span class='ocr_line' id='line_1_70' title="bbox 1208 1051 2155 1105; baseline -0.002 -11"><span class='ocrx_word' id='word_1_370' title='bbox 1208 1056 1250 1095; x_wconf 91' lang='lat' dir='ltr'>et</span> <span class='ocrx_word' id='word_1_371' title='bbox 1282 1053 1480 1094; x_wconf 89' lang='lat' dir='ltr'>Abrahae</span> <span class='ocrx_word' id='word_1_372' title='bbox 1509 1052 1630 1094; x_wconf 90' lang='lat' dir='ltr'>fidem</span> <span class='ocrx_word' id='word_1_373' title='bbox 1661 1052 1949 1105; x_wconf 86' lang='lat' dir='ltr'>consignaret,</span> <span class='ocrx_word' id='word_1_374' title='bbox 1981 1051 2155 1105; x_wconf 89' lang='lat' dir='ltr'>eiusque</span> 
     </span>
     <span class='ocr_line' id='line_1_71' title="bbox 1208 1111 2155 1167; baseline -0.003 -13"><span class='ocrx_word' id='word_1_375' title='bbox 1208 1116 1399 1167; x_wconf 89' lang='lat' dir='ltr'>posteros</span> <span class='ocrx_word' id='word_1_376' title='bbox 1417 1112 1469 1153; x_wconf 90' lang='lat' dir='ltr'>ab</span> <span class='ocrx_word' id='word_1_377' title='bbox 1487 1112 1578 1153; x_wconf 89' lang='lat' dir='ltr'>aliis</span> <span class='ocrx_word' id='word_1_378' title='bbox 1602 1111 1797 1166; x_wconf 87' lang='lat' dir='ltr'>gentibus</span> <span class='ocrx_word' id='word_1_379' title='bbox 1821 1111 2106 1166; x_wconf 87' lang='lat' dir='ltr'>distingueret</span> <span class='ocrx_word' id='word_1_380' title='bbox 2127 1111 2155 1151; x_wconf 80' lang='lat'>¹.</span> 
     </span>
     <span class='ocr_line' id='line_1_72' title="bbox 1209 1170 2157 1227; baseline -0.002 -14"><span class='ocrx_word' id='word_1_381' title='bbox 1209 1171 1364 1214; x_wconf 88' lang='lat' dir='ltr'>Eadem</span> <span class='ocrx_word' id='word_1_382' title='bbox 1387 1172 1590 1227; x_wconf 88' lang='lat' dir='ltr'>promissa</span> <span class='ocrx_word' id='word_1_383' title='bbox 1609 1173 1718 1213; x_wconf 91' lang='lat' dir='ltr'>Deus</span> <span class='ocrx_word' id='word_1_384' title='bbox 1741 1170 2013 1212; x_wconf 85' lang='lat' dir='ltr'>confirmavit</span> <span class='ocrx_word' id='word_1_385' title='bbox 2035 1170 2157 1211; x_wconf 83' lang='lat' dir='ltr'>Isaac</span> 
     </span>
     <span class='ocr_line' id='line_1_73' title="bbox 1208 1228 2160 1280; baseline -0.001 -8"><span class='ocrx_word' id='word_1_386' title='bbox 1208 1230 1292 1272; x_wconf 88' lang='lat' dir='ltr'>filio</span> <span class='ocrx_word' id='word_1_387' title='bbox 1315 1230 1533 1280; x_wconf 88' lang='lat' dir='ltr'>Abrahae,</span> <span class='ocrx_word' id='word_1_388' title='bbox 1558 1234 1600 1272; x_wconf 89' lang='lat' dir='ltr'>et</span> <span class='ocrx_word' id='word_1_389' title='bbox 1622 1229 1748 1272; x_wconf 89' lang='lat' dir='ltr'>Iacob</span> <span class='ocrx_word' id='word_1_390' title='bbox 1776 1228 1860 1271; x_wconf 92' lang='lat' dir='ltr'>filio</span> <span class='ocrx_word' id='word_1_391' title='bbox 1882 1230 2018 1271; x_wconf 90' lang='lat' dir='ltr'>Isaaci</span> <span class='ocrx_word' id='word_1_392' title='bbox 2040 1231 2073 1271; x_wconf 81' lang='lat'>².</span> <span class='ocrx_word' id='word_1_393' title='bbox 2096 1229 2160 1271; x_wconf 90' lang='lat' dir='ltr'>Ia-</span> 
     </span>
     <span class='ocr_line' id='line_1_74' title="bbox 1209 1288 2158 1346; baseline -0.002 -14"><span class='ocrx_word' id='word_1_394' title='bbox 1209 1290 1285 1332; x_wconf 90' lang='lat' dir='ltr'>cob</span> <span class='ocrx_word' id='word_1_395' title='bbox 1308 1292 1579 1346; x_wconf 88' lang='lat' dir='ltr'>congregatis</span> <span class='ocrx_word' id='word_1_396' title='bbox 1603 1289 1820 1332; x_wconf 89' lang='lat' dir='ltr'>duodecim</span> <span class='ocrx_word' id='word_1_397' title='bbox 1842 1288 1936 1330; x_wconf 91' lang='lat' dir='ltr'>filiis</span> <span class='ocrx_word' id='word_1_398' title='bbox 1959 1289 2059 1337; x_wconf 92' lang='lat' dir='ltr'>suis,</span> <span class='ocrx_word' id='word_1_399' title='bbox 2085 1291 2158 1331; x_wconf 92' lang='lat' dir='ltr'>to-</span> 
     </span>
     <span class='ocr_line' id='line_1_75' title="bbox 1210 1346 2159 1404; baseline -0.003 -12"><span class='ocrx_word' id='word_1_400' title='bbox 1210 1349 1338 1392; x_wconf 88' lang='lat' dir='ltr'>tidem</span> <span class='ocrx_word' id='word_1_401' title='bbox 1360 1350 1544 1392; x_wconf 91' lang='lat' dir='ltr'>tribuum</span> <span class='ocrx_word' id='word_1_402' title='bbox 1563 1348 1829 1404; x_wconf 86' lang='lat' dir='ltr'>patriarchis,</span> <span class='ocrx_word' id='word_1_403' title='bbox 1853 1348 1994 1390; x_wconf 88' lang='lat' dir='ltr'>divino</span> <span class='ocrx_word' id='word_1_404' title='bbox 2013 1346 2159 1391; x_wconf 88' lang='lat' dir='ltr'>afflatu</span> 
     </span>
     <span class='ocr_line' id='line_1_76' title="bbox 1211 1407 2158 1464; baseline -0.002 -13"><span class='ocrx_word' id='word_1_405' title='bbox 1211 1413 1394 1452; x_wconf 86' lang='lat' dir='ltr'>ventura</span> <span class='ocrx_word' id='word_1_406' title='bbox 1429 1409 1748 1464; x_wconf 82' lang='lat' dir='ltr'>praenuntianS,</span> <span class='ocrx_word' id='word_1_407' title='bbox 1786 1408 1969 1450; x_wconf 87' lang='lat' dir='ltr'>Messiae</span> <span class='ocrx_word' id='word_1_408' title='bbox 1990 1407 2158 1451; x_wconf 89' lang='lat' dir='ltr'>adven-</span> 
     </span>
     <span class='ocr_line' id='line_1_77' title="bbox 1209 1467 2159 1523; baseline -0.001 -14"><span class='ocrx_word' id='word_1_409' title='bbox 1209 1472 1298 1510; x_wconf 87' lang='lat' dir='ltr'>tum</span> <span class='ocrx_word' id='word_1_410' title='bbox 1331 1469 1502 1523; x_wconf 88' lang='lat' dir='ltr'>eiusque</span> <span class='ocrx_word' id='word_1_411' title='bbox 1525 1473 1688 1523; x_wconf 87' lang='lat' dir='ltr'>tempus</span> <span class='ocrx_word' id='word_1_412' title='bbox 1717 1467 1869 1510; x_wconf 86' lang='lat' dir='ltr'>diserte</span> <span class='ocrx_word' id='word_1_413' title='bbox 1896 1468 2065 1510; x_wconf 88' lang='lat' dir='ltr'>notavit</span> <span class='ocrx_word' id='word_1_414' title='bbox 2095 1467 2159 1508; x_wconf 91' lang='lat' dir='ltr'>his</span> 
     </span>
     <span class='ocr_line' id='line_1_78' title="bbox 1211 1527 2161 1582; baseline -0.002 -12"><span class='ocrx_word' id='word_1_415' title='bbox 1211 1528 1370 1570; x_wconf 84' lang='lat' dir='ltr'>verbis:</span> <span class='ocrx_word' id='word_1_416' title='bbox 1385 1529 1488 1570; x_wconf 79' lang='lat' dir='ltr'>Non</span> <span class='ocrx_word' id='word_1_417' title='bbox 1499 1528 1748 1582; x_wconf 70' lang='lat' dir='ltr'>auferetur·</span> <span class='ocrx_word' id='word_1_418' title='bbox 1760 1531 1997 1582; x_wconf 74' lang='lat' dir='ltr'>sceptrum</span> <span class='ocrx_word' id='word_1_419' title='bbox 2016 1527 2071 1569; x_wconf 79' lang='lat' dir='ltr'>de</span> <span class='ocrx_word' id='word_1_420' title='bbox 2088 1527 2161 1569; x_wconf 82' lang='lat' dir='ltr'>Iu-</span> 
     </span>
     <span class='ocr_line' id='line_1_79' title="bbox 1207 1587 2160 1641; baseline 0 -12"><span class='ocrx_word' id='word_1_421' title='bbox 1207 1588 1282 1636; x_wconf 75' lang='lat' dir='ltr'>da,</span> <span class='ocrx_word' id='word_1_422' title='bbox 1315 1591 1358 1628; x_wconf 79' lang='lat' dir='ltr'>et</span> <span class='ocrx_word' id='word_1_423' title='bbox 1379 1588 1481 1629; x_wconf 74' lang='lat' dir='ltr'>clzcoe</span> <span class='ocrx_word' id='word_1_424' title='bbox 1503 1588 1556 1628; x_wconf 75' lang='lat' dir='ltr'>cle</span> <span class='ocrx_word' id='word_1_425' title='bbox 1577 1587 1755 1641; x_wconf 66' lang='lat' dir='ltr'>femore</span> <span class='ocrx_word' id='word_1_426' title='bbox 1776 1588 1891 1634; x_wconf 76' lang='lat' dir='ltr'>eius,</span> <span class='ocrx_word' id='word_1_427' title='bbox 1920 1587 2060 1629; x_wconf 79' lang='lat' dir='ltr'>donec</span> <span class='ocrx_word' id='word_1_428' title='bbox 2081 1599 2160 1629; x_wconf 81' lang='lat' dir='ltr'>ve-</span> 
     </span>
     <span class='ocr_line' id='line_1_80' title="bbox 1210 1646 2163 1700; baseline 0 -13"><span class='ocrx_word' id='word_1_429' title='bbox 1210 1648 1311 1688; x_wconf 73' lang='lat' dir='ltr'>niat</span> <span class='ocrx_word' id='word_1_430' title='bbox 1332 1648 1416 1699; x_wconf 76' lang='lat' dir='ltr'>qui</span> <span class='ocrx_word' id='word_1_431' title='bbox 1444 1646 1697 1688; x_wconf 77' lang='lat' dir='ltr'>mittendus</span> <span class='ocrx_word' id='word_1_432' title='bbox 1715 1650 1795 1695; x_wconf 79' lang='lat' dir='ltr'>est,</span> <span class='ocrx_word' id='word_1_433' title='bbox 1807 1646 1964 1700; x_wconf 75' lang='lat' dir='ltr'>etipse</span> <span class='ocrx_word' id='word_1_434' title='bbox 1983 1647 2073 1688; x_wconf 77' lang='lat' dir='ltr'>erit</span> <span class='ocrx_word' id='word_1_435' title='bbox 2088 1658 2163 1689; x_wconf 73' lang='grc' dir='ltr'>εω-</span> 
     </span>
     <span class='ocr_line' id='line_1_81' title="bbox 1206 1703 1683 1760; baseline -0.004 -13"><span class='ocrx_word' id='word_1_436' title='bbox 1206 1707 1402 1759; x_wconf 76' lang='lat' dir='ltr'>pectatio</span> <span class='ocrx_word' id='word_1_437' title='bbox 1421 1706 1631 1760; x_wconf 68' lang='lat' dir='ltr'>yentz‘um</span> <span class='ocrx_word' id='word_1_438' title='bbox 1653 1703 1683 1745; x_wconf 81' lang='lat'>³.</span> 
     </span>
    </p>

    <p class='ocr_par' dir='ltr' id='par_1_17' title="bbox 1210 1763 2166 2770">
     <span class='ocr_line' id='line_1_82' title="bbox 1269 1763 2163 1819; baseline 0 -13"><span class='ocrx_word' id='word_1_439' title='bbox 1269 1765 1379 1806; x_wconf 89' lang='lat' dir='ltr'>Deus</span> <span class='ocrx_word' id='word_1_440' title='bbox 1402 1765 1603 1807; x_wconf 89' lang='lat' dir='ltr'>selectum</span> <span class='ocrx_word' id='word_1_441' title='bbox 1621 1763 1820 1819; x_wconf 90' lang='lat' dir='ltr'>populum</span> <span class='ocrx_word' id='word_1_442' title='bbox 1840 1764 1991 1813; x_wconf 73' lang='lat' dir='ltr'>Israel,</span> <span class='ocrx_word' id='word_1_443' title='bbox 2010 1765 2163 1806; x_wconf 92' lang='lat' dir='ltr'>sensim</span> 
     </span>
     <span class='ocr_line' id='line_1_83' title="bbox 1211 1824 2162 1879; baseline 0.001 -14"><span class='ocrx_word' id='word_1_444' title='bbox 1211 1824 1551 1878; x_wconf 87' lang='lat' dir='ltr'>multiplicatum,</span> <span class='ocrx_word' id='word_1_445' title='bbox 1583 1824 1784 1878; x_wconf 87' lang='lat' dir='ltr'>peculiari</span> <span class='ocrx_word' id='word_1_446' title='bbox 1823 1837 1988 1878; x_wconf 90' lang='lat' dir='ltr'>semper</span> <span class='ocrx_word' id='word_1_447' title='bbox 2009 1824 2162 1879; x_wconf 90' lang='lat' dir='ltr'>provi-</span> 
     </span>
     <span class='ocr_line' id='line_1_84' title="bbox 1210 1883 2163 1938; baseline 0.001 -14"><span class='ocrx_word' id='word_1_448' title='bbox 1210 1883 1348 1926; x_wconf 90' lang='lat' dir='ltr'>dentia</span> <span class='ocrx_word' id='word_1_449' title='bbox 1381 1888 1633 1938; x_wconf 89' lang='lat' dir='ltr'>prosecutus</span> <span class='ocrx_word' id='word_1_450' title='bbox 1666 1886 1742 1925; x_wconf 89' lang='lat' dir='ltr'>est.</span> <span class='ocrx_word' id='word_1_451' title='bbox 1779 1883 1827 1924; x_wconf 89' lang='lat' dir='ltr'>In</span> <span class='ocrx_word' id='word_1_452' title='bbox 1864 1884 2058 1938; x_wconf 82' lang='lat' dir='ltr'>AEgypto</span> <span class='ocrx_word' id='word_1_453' title='bbox 2078 1916 2088 1933; x_wconf 98' lang='lat'>,</span> <span class='ocrx_word' id='word_1_454' title='bbox 2121 1884 2163 1924; x_wconf 91' lang='lat' dir='ltr'>in</span> 
     </span>
     <span class='ocr_line' id='line_1_85' title="bbox 1210 1941 2162 1998; baseline 0.001 -14"><span class='ocrx_word' id='word_1_455' title='bbox 1210 1956 1333 1997; x_wconf 90' lang='lat' dir='ltr'>quam</span> <span class='ocrx_word' id='word_1_456' title='bbox 1354 1943 1598 1998; x_wconf 89' lang='lat' dir='ltr'>patriarcha</span> <span class='ocrx_word' id='word_1_457' title='bbox 1615 1942 1741 1984; x_wconf 88' lang='lat' dir='ltr'>Iacob</span> <span class='ocrx_word' id='word_1_458' title='bbox 1765 1955 1858 1983; x_wconf 91' lang='lat' dir='ltr'>cum</span> <span class='ocrx_word' id='word_1_459' title='bbox 1877 1944 2076 1985; x_wconf 89' lang='lat' dir='ltr'>universa</span> <span class='ocrx_word' id='word_1_460' title='bbox 2093 1941 2162 1985; x_wconf 91' lang='lat' dir='ltr'>do-</span> 
     </span>
     <span class='ocr_line' id='line_1_86' title="bbox 1210 2001 2160 2050; baseline 0 -7"><span class='ocrx_word' id='word_1_461' title='bbox 1210 2015 1276 2043; x_wconf 88' lang='lat' dir='ltr'>mo</span> <span class='ocrx_word' id='word_1_462' title='bbox 1311 2016 1389 2044; x_wconf 91' lang='lat' dir='ltr'>sua</span> <span class='ocrx_word' id='word_1_463' title='bbox 1417 2002 1692 2044; x_wconf 88' lang='lat' dir='ltr'>descenderat</span> <span class='ocrx_word' id='word_1_464' title='bbox 1714 2002 1742 2050; x_wconf 82' lang='lat'>⁴,</span> <span class='ocrx_word' id='word_1_465' title='bbox 1766 2001 1955 2045; x_wconf 89' lang='lat' dir='ltr'>ducentis</span> <span class='ocrx_word' id='word_1_466' title='bbox 1989 2007 2032 2045; x_wconf 91' lang='lat' dir='ltr'>et</span> <span class='ocrx_word' id='word_1_467' title='bbox 2064 2015 2160 2044; x_wconf 90' lang='lat' dir='ltr'>am-</span> 
     </span>
     <span class='ocr_line' id='line_1_87' title="bbox 1210 2061 2164 2116; baseline 0 -14"><span class='ocrx_word' id='word_1_468' title='bbox 1210 2062 1316 2116; x_wconf 90' lang='lat' dir='ltr'>plius</span> <span class='ocrx_word' id='word_1_469' title='bbox 1337 2063 1457 2103; x_wconf 90' lang='lat' dir='ltr'>annis</span> <span class='ocrx_word' id='word_1_470' title='bbox 1480 2063 1522 2102; x_wconf 89' lang='lat' dir='ltr'>in</span> <span class='ocrx_word' id='word_1_471' title='bbox 1544 2061 1678 2103; x_wconf 91' lang='lat' dir='ltr'>medio</span> <span class='ocrx_word' id='word_1_472' title='bbox 1698 2061 1879 2103; x_wconf 88' lang='lat' dir='ltr'>nationis</span> <span class='ocrx_word' id='word_1_473' title='bbox 1898 2074 2060 2116; x_wconf 87' lang='lat' dir='ltr'>pravae</span> <span class='ocrx_word' id='word_1_474' title='bbox 2078 2074 2164 2103; x_wconf 90' lang='lat' dir='ltr'>mo-</span> 
     </span>
     <span class='ocr_line' id='line_1_88' title="bbox 1210 2120 2160 2175; baseline 0 -13"><span class='ocrx_word' id='word_1_475' title='bbox 1210 2122 1310 2168; x_wconf 86' lang='lat' dir='ltr'>rati,</span> <span class='ocrx_word' id='word_1_476' title='bbox 1333 2122 1423 2163; x_wconf 84' lang='lat' dir='ltr'>veri</span> <span class='ocrx_word' id='word_1_477' title='bbox 1446 2121 1517 2162; x_wconf 91' lang='lat' dir='ltr'>Dei</span> <span class='ocrx_word' id='word_1_478' title='bbox 1544 2121 1703 2162; x_wconf 89' lang='lat' dir='ltr'>cultum</span> <span class='ocrx_word' id='word_1_479' title='bbox 1726 2123 1769 2162; x_wconf 87' lang='lat' dir='ltr'>et</span> <span class='ocrx_word' id='word_1_480' title='bbox 1790 2121 1982 2175; x_wconf 86' lang='lat' dir='ltr'>promissi</span> <span class='ocrx_word' id='word_1_481' title='bbox 2005 2120 2160 2163; x_wconf 89' lang='lat' dir='ltr'>Salva-</span> 
     </span>
     <span class='ocr_line' id='line_1_89' title="bbox 1210 2179 2162 2223; baseline 0 -2"><span class='ocrx_word' id='word_1_482' title='bbox 1210 2181 1314 2222; x_wconf 89' lang='lat' dir='ltr'>toris</span> <span class='ocrx_word' id='word_1_483' title='bbox 1341 2179 1466 2221; x_wconf 88' lang='lat' dir='ltr'>fidem</span> <span class='ocrx_word' id='word_1_484' title='bbox 1488 2183 1735 2222; x_wconf 88' lang='lat' dir='ltr'>constanter</span> <span class='ocrx_word' id='word_1_485' title='bbox 1756 2181 2036 2222; x_wconf 87' lang='lat' dir='ltr'>retinuerunt.</span> <span class='ocrx_word' id='word_1_486' title='bbox 2063 2180 2162 2223; x_wconf 88' lang='lat' dir='ltr'>Sin-</span> 
     </span>
     <span class='ocr_line' id='line_1_90' title="bbox 1210 2239 2164 2294; baseline 0 -14"><span class='ocrx_word' id='word_1_487' title='bbox 1210 2239 1347 2294; x_wconf 88' lang='lat' dir='ltr'>gulari</span> <span class='ocrx_word' id='word_1_488' title='bbox 1375 2240 1450 2281; x_wconf 90' lang='lat' dir='ltr'>Dei</span> <span class='ocrx_word' id='word_1_489' title='bbox 1474 2253 1645 2281; x_wconf 87' lang='lat' dir='ltr'>munere</span> <span class='ocrx_word' id='word_1_490' title='bbox 1668 2243 1710 2282; x_wconf 90' lang='lat' dir='ltr'>et</span> <span class='ocrx_word' id='word_1_491' title='bbox 1732 2252 1906 2282; x_wconf 87' lang='lat' dir='ltr'>numero</span> <span class='ocrx_word' id='word_1_492' title='bbox 1934 2242 1978 2282; x_wconf 91' lang='lat' dir='ltr'>et</span> <span class='ocrx_word' id='word_1_493' title='bbox 2000 2239 2164 2282; x_wconf 89' lang='lat' dir='ltr'>viribus</span> 
     </span>
     <span class='ocr_line' id='line_1_91' title="bbox 1210 2298 2166 2354; baseline 0 -14"><span class='ocrx_word' id='word_1_494' title='bbox 1210 2300 1457 2340; x_wconf 88' lang='lat' dir='ltr'>immensum</span> <span class='ocrx_word' id='word_1_495' title='bbox 1479 2300 1606 2348; x_wconf 89' lang='lat' dir='ltr'>aucti,</span> <span class='ocrx_word' id='word_1_496' title='bbox 1627 2298 1678 2340; x_wconf 87' lang='lat' dir='ltr'>ab</span> <span class='ocrx_word' id='word_1_497' title='bbox 1697 2299 1917 2354; x_wconf 79' lang='lat' dir='ltr'>AEgyptiis</span> <span class='ocrx_word' id='word_1_498' title='bbox 1939 2299 2166 2342; x_wconf 81' lang='lat' dir='ltr'>vehemen-</span> 
     </span>
     <span class='ocr_line' id='line_1_92' title="bbox 1210 2358 2163 2413; baseline 0.001 -14"><span class='ocrx_word' id='word_1_499' title='bbox 1210 2361 1277 2400; x_wconf 90' lang='lat' dir='ltr'>ter</span> <span class='ocrx_word' id='word_1_500' title='bbox 1309 2360 1495 2413; x_wconf 88' lang='lat' dir='ltr'>oppressi</span> <span class='ocrx_word' id='word_1_501' title='bbox 1529 2362 1638 2400; x_wconf 87' lang='lat' dir='ltr'>sunt.</span> <span class='ocrx_word' id='word_1_502' title='bbox 1664 2359 1867 2400; x_wconf 88' lang='lat' dir='ltr'>Dominus</span> <span class='ocrx_word' id='word_1_503' title='bbox 1898 2372 2046 2400; x_wconf 89' lang='lat' dir='ltr'>eorum</span> <span class='ocrx_word' id='word_1_504' title='bbox 2070 2358 2163 2401; x_wconf 88' lang='lat' dir='ltr'>cla-</span> 
     </span>
     <span class='ocr_line' id='line_1_93' title="bbox 1212 2417 2163 2473; baseline 0.002 -15"><span class='ocrx_word' id='word_1_505' title='bbox 1212 2430 1347 2459; x_wconf 87' lang='lat' dir='ltr'>mores</span> <span class='ocrx_word' id='word_1_506' title='bbox 1370 2417 1600 2467; x_wconf 80' lang='lat' dir='ltr'>exaudivit,</span> <span class='ocrx_word' id='word_1_507' title='bbox 1627 2422 1669 2460; x_wconf 92' lang='lat' dir='ltr'>et</span> <span class='ocrx_word' id='word_1_508' title='bbox 1687 2420 1780 2472; x_wconf 90' lang='lat' dir='ltr'>post</span> <span class='ocrx_word' id='word_1_509' title='bbox 1805 2417 1938 2460; x_wconf 86' lang='lat' dir='ltr'>multa</span> <span class='ocrx_word' id='word_1_510' title='bbox 1957 2417 2163 2473; x_wconf 88' lang='lat' dir='ltr'>prodigia,</span> 
     </span>
     <span class='ocr_line' id='line_1_94' title="bbox 1211 2476 2165 2533; baseline 0.002 -16"><span class='ocrx_word' id='word_1_511' title='bbox 1211 2476 1357 2531; x_wconf 88' lang='lat' dir='ltr'>quibus</span> <span class='ocrx_word' id='word_1_512' title='bbox 1399 2478 1744 2532; x_wconf 85' lang='lat' dir='ltr'>omnipotentiam</span> <span class='ocrx_word' id='word_1_513' title='bbox 1790 2490 1911 2519; x_wconf 88' lang='lat' dir='ltr'>suam</span> <span class='ocrx_word' id='word_1_514' title='bbox 1946 2477 2165 2533; x_wconf 87' lang='lat' dir='ltr'>AEgyptiis</span> 
     </span>
     <span class='ocr_line' id='line_1_95' title="bbox 1212 2535 2165 2586; baseline 0.002 -8"><span class='ocrx_word' id='word_1_515' title='bbox 1212 2535 1478 2579; x_wconf 87' lang='lat' dir='ltr'>manifestam</span> <span class='ocrx_word' id='word_1_516' title='bbox 1513 2536 1715 2586; x_wconf 87' lang='lat' dir='ltr'>reddidit,</span> <span class='ocrx_word' id='word_1_517' title='bbox 1743 2537 1836 2579; x_wconf 88' lang='lat' dir='ltr'>illos</span> <span class='ocrx_word' id='word_1_518' title='bbox 1858 2538 1975 2579; x_wconf 86' lang='lat' dir='ltr'>Mose</span> <span class='ocrx_word' id='word_1_519' title='bbox 2007 2537 2113 2580; x_wconf 89' lang='lat' dir='ltr'>duce</span> <span class='ocrx_word' id='word_1_520' title='bbox 2143 2550 2165 2579; x_wconf 92' lang='lat' dir='ltr'>e</span> 
     </span>
     <span class='ocr_line' id='line_1_96' title="bbox 1213 2595 2166 2646; baseline 0.001 -9"><span class='ocrx_word' id='word_1_521' title='bbox 1213 2595 1437 2638; x_wconf 86' lang='lat' dir='ltr'>durissima</span> <span class='ocrx_word' id='word_1_522' title='bbox 1469 2597 1684 2638; x_wconf 84' lang='lat' dir='ltr'>servitute</span> <span class='ocrx_word' id='word_1_523' title='bbox 1720 2595 1940 2646; x_wconf 88' lang='lat' dir='ltr'>liberavit,</span> <span class='ocrx_word' id='word_1_524' title='bbox 1973 2599 2017 2640; x_wconf 88' lang='lat' dir='ltr'>et</span> <span class='ocrx_word' id='word_1_525' title='bbox 2047 2599 2166 2640; x_wconf 88' lang='lat' dir='ltr'>trans</span> 
     </span>
     <span class='ocr_line' id='line_1_97' title="bbox 1214 2654 2166 2703; baseline 0.003 -8"><span class='ocrx_word' id='word_1_526' title='bbox 1214 2668 1330 2696; x_wconf 86' lang='lat' dir='ltr'>mare</span> <span class='ocrx_word' id='word_1_527' title='bbox 1373 2654 1579 2703; x_wconf 83' lang='lat' dir='ltr'>Rubrum,</span> <span class='ocrx_word' id='word_1_528' title='bbox 1617 2656 1847 2698; x_wconf 88' lang='lat' dir='ltr'>Pharaone</span> <span class='ocrx_word' id='word_1_529' title='bbox 1889 2661 1933 2698; x_wconf 90' lang='lat' dir='ltr'>et</span> <span class='ocrx_word' id='word_1_530' title='bbox 1974 2656 2166 2700; x_wconf 88' lang='lat' dir='ltr'>exercitu</span> 
     </span>
     <span class='ocr_line' id='line_1_98' title="bbox 1215 2715 1958 2770; baseline 0.004 -15"><span class='ocrx_word' id='word_1_531' title='bbox 1215 2715 1302 2756; x_wconf 87' lang='lat' dir='ltr'>eius</span> <span class='ocrx_word' id='word_1_532' title='bbox 1325 2716 1365 2755; x_wconf 90' lang='lat' dir='ltr'>in</span> <span class='ocrx_word' id='word_1_533' title='bbox 1389 2729 1438 2757; x_wconf 88' lang='lat' dir='ltr'>eo</span> <span class='ocrx_word' id='word_1_534' title='bbox 1463 2716 1736 2770; x_wconf 88' lang='lat' dir='ltr'>consumptis,</span> <span class='ocrx_word' id='word_1_535' title='bbox 1762 2715 1910 2759; x_wconf 86' lang='lat' dir='ltr'>eduxit</span> <span class='ocrx_word' id='word_1_536' title='bbox 1929 2717 1958 2758; x_wconf 90' lang='lat'>⁵.</span> 
     </span>
    </p>

    <p class='ocr_par' dir='ltr' id='par_1_18' title="bbox 1217 2774 2168 3010">
     <span class='ocr_line' id='line_1_99' title="bbox 1280 2774 2167 2818; baseline 0.002 -3"><span class='ocrx_word' id='word_1_537' title='bbox 1280 2775 1342 2815; x_wconf 82' lang='lat'>10.</span> <span class='ocrx_word' id='word_1_538' title='bbox 1368 2775 1577 2817; x_wconf 69' lang='lat' dir='ltr'>Historia</span> <span class='ocrx_word' id='word_1_539' title='bbox 1601 2775 1698 2817; x_wconf 78' lang='lat' dir='ltr'>Iobz&#39;</span> <span class='ocrx_word' id='word_1_540' title='bbox 1713 2798 1769 2806; x_wconf 93' lang='lat'>—</span> <span class='ocrx_word' id='word_1_541' title='bbox 1786 2775 1864 2818; x_wconf 85' lang='lat' dir='ltr'>Ad.</span> <span class='ocrx_word' id='word_1_542' title='bbox 1883 2775 1993 2818; x_wconf 92' lang='lat' dir='ltr'>hanc</span> <span class='ocrx_word' id='word_1_543' title='bbox 2023 2774 2167 2818; x_wconf 89' lang='lat' dir='ltr'>mundi</span> 
     </span>
     <span class='ocr_line' id='line_1_100' title="bbox 1217 2833 2167 2878; baseline 0.003 -4"><span class='ocrx_word' id='word_1_544' title='bbox 1217 2837 1403 2876; x_wconf 87' lang='lat' dir='ltr'>aetatem</span> <span class='ocrx_word' id='word_1_545' title='bbox 1436 2834 1622 2877; x_wconf 87' lang='lat' dir='ltr'>refertur</span> <span class='ocrx_word' id='word_1_546' title='bbox 1653 2835 1828 2877; x_wconf 89' lang='lat' dir='ltr'>historia</span> <span class='ocrx_word' id='word_1_547' title='bbox 1860 2833 1952 2877; x_wconf 89' lang='lat' dir='ltr'>Iobi</span> <span class='ocrx_word' id='word_1_548' title='bbox 1989 2847 2012 2876; x_wconf 88' lang='lat' dir='ltr'>e</span> <span class='ocrx_word' id='word_1_549' title='bbox 2050 2838 2167 2878; x_wconf 87' lang='lat' dir='ltr'>terra</span> 
     </span>
     <span class='ocr_line' id='line_1_101' title="bbox 1218 2892 2168 2949; baseline 0.003 -16"><span class='ocrx_word' id='word_1_550' title='bbox 1218 2892 1330 2943; x_wconf 86' lang='lat' dir='ltr'>Hus;</span> <span class='ocrx_word' id='word_1_551' title='bbox 1354 2895 1422 2948; x_wconf 88' lang='lat' dir='ltr'>qui</span> <span class='ocrx_word' id='word_1_552' title='bbox 1443 2897 1602 2949; x_wconf 89' lang='lat' dir='ltr'>septem</span> <span class='ocrx_word' id='word_1_553' title='bbox 1625 2893 1806 2936; x_wconf 90' lang='lat' dir='ltr'>filiorum</span> <span class='ocrx_word' id='word_1_554' title='bbox 1838 2897 1882 2936; x_wconf 86' lang='lat' dir='ltr'>et</span> <span class='ocrx_word' id='word_1_555' title='bbox 1915 2895 2044 2936; x_wconf 90' lang='lat' dir='ltr'>trium</span> <span class='ocrx_word' id='word_1_556' title='bbox 2066 2892 2168 2936; x_wconf 81' lang='lat' dir='ltr'>filia-</span> 
     </span>
     <span class='ocr_line' id='line_1_102' title="bbox 1218 2952 2166 3010; baseline 0.002 -17"><span class='ocrx_word' id='word_1_557' title='bbox 1218 2965 1309 2993; x_wconf 86' lang='lat' dir='ltr'>rum</span> <span class='ocrx_word' id='word_1_558' title='bbox 1328 2959 1467 3007; x_wconf 88' lang='lat' dir='ltr'>pater;</span> <span class='ocrx_word' id='word_1_559' title='bbox 1488 2954 1633 3009; x_wconf 88' lang='lat' dir='ltr'>opibus</span> <span class='ocrx_word' id='word_1_560' title='bbox 1656 2954 1862 3010; x_wconf 88' lang='lat' dir='ltr'>inclytus,</span> <span class='ocrx_word' id='word_1_561' title='bbox 1881 2953 1993 2997; x_wconf 85' lang='lat' dir='ltr'>inter</span> <span class='ocrx_word' id='word_1_562' title='bbox 2010 2952 2166 2997; x_wconf 85' lang='lat' dir='ltr'>Orien-</span> 
     </span>
    </p>
   </div>
   <div class='ocr_carea' id='block_1_8' title="bbox 1223 3028 1698 3123">
    <p class='ocr_par' dir='ltr' id='par_1_19' title="bbox 1223 3028 1698 3123">
     <span class='ocr_line' id='line_1_103' title="bbox 1223 3028 1698 3085; baseline 0.011 -10"><span class='ocrx_word' id='word_1_563' title='bbox 1223 3028 1483 3085; x_wconf 57' lang='grc' dir='ltr'>Ἷᾟέηωῖιῐ,</span> <span class='ocrx_word' id='word_1_564' title='bbox 1500 3049 1563 3079; x_wconf 81' lang='lat' dir='ltr'>xm</span> <span class='ocrx_word' id='word_1_565' title='bbox 1579 3053 1608 3079; x_wconf 78' lang='lat' dir='ltr'>et</span> <span class='ocrx_word' id='word_1_566' title='bbox 1623 3049 1698 3081; x_wconf 79' lang='lat' dir='ltr'>xiv.</span> 
     </span>
     <span class='ocr_line' id='line_1_104' title="bbox 1257 3089 1659 3123; baseline 0.007 -4"><span class='ocrx_word' id='word_1_567' title='bbox 1257 3090 1269 3110; x_wconf 77' lang='lat'><strong>2</strong></span> <span class='ocrx_word' id='word_1_568' title='bbox 1288 3089 1360 3119; x_wconf 66' lang='lat' dir='ltr'>ima.</span> <span class='ocrx_word' id='word_1_569' title='bbox 1380 3090 1470 3120; x_wconf 64' lang='lat' dir='ltr'>xxxi</span> <span class='ocrx_word' id='word_1_570' title='bbox 1487 3094 1515 3121; x_wconf 76' lang='lat' dir='ltr'>et</span> <span class='ocrx_word' id='word_1_571' title='bbox 1532 3091 1659 3123; x_wconf 80' lang='lat' dir='ltr'>xxvm.</span> 
     </span>
    </p>
   </div>
   <div class='ocr_carea' id='block_1_9' title="bbox 1317 3029 1396 3031">
    <p class='ocr_par' dir='ltr' id='par_1_20' title="bbox 1317 3029 1396 3031">
     <span class='ocr_line' id='line_1_105' title="bbox 1317 3029 1396 3031; baseline 0 0"><span class='ocrx_word' id='word_1_572' title='bbox 1317 3029 1396 3031; x_wconf 95' lang='lat' dir='ltr'> </span> 
     </span>
    </p>
   </div>
   <div class='ocr_carea' id='block_1_10' title="bbox 1257 3131 1512 3246">
    <p class='ocr_par' dir='ltr' id='par_1_21' title="bbox 1257 3131 1512 3246">
     <span class='ocr_line' id='line_1_106' title="bbox 1257 3131 1475 3161; baseline 0.005 -1"><span class='ocrx_word' id='word_1_573' title='bbox 1257 3131 1270 3148; x_wconf 69' lang='lat'>&#39;⁴</span> <span class='ocrx_word' id='word_1_574' title='bbox 1289 3131 1360 3160; x_wconf 79' lang='lat' dir='ltr'>ibid.</span> <span class='ocrx_word' id='word_1_575' title='bbox 1380 3132 1475 3161; x_wconf 73' lang='lat' dir='ltr'>xmx.</span> 
     </span>
     <span class='ocr_line' id='line_1_107' title="bbox 1259 3172 1473 3203; baseline 0 -1"><span class='ocrx_word' id='word_1_576' title='bbox 1259 3172 1270 3193; x_wconf 84' lang='lat'><strong>⁴</strong></span> <span class='ocrx_word' id='word_1_577' title='bbox 1290 3172 1361 3202; x_wconf 76' lang='lat' dir='ltr'>ibid.</span> <span class='ocrx_word' id='word_1_578' title='bbox 1382 3173 1473 3203; x_wconf 65' lang='lat' dir='ltr'>XLVI.</span> 
     </span>
     <span class='ocr_line' id='line_1_108' title="bbox 1259 3213 1512 3246; baseline 0.008 -2"><span class='ocrx_word' id='word_1_579' title='bbox 1259 3214 1273 3235; x_wconf 77' lang='grc'>5</span> <span class='ocrx_word' id='word_1_580' title='bbox 1290 3213 1395 3245; x_wconf 68' lang='lat' dir='ltr'>Exocl.</span> <span class='ocrx_word' id='word_1_581' title='bbox 1414 3215 1512 3246; x_wconf 72' lang='lat' dir='ltr'>1-xlv.</span> 
     </span>
    </p>
   </div>
  </div>
 </body>
</html>
