2241 3473
241 116 317 155 234

767 122 928 151 EPOCHA
955 122 1027 148 xn.
1057 122 1084 148 A
1111 118 1266 146 LITIBVS
1295 119 1583 147 IANSENIS'I'ICIS

188 194 329 238 stebat,
350 192 503 241 quando
524 202 613 228 cum
630 190 731 227 Sede
752 189 960 227 Pontificia
979 186 1131 225 collide·
1181 188 1248 226 vit.
1270 187 1322 224 Et
1341 188 1444 236 quod
1465 187 1673 225 dolendum
1692 188 1771 234 est,
1787 199 1862 225 non
1881 188 2036 224 tantum
2057 197 2126 224 su-

189 248 315 285 batur.
338 247 380 283 Id
401 244 600 293 speciatim
621 243 769 280 factum
790 244 871 288 est,
893 253 980 278 cum
1010 241 1133 278 Inno-

190 300 340 337 centius
368 299 437 347 Pp.
459 297 515 334 XI
537 296 731 345 regaliae,
759 308 781 333 a
810 295 1010 333 Ludovico
1039 293 1135 331 XIV

191 357 337 391 temere
350 356 588 396 extensae,se
600 349 902 398 opponeret.Hic
913 350 1043 393 rex,ut
1057 347 1136 384 iam

192 407 374 450 diximus,
395 403 554 441 dissidia
571 415 713 452 magna
733 415 819 440 cum
836 403 922 440 RR.
940 400 1134 439 Pontifici·

192 461 262 497 bus
296 457 445 495 habuit.
482 457 526 494 In
561 456 695 505 primis
731 456 814 494 eius
851 456 1005 505 legatus
1034 455 1133 503 apud

191 512 462 550 Alexandrum
485 511 554 559 Pp.
576 510 652 547 VII
673 522 711 547 se
731 522 826 559 erga
844 508 1044 547 Pontificis
1066 519 1136 544 co—

193 568 331 615 gnatos
351 564 564 602 insolenter
584 565 769 613 gerebat,
791 563 1012 611 militesque
1032 560 1135 598 Galli

193 622 231 656 et
247 619 384 656 horum
402 619 530 664 duces,
548 619 614 666 qui
631 629 719 655 cum
737 618 869 666 legato
886 619 1010 662 erant,
1026 626 1136 664 prae—

193 673 366 710 torianos
386 684 454 709 seu
471 671 687 721 pontificios
703 671 858 717 milites,
876 671 1034 708 natione
1050 669 1138 706 Cor-

194 738 267 772 sos,
283 725 448 764 diversis
469 725 592 763 modis
610 726 809 763 vexabant
825 729 864 762 et
880 723 1137 773 impetebant,

193 779 429 829 tandemque
447 779 617 817 an.1662
629 790 886 817 unumeorum
900 777 1137 815 oeciderunt.

195 833 302 871 Corsi
323 832 414 870 inde
434 832 548 879 irati,
578 835 668 870 ante
689 832 877 882 palatium
901 831 1023 880 legati
1043 842 1139 868 con-

196 890 370 934 currunt,
391 887 524 925 Gallos
544 887 792 933 adoriuntur,
815 887 1029 934 horumque
1049 884 1141 933 plu-

194 952 256 978 res
275 941 312 978 in
332 952 464 990 pugna
484 941 609 978 vitam
625 941 825 978 amittunt.
843 940 1016 989 Legatus
1037 937 1141 975 illico

196 995 364 1033 Romam
381 994 565 1033 deseruit.
579 995 667 1033 Rex
687 1007 763 1032 non
779 996 936 1031 tantum
957 992 1142 1030 nuncium

197 1048 438 1098 pontificium
470 1061 537 1098 per
566 1048 710 1086 milites
740 1047 868 1085 Gallia
896 1046 1058 1092 eduxit,
1078 1045 1142 1083 sed

197 1102 474 1152 gravissimam
496 1102 615 1140 etiam
646 1114 668 1140 a
692 1101 882 1140 Pontifice
903 1100 1143 1139 satisfactio-

199 1168 289 1194 nem
309 1156 545 1205 postulavit,
566 1156 811 1194 Avenionem
834 1154 998 1193 militari
1025 1165 1145 1192 manu

201 1210 421 1259 occupavit,
438 1213 477 1247 et
492 1210 680 1248 adversus
695 1211 862 1248 Romam
878 1209 1003 1258 ipsam
1020 1207 1148 1256 copias

201 1263 319 1302 misit.
341 1263 567 1302 Alexander
582 1264 671 1311 VII,
692 1265 755 1312 qui
780 1263 918 1313 potiori
939 1274 1054 1311 quam
1073 1261 1146 1298 Lu-

202 1318 362 1356 dovieus
396 1318 493 1356 XIV
522 1317 605 1355 iure
639 1317 948 1356 satisfactionem
988 1315 1148 1365 exigere

201 1374 369 1421 poterat,
389 1372 606 1409 resistendo
627 1371 776 1421 impar,
802 1370 1025 1409 inflexibilis
1044 1369 1149 1418 regis

202 1424 396 1462 voluntati
413 1425 640 1463 satisfacere
658 1428 815 1464 coactus
830 1425 916 1463 fuit.
933 1424 1016 1466 Quo
1032 1423 1148 1469 facto,

202 1479 234 1517 is
254 1478 494 1516 Avenionem
516 1479 698 1517 Pontifici
720 1479 904 1517 restituit.

254 1533 361 1570 Idem
381 1544 452 1570 rex
474 1533 559 1582 pari
580 1534 743 1583 imperio
764 1545 804 1571 se
824 1533 945 1582 gessit
964 1533 1003 1570 in
1024 1542 1148 1568 vene-

200 1586 364 1624 rabilem
395 1587 667 1625 Innocentium
706 1587 777 1634 XI,
813 1587 880 1636 qui
915 1598 1016 1625 anno
1048 1583 1150 1622 1676

201 1640 393 1678 Clementi
421 1641 460 1678 X
489 1641 687 1680 successit.
722 1641 881 1680 Etenim
910 1651 1022 1690 reges
1051 1637 1150 1676 Gal-

202 1693 291 1741 liae,
320 1695 580 1733 tolerantibus
619 1696 706 1733 RR.
749 1694 1021 1742 Pontificibus,
1066 1704 1152 1730 con-

205 1752 416 1786 sueverant
435 1750 635 1798 percipere
654 1749 807 1788 fructus
835 1749 1049 1786 multorum
1071 1746 1152 1796 epi-

206 1804 439 1851 scopatuum
460 1803 687 1841 vacantium
707 1805 747 1841 et
766 1802 945 1840 conferre
966 1802 1034 1839 illo
1054 1803 1153 1838 tem-

207 1867 300 1906 pore
321 1856 451 1894 omnia
470 1858 695 1894 eorumdem
717 1858 1011 1906 episcopatuum
1032 1856 1154 1893 bene-

208 1909 299 1948 ficia
316 1922 389 1947 non
407 1914 558 1957 curata3
570 1911 671 1960 quod
690 1911 883 1949 vocabant
897 1911 958 1948 ius
969 1908 1155 1958 regaliae.

212 1963 434 2002 Ludovicus
459 1964 555 2002 XIV
587 1965 795 2014 regaliam,
821 1965 938 2002 certis
966 1962 1156 2001 limitibus

212 2017 486 2066 conscriptam,
506 2019 554 2056 ad
575 2031 711 2057 ornnes
730 2018 854 2057 totius
877 2018 1034 2056 ditionis
1063 2027 1156 2054 suae

211 2071 406 2109 dioeceses
427 2073 640 2110 extendere
670 2073 807 2111 voluit.
830 2073 945 2110 Initio
975 2070 1158 2120 episcopi,

213 2136 380 2173 quorum
410 2126 596 2164 ecclesiae
626 2127 815 2165 hactenus
844 2128 892 2164 ab
923 2139 969 2164 ea
1002 2126 1159 2164 fuerant

214 2178 383 2226 liberae,
415 2180 534 2229 regiis
563 2180 701 2219 edictis
730 2183 981 2227 restiterunt3
1017 2180 1158 2218 deinde

214 2232 319 2281 regis
340 2235 379 2270 et
405 2234 539 2272 curiae
560 2234 794 2273 iussionibus
820 2235 1010 2283 minisque
1031 2245 1160 2271 cesse-

215 2289 322 2333 runt,
342 2288 516 2337 exceptis
536 2288 730 2326 Alectensi
760 2290 799 2326 et
819 2288 1065 2337 Apamiensi,
1097 2287 1160 2335 qui

216 2340 487 2379 Innocentium
516 2342 587 2390 Pp.
609 2342 666 2379 XI
693 2342 952 2391 appellarunt.
978 2340 1159 2379 Pontifex

216 2394 354 2432 horum
387 2395 686 2444 appellationem
721 2397 910 2445 suscepit,
944 2407 1084 2444 eosque
1115 2394 1162 2432 ad

218 2447 498 2487 defendendam
527 2449 781 2487 ecclesiarum
812 2461 973 2488 suarum
1003 2449 1164 2486 liberta-

219 2505 296 2539 tem
319 2502 502 2542 hortatus
516 2507 586 2551 est3
608 2515 742 2553 regem
760 2515 851 2541 vero
873 2503 1036 2549 monuit,
1059 2506 1102 2540 ut
1117 2502 1164 2539 ab

220 2556 464 2595 extendenda
489 2557 640 2607 regalia
668 2558 892 2595 abstineret.
923 2557 1018 2594 Inde
1049 2555 1165 2593 dissi-

221 2610 328 2646 dium
358 2610 460 2648 inter
481 2611 752 2649 Innocentium
773 2611 830 2649 XI
859 2613 897 2648 et
924 2610 1164 2648 Ludovicum

221 2663 329 2701 XIV.
348 2664 541 2710 Pontifex,
560 2665 660 2703 datis
682 2665 857 2714 pluribus
877 2665 925 2702 ad
948 2676 1080 2712 regem
1098 2664 1165 2700 lit-

221 2717 333 2763 teris,
369 2719 402 2755 ei
439 2719 629 2766 ostendit,
663 2719 830 2757 maiores
859 2719 941 2756 eius
975 2717 1166 2755 tolerabili

222 2771 347 2820 magis
363 2784 477 2820 quarn
495 2773 671 2821 legitima
688 2773 839 2810 ratione
856 2771 1043 2821 regaliam
1062 2783 1169 2809 exer-

223 2824 411 2870 cuissc,et
427 2827 586 2874 proinde
604 2826 753 2864 nullum
771 2826 804 2864 ei
823 2838 904 2864 esse
920 2826 978 2863 ius
995 2826 1166 2862 eamdem

224 2879 468 2917 extendendi.
500 2882 600 2930 Regi
638 2880 755 2918 ctiam
794 2880 841 2917 ob
879 2879 1011 2917 oculos
1042 2879 1171 2927 posuit

223 2932 360 2969 noxias
390 2934 562 2982 regaliae
585 2935 760 2972 effectus.
784 2933 929 2983 Reipsa
958 2945 1072 2970 nemo
1095 2945 1166 2969 non

224 2986 342 3032 videt,
356 2992 500 3035 quanta
516 2988 749 3026 detrimenta
762 2986 938 3037 'princeps
951 2986 1169 3024 malevolus

224 3040 396 3088 specioso
427 3041 597 3091 regaliae
633 3042 747 3079 titulo
784 3041 983 3079 Ecclesiae
1022 3039 1168 3077 inferre

225 3097 361 3142 posset.
386 3093 533 3132 Verum
557 3096 779 3134 Ludovicus
796 3095 911 3140 XIV,
937 3094 1003 3144 qui
1026 3093 1169 3131 nullam

225 3147 344 3184 etiam
372 3149 542 3187 maxime
570 3150 712 3188 iustam
741 3149 1090 3187 contradictionem
1112 3147 1170 3184 se-

227 3201 347 3248 rebat,
382 3202 581 3242 l'ontificis
608 3203 769 3242 consilia
799 3207 838 3241 et
874 3203 1020 3241 monita
1057 3213 1171 3252 sprc-

1180 254 1314 291 prema
1330 240 1451 286 curia,
1468 241 1535 278 sed
1552 240 1666 278 multi
1677 240 1796 278 etiam
1812 240 2008 279 antistites
2026 238 2128 276 Galli

1179 307 1267 333 cum
1287 307 1379 343 rege
1411 297 1548 332 contra
1568 293 1800 332 Pontificem
1833 294 2129 332 consenserunt.

1179 351 1291 387 Anno
1310 348 1408 386 1681
1427 348 1627 398 praesules
1647 348 1711 393 34,
1727 348 1936 386 secundum
1952 346 2048 385 alios
2064 346 2129 392 40,

1179 414 1202 440 a
1220 414 1314 451 rege
1331 402 1504 440 Parisios
1525 402 1726 439 convocati
1739 431 1748 448 ,
1768 401 1919 450 litteras
1939 413 2009 439 seu
2029 400 2130 438 Bre-

1180 456 1245 494 via
1275 455 1474 493 Pontificis
1511 456 1559 493 ad
1589 466 1721 504 regem
1750 455 2041 504 improbarunt3
2071 454 2130 490 ius

1180 509 1351 558 regaliae
1372 521 1448 546 non
1464 512 1617 547 tantum
1639 509 1688 546 ab
1707 508 1934 546 Alexandro
1955 508 2012 545 III
2028 507 2132 545 aliis-

1180 575 1253 612 que
1270 564 1448 612 deinceps
1465 563 1721 600 Pontificibus
1743 565 1784 599 et
1799 560 1974 599 conciliis
1998 572 2132 610 appro-

1179 617 1335 663 batum,
1368 617 1435 654 sed
1469 618 1553 666 regi
1588 616 1834 654 Francorum
1861 615 2064 661 innatum,
2092 615 2133 652 et

1179 671 1274 708 nulli
1293 670 1558 709 ecclesiastico
1579 669 1789 716 tribunali,
1810 669 2040 718 disciplinae
2063 669 2132 706 aut

1182 724 1337 774 politiae
1366 724 1578 762 obnoxium
1609 735 1713 770 esse,
1745 723 2057 769 contenderunt;
2084 720 2132 758 iis

1181 779 1301 816 etiam
1316 778 1503 824 ecclesiis,
1516 789 1618 827 quae
1634 780 1752 815 antea
1763 777 1811 815 ab
1828 788 1946 814 onere
1958 773 2132 825 regaliae

1182 832 1342 870 fuerant
1369 831 1539 878 liberae,
1569 843 1638 881 pro
1668 831 1768 869 bono
1798 830 1902 880 pacis
1934 827 2133 868 voluntati

1182 886 1287 936 regis
1315 897 1400 924 esse
1429 886 1659 931 cedendum,
1689 885 1888 923 dixerunt.
1919 883 2135 922 Praeterea

1182 940 1267 989 regi
1287 942 1494 978 suaserunt
1522 938 1732 977 nationalis
1752 938 1892 988 synodi
1923 937 1988 975 vel
2009 947 2135 987 gene-

1184 994 1327 1031 ralium
1362 994 1607 1031 comitiorum
1651 992 1991 1039 convocationem,
2036 1001 2137 1039 quae

1185 1049 1403 1086 Romanam
1433 1046 1584 1085 curiam
1614 1048 1661 1085 ad
1682 1045 2002 1084 satisfaciendum
2033 1042 2139 1093 regis

1186 1104 1226 1139 et
1259 1101 1447 1139 ecclesiae
1487 1101 1716 1139 Gallicanae
1754 1099 1934 1149 querelis·
1964 1099 2137 1147 cogeret.

1188 1155 1344 1197 Quanta
1363 1155 1588 1204 praesulum
1616 1155 1664 1192 ad
1694 1165 1919 1203 supremam
1949 1150 2137 1202 principis

1189 1209 1435 1247 voluntatem
1449 1209 1651 1247 subiectio!
1665 1208 1890 1246 Meminisse
1901 1205 2138 1251 debuissent,

1190 1263 1228 1301 in
1258 1263 1455 1312 praesenti
1482 1262 1639 1301 dissidio
1667 1262 1795 1311 potius
1822 1263 1868 1300 de
1889 1259 2140 1299 eeclesiarum

1191 1328 1352 1355 suarum
1369 1317 1564 1363 libertate,
1581 1328 1700 1365 quam
1718 1316 1764 1353 de
1780 1315 1886 1366 regis
1900 1314 2050 1353 iuribus
2064 1311 2141 1362 agi.

1245 1371 1334 1409 Rex
1354 1371 1568 1408 seeundum
1592 1381 1726 1408 eorum
1748 1369 1952 1407 consilium
1973 1378 2143 1418 genera-

1192 1425 1244 1462 lia
1263 1424 1357 1462 cleri
1378 1424 1538 1462 comitia
1558 1424 1720 1462 Parisiis
1748 1424 1908 1462 indixit.
1928 1423 1987 1461 Ea
2007 1422 2145 1470 coepta

1193 1482 1286 1517 sunt
1307 1479 1352 1515 v⁰
1376 1479 1461 1516 idus
1487 1477 1712 1516 novembris
1736 1477 1834 1516 1681
1854 1480 1895 1515 et
1922 1488 1992 1526 per
2011 1475 2143 1525 plures

1193 1543 1344 1570 menses
1359 1532 1450 1570 anni
1471 1531 1668 1581 sequentis
1685 1533 1895 1581 protracta.
1912 1530 2141 1568 Orationem

1194 1586 1243 1623 ad
1255 1588 1515 1636 congregatos
1531 1585 1726 1635 praelatos
1746 1585 1883 1623 habuit
1893 1584 2055 1622 Iacobus
2063 1582 2142 1620 Be-

1194 1637 1337 1689 nignus
1349 1638 1923 1689 Bossuet,epise.Meldensis,in
1935 1649 2010 1687 qua
2019 1635 2144 1675 multa

1196 1694 1297 1732 dixit
1311 1694 1358 1732 de
1375 1694 1617 1732 obedientiae
1633 1692 1877 1743 Apostolicae
1891 1692 1982 1730 Sedi
2000 1689 2145 1736 debita,

1196 1748 1242 1785 de
1253 1748 1452 1786 Ecclesiae
1469 1748 1685 1794 unitate,de
1701 1747 1851 1785 meritis
1871 1757 2007 1796 regum
2023 1744 2149 1783 Fran-

1195 1814 1328 1840 corum
1338 1802 1375 1840 in
1389 1802 1628 1852 protegenda
1637 1800 1875 1847 Ecclesia,de
1885 1798 2149 1844 libertatibus,

1197 1868 1295 1906 quas
1307 1857 1515 1902 vocabant,
1528 1855 1714 1894 ecclesiae
1723 1855 1963 1893 Gallicanae.
1977 1851 2149 1892 Multum

1198 1911 1457 1959 disceptatum
1486 1912 1545 1948 est
1582 1910 1629 1947 de
1659 1908 1860 1947 Pontificis
1879 1911 1920 1946 et
1951 1906 2057 1957 regis
2075 1917 2147 1955 po-

1198 1967 1363 2011 testate,
1385 1965 1508 2013 deque
1529 1963 1715 2002 ecclesiae
1736 1963 1962 2000 Gallicanae
1984 1961 2149 1999 liberta-

1199 2019 1316 2056 tibus.
1331 2019 1497 2055 Demum
1518 2020 1593 2055 vn⁰
1621 2018 1706 2055 idus
1727 2016 1859 2054 martii
1889 2015 1992 2054 1682
2008 2025 2148 2053 secun-

1201 2073 1292 2110 dum
1323 2072 1400 2109 duo
1430 2071 1631 2120 principia,
1661 2082 1776 2120 quae,
1809 2073 1854 2108 ut
1889 2080 2008 2118 supra
2045 2066 2151 2106 dixi-

1203 2138 1300 2172 mus,
1309 2126 1363 2164 Cl.
1374 2125 1521 2175 Fleury
1533 2125 1758 2163 libertatum
1770 2123 2062 2161 Gallicanarum
2075 2131 2154 2159 car-

1203 2181 1312 2219 dines
1335 2182 1471 2226 vocat,
1502 2179 1713 2217 ediderunt
1740 2177 1932 2216 celebrem
1964 2176 2152 2214 Declara-

1205 2234 1348 2272 tionem
1366 2263 1375 2279 ,
1402 2244 1479 2281 qua
1505 2234 1555 2271 R.
1583 2231 1786 2270 Pontificis
1821 2232 2056 2280 potestatem
2091 2240 2155 2267 re-

1204 2287 1465 2333 strinxerunt,
1488 2290 1527 2324 et
1547 2286 1719 2336 specioso
1739 2285 1969 2323 libertatum
1999 2282 2154 2322 nomine

1205 2341 1408 2380 ecclesiam
1431 2340 1676 2378 Gallicanam
1707 2339 1746 2377 in
1782 2338 1969 2376 maiorem
1997 2336 2101 2387 regis
2117 2337 2156 2374 et

1206 2396 1341 2434 curiae
1366 2394 1644 2444 (Parle'ment)
1673 2393 1952 2432 subiectionem
1974 2392 2154 2430 coniece-

1209 2453 1313 2488 runt.
1337 2448 1650 2486 Declarationem
1669 2447 1732 2485 hic
1748 2446 1912 2497 propriis
1927 2446 2008 2485 suis
2024 2443 2154 2484 verbis

1208 2502 1454 2542 referendam
1475 2502 1676 2540 duximus:

1264 2570 1286 2595 ‹<
1307 2556 1508 2595 Ecclesiae
1537 2556 1768 2594 Gallicanae
1788 2555 1958 2601 decreta,
1974 2555 2014 2592 et
2032 2552 2158 2591 liber-

1210 2613 1312 2649 tates
1339 2622 1362 2647 a
1388 2610 1601 2648 maioribus
1624 2610 1765 2647 nostris
1786 2611 1897 2647 tanto
1917 2607 2046 2647 studio
2066 2617 2160 2656 pro-

1213 2667 1418 2714 pngnatas,
1439 2675 1651 2713 earumque
1668 2663 1937 2708 fundamenta,
1957 2660 2078 2700 sacris
2093 2671 2161 2697 ca-

1213 2719 1376 2756 nonibus
1407 2722 1446 2755 et
1472 2718 1635 2755 Patrum
1661 2716 1873 2755 traditione
1903 2716 2016 2762 nixa,
2045 2712 2161 2752 multi

1212 2773 1370 2810 diruere
1398 2771 1633 2819 moliuntur;
1662 2783 1734 2809 nec
1754 2771 1917 2816 desunt,
1937 2769 2003 2819 qui
2024 2777 2159 2806 earum

1213 2827 1374 2864 obtentu
1400 2826 1611 2875 primatum
1634 2825 1739 2863 beati
1760 2824 1868 2863 Petri
1890 2823 2050 2872 eiusque
2070 2832 2158 2860 suc-

1213 2892 1422 2925 cessorum,
1444 2880 1711 2917 Romanorum
1731 2877 1981 2925 Pontificum,
2000 2888 2025 2915 a
2043 2875 2163 2914 Chri-

1214 2936 1272 2970 sto
1294 2933 1535 2978 institutum,
1556 2934 1678 2982 iisque
1708 2933 1880 2971 debitam
1913 2932 1960 2969 ab
1981 2929 2161 2968 omnibus

1215 2987 1445 3025 Christianis
1467 2987 1727 3025 obedientiam
1741 3016 1750 3031 ,
1777 2986 1966 3035 Sedisque
1986 2985 2160 3033 Aposto-

1215 3040 1326 3085 licae,
1343 3041 1378 3078 in
1402 3053 1479 3091 qua
1502 3041 1596 3079 tides
1614 3040 1864 3090 praedicatur
1884 3043 1924 3077 et
1941 3037 2069 3076 unitas
2088 3047 2164 3075 ser-

1218 3098 1333 3132 vatur
1354 3094 1561 3141 Ecclesiae,
1578 3095 1835 3132 reverendam
1857 3091 2036 3131 omnibus
2056 3102 2156 3140 gen-

1214 3149 1318 3186 tibus
1354 3149 1595 3186 maiestatem
1628 3148 1859 3186 imminuere
1887 3157 1961 3183 non
1992 3156 2162 3183 verean-

1189 3237 1194 3249 ,
1214 3204 1289 3240 tur.
1314 3200 1512 3240 Haeretici
1533 3214 1686 3251 quoque
1706 3201 1802 3239 nihil
1824 3197 2164 3251 praetermittunt,
