2241 3473
233 171 311 213 394

176 254 348 302 terisque
374 251 515 288 ibidem
543 249 768 291 enuntiatis,
791 252 962 296 excepta
981 247 1131 284 dumta-

174 313 242 344 xat
270 307 521 355 privilegiata
546 315 681 340 eorum
709 302 991 345 iurisdictione,
1010 302 1072 349 qui
1094 302 1131 338 in

176 365 252 397 art.
287 361 328 396 11
357 357 641 396 Conventionis
672 355 925 402 supradictae
957 355 1134 392 nomina-

176 414 246 450 tim
279 412 475 459 designati
503 411 679 446 fuerunt.
699 410 922 456 Suppressa
945 414 1133 456 exempta

178 466 378 504 territoria
405 464 574 512 propriis
600 475 670 499 seu
687 462 864 498 finitimis
888 462 1132 499 dioecesibus

174 519 374 566 iungenda
399 522 514 554 erant
540 520 564 550 ¹.
587 517 755 553 Demum
782 527 885 551 anno
916 517 1027 560 1876,
1066 517 1133 552 Al-

177 573 323 620 phonso
350 572 422 607 XII
450 582 562 618 rege,
595 569 814 605 Prioratas
843 569 1026 610 Quataor
1060 569 1130 605 Or·-

177 626 306 661 clinum
323 623 575 659 Militariam,
594 623 632 658 in
648 623 933 670 Hispaniarum
950 634 1075 670 regno
1110 634 1133 659 a

179 679 249 715 Pio
277 679 348 726 Pp.
387 679 441 714 IX
469 677 598 714 denuo
637 678 872 714 constitutus
899 682 983 722 est,
1019 678 1132 725 eique

179 732 463 779 Philippopolis
476 733 504 775 ²,
523 731 692 767 eeclesia
706 730 969 775 Cathedralis,
986 733 1056 767 sub
1071 742 1133 767 ar-

183 786 368 833 chiepisc.
403 785 612 831 metropol.
641 785 798 828 Toleti,
834 785 948 821 sedes
979 796 1002 821 a
1034 785 1134 821 Pon-

181 840 285 876 tifice
303 851 445 876 recens
464 843 613 882 erecta,
629 838 819 875 attributa
837 844 910 875 est.
923 840 1080 876 Interea
1094 840 1132 875 in

179 893 421 932 Consistorio
450 893 512 928 111⁰
531 892 684 929 calend.
706 893 879 929 octobris
898 893 1020 940 ipsius
1040 894 1132 929 anni

180 947 294 983 Prior
320 947 469 983 electus
489 947 706 994 Episcopus
724 945 828 982 titul.
850 946 996 983 Doren.
1020 959 1132 995 prae-

179 1000 381 1037 nuntiatus
407 1004 483 1036 est.

227 1054 308 1090 Iam
328 1053 416 1089 inde
437 1054 484 1089 ab
504 1053 726 1097 anno1875,
743 1053 945 1099 Alphonso
960 1055 1047 1099 XII,
1061 1056 1134 1092 Eli-

179 1107 317 1144 sabeth
331 1106 426 1151 filio,
439 1118 533 1154 rege
551 1108 777 1151 constituto,
794 1107 1027 1155 Hispaniam
1044 1121 1132 1146 eum

180 1161 361 1196 Romana
387 1160 569 1197 Ecclesia
587 1159 800 1197 conciliare
829 1162 941 1208 regni
971 1162 1134 1199 admini-

181 1213 252 1250 stri
279 1213 364 1250 eius
390 1225 551 1261 operam
582 1214 785 1251 dederant.
826 1215 1015 1252 Attamen
1043 1228 1131 1253 eon—

181 1268 328 1304 stitutio
349 1279 372 1304 a
397 1268 507 1315 regni
524 1268 702 1306 Comitiis
718 1274 860 1317 coepta
886 1274 947 1306 est
973 1270 1132 1318 agitari,

182 1335 258 1372 qua
287 1325 467 1362 Cultuum
495 1325 655 1360 libertas
696 1325 1030 1372 promulgaretur.
1066 1326 1133 1361 Hi-

180 1384 409 1430 spaniarum
425 1382 688 1430 Episcopatus
704 1381 848 1417 iterum
866 1381 1133 1428 compluribus

181 1439 338 1486 scriptis
357 1442 473 1486 atque
501 1437 848 1474 reclamationibus
867 1437 974 1472 illam
995 1436 1131 1472 adver-

181 1493 256 1529 sati
286 1498 389 1529 sunt.
416 1493 510 1528 Pius
536 1493 605 1537 Pp.
626 1492 680 1528 IX
707 1491 908 1529 Cardinali
927 1492 1132 1538 Archiepi—

178 1558 296 1595 scopo
316 1547 507 1584 Toletano
540 1547 581 1582 v⁰
606 1557 731 1583 nonas
758 1547 923 1582 martias
950 1557 1014 1582 an.
1042 1546 1132 1584 1876

180 1601 352 1638 Litteras
386 1602 424 1637 in
458 1602 585 1638 forma
615 1601 735 1638 Brevi
770 1600 958 1648 scripsit,
994 1601 1132 1650 quibus

179 1655 408 1693 declarabat
442 1667 540 1704 quae
566 1667 590 1692 a
615 1667 684 1692 suo
716 1655 914 1695 Cardinali
953 1667 977 1692 a
1003 1668 1132 1693 secre-

179 1709 226 1746 tis
252 1713 344 1746 acta
370 1714 503 1746 essent
527 1721 614 1745 cum
642 1708 845 1756 hispanico
872 1709 976 1757 apud
1003 1710 1043 1746 S.
1065 1710 1133 1746 Se-

179 1762 267 1800 dem
307 1763 478 1800 Oratore
493 1794 501 1808 ‚
542 1774 718 1811 quaeque
759 1768 797 1799 et
831 1764 917 1811 Ipse
958 1764 1132 1811 perfece-

180 1822 243 1853 rat
269 1822 310 1853 ut
336 1818 383 1853 ab
415 1817 608 1865 Hispania
634 1821 691 1852 tot
720 1816 966 1854 imminentia
1000 1818 1132 1862 mala,

181 1882 229 1908 ex
257 1871 408 1918 legibus
441 1872 528 1907 latis
561 1872 736 1914 oritura,
774 1875 990 1908 averteret.
1027 1872 1134 1908 Nun-

181 1926 255 1961 tius
288 1926 540 1972 Apostolicus
573 1926 676 1973 apud
711 1925 956 1973 hispanicum
994 1926 1133 1973 guber-

181 1979 286 2015 nium
300 1979 461 2015 Madriti
477 1979 687 2026 diligenter
701 1991 812 2015 suam
829 1984 980 2026 partem
1001 1980 1133 2028 imple-

181 2032 248 2076 vit,
267 2043 313 2068 ac
331 2032 378 2069 de
397 2033 609 2070 violatione
628 2033 910 2070 Conventionis
929 2034 1021 2069 anni
1044 2035 1131 2071 1851

181 2097 269 2122 eum
286 2086 435 2123 S-Sedo
451 2087 570 2122 initae
590 2086 701 2123 valde
721 2090 959 2134 conquestus
977 2091 1051 2123 est.
1068 2088 1134 2123 Ni—

180 2140 388 2176 hilominus
405 2140 527 2187 pridie
543 2141 627 2177 idus
642 2141 812 2188 quintilis
829 2152 891 2176 an.
910 2141 1000 2177 1876
1019 2144 1132 2188 regni

179 2193 340 2230 comitia
355 2195 541 2236 ¹Cultuum
567 2195 791 2231 libertatem
811 2195 1043 2232 decrevere.
1066 2197 1131 2231 Hi-

179 2249 291 2296 spani
310 2260 404 2285 vero
427 2249 515 2285 huic
531 2250 607 2296 legi
623 2261 781 2297 semper
806 2249 998 2296 refragati
1025 2256 1129 2294 sunt,

179 2311 218 2343 et
235 2317 352 2353 quum
376 2305 465 2342 fidei
484 2305 675 2341 unitatem
695 2304 940 2351 plauderent,
957 2310 995 2341 et
1013 2317 1129 2352 quum

179 2361 465 2409 Episcoporum
479 2360 637 2407 scriptis
666 2359 1014 2395 reclamationibus
1046 2360 1130 2395 sub-

179 2416 414 2457 scriberent,
430 2420 469 2451 et
488 2426 603 2462 quum
623 2414 850 2461 obsequium
880 2425 979 2461 erga
999 2414 1131 2449 Ponti-

178 2470 292 2506 ficem
327 2470 479 2517 publice
495 2469 761 2506 declararent.
783 2470 1004 2504 societates
1044 2469 1132 2504 reli-

180 2524 306 2570 gionis
334 2525 465 2569 gratia
495 2524 614 2560 etiam
643 2524 879 2559 constitutae
905 2529 1008 2565 sunt,
1032 2534 1129 2570 quac

181 2578 382 2614 Ecclesiae
400 2578 487 2614 iura
501 2578 648 2614 violata
661 2577 1131 2620 defenderent3attamen,

182 2631 398 2668 interiectis
415 2632 583 2679 partium
599 2632 749 2675 studiis,
761 2631 1130 2678 vestigiaapparue-

182 2691 271 2721 runt
288 2685 574 2722 dissensionum
592 2698 690 2734 quae
710 2686 815 2733 ipsas
828 2686 1040 2721 societates
1054 2697 1130 2720 non

181 2751 319 2785 parum
349 2741 639 2788 perturbarunt.
667 2740 919 2787 Quapropter
952 2741 1029 2775 Leo
1060 2739 1126 2786 I‘p⁴

180 2793 267 2829 XIII
286 2806 355 2841 per
370 2806 479 2830 suam
498 2795 714 2841 Epistolam
728 2793 997 2840 Encyclicam,
1016 2792 1090 2828 diei
1111 2794 1132 2829 8

177 2846 398 2884 decembris
418 2848 812 2895 1882,a‹lE1‚iscop0s
833 2848 868 2882 in
889 2847 1051 2894 regione
1068 2847 1133 2881 Ili-

176 2912 301 2948 spana
315 2902 460 2940 datam.
484 2903 678 2949 Hispanos
694 2914 831 2939 omnes
858 2903 1036 2938 hortatus
1055 2908 1128 2939 est.

177 2960 218 2990 ut
233 2956 280 2991 ob
299 2962 516 3003 spectatam
535 2968 645 2992 suam
665 2957 1041 3004 ergaApostolicam
1063 2957 1128 2991 Se-

176 3009 263 3045 dem
282 3011 539 3054 voluntatem,
569 3011 804 3048 concordiae
832 3011 1023 3048 beneficia
1050 3022 1130 3046 ser-

178 3063 592 3106 vent‚d0mesticorum
610 3066 880 3112 exemplorum
895 3065 1125 3102 memoriam

228 3187 232 3206 ¹
257 3188 384 3227 Lrgrsis
403 3190 567 3222 I'ontilicis
589 3190 727 3221 l,itlt·r;is
748 3191 778 3221 in
799 3190 923 3231 ephrni.
948 3191 989 3223 Ι,(ι
1014 3190 1125 3221 Scien-

179 3243 216 3264 zu
237 3243 252 3263 e
272 3235 303 3265 Ia
324 3234 420 3273 Fedc,
441 3236 505 3267 rol.
527 3237 852 3278 x12111,p.141)sq‹1.

260 3280 322 3312 Seu
353 3280 511 3317 Clunirn,
532 3282 695 3322 hispanice
719 3280 851 3314 cuulad
870 3283 962 3315 ssent.

518 183 687 211 EPOGHA
706 181 798 209 xl11.
824 183 850 208 A
873 181 1057 209 PVBLICA
1078 182 1227 209 RERVM
1250 182 1292 209 IN
1314 181 1485 210 GALLIIS
1504 181 1794 210 SVBVERSIONE

1185 251 1389 293 renovent,
1406 248 1643 296 cogitantes,
1668 249 1769 296 quod
1787 249 1960 288 maiores
1979 261 2086 293 suos,
2101 254 2136 289 si

1185 302 1311 338 multa
1322 302 1478 339 fortiter
1487 303 1612 339 multa
1629 303 1837 351 praeclare
1846 303 1950 340 domi
1965 304 2136 353 forisque

1183 357 1532 404 gesserunt‚plane
1554 369 1628 392 non
1650 357 1849 403 dissipatis
1867 357 2134 396 dissentiendo

1184 409 1347 453 vir-ibus,
1368 410 1437 446 sed
1450 421 1529 446 una
1546 411 1655 447 velut
1670 415 1979 458 mente,unoque
1998 413 2130 449 animo

1182 473 1328 509 gerere
1356 468 1581 510 potuerunt.

1228 517 1287 554 84.
1315 516 1366 552 In
1393 516 1603 553 Lusitania
1620 538 1658 544 —
1675 517 1748 554 Rei
1766 517 1974 564 religiosae
1990 520 2134 557 civilis-

1182 582 1257 618 que
1284 571 1513 618 compositio
1534 571 1571 606 in
1602 582 1725 618 regno
1754 572 1943 608 Lusitano
1961 572 2135 610 admissa

1183 624 1253 659 sub
1280 624 1459 660 Romano
1488 624 1678 660 Pontifice
1705 625 1900 671 Gregorio
1918 625 2012 661 XVI
2031 637 2137 662 mor-

1183 678 1272 713 bum
1289 677 1445 721 occulit,
1461 678 1530 714 sed
1549 689 1628 714 non
1645 679 1836 714 sanavitl.
1858 678 2134 716 Miserandum

1184 731 1389 768 Ecclesiae
1417 736 1562 770 statum
1582 732 1621 767 in
1638 731 1843 768 Lusitania
1859 738 2074 769 servarunt
2097 737 2137 770 et

1183 785 1310 822 adhuc
1336 786 1531 823 sustinent
1558 786 1841 823 Liberalismus
1874 790 1914 823 et
1941 787 2134 823 Massoni-

1183 851 1304 884 smus,
1333 840 1396 888 qui
1424 840 1460 876 in
1488 841 1720 877 Lusitanam
1748 845 1909 887 gentem
1936 840 2139 878 dominan-

1183 899 1258 937 tur,
1286 894 1341 930 ita
1368 899 1410 930 ut
1427 894 1690 942 fidelissimus
1719 894 1782 931 ille
1815 895 1978 942 populus
2004 895 2140 943 infeli-

1183 947 1361 984 cissimas
1382 949 1467 984 iure
1484 948 1606 996 possit
1626 948 1833 995 appellari.
1846 948 1962 985 Fides
1981 960 2137 994 revera,

1184 1013 1284 1049 quae
1312 1003 1406 1038 olim
1425 1002 1655 1039 Lusitaniae
1675 1013 1793 1049 reges
1812 1006 1852 1039 et
1870 1003 2034 1050 populos
2056 1003 2139 1040 illu-

1184 1057 1350 1093 striores
1369 1057 1406 1092 in
1426 1057 1523 1093 orbe
1543 1057 1691 1101 effecit,
1710 1057 1844 1093 multis
1869 1056 2008 1095 abhinc
2026 1059 2140 1095 annis

1186 1110 1354 1157 algescit
1386 1110 1424 1146 in
1459 1110 1756 1158 quampluribus
1789 1122 1956 1155 eorum,
1993 1111 2058 1159 qui
2091 1111 2139 1148 ad

1186 1165 1288 1201 illius
1316 1166 1430 1213 regni
1449 1167 1719 1213 gubernacula
1738 1165 1891 1202 sedent.
1912 1166 2048 1209 Immo,
2067 1166 2141 1203 uti-

1188 1229 1278 1254 nam
1307 1220 1421 1266 pauci
1450 1220 1618 1256 fuissent
1636 1220 1840 1255 Ecclesiae
1861 1219 2081 1266 presbyteri
2100 1224 2141 1257 et

1186 1272 1414 1319 dignitates,
1436 1274 1499 1321 qui
1528 1274 1627 1310 tanti
1653 1274 1782 1309 damni
1813 1273 2027 1322 participes
2046 1273 2139 1310 facti

1184 1328 1277 1364 sint!
1303 1329 1474 1366 Subinde
1503 1329 1612 1376 leges
1631 1329 1737 1364 latae
1764 1328 1910 1364 iuribus
1938 1327 2140 1365 Ecclesiae

1184 1385 1389 1430 infensae;
1422 1385 1485 1433 qui
1511 1386 1615 1421 inter
1649 1384 1904 1422 administros
1941 1385 2054 1432 regni
2080 1386 2138 1423 rei

1184 1444 1478 1480 ecclesiasticae
1498 1453 1686 1491 praeesse
1702 1441 1920 1486 dicitur,ita
1937 1454 1980 1479 se
2000 1444 2136 1491 gessit,

1184 1498 1232 1533 ad
1261 1504 1499 1546 potestatem
1527 1503 1566 1534 et
1593 1497 1903 1535 iurisdictionem
1924 1499 2139 1547 Episcopo-

1184 1564 1270 1589 rum
1299 1553 1400 1601 quod
1428 1553 1582 1597 attinet,
1608 1558 1651 1589 ut
1677 1553 1997 1600 procurationem
2026 1554 2138 1601 spiri—

1182 1608 1329 1645 tualem
1355 1608 1595 1645 dioecesium
1623 1608 1741 1645 totius
1769 1609 1882 1656 regni
1908 1619 2030 1656 penes
2057 1607 2129 1646 sei—

1185 1674 1295 1710 psum
1313 1675 1401 1700 esse
1421 1667 1715 1712 praesumeret;
1734 1663 1939 1711 Episcopis
1954 1663 2136 1707 vetitum,

1183 1717 1389 1765 quominus
1417 1718 1585 1754 clericos
1612 1717 1661 1753 ad
1689 1728 1826 1753 sacros
1854 1717 2025 1754 Ordines
2052 1729 2139 1765 pro-

1184 1777 1391 1808 moverent
1423 1772 1568 1820 absque
1601 1771 1790 1808 Gubernii
1825 1772 1996 1819 placito,
2036 1783 2136 1809 neve

1184 1826 1355 1874 aliquem
1383 1825 1431 1862 ad
1451 1826 1767 1863 ecclesiasticum
1787 1825 2029 1862 Beneficium
2050 1837 2136 1873 pro-

1184 1880 1331 1916 vehere
1360 1885 1544 1926 possent,
1572 1880 1642 1917 sed
1670 1884 1819 1915 tantum
1851 1879 2087 1916 electionem
2114 1891 2138 1916 a

1183 1934 1385 1970 Gubernio
1419 1934 1566 1970 factam
1606 1933 1836 1981 probarent.
1871 1933 1956 1974 Quo
1995 1938 2137 1981 pactO,

1184 1999 1299 2035 quum
1322 1988 1359 2023 in
1380 1988 1585 2024 Lusitania
1604 1988 1682 2024 late
1703 1992 1839 2034 pateat
1860 1986 2135 2023 damnatarum

1184 2042 1421 2077 societatum
1458 2041 1694 2088 imperium,
1728 2040 1958 2088 quandoque
1985 2040 2032 2076 ad
2065 2041 2137 2078 Be-

1187 2095 1329 2131 neficia
1355 2094 1629 2132 ecclesiastica
1648 2094 1768 2131 etiam
1788 2094 1941 2129 maiora
1958 2093 2064 2130 viros
2082 2096 2138 2130 in-

1184 2149 1322 2196 dignos
1340 2149 1434 2196 eligi
1455 2149 1539 2185 iure
1560 2149 1764 2196 conquesti
1783 2151 1873 2184 sunt
1893 2147 2042 2184 fideles.
2063 2149 2135 2184 Ac-

1184 2207 1391 2239 cesserunt
1411 2203 1608 2249 permulta
1626 2203 1673 2238 ab
1693 2201 1913 2237 hominibus
1929 2201 2137 2248 flagitiosis

1184 2257 1343 2303 impune
1371 2256 1543 2292 admissa
1570 2261 1711 2292 contra
1738 2255 1944 2291 Ecclesiae
1975 2255 2135 2291 catholi-

1187 2322 1256 2346 cae
1284 2311 1371 2346 iura
1397 2322 1443 2346 ac
1472 2311 1750 2352 institutiones,
1781 2310 1834 2345 ita
1860 2313 1902 2345 ut
1928 2309 2135 2357 aliquando

1185 2365 1345 2402 Puellae
1374 2377 1397 2401 a
1423 2366 1625 2403 Charitate
1653 2369 1924 2412 nuncupatae,
1958 2375 2135 2413 quaeque

1184 2419 1221 2454 in
1248 2420 1307 2455 sui
1342 2420 1645 2456 admirationem
1680 2430 1818 2455 omnes
1852 2419 2036 2466 rapiunt,
2069 2431 2136 2466 per

1182 2473 1354 2510 civitatis
1388 2474 1497 2516 vias,
1526 2474 1596 2509 sub
1628 2474 1770 2509 umbra
1800 2473 1967 2521 gallicae
1999 2483 2136 2510 earum

1182 2528 1361 2575 originis,
1382 2528 1633 2565 contumeliis
1650 2539 1696 2564 ac
1716 2522 1948 2564 verberibus
1967 2528 2136 2564 affectae

1182 2582 1337 2619 suerint.

1230 2638 1340 2674 Haec
1359 2638 1492 2674 omnia
1506 2649 1639 2673 secum
1657 2638 1847 2683 cogitanti
1864 2650 2050 2687 supremo
2066 2640 2135 2676 Ec-

1182 2692 1327 2728 clesiae
1346 2692 1500 2728 Pastori
1517 2692 1635 2740 digna
1650 2693 1733 2729 visa
1748 2699 1852 2737 sunt,
1865 2705 1965 2742 quae
1982 2706 2135 2731 summa

1182 2757 1252 2781 sua
1280 2750 1473 2793 potestate
1493 2747 1804 2794 corrigerentur.
1828 2749 2045 2795 Epistolam
2066 2760 2135 2786 en-

1182 2800 1372 2846 vyelicam
1401 2801 1449 2836 ob
1470 2801 1505 2836 id
1524 2801 1631 2839 misit
1651 2803 1909 2839 Patriarchae
1929 2802 2136 2850 Ulysippo-

1183 2854 1291 2890 nensi
1310 2885 1317 2898 ‚
1348 2855 1667 2903 Art-hiepiscopis
1696 2857 1808 2904 regni
1841 2857 2043 2900 Lusitani,
2071 2869 2134 2894 eo-

1184 2920 1345 2956 rumque
1374 2912 1639 2957 suffraganeis
1667 2911 1894 2958 Episcopis,
1915 2911 1977 2948 die
2004 2912 2025 2949 3
2054 2912 2133 2948 iulii

1184 2962 1285 3004 1802,
1307 2976 1384 3010 qua
1412 2970 1513 3001 totus
1541 2966 1576 3001 in
1605 2977 1651 3001 eo
1679 2971 1752 3008 est,
1781 2971 1821 3001 ut
1847 2965 2028 3001 ostendat
2055 2967 2133 3002 ani-

1182 3028 1334 3052 man-nni
1375 3018 1560 3055 l‘astores
1594 3020 1722 3055 officio
1749 3032 1819 3056 suo
1851 3019 1952 3056 haud
1982 3020 2133 3056 satisfa-

1181 3082 1271 3105 cere
1292 3071 1321 3105 si
1342 3072 1441 3118 quod
1462 3073 1659 3109 infirmum
1680 3078 1755 3115 est,
1777 3086 1853 3109 non
1874 3074 2131 3115 consolidant,

1179 3124 1278 3169 quod
1307 3131 1516 3171 aegrotum
1546 3139 1620 3163 non
1649 3133 1816 3169 sanant,
1847 3128 1946 3174 quod
1979 3128 2133 3162 confra-

1225 3284 1230 3303 1
1266 3282 1333 3315 vm.
1360 3294 1390 3324 μ.
1420 3284 1583 3316 351-355.
