2241 3473
214 122 295 164 288

159 208 511 249 declarationibus,
541 208 685 244 infensi
711 208 948 244 Iesuitarum
977 207 1113 244 hostes

158 264 308 301 crimen
335 262 538 299 Francisci
564 261 753 297 Damiens
789 261 829 296 in
854 260 926 296 hos
956 260 1111 298 referre

157 319 241 355 ausi
267 321 368 361 sunt,
397 319 623 353 asserentes
649 326 740 351 eum
765 314 887 351 fuisse
914 314 1112 361 quondam

156 372 195 408 in
227 382 364 408 eorum
399 370 514 406 domo
533 399 542 414 ,
568 381 617 406 ex
651 380 728 417 qua
761 369 839 405 iam
868 380 891 405 a
923 369 969 407 20
996 366 1110 405 annis

155 425 286 461 fuerat
309 423 461 460 eiectus
486 426 512 457 1.

199 478 260 515 60.
298 475 629 523 Ιννθζί9ἰοείέαίί3
668 476 709 512 in
751 475 891 512 Gallia
926 486 1112 524 progres-

151 542 265 567 sas-
282 531 367 567 Hoc
393 531 478 577 ipso
507 534 688 577 tempore
715 531 754 566 in
780 531 908 567 Gallia
926 529 1109 577 religioni

153 585 390 621 christianae
417 584 670 620 teterrimum
706 584 849 621 bellum
885 584 1112 621 inferebant

149 639 364 685 scriptores
391 637 710 686 irreligiosi‚qui
737 638 916 685 specioso
945 637 1109 685 philoso-

149 692 262 740 phiae
278 695 318 728 et
336 692 572 728 tolerantiae
587 693 748 728 nomine
767 703 926 728 omnem
943 703 1108 738 operam

149 745 393 783 evertendae
413 745 597 791 religioni
616 749 657 782 et
672 745 955 794 propagandae
973 745 1109 793 impie-

147 800 219 837 tati
260 799 474 836 navabant.
515 800 663 836 Eorum
703 801 989 847 antesignanus
1035 799 1110 836 fuit

147 854 290 891 Petrus
315 853 464 901 Bayle,
492 853 555 901 qui
589 854 750 890 saeculo
784 853 1041 900 praecedenti
1069 853 1107 889 in

145 907 304 956 scriptis
321 908 402 944 suis
421 907 675 946 tolerantiam
695 909 940 956 religiosam,
955 908 1109 945 indiffe-

146 961 380 999 rentismum
411 966 450 997 et
475 962 772 1010 scepticismum
792 962 1060 1010 propugnavit
1077 964 1104 997 2.

144 1015 190 1052 Ei
216 1026 365 1063 suppar
392 1015 464 1051 fuit
482 1016 682 1053 Henricus
702 1027 837 1053 comes
855 1016 1108 1053 de-Boulain-

144 1069 307 1113 villiers,
326 1069 390 1117 qui
418 1069 585 1106 Parisiis
609 1071 705 1108 obiit
731 1082 833 1107 anno
855 1070 961 1115 1722,
982 1071 1106 1119 scrip-

142 1123 267 1171 sitque
283 1123 566 1160 refutationem
582 1125 788 1172 Spinozae,
803 1124 871 1161 sed
888 1124 1103 1169 infirmam,

142 1188 219 1225 qua
235 1177 350 1214 huius
367 1178 594 1215 sententiae
614 1180 742 1225 potius
763 1179 1105 1226 propagabantur,

141 1243 257 1280 quam
299 1232 632 1277 confutabantur;
668 1232 787 1270 edidit
826 1233 947 1270 etiam
980 1234 1104 1270 vitam

142 1287 384 1324 Maliometis
413 1298 502 1323 cum
529 1288 866 1331 annotationibus,
887 1288 1025 1336 quibus
1053 1288 1105 1324 le-

142 1347 274 1380 ctores
301 1343 349 1379 ad
375 1343 612 1391 religionem
646 1343 969 1380 mahometanam
1004 1342 1103 1379 cliri-

141 1398 295 1436 stianae
311 1398 618 1447 praeferendam
636 1400 753 1436 facile
771 1398 906 1435 seduci
927 1401 1104 1446 possent.

141 1451 359 1491 Praeterea
393 1455 506 1503 plura
545 1454 839 1491 incredulorum
874 1453 1025 1501 scripta
1066 1453 1103 1489 in

139 1507 284 1556 Anglia
311 1509 431 1554 edita,
453 1510 510 1546 uti
537 1508 706 1546 diximus
721 1511 751 1553 3,
769 1509 809 1544 111
828 1508 973 1544 idioma
992 1507 1104 1556 galli-

138 1573 227 1599 cum
261 1564 480 1608 translata,
509 1564 611 1600 clam
638 1563 741 1600 inter
773 1563 908 1599 Gallos
940 1562 1102 1600 fuerant

136 1616 407 1655 disseminata.
436 1618 630 1662 Accessit,
657 1617 757 1666 quod
785 1617 874 1654 inde
903 1628 926 1654 a
953 1617 1099 1665 prinei-

137 1675 232 1719 patu
266 1672 452 1709 Ludovici
483 1672 576 1708 le
612 1683 769 1708 morum
804 1671 1034 1719 corruptela
1060 1671 1098 1707 in

137 1736 261 1772 regno
286 1727 436 1764 Galliae
469 1727 708 1763 invaluerat.
738 1725 887 1768 Quibus
914 1725 1099 1762 omnibus

139 1780 361 1817 animorum
412 1780 462 1817 ad
512 1779 832 1817 incredulitatem
883 1779 1098 1828 propensio

138 1840 379 1882 praeparata
404 1838 478 1872 est.

187 1887 292 1925 Inter
331 1888 575 1935 irreligiosos
610 1888 827 1936 scriptores
860 1887 996 1924 Gallos
1023 1887 1097 1934 pri-

138 1952 245 1977 mum
273 1942 401 1978 locum
428 1946 596 1990 occupat
623 1942 768 1978 Franc.
799 1942 856 1977 M.
878 1942 1032 1977 Arouet
1050 1941 1097 1977 de

137 1994 334 2039 Voltaire‚
355 1996 419 2043 qui
447 2007 548 2031 anno
576 1996 668 2032 1694
695 1995 859 2032 Parisiis
887 1998 1022 2039 natus,
1049 1995 1097 2030 ab

136 2047 404 2086 adolescentia
447 2060 634 2096 magnam
676 2060 830 2085 morum
865 2048 1094 2092 licentiam,

136 2101 380 2150 impietatem
415 2107 455 2140 et
486 2103 685 2140 vindictae
720 2103 759 2139 in
791 2102 863 2139 sibi
898 2101 1094 2138 contradi-

136 2159 272 2193 centes
298 2156 521 2204 cupidinem
550 2168 646 2204 prae
673 2168 715 2194 se
735 2157 837 2193 tulit.
857 2155 1008 2202 Ingenii
1036 2155 1095 2191 sui

135 2213 174 2245 et
199 2210 449 2258 eloquentiae
477 2210 739 2258 praestantia,
763 2209 962 2247 scribendi
989 2212 1090 2253 arte,

134 2263 271 2311 lepore
297 2268 338 2302 et
363 2264 564 2312 elegantia
590 2276 777 2312 magnam
796 2263 965 2300 nominis
993 2263 1093 2300 cele-

135 2318 346 2364 britatem,
382 2319 559 2356 fautores
594 2319 784 2366 plurimos
823 2322 864 2355 et
903 2321 1093 2365 patronos

133 2373 203 2409 sibi
232 2374 493 2422 comparavit.
514 2375 567 2410 At
593 2385 683 2410 mox
710 2373 747 2409 in
777 2373 935 2422 scriptis
952 2372 1034 2408 suis
1053 2377 1092 2409 et

133 2429 329 2475 Religioni
357 2433 397 2466 et
423 2429 539 2466 Clero
567 2429 778 2472 insultans,
806 2439 908 2464 anno
930 2430 1022 2465 1727
1042 2442 1090 2467 ne

132 2482 298 2520 vinculis
323 2483 563 2526 traderetur,
584 2483 687 2531 fugit
714 2483 752 2519 in
779 2483 981 2530 Angliam.
1010 2485 1091 2521 lllic

132 2537 306 2585 amplam
333 2537 649 2586 irreligiosorum
678 2537 868 2574 librorum
900 2539 1093 2584 cognitio-

131 2603 221 2628 nem
248 2592 414 2640 adeptus
434 2621 442 2636 ‚
469 2593 524 2630 ita
553 2593 591 2629 in
620 2592 823 2639 impietate
860 2591 1092 2630 obfirmatus

131 2650 204 2689 est,
233 2650 275 2683 ut
301 2650 384 2683 tota
411 2648 492 2684 vita
518 2658 592 2684 sua
617 2645 880 2684 destruendae
909 2647 1090 2695 religioni

128 2699 366 2738 christianae
394 2712 558 2749 operam
578 2700 829 2750 impenderit.
850 2701 978 2742 Quum
998 2713 1090 2748 pro-

133 2758 219 2802 pter
246 2755 472 2803 irreligiosa
497 2767 543 2793 ac
571 2755 780 2792 inhonesta
806 2754 969 2802 scripta,
991 2766 1089 2803 quae

131 2809 180 2844 ab
207 2808 281 2845 hoc
308 2813 487 2857 tempore
515 2810 740 2853 emittebat,
769 2820 897 2857 neque
925 2809 1090 2845 Parisiis

132 2873 256 2910 neque
284 2864 321 2898 in
350 2863 439 2900 aliis
466 2865 619 2902 Galliae
647 2864 808 2901 urbibus
836 2863 1087 2908 toleraretur,

131 2927 253 2964 prope
280 2917 485 2955 Genevam
504 2918 707 2967 praedium
733 2918 804 2955 sibi
824 2918 1087 2966 comparavit,

178 3059 184 3080 ¹
209 3060 324 3094 I'iae'ces
341 3061 527 3103 oriqinales
544 3067 574 3096 et
590 3062 794 3105 yn'oce'dures
818 3063 864 3095 clu
891 3061 1007 3105 proces
1024 3062 1088 3104 fail

131 3107 149 3141 ἁ
171 3107 351 3147 Damiens,
374 3108 460 3142 Paris
481 3111 589 3150 1757;
612 3109 916 3150 ue-Saint-vietor,
941 3109 1085 3143 Tableaa

130 3155 168 3187 de
190 3153 300 3192 Paris,
323 3157 344 3186 1.
368 3154 419 3193 lv,
439 3160 522 3198 part.
543 3156 576 3187 2.

207 3199 275 3232 vni.
295 3209 326 3239 p.
346 3198 424 3231 231).

176 3244 421 3279 ἶ’·1’.“.ῑ’Μ-”.Ξ’Ὶῦ.

674 144 679 150 ’
730 136 899 164 ΕΡΟΟΗΑ
920 135 994 163 ΧΠ·
1019 136 1046 162 Α
1067 135 1235 163 LITIBVS
1259 135 1566 165 IANSENISTICIS

1166 205 1204 242 in
1231 217 1306 254 quo
1332 206 1568 253 irreligiosis
1593 207 1753 255 scriptis
1779 207 1902 245 otium
1921 208 2135 257 irrumpsit

1164 271 1287 307 usque
1315 259 1363 296 ad
1390 271 1482 296 ann.
1513 260 1618 304 1778,
1647 272 1723 308 quo
1749 273 1822 309 ope
1850 265 2125 310 patronorum,

1164 325 1261 360 quos
1289 313 1480 361 plurimos
1500 317 1540 351 et
1558 315 1855 361 potentissimos
1871 316 2056 360 habebat,
2072 317 2129 354 fa-

1165 367 1357 404 cultatem
1395 367 1571 404 Parisios
1612 368 1840 405 revertendi
1867 369 2125 417 impetravit,

1165 420 1233 456 sed
1253 421 1368 468 paulo
1388 425 1476 469 post
1496 421 1642 457 ibidem
1660 422 1835 458 animam
1853 423 2067 460 exhalavit.
2088 424 2124 460 Is

1164 473 1461 511 incredulorum
1484 475 1724 522 scriptorum
1748 487 1818 512 seu
1836 477 2124 525 pseudo-philo-

1162 529 1375 575 sophorum
1403 529 1632 577 patriarcha
1659 529 1803 566 merito
1828 537 2009 576 vocatur,
2038 542 2125 569 cae-

1162 584 1346 630 terosque
1379 594 1517 619 omnes
1551 594 1622 630 per
1654 584 1700 621 60
1732 594 1858 619 annos
1891 583 2094 631 impietate
2114 614 2123 631 ‚

1161 636 1432 673 obscoenitate
1459 640 1500 674 et
1526 636 1808 673 maledicentia
1832 638 2049 683 superavit.

1209 690 1306 727 Eius
1332 690 1548 739 discipulus
1575 694 1614 727 et
1640 691 1680 726 in
1707 690 2036 739 pseudo-sophiae
2055 702 2123 739 pa-

1163 744 1388 781 triarchatu
1414 755 1621 781 successor
1646 745 1722 781 fuit
1746 745 1916 782 Ioannes
1943 745 1979 782 le
2006 745 2121 782 Rond

1162 796 1429 842 d’Alembert,
1451 803 1567 834 natus
1594 798 1758 834 Parisiis
1785 809 1851 835 an.
1873 794 1981 843 1717,
2000 803 2041 836 et
2058 810 2126 836 ex-

1166 851 1310 888 tinctus
1342 862 1407 888 an.
1444 852 1551 889 1783.
1589 852 1664 888 Hic
1699 852 1872 900 reliquos
1905 853 2054 890 astutia
2087 856 2129 889 et

1160 904 1403 942 dexteritate
1430 905 1691 953 impugnandi
1708 906 1963 953 Religionem
1981 911 2023 944 et
2040 918 2128 955 pro-

1160 960 1335 1006 pagandi
1368 960 1618 1008 impietatem
1654 959 1772 996 vicit:
1810 972 1904 997 usus
1930 964 1992 998 est
2017 961 2124 997 enim

1160 1024 1257 1060 prae
1285 1014 1430 1051 ceteris
1456 1013 1710 1051 simulatione
1739 1017 1780 1050 et
1807 1014 1971 1051 technis.
2004 1014 2128 1051 Prae-

1159 1068 1274 1114 cipua
1301 1069 1337 1105 ei
1365 1079 1462 1105 cura
1487 1068 1573 1111 fuit,
1592 1074 1636 1104 ut
1664 1068 1891 1105 academias
1917 1072 1957 1106 et
1982 1080 2122 1117 proce-

1159 1132 1247 1157 rum
1262 1122 1400 1158 domos
1413 1120 2028 1170 institutoribus,philosophismi
2043 1123 2125 1172 pla-

1159 1175 1247 1212 citis
1274 1176 1447 1222 imbutis,
1476 1176 1675 1224 impleret.

1207 1230 1322 1267 Alius
1340 1260 1348 1276 ,
1375 1232 1440 1278 qui
1467 1230 1515 1267 ad
1542 1231 1828 1268 destruendam
1859 1232 1965 1269 inter
1991 1232 2124 1269 Gallos

1157 1284 1412 1333 Religionem
1447 1284 1563 1322 dictis
1590 1289 1630 1322 et
1660 1286 1820 1334 scriptis
1855 1298 1975 1335 quam
2002 1286 2123 1335 pluri-

1158 1350 1266 1375 mum
1294 1339 1476 1385 contulit,
1494 1340 1568 1377 fuit
1593 1340 1807 1388 Dionysius
1825 1341 2012 1386 Diderot,
2032 1341 2122 1378 Lin-

1155 1395 1356 1441 gonensis‚
1375 1398 1492 1431 natus
1519 1406 1622 1431 anno
1650 1396 1754 1432 1712.
1777 1397 1814 1433 Is
1840 1400 2007 1445 propter
2024 1397 2121 1434 irre-

1155 1448 1295 1496 ligiosa
1312 1450 1478 1498 scripta,
1495 1450 1533 1485 in
1553 1450 1691 1497 quibus
1709 1451 2022 1499 scepticismum,
2039 1463 2121 1489 ma-

1154 1503 1419 1541 terialismum
1455 1508 1496 1540 et
1530 1504 1769 1541 atheismum
1804 1506 2008 1553 professus
2033 1512 2119 1552 est,

1153 1557 1281 1603 primo
1310 1558 1468 1596 carceri
1494 1559 1758 1606 mancipatus,
1777 1559 1920 1597 deinde
1948 1561 2118 1598 Galliam

1153 1612 1377 1661 relinquere
1407 1617 1584 1658 coaetus,
1604 1618 1743 1661 postea
1761 1625 1834 1662 per
1851 1618 2043 1662 patronos
2061 1616 2118 1653 fa-

1152 1667 1341 1704 cultatem
1368 1667 1559 1705 redeundi
1592 1668 1837 1716 impetravit·
1865 1669 2017 1708 Vivere
2051 1670 2119 1707 de·

1151 1721 1216 1758 siit
1243 1732 1349 1758 anno
1377 1723 1483 1760 1784.

1199 1777 1249 1812 Hi
1278 1776 1477 1813 triumviri
1505 1776 1709 1825 praecipui
1736 1780 1867 1823 erant,
1887 1779 1952 1826 qui
1969 1779 2009 1815 in
2027 1790 2115 1827 pro-

1150 1830 1336 1878 paganda
1371 1831 1604 1878 irreligione
1638 1842 1685 1867 ac
1718 1831 1923 1880 impietate
1960 1833 2115 1870 labora-

1151 1886 1257 1922 bant.
1288 1886 1407 1922 Brevi
1435 1890 1614 1932 tempore
1643 1885 1746 1922 haud
1773 1897 1922 1934 paucos
1951 1887 2000 1924 ad
2025 1898 2112 1925 eas-

1149 1939 1237 1976 dem
1265 1939 1485 1976 sententias
1511 1943 1552 1976 et
1577 1939 1626 1975 ad
1659 1939 1761 1976 idem
1801 1940 1975 1977 studium
2002 1953 2113 1979 ever-

1150 1993 1256 2029 tendi
1285 1993 1535 2041 Religionem
1564 1993 1848 2040 perduxerunt.
1868 1994 1955 2036 Quo
1981 1995 2116 2032 effica-

1149 2047 1232 2084 cius
1258 2048 1379 2084 finem
1408 2059 1523 2084 suum
1551 2052 1901 2095 persequerentur,
1929 2060 2017 2085 cum
2045 2050 2115 2085 ali-

1148 2105 1240 2148 quot
1280 2101 1369 2137 aliis
1408 2101 1517 2137 circa
1566 2101 1768 2137 dimidium
1808 2101 1923 2138 huius
1960 2103 2112 2138 saeculi

1148 2155 1487 2202 conspirationem
1507 2154 1866 2191 anti-christianam
1894 2155 2111 2193 iniverunt.

1147 2209 1288 2246 Talem
1310 2209 1444 2255 reipsa
1464 2209 1569 2245 inter
1584 2219 1653 2244 eos
1671 2208 1901 2253 obtinuisse,
1918 2210 2112 2247 sufficien-

1147 2267 1208 2300 ter
1227 2262 1440 2300 ostendunt
1457 2267 1618 2300 mutuae
1636 2273 1774 2300 eorum
1794 2263 2001 2311 epistolae,
2017 2264 2112 2314 ipsis

1144 2318 1311 2354 mortuis
1353 2317 1544 2354 collectae
1580 2321 1620 2354 ct
1654 2316 1693 2352 in
1727 2317 1857 2354 lucem
1897 2318 2056 2364 editae,
2089 2331 2112 2357 e

1145 2372 1286 2420 quibus
1319 2376 1515 2420 apparet,
1549 2383 1618 2408 eos
1650 2371 1699 2407 ad
1735 2373 1994 2410 evertendam
2021 2374 2111 2412 reli-

1145 2426 1305 2474 gionem
1334 2426 1594 2462 christianam
1614 2426 1796 2469 consilia,
1817 2428 2038 2475 methodos,
2056 2432 2110 2469 fa-

1143 2485 1240 2524 ctos,
1269 2491 1522 2529 progressus,
1542 2480 1749 2516 obstacula
1767 2484 1809 2517 et
1829 2483 1965 2521 modos
1982 2497 2031 2523 ea
2048 2499 2110 2524 su-

1142 2535 1306 2583 perandi
1325 2564 1333 2580 ,
1362 2534 1436 2571 sibi
1463 2539 1598 2570 mutuo
1633 2536 1952 2576 communicasse
1970 2569 1978 2585 ,
2006 2542 2109 2579 falsa

1144 2590 1324 2634 nomina,
1352 2589 1491 2637 quibus
1518 2600 1560 2625 se
1590 2592 1797 2635 tegerent,
1825 2597 2102 2643 assumpsisse,

1143 2649 1182 2681 ct
1209 2654 1459 2680 communem
1488 2648 1700 2687 tesseram,
1719 2644 1844 2682 verba
1869 2658 2012 2698 nempe
2041 2650 2107 2687 ad·

1142 2698 1387 2741 hortatoria,
1416 2709 1440 2734 a
1465 2696 1714 2748 de-Voltaire
1748 2706 1962 2748 suggesta,
1990 2703 2109 2753 Insa-

1140 2765 1237 2789 mem
1253 2752 1442 2789 conterite
1457 2752 1650 2796 (Keresos
1666 2752 1688 2788 ζ’
1700 2751 1852 2800 infame
1863 2761 1886 2800 Ι)
1906 2758 2105 2797 habuisse.

1189 2808 1255 2844 isti
1283 2817 1402 2854 porro
1431 2811 1471 2842 et
1497 2806 1560 2853 qui
1588 2817 1675 2841 cum
1714 2807 1760 2843 iis
1785 2813 2108 2859 consentiebant,

1142 2866 1258 2909 atque
1287 2873 1310 2898 a
1330 2861 1560 2909 patriarcha
1579 2871 1650 2896 suo
1668 2861 1906 2902 Voltairiani
1925 2867 1999 2904 dici
2019 2879 2103 2916 pos-

1142 2921 1258 2960 sunt,
1305 2926 1463 2952 omnem
1511 2915 1748 2961 religionem
1795 2922 2103 2968 oppugnabant;

1141 2971 1319 3017 quamvis
1364 2970 1469 3007 0111111
1510 2969 1720 3016 aliquando
1759 2976 1983 3013 naturalem
2034 2982 2104 3014 aut

1140 3026 1259 3061 aliam
1295 3024 1503 3073 quamdam
1535 3023 1768 3071 religionem
1804 3030 1972 3076 probare
1998 3030 2103 3074 vide—

1140 3084 1291 3124 rentur,
1319 3078 1545 3127 generatim
1578 3082 1711 3115 tamen
1739 3081 1778 3116 in
1805 3084 2101 3132 scepticismum

1139 3139 1179 3169 et
1211 3135 1446 3170 atheismum
1484 3132 1810 3180 propendebant;
1847 3138 2003 3177 animae
2031 3139 2100 3176 im-

1141 3190 1423 3225 mortalilatem
1443 3192 1484 3224 ct
1510 3188 1633 3223 vitam
1661 3189 1834 3228 suturam
1862 3194 2005 3241 passim
2035 3205 2099 3231 ne·

1139 3243 1287 3289 gabant
1309 3255 1317 3287 ;
1356 3242 1597 3290 'religionem
1646 3243 1705 3279 cln
1722 3245 1906 3284 istianam
1952 3260 2108 3286 summo
