2241 3473
501 151 639 194 YSQVE
658 153 713 180 AD
733 151 948 180 PVBLICAM
970 150 1118 178 RERVM
1140 150 1182 178 IN
1203 150 1375 179 GALLIIS
1395 149 1720 178 SVBVERSIONEM

183 226 401 264 Conventus
419 222 456 259 F
459 223 677 260 lorentinus
692 228 771 267 (an.
788 223 891 266 1787)
907 243 947 250 -
963 223 1086 271 Syno-

135 279 206 316 dos
230 278 351 316 etiam
378 281 595 324 coegerunt
622 277 796 325 episcopi
823 276 1017 314 Collensis
1045 279 1084 312 et

138 331 342 370 Aretinus:
362 330 430 367 sed
448 330 522 367 hae
540 330 749 378 strepitum
765 341 842 366 non
857 329 1083 367 excitarunt

136 395 259 434 aeque
286 396 332 421 ac
351 384 620 422 pistoriensis.
639 385 798 422 Caeteri
816 383 989 430 episcopi
1008 383 1084 419 Hc-

136 440 288 476 truriae
315 440 361 475 57
388 439 592 480 articulos,
620 450 643 474 a
663 437 860 486 Leopoldo
879 437 977 473 duce
998 447 1085 484 pro-

136 493 297 542 positos,
317 492 501 540 privatim
517 491 800 534 discusserunt,
815 501 982 538 suasque
999 502 1083 527 scn-

136 547 282 584 tentias
308 545 357 583 ad
384 557 474 583 eum
501 545 819 582 transmiserunt.
841 544 969 586 Quum
989 556 1084 581 vero

135 601 412 650 episcoporum
439 600 660 636 sententiae
683 599 787 634 inter
806 609 848 634 se
867 603 1001 634 essent
1019 597 1085 634 ad-

135 654 293 691 modum
320 654 515 697 diversae,
543 651 763 700 Leopoldus
789 651 867 688 dux
894 662 957 688 an.
994 651 1085 688 1787

137 719 274 745 omnes
305 718 397 743 suos
429 706 634 754 episcopos
660 705 896 742 convocavit
923 704 1085 741 Floren-

137 761 245 798 tiam.
280 761 564 800 Convenerunt
597 760 618 797 3
654 758 944 806 archiepiscopi
976 763 1015 795 et
1043 759 1086 794 14

135 815 309 864 episcopi
337 825 425 850 cum
452 814 532 850 suis
558 813 806 850 consiliariis.
834 813 888 848 Illi
909 813 947 848 in
965 812 1087 849 variis

136 867 513 917 congregationibus
533 871 614 903 tum
633 866 823 903 articulos
841 876 864 902 a
882 866 981 902 duce
1001 877 1086 914 pro-

136 923 284 972 positos
312 927 394 958 tum
420 921 585 958 decreta
611 919 872 958 Pistoriensia
898 919 1086 956 discusse-

137 981 247 1021 runt;
274 976 313 1012 in
341 975 477 1023 paucis
504 980 810 1019 consenserunt,
836 975 874 1010 in
902 974 989 1010 aliis
1014 974 1087 1011 dis-

136 1035 347 1067 senserunt
373 1030 420 1066 ab
446 1029 643 1071 invicem;
671 1029 795 1065 multa
821 1028 1087 1067 diversimode

137 1088 368 1129 mutarunt,
411 1083 488 1119 alia
523 1083 760 1118 reiecerunt.
794 1081 1015 1129 Leopoldus
1048 1088 1088 1119 et

136 1137 247 1174 Ricci
273 1149 342 1186 spe
369 1148 441 1174 sua
465 1135 664 1181 frustrati,
692 1140 929 1173 conventum
956 1134 1088 1172 dissol—

137 1195 311 1236 verunt;
339 1195 614 1228 verumtamen
650 1194 867 1226 conventus
900 1193 990 1226 acta
1015 1190 1086 1226 sub

139 1244 257 1281 totius
282 1244 419 1293 synodi
446 1243 618 1287 nomine,
652 1255 741 1279 cum
760 1244 928 1279 sanioris
946 1247 986 1280 et
1005 1254 1084 1279 ma-

137 1298 232 1335 ioris
259 1298 344 1336 eius
370 1298 494 1346 partis
520 1302 770 1345 contemptu,
799 1297 900 1344 typis
927 1297 1086 1333 manda-

137 1355 245 1396 runt,
271 1362 372 1400 quae
399 1351 522 1388 Sedes
550 1351 779 1398 Apostolica
798 1350 837 1386 in
856 1350 1026 1387 indicem
1047 1351 1087 1387 li-

138 1406 300 1443 brorum
327 1405 612 1453 prohibitorum
641 1405 789 1441 retulit.

183 1459 276 1496 Non
290 1459 534 1496 obstantibus
552 1459 599 1494 R.
618 1458 821 1495 Pontificis
837 1459 1085 1495 reclamatio-

137 1513 264 1558 nibus,
281 1513 499 1561 Leopoldus
513 1512 627 1548 varia
637 1512 1084 1558 pseudo—reformatoria

136 1567 300 1604 decreta
325 1567 549 1604 executioni
573 1566 799 1602 mandabat.
835 1566 1087 1614 Quapropter

138 1621 230 1658 Pius
248 1621 302 1657 Vl
322 1621 528 1668 episcopis,
547 1631 571 1656 a
589 1620 787 1667 Leopoldo
806 1619 1085 1664 denominatis,

137 1675 370 1712 canonicam
397 1674 683 1710 institutionem
711 1674 883 1720 negavit3
905 1674 966 1712 hic
989 1685 1085 1710 vero

136 1729 309 1777 legatum
336 1739 450 1764 suum
476 1728 604 1763 Roma
627 1727 826 1771 avocavit,
846 1733 886 1763 et
904 1727 1085 1763 nuntium

137 1782 395 1831 apostolicum
415 1780 696 1817 iurisdictionis
713 1791 807 1817 suae
823 1781 1013 1817 exercitio
1033 1781 1088 1816 in-

137 1836 313 1875 terdixit.
340 1837 416 1871 An.
439 1835 535 1872 1790
562 1835 782 1882 Leopoldus
808 1835 845 1870 in
866 1835 991 1871 locum
1011 1835 1087 1871 fra-

140 1892 213 1928 tris
238 1890 299 1927 sui
327 1889 480 1937 Iosephi
508 1889 539 1924 II
559 1888 733 1925 defuncti
757 1888 805 1924 ad
822 1889 1030 1936 imperium
1049 1894 1088 1925 et

136 1943 407 1993 gubernacula
426 1942 679 1979 monarchiae
694 1942 931 1979 Austriacae
947 1954 1086 1980 evoca-

139 2004 214 2043 tus,
231 1998 416 2035 ducatum
435 1996 650 2033 Hetruriae
670 1997 789 2033 cessit
806 1997 886 2032 filio
905 2007 974 2032 suo
994 1997 1086 2033 Fer-

141 2051 323 2097 dinando.
345 2051 456 2087 Tunc
482 2049 695 2086 concordia
721 2054 760 2086 et.
786 2061 863 2097 pax
888 2050 926 2085 in
945 2051 1088 2087 Hetru-

136 2105 197 2143 ria
214 2105 360 2142 sensim
380 2104 597 2142 redierunt.
618 2104 730 2140 Ricci
749 2103 921 2140 Pistoria
939 2104 1088 2140 eiectus

136 2159 221 2196 fuit.
239 2158 336 2196 Pius
361 2159 415 2195 Vl
444 2163 535 2194 acta
563 2157 809 2194 conciliabuli
833 2157 1087 2194 Pistorieusis

137 2213 350 2261 diligenter
377 2212 517 2248 discuti
534 2212 663 2255 iussit,
684 2212 824 2248 deinde
843 2223 914 2259 per
931 2211 1086 2247 Bullam

137 2267 353 2303 solemnem
370 2295 379 2310 ,
405 2266 618 2302 Auctorem
635 2265 764 2313 fidei,
792 2265 927 2301 datam
954 2266 997 2301 νο
1025 2277 1088 2303 ca-

140 2319 274 2356 lendas
307 2319 543 2367 septembris
575 2320 690 2364 1794,
723 2330 771 2356 ea
805 2320 890 2366 ipsa
925 2325 1015 2356 acta
1049 2326 1087 2357 et

139 2376 350 2420 excerptas
376 2383 425 2408 ex
452 2372 498 2408 iis
514 2372 561 2410 85
579 2373 884 2420 propositiones,
902 2374 1087 2421 cuiusque

143 2425 271 2462 indole
297 2426 519 2472 designata,
546 2426 760 2463 damnavit.
782 2427 949 2464 Demum
977 2428 1088 2464 Ricci

142 2492 184 2518 se
211 2480 443 2527 episcopatu
469 2480 679 2526 abdicavit,
699 2486 739 2518 et
766 2492 868 2517 anno
888 2482 979 2519 1805
1002 2482 1089 2518 Flo-

141 2534 294 2572 rentiae
322 2533 372 2570 ad
398 2533 519 2580 pedes
545 2533 606 2570 Pii
634 2534 706 2582 Pp.
725 2535 812 2580 Vll,
830 2547 850 2571 e
870 2536 996 2572 Gallia
1013 2537 1087 2572 Ro-

141 2599 244 2625 mam
272 2587 498 2630 redeuntis,
525 2588 777 2634 provolutus,
805 2600 964 2626 errores
997 2602 1088 2629 suos

140 2642 358 2679 detestatus
389 2646 474 2685 est,
507 2646 548 2678 et
581 2641 719 2680 Bullae
752 2645 967 2684 Auctorem
983 2644 1088 2692 fidei

141 2696 311 2733 assensit
335 2698 360 2730 ¹.

188 2749 248 2786 76.
276 2748 483 2785 Ecclesiae
509 2750 636 2785 status
664 2750 704 2785 in
736 2751 884 2788 Sicilia
900 2773 938 2779 —
957 2754 1086 2790 Etiam

142 2804 181 2840 in
206 2807 374 2852 utraque
404 2802 538 2839 Sicilia
558 2802 744 2848 Tanucci,
765 2806 976 2852 primarius
994 2807 1088 2845 Fer-

141 2857 298 2893 dinandi
326 2857 432 2904 regis
459 2857 510 2892 IV
530 2856 773 2903 administer,
795 2860 1033 2907 multigenas
1050 2866 1088 2899 et

140 2910 346 2947 diuturnas
371 2911 457 2946 RR.
487 2909 754 2955 Pontificibus,
771 2913 963 2950 Clementi
982 2914 1086 2961 XIII,

141 2964 333 3002 Clementi
360 2964 453 2999 XlV
481 2968 520 3000 et
537 2962 608 3000 Pio
631 2964 699 3008 VI,
718 2967 950 3004 vexationes
967 2970 1086 3006 susci—

141 3018 248 3054 tavit.
279 3017 320 3053 ln
347 3017 485 3064 primis
512 3018 584 3053 sub
611 3017 816 3055 Clemente
852 3020 940 3057 XIII
967 3032 1013 3059 ea
1047 3023 1086 3059 in

141 3071 302 3118 regione
331 3071 583 3107 constitutum
611 3077 692 3116 est,
710 3077 753 3108 ut
779 3077 860 3108 tam
887 3074 1087 3124 episcopa-

185 3181 195 3203 ¹
217 3183 375 3220 Collectio
401 3183 564 3215 Brevium
585 3183 639 3215 Pii
661 3183 716 3222 VI,·
730 3183 875 3217 Histoire
892 3185 932 3218 de
946 3187 1006 3219 Pie
1029 3188 1082 3229 VI;

140 3228 333 3271 Blanchard,
352 3228 467 3262 Pre'cis
495 3230 572 3262 hist.
592 3229 632 3261 dc
648 3229 681 3262 la
700 3229 751 3262 vie
767 3235 830 3263 etc.
850 3231 889 3263 de
908 3232 967 3264 Pie
993 3234 1046 3267 ΓΙ.

1946 139 2022 178 311

1136 226 1197 258 tus
1223 231 1339 269 quam
1366 225 1531 258 caetera
1557 219 1762 264 beneficia,
1788 218 1916 255 fundis
1941 218 2085 256 instru-

1135 282 1214 319 cta,
1234 286 1334 323 quae
1363 275 1499 311 omnia
1525 275 1718 311 hactenus
1744 283 1767 309 a
1785 272 1976 310 Pontifice
1996 284 2087 309 con-

1138 328 1388 369 ferebantur,
1409 330 1447 364 in
1475 334 1679 376 posterum
1705 339 1729 364 a
1747 338 1843 374 rege
1862 326 2089 363 conferren-

1137 388 1215 419 tur.
1234 383 1311 417 An.
1334 382 1426 418 1776
1455 382 1693 428 prohibitum
1720 386 1792 425 est,
1814 391 1862 416 ne
1889 381 1973 428 quis
1999 391 2088 416 con-

1136 436 1338 472 cessiones
1365 441 1405 472 et
1438 435 1755 482 dispensationes
1773 463 1781 478 ,
1816 433 2022 481 speciatim
2047 433 2087 469 in

1137 501 1180 526 re
1209 488 1521 531 matrimoniali,
1548 499 1572 524 a
1598 487 1699 524 Sede
1726 487 1957 535 Apostolica
1982 491 2089 534 pete-

1135 546 1211 587 ret,
1230 541 1300 579 sed
1325 553 1464 578 omnes
1490 541 1681 578 eiusmodi
1704 541 2019 588 dispensationes
2038 541 2086 577 ab

1135 596 1330 644 episcopis
1356 595 1685 631 concederentur.
1713 596 1789 630 An.
1811 595 1904 631 1779
1923 606 2088 642 proven-

1137 654 1196 686 tus
1214 678 1222 692 ,
1250 649 1314 697 qui
1345 648 1609 685 intercalares
1635 647 1818 684 dicuntur
1837 676 1846 691 ,
1879 648 2087 685 beneficio-

1136 714 1224 739 rum
1253 703 1480 738 vacantium
1509 701 1692 738 Pontifici
1718 701 1902 749 denegati
1919 706 2024 745 sunt,
2046 708 2086 740 et

1135 756 1338 793 constituti
1375 756 1716 792 administratores
1750 755 1866 799 laici,
1893 756 1957 803 qui
1990 757 2086 793 istos

1136 813 1364 858 proventus,
1391 809 1566 845 deductis
1593 809 1792 856 expensis,
1811 808 1916 844 inter
1944 819 2088 856 paupe-

1137 875 1202 900 res
1228 863 1538 907 distribuerent3
1558 863 1717 909 insuper
1736 873 1840 898 anno
1860 861 1950 900 1788
1968 863 2089 899 etiarn

1138 919 1300 953 astarco
1341 924 1381 954 et
1421 929 1563 954 census
1600 917 1844 953 vasalliticus
1883 916 1987 953 tradi
2026 917 2089 954 de-

1137 971 1305 1007 sierunt.

1186 1024 1278 1061 Pius
1305 1025 1379 1072 Pp.
1399 1025 1473 1069 VI,
1493 1029 1575 1061 tum
1602 1024 1981 1072 expostulationibus
2007 1027 2090 1061 tum

1137 1079 1297 1115 monitis
1317 1084 1357 1115 et
1381 1078 1538 1126 scriptis
1558 1079 1701 1114 iurium
1720 1089 1880 1114 suorum
1899 1077 2090 1114 defensio-

1138 1132 1262 1176 nibus,
1274 1144 1412 1180 regem
1427 1133 1587 1180 eiusque
1604 1132 1856 1168 administros
1870 1131 1919 1167 ad
1934 1133 2092 1180 aequio-

1139 1197 1224 1222 rem
1243 1193 1420 1223 mentem
1435 1186 1630 1223 reducere
1648 1185 1830 1229 tentavit,
1844 1185 1912 1222 sed
1926 1186 2088 1223 frustra.

1140 1239 1362 1277 Praeterea
1387 1240 1608 1288 episcopis,
1638 1251 1661 1276 a
1688 1251 1785 1286 rege
1813 1239 2090 1286 denominatis,

1140 1294 1484 1330 confirmationem
1512 1293 1695 1340 negavit3
1715 1305 1736 1329 e
1763 1298 1903 1329 contra
1929 1305 2000 1330 rex
2026 1306 2093 1330 no-

1140 1348 1312 1384 minatos
1340 1359 1363 1384 a
1390 1347 1584 1384 Pontifice
1611 1347 1821 1384 admittere
1849 1347 1995 1391 noluit3
2015 1359 2090 1395 quo

1139 1401 1287 1437 factum
1315 1406 1387 1445 est,
1406 1406 1449 1438 ut
1475 1412 1690 1448 progressu
1709 1400 1900 1446 temporis
1914 1400 2020 1436 ultra
2045 1402 2091 1439 50

1141 1455 1392 1503 episcopatus
1418 1460 1624 1491 vacarent.
1646 1456 1761 1489 Anno
1789 1453 1881 1490 1786
1908 1453 2091 1491 Pontifex

1142 1509 1284 1555 legatis
1309 1509 1520 1556 Neapolim
1547 1508 1676 1544 missis
1694 1536 1702 1552 ‚
1731 1507 1996 1544 dissensiones
2024 1509 2092 1544 tol-

1140 1562 1223 1599 lere
1250 1562 1410 1607 iterato‚
1429 1562 1497 1599 sed
1522 1563 1691 1606 frustra,
1713 1561 1893 1598 tentavit.
1913 1561 2090 1600 Tandem

1141 1627 1204 1652 an.
1227 1617 1318 1654 1790
1346 1628 1434 1652 cum
1461 1617 1550 1653 aula
1575 1616 1841 1663 Neapolitana
1867 1627 1964 1663 erga
1988 1619 2091 1664 Apo-

1140 1671 1319 1707 stolicam
1346 1671 1489 1707 Sedem
1518 1670 1706 1718 aequiora
1733 1670 1895 1706 consilia
1913 1670 2091 1708 admisis-

1140 1729 1215 1767 set,
1236 1724 1445 1761 conventio
1466 1724 1572 1761 inter
1589 1730 1798 1771 utramque
1818 1728 1971 1771 partem
1991 1725 2089 1762 inita

1141 1784 1214 1822 est,
1241 1789 1318 1825 qua
1344 1782 1556 1822 statutum,
1583 1782 1627 1814 ut
1654 1778 1737 1814 loco
1766 1789 1907 1814 census
1932 1779 2091 1817 vasalli-

1141 1832 1206 1868 tici
1241 1832 1366 1879 quivis
1399 1843 1468 1868 rex
1501 1843 1668 1878 regnum
1702 1831 1852 1875 adiens,
1887 1832 1934 1867 B.
1967 1831 2089 1869 Petro

1139 1886 1304 1922 offerret
1335 1886 1494 1930 500,000
1528 1897 1781 1922 nummorum
1814 1890 2090 1933 scutatorum3

1141 1939 1416 1976 concessiones
1442 1944 1482 1976 et
1507 1938 1823 1986 dispensationes
1841 1967 1849 1983 ,
1877 1944 1921 1975 ut
1946 1944 2066 1976 antea
2082 1970 2090 1986 ‚

1139 1993 1186 2029 ab
1219 1994 1449 2041 Apostolica
1483 1993 1584 2030 Sede
1613 1998 1876 2040 peterentur;
1909 1992 2092 2031 Pontifex

1141 2046 1298 2082 minora
1327 2047 1518 2084 beneficia
1546 2047 1764 2091 conferret,
1791 2046 1860 2083 sed
1886 2047 1979 2083 solis
2005 2049 2090 2095 regi

1139 2100 1302 2136 subditis
1320 2129 1328 2144 ,
1357 2107 1398 2137 et
1422 2100 1471 2136 ad
1497 2100 1746 2148 episcopatus
1775 2100 1944 2147 eligeret
1968 2112 2089 2137 unum

1139 2165 1160 2190 e
1189 2154 1311 2190 tribus
1339 2154 1555 2190 candidatis
1581 2164 1605 2190 a
1632 2165 1728 2200 rege
1757 2154 2020 2199 proponendis
2037 2157 2064 2187 1.

1186 2208 1244 2243 77.
1274 2207 1482 2244 Ecclesiae
1513 2209 1640 2243 statas
1673 2207 1714 2243 in
1747 2206 1960 2243 Lusitania
1981 2209 2085 2244 -In

1139 2261 1345 2297 Lusitania
1370 2261 1601 2298 administer
1628 2261 1675 2298 de
1695 2261 1859 2297 Pombal
1878 2261 1948 2297 sub
1966 2261 2088 2299 imbe—

1138 2315 1216 2351 cilli
1233 2326 1330 2362 rege
1350 2314 1513 2362 Iosepho
1532 2315 1545 2350 Ι
1566 2327 1698 2351 rerum
1718 2314 2080 2352 ecclesiasticarum

1137 2373 1282 2405 statum
1309 2369 1514 2416 sus-deque
1540 2370 1674 2414 vertit3
1696 2369 1828 2405 varias
1854 2369 2091 2417 Congrega-

1139 2422 1264 2459 tiones
1290 2423 1498 2470 religiosas
1525 2423 1762 2471 suppressit3
1789 2422 1993 2470 episcopos
2020 2435 2080 2460 ar-

1138 2477 1251 2512 bitrio
1277 2488 1346 2512 suo
1373 2476 1554 2521 subdidit,
1575 2481 1614 2513 et
1633 2476 1868 2512 obsistentes
1887 2488 1907 2513 e
1927 2477 2081 2515 sedibus

1140 2530 1286 2577 pepulit
1299 2542 1307 2574 ;
1322 2541 1516 2566 novarum
1528 2530 1794 2566 doctrinarum
1805 2531 2083 2578 propagationi

1138 2584 1247 2628 favit,
1271 2594 1488 2631 earumque
1514 2583 1713 2629 magistris
1732 2583 1941 2620 cathedras
1959 2584 2081 2621 credi-

1137 2637 1210 2682 dit;
1238 2638 1487 2684 Apostolicae
1515 2636 1605 2672 Sedi
1633 2636 1671 2671 in
1698 2637 1876 2673 omnibus
1895 2637 2080 2674 adversa-

1138 2696 1199 2728 tus
1225 2697 1297 2728 est.
1316 2692 1430 2726 Anno
1457 2701 1553 2726 vero
1574 2691 1664 2726 1777
1682 2690 1846 2738 Iosepho
1864 2702 1961 2739 rege
1979 2704 2085 2728 mor-

1138 2750 1224 2788 tuo,
1252 2749 1291 2781 et
1317 2745 1363 2781 de
1392 2744 1553 2779 Pombal
1581 2744 1620 2779 in
1647 2745 1809 2780 exilium
1836 2746 1985 2790 eiecto,
2014 2747 2086 2783 sub

1138 2799 1272 2835 Maria
1297 2797 1515 2834 Francisca
1541 2798 1771 2834 Elisabetha
1795 2799 1956 2845 regina,
1983 2800 2086 2837 Iose-

1138 2852 1200 2900 phi
1228 2853 1241 2888 I
1266 2852 1361 2894 filia,
1389 2861 1487 2898 quae
1514 2852 1647 2897 nupsit
1673 2851 1793 2888 Petro
1820 2852 1884 2896 111,
1904 2853 2000 2888 ordo
2019 2865 2080 2890 re·

1137 2907 1294 2942 stitutus
1312 2910 1384 2947 est,
1402 2904 1613 2941 concordia
1632 2917 1718 2941 cum
1734 2907 1964 2954 Apostolica
1979 2907 2085 2944 Sede

1137 2960 1348 3006 integrata,
1368 2959 1502 2994 nuntio
1530 2959 1744 3006 apostolico
1771 2964 1812 2996 et
1830 2960 2084 3006 patriarchae

1135 3011 1432 3060 Ulyssiponensi
1452 3012 1585 3059 prisca
1604 3013 1690 3049 iura
1709 3018 1749 3050 et
1766 3014 1978 3061 privilegia
2000 3014 2088 3051 red-

1137 3065 1237 3107 dita,
1266 3065 1476 3112 pluresque
1502 3066 1843 3114 Congregationes
1869 3068 2082 3115 religiosae

1139 3119 1360 3155 restitutae.

1184 3234 1193 3255 1
1213 3235 1360 3267 Histoire
1377 3234 1418 3267 de
1435 3236 1499 3269 Pie
1524 3237 1567 3270 VI
1586 3237 1660 3278 cit.;
1678 3219 1954 3280 Blanchai·d,¹loc.
1972 3239 2028 3273 cit.
