2241 3473
210 124 285 162 140

157 199 230 238 sub
251 210 384 237 eorum
404 195 566 246 imperio
594 194 847 233 ecelesiarum
875 193 1006 231 status
1034 190 1110 228 fuit

157 252 426 289 conturbatus.

212 305 256 341 In
272 302 464 351 Hispania
480 301 637 347 praeter
651 298 877 347 Visigothos
889 297 1110 346 regnabant

160 357 282 395 Suevi
304 355 440 393 ariani.
462 354 570 390 Inter
590 354 745 389 veteres
774 351 932 399 quidem
960 349 1110 387 incolas

158 410 301 458 religio
323 406 526 449 catholica,
548 405 876 453 quemadmodum
897 403 936 439 in
958 401 1111 447 Gallia,

160 462 390 498 conservata
410 459 494 496 fuit.
513 458 679 495 Enricus
696 468 789 494 vero
805 467 875 493 rex
887 454 1112 503 Visigotho-

160 526 267 559 rum,
288 512 393 550 omni
422 511 487 547 via
516 510 735 547 Catholicos
764 510 814 547 ad
842 507 1111 546 Arianismum

161 566 353 603 adducere
374 566 538 601 conatus
558 566 638 609 est,
659 563 847 611 grandem
876 560 1111 609 persecutio-

160 630 246 655 nem
268 620 406 654 contra
426 628 491 653 eos
512 615 727 661 excitavit,
747 616 947 664 episcopos
969 612 1111 661 partim

160 671 200 708 in
221 670 382 707 exilium
406 669 495 717 pelli
515 668 660 717 partim
682 668 849 705 interfici
870 666 983 703 iussit
999 663 1023 703 ¹.
1041 665 1115 702 Re-

162 722 300 772 gnavit
320 723 352 759 is
374 723 421 758 ab
443 733 544 759 anno
565 721 643 758 446
674 733 796 769 usque
826 720 874 757 ad
895 719 984 756 484.
1015 717 1113 756 Ala-

163 776 266 813 ricus
287 775 344 821 11,
365 774 469 812 illius
488 774 596 811 filius
618 776 658 811 et
677 775 717 811 in
742 785 864 822 regno
893 781 1115 815 successor,

163 827 425 877 persecutioni
450 827 568 864 finem
599 827 826 872 constituit,
859 828 898 862 et
927 823 1116 873 episcopis

166 881 299 918 eiectis
334 882 568 930 potestatem
602 880 792 917 redeundi
827 879 875 915 ad
910 876 1095 915 ecclesias
1108 906 1117 922 ,

164 933 284 970 etiam
307 934 476 982 synodos
497 933 736 978 celebrandi,
757 932 875 969 dedit.

217 987 260 1023 In
272 987 416 1034 Anglia
427 998 495 1023 seu
513 986 675 1034 antiqua
690 984 908 1030 Britannia,
920 985 968 1021 ab
980 981 1118 1030 Anglis

164 1041 204 1076 et
219 1039 438 1076 Saxonibus
454 1043 656 1087 occupata,
671 1038 810 1086 religio
828 1037 1042 1074 christiana
1058 1036 1120 1072 de-

164 1091 482 1141 periit,ecclesiae
491 1092 716 1129 destructae
730 1092 792 1128 vel
804 1090 842 1127 in
855 1091 1015 1127 deorum
1027 1087 1119 1124 fana

166 1157 378 1182 conversae
399 1148 500 1183 sunt.
522 1144 706 1182 Britanni
727 1155 834 1189 vere,
855 1143 922 1191 qui
943 1155 983 1180 se
1004 1141 1043 1178 in
1064 1152 1120 1177 re-

167 1199 303 1247 giones
314 1198 369 1234 W
373 1198 489 1235 aliiae
510 1199 757 1246 receperunt,
775 1197 815 1233 in
835 1195 1028 1233 catholica
1044 1194 1120 1230 fide

165 1253 482 1301 perseverarunt.

222 1304 266 1341 In
288 1304 403 1341 Italia
424 1304 617 1348 Odoacer,
637 1303 702 1352 qui
723 1303 907 1351 regnavit
927 1312 1050 1349 usque
1072 1299 1119 1336 ad

168 1369 315 1394 annum
336 1358 414 1395 493
434 1369 456 1394 a
476 1357 667 1393 vexandis
678 1355 891 1393 Catholicis
912 1352 1119 1391 abstinuit.

223 1410 266 1447 In
285 1409 420 1448 Africa
438 1422 543 1456 vero,
559 1409 599 1446 in
619 1421 695 1457 qua
715 1409 937 1457 regnabant
952 1404 1122 1443 Vandali

170 1462 508 1509 ariani,Catholiei
528 1474 687 1499 saevam
708 1461 1021 1510 persecutionem
1041 1469 1125 1506 per-

171 1516 272 1565 pessi
292 1518 382 1553 sunt
402 1516 472 1552 sub
493 1515 704 1552 Genserico
725 1526 833 1563 rege,
854 1516 897 1550 ut
916 1513 955 1549 in
972 1522 1126 1560 praece-

172 1569 277 1606 denti
299 1568 447 1617 epocha
467 1568 639 1605 vidimus
655 1566 682 1604 ².
705 1566 966 1611 Hunnericus,
984 1565 1126 1601 Gense-

172 1622 244 1659 rici
264 1621 368 1658 filius
388 1624 425 1659 et
447 1633 548 1658 anno
574 1620 651 1657 477
681 1620 720 1656 in
752 1631 873 1668 regno
902 1627 1126 1662 successor,

173 1675 238 1723 qui
258 1674 443 1723 regnavit
464 1685 586 1722 usque
607 1673 655 1710 ad
677 1684 823 1709 annum
843 1672 933 1717 484,
951 1669 1126 1708 Catholi-

175 1739 238 1765 cos
254 1728 382 1765 adhuc
398 1727 536 1764 vehem
544 1726 676 1764 entius
692 1727 921 1775 persecutus
937 1726 1009 1769 est,
1022 1733 1129 1771 prae-

175 1781 286 1829 cipue
315 1780 596 1829 posterioribus
634 1779 745 1827 regni
775 1778 834 1816 sui
862 1777 985 1815 annis.
1017 1777 1130 1813 Tunc

176 1845 309 1870 omnes
330 1833 517 1870 ecclesiae
537 1832 747 1870 Catholicis
762 1833 854 1869 sunt
870 1831 1088 1878 ademptae,
1104 1828 1130 1865 ii

176 1886 390 1924 honoribus
419 1887 458 1923 et
492 1885 722 1922 muneribus
755 1883 923 1933 publicis
962 1881 1131 1930 privati,

178 1938 323 1984 clerici,
338 1938 573 1987 praesertim
593 1937 775 1985 episcopi,
796 1937 835 1973 in
852 1935 1074 1973 Sardiniam
1095 1936 1133 1971 et

181 1992 380 2029 Corsicam
405 1991 596 2039 relegati,
617 1991 729 2027 multi
761 1989 966 2037 utriusque
995 1999 1133 2032 sexus,

182 2043 306 2081 omnis
319 2044 553 2081 conditionis
570 2045 609 2080 et
625 2041 1082 2088 actatis,calamitatibus
1096 2041 1136 2076 et

183 2096 422 2134 cruciatibus
460 2096 602 2134 affecti.
633 2096 708 2133 Sed
744 2094 1030 2132 Guntabundus
1065 2104 1134 2130 seu

183 2150 507 2195 Guntamundus,
541 2149 607 2197 qui
636 2149 823 2197 regnavit
852 2148 900 2184 ab
929 2158 1030 2184 anno
1060 2146 1136 2182 484

185 2214 308 2251 usque
329 2203 377 2239 ad
397 2202 488 2248 496,
505 2202 818 2250 persecutionem
835 2199 1032 2248 repressit,
1050 2210 1141 2235 exu-

186 2255 242 2293 les
262 2255 461 2304 episcopos
481 2258 521 2292 et
542 2255 705 2292 clericos
735 2253 940 2291 revocavit
953 2281 963 2296 ,
992 2251 1139 2288 Catho-

187 2308 272 2346 licis
291 2308 523 2345 facultatem
546 2307 757 2345 exerccndi
778 2317 891 2344 suam
910 2304 1141 2352 religionem

187 2361 382 2399 concessit
397 2360 424 2398 ³.

239 2415 276 2452 2.
289 2414 496 2451 Ecclesiae
506 2417 642 2450 status
654 2415 698 2450 in
715 2412 880 2449 Oriente
892 2411 965 2447 sub
978 2410 1143 2448 Zenone

192 2469 336 2516 imper.
368 2466 464 2516 (cm.
499 2465 841 2515 475-491)-1n
870 2463 1028 2500 Oriente
1058 2464 1144 2510 post

189 2523 356 2558 mortem
376 2519 518 2557 Leonis
540 2518 673 2568 (474),
694 2519 765 2555 sul)
787 2530 875 2566 quo,
897 2521 940 2553 ut
961 2516 1143 2559 vidimus,

192 2573 380 2610 Catholici
403 2572 715 2620 praevaluerunt
731 2569 1002 2618 Eutychianis,
1019 2568 1145 2616 impe-

193 2626 295 2663 rium
317 2625 525 2673 occupavit
541 2625 660 2669 Zen03
681 2625 744 2661 sed
766 2635 867 2661 anno
888 2620 1065 2669 sequenti
1087 2620 1147 2656 de-

193 2679 318 2716 iectus
339 2678 413 2715 fuit
433 2689 456 2714 a
482 2677 686 2723 Basilisco,
703 2677 780 2725 qui,
798 2678 841 2712 ut
861 2674 1145 2712 haereticorum

195 2732 364 2779 gratiam
382 2730 453 2769 sibi
470 2732 726 2779 compararet,
743 2740 876 2766 eorum
895 2726 1148 2775 coryphaeos,

194 2784 445 2820 Timotheum
456 2784 645 2821 lElurum
658 2786 697 2820 et
706 2783 868 2819 Petrum
879 2780 1082 2817 Fullonem
1102 2779 1148 2814 ab

196 2836 317 2874 exilio
333 2837 548 2879 revocavit,
561 2836 815 2883 omnibusque
828 2832 1016 2882 episcopis
1029 2834 1068 2868 ct
1079 2831 1151 2867 cle-

195 2889 286 2926 ricis
307 2889 379 2926 sub
396 2900 518 2937 poena
533 2888 796 2937 depositionis,
809 2885 1008 2924 monachis
1027 2886 1066 2921 et
1087 2884 1151 2920 lai-

197 3055 213 3076 c
239 3004 426 3065 2,;5l⁴¹0¹¹5082
457 3006 485 3035 L·
512 3004 565 3035 VII
589 3003 696 3044 Epist.
721 3004 755 3042 6;
779 3006 908 3044 Gregor.
931 3003 1043 3033 Turon.
1073 2999 1091 3029 l.
1116 2998 1153 3035 ΙΙ,

218 3069 224 3076 .
239 3058 343 3116 {dx-Vide
361 3096 387 3126 p.
409 3085 461 3117 131
483 3095 528 3126 Sq.

239 3127 252 3147 ³
269 3128 370 3158 V⁵⁰¹⁰¹⁸
395 3129 536 3166 Vstssf‘fflS,
559 3128 603 3160 De
624 3129 780 3168 persecut.
810 3126 957 3167 Vamlal.;
975 3124 1155 3165 Procopius,

200 3168 244 3202 De
262 3168 341 3199 bello
361 3167 490 3201 Vundal.
509 3168 525 3200 Ι,
547 3169 566 3208 1,
584 3180 609 3201 c,
625 3172 652 3200 8,

649 130 807 159 EPOCHA
836 129 892 156 IV.
922 128 949 155 A
977 127 1075 154 FINE
1103 126 1260 154 IMPERII
1289 127 1571 155 OCCIDENTALIS

1149 191 1203 229 cis
1223 193 1294 229 sub
1314 204 1437 241 poena
1451 191 1560 229 exilii
1577 192 1840 242 praescripsit,
1857 194 1900 230 ut
1917 191 2104 241 epistolae

1150 256 1178 282 s.
1190 245 1331 283 Leonis
1348 246 1397 282 ad
1408 245 1644 282 Flavianum
1657 246 1698 282 et
1708 245 1878 282 Concilio
1888 245 2104 284 Chalcedo-

1151 299 1260 335 nensi
1272 299 1482 336 anathema
1494 297 1676 335 dicerent.
1689 297 1869 347 Episcopi
1885 309 2029 346 magno
2040 308 2109 334 nu-

1151 363 1271 397 mero,
1282 354 1390 388 metu
1409 350 1528 395 ducti,
1538 350 1717 387 Basilisci
1733 351 1860 387 edicto
1875 350 2110 398 subscripse-

1151 406 1256 450 runt3
1268 405 1335 450 sed
1350 403 1518 440 Aeacius
1534 404 1735 452 episcopus
1750 402 1893 451 Cpnus,
1921 415 2010 440 cum
2030 403 2108 440 cle-

1153 468 1195 493 ro
1217 460 1257 494 et
1277 457 1418 505 populo
1439 468 1508 493 suo
1523 455 1657 504 pravis
1673 455 1777 492 illius
1793 456 1997 493 conatibus
2013 467 2111 493 con-

1153 511 1305 547 stanter
1324 509 1480 546 restitit.
1503 508 1714 546 Basiliscus
1741 508 1968 545 resistentia
1978 508 2110 557 Cpno-

1154 574 1242 599 rum
1259 565 1299 599 et
1323 562 1497 599 adventu
1517 561 1701 606 Zenonis,
1720 560 1788 608 qui
1820 572 1908 597 cum
1936 560 2112 598 exercitu

1153 616 1202 652 ad
1220 615 1354 652 urbem
1375 614 1726 663 appropinquabat,
1746 613 1990 661 perterritus,
2011 614 2112 650 hae-

1154 668 1320 705 reticum
1350 679 1465 704 suum
1497 667 1671 704 edictum
1699 665 1913 712 revocavit,
1943 669 1983 703 et
1999 665 2114 703 brevi

1154 724 1240 770 post
1271 720 1396 771 (477),
1429 733 1452 758 a
1480 720 1633 757 Zenone
1654 720 1883 768 superatus,
1902 718 2113 767 imperium

1155 773 1295 811 amisit.

1209 827 1323 871 Zeno,
1353 826 1585 874 recuperato
1614 825 1779 874 imperio
1797 854 1807 870 ,
1836 824 2053 862 secundum
2081 834 2112 861 s.

1155 879 1344 927 Simplicii
1366 879 1436 927 Pp.
1458 879 1645 915 mandata
1674 880 1714 915 et
1741 877 1874 915 Acacii
1894 877 1991 926 Cpni
2019 888 2114 914 con-

1157 933 1266 978 silia,
1286 931 1466 978 Basilisci
1487 933 1576 967 acta
1595 931 1823 979 abrogavit,
1844 930 2011 967 Petrum
2025 929 2116 966 Ful-

1157 987 1285 1022 lonem
1305 997 1325 1021 e
1346 984 1435 1021 sede
1452 983 1717 1029 Antiochena,
1740 984 1903 1020 Petrum
1915 982 2118 1031 Mongum,

1158 1040 1207 1076 ab
1236 1036 1494 1086 Eutychianis
1529 1037 1566 1072 in
1596 1036 1726 1073 locum
1755 1035 1952 1073 Timothei
1981 1034 2121 1072 AEluri

1160 1091 1303 1129 mortui
1322 1090 1531 1134 intrusum,
1553 1101 1602 1126 ex
1622 1089 1914 1134 Alexandrina,
1936 1088 2031 1125 alios
2051 1087 2118 1124 in-

1159 1148 1288 1182 trusos
1318 1155 1368 1180 ex
1398 1142 1486 1179 aliis
1519 1142 1675 1179 sedibus
1704 1141 1866 1190 pepulit,
1886 1143 1923 1180 et
1954 1152 2021 1178 eas
2041 1139 2121 1177 Ca-

1160 1197 1317 1235 tholicis
1336 1195 1518 1232 reddidit.
1532 1195 1642 1232 Tunc
1658 1194 1971 1232 Alexandrinam
1987 1193 2121 1231 sedem

1163 1250 1310 1299 recepit
1324 1249 1554 1286 Timotheus
1570 1247 1867 1296 Solophaciolus
1881 1276 1891 1293 ,
1911 1247 1961 1284 ad
1981 1245 2122 1283 Antio-

1163 1306 1328 1341 chenam
1349 1301 1552 1338 ordinatus
1573 1300 1649 1338 fuit
1660 1301 1897 1349 Stephanus,
1916 1302 1956 1337 ct
1971 1298 2038 1347 qui
2053 1310 2123 1336 su-

1164 1369 1234 1406 pra
1262 1353 1441 1393 Basilisci
1471 1354 1626 1391 decreto
1656 1356 1918 1400 assenserant,
1949 1350 2125 1389 subscri-

1165 1411 1337 1459 ptionem
1358 1418 1471 1444 suam
1491 1409 1742 1444 revocarunt.

1218 1463 1368 1501 Verum
1388 1460 1557 1498 Aeacius
1573 1460 1655 1508 Cp.,
1676 1460 1743 1508 qui
1765 1459 1812 1496 de
1833 1457 2051 1496 catholicae
2070 1456 2121 1494 fi-

1167 1516 1227 1553 dei
1249 1513 1471 1552 defensione
1491 1516 1531 1550 et
1551 1512 1842 1550 ecclesiasticae
1871 1511 1978 1560 pacis
2005 1510 2126 1548 resti-

1167 1568 1321 1607 tutione
1349 1567 1449 1603 bene
1478 1568 1679 1603 meruerat
1696 1595 1705 1611 ,
1736 1568 1870 1613 postea
1897 1562 2123 1602 ambitionis

1169 1624 1278 1660 aestu
1314 1619 1574 1663 incalescens,
1605 1630 1747 1667 graves
1782 1618 1922 1654 turbas
1951 1619 1992 1654 et
2020 1615 2127 1654 schi-

1169 1687 1254 1713 sma
1274 1673 1312 1710 in
1333 1672 1508 1710 Ecclesia
1537 1671 1740 1709 excitavit.
1765 1671 1896 1712 Quum
1917 1669 2020 1707 enim
2041 1670 2128 1717 post

1171 1729 1338 1766 mortem
1367 1725 1563 1762 Timothei
1591 1723 1852 1773 Solophacioli
1880 1722 2130 1772 patriarchae

1174 1777 1446 1823 Alexandrini,
1466 1789 1568 1815 anno
1585 1778 1659 1814 481
1673 1777 1738 1814 vel
1752 1776 1843 1822 482,
1864 1777 1913 1813 ab
1930 1774 2131 1824 episcopis,

1174 1833 1328 1872 clericis
1348 1834 1387 1868 et
1407 1831 1606 1867 monachis
1626 1829 1831 1868 catholicis
1861 1828 2011 1866 electus
2031 1826 2133 1864 fuis-

1175 1889 1235 1926 set
1263 1887 1431 1922 Ioannes
1452 1883 1610 1929 Talaia,
1631 1883 1800 1920 Aeacius
1829 1884 1942 1919 tanta
1969 1878 2134 1918 incaluit

1176 1939 1335 1983 invidia,
1357 1939 1400 1974 ut
1419 1936 1613 1973 Zenonem
1642 1937 1921 1984 imperatorem
1953 1944 2129 1971 commo-

1177 1992 1282 2030 verit
1320 1990 1369 2027 ad
1406 1989 1661 2026 reiiciendum
1700 1989 1887 2025 Ioannem
1925 1985 2104 2023 'Palaiam
2120 2014 2132 2032 ,

1178 2056 1296 2095 quem
1311 2043 1481 2092 plurium
1498 2041 1703 2078 criminum
1719 2041 1943 2086 accusabat,
1958 2042 2000 2076 et
2016 2038 2064 2076 ad
2076 2049 2135 2075 re·

1179 2096 1424 2137 stituendum
1445 2095 1609 2132 Petrum
1630 2095 1837 2142 Mongum‚
1860 2104 1975 2141 quem
2005 2092 2138 2137 antea,

1181 2156 1225 2188 ut
1244 2149 1503 2193 haereticum,
1520 2147 1756 2184 eiiciendum
1777 2148 2000 2183 curaverat.
2020 2143 2141 2181 Brevi

1183 2206 1267 2253 post
1288 2200 1499 2250 (482),n0n
1518 2200 1762 2237 obstantibus
1777 2197 1969 2248 Simplicii
1986 2198 2056 2246 Pp.
2075 2197 2139 2234 ad-

1183 2254 1472 2298 monitionibus,
1494 2255 1703 2301 praetextu
1735 2251 1895 2289 uniendi
1922 2249 2142 2298 Menophy-

1184 2311 1279 2348 sitas
1299 2319 1369 2345 seu
1390 2307 1658 2354 Eutychianos
1688 2317 1778 2342 cum
1807 2302 2032 2349 Catholicis,
2061 2301 2137 2339 Ze-

1185 2361 1274 2399 noni
1295 2362 1434 2397 auctor
1454 2358 1527 2395 fuit
1541 2388 1549 2404 ,
1572 2363 1614 2396 ut
1633 2357 1931 2395 fraudulentum
1960 2356 2008 2393 de
2036 2354 2135 2392 Fide

1185 2415 1354 2452 edictum
1365 2410 1635 2461 (Henotz'con)
1653 2410 1933 2460 promulgaret,
1943 2407 2042 2457 quod
2056 2407 2139 2444 dis-

1187 2467 1340 2505 cordias
1355 2465 1392 2502 in
1409 2465 1572 2502 ccclesia
1588 2464 1780 2502 Orientali
1790 2461 2005 2511 plurimum
2014 2459 2142 2506 auxit,

1187 2524 1226 2558 et
1246 2524 1330 2557 tum
1352 2518 1572 2555 Catholicos
1591 2520 1677 2554 tum
1705 2514 2005 2564 Monophysitas
2036 2514 2141 2550 inter

1188 2586 1229 2611 se
1250 2571 1397 2609 divisit.
1411 2570 1510 2607 Huic
1522 2570 1662 2616 edicto,
1679 2569 1793 2617 quod,
1811 2567 1992 2617 quamvis
2006 2566 2141 2603 haere-

1189 2627 1261 2663 sim
1282 2636 1357 2662 non
1378 2623 1628 2672 exprimeret,
1659 2634 1745 2659 eam
1776 2624 1908 2658 tamen
1937 2632 2015 2657 non
2045 2629 2141 2655 con-

1192 2678 1424 2722 demnabat,
1455 2687 1580 2724 neque
1613 2676 1708 2712 satis
1735 2675 1876 2722 dogma
1904 2671 2145 2710 catholicum

1192 2732 1407 2775 tutabatur,
1435 2729 1750 2776 subscripserunt
1779 2726 1967 2772 Aeacius,
1998 2724 2144 2762 Petrus

1193 2785 1374 2831 MonguS,
1395 2782 1473 2830 qui,
1493 2782 1636 2819 reiecto
1653 2779 1804 2825 Talaia,
1823 2779 1951 2816 sedem
1974 2777 2148 2814 Alexan-

1194 2837 1347 2873 drinam
1366 2835 1523 2882 recepit,
1539 2834 1684 2882 aliique
1700 2846 1720 2870 e
1737 2831 1946 2870 Catholicis
1961 2831 2002 2867 et
2017 2829 2149 2866 Mono-

1195 2889 1373 2938 physitis.
1396 2887 1469 2928 Qui
1487 2899 1579 2924 vero
1600 2887 1703 2923 inter
1721 2885 1941 2923 Catholicos
1961 2883 2062 2920 iusto
2083 2879 2146 2918 Fi-

1195 2944 1255 2979 ‹lei
1279 2941 1407 2979 studio
1428 2942 1542 2977 crant
1563 2939 1741 2984 animati,
1770 2937 1862 2974 huic
1892 2935 2018 2973 edicto
2046 2934 2142 2972 sub-

1196 2995 1367 3031 scribere
1388 2995 1632 3029 recusarunt.
1653 2991 1753 3028 Illud
1779 2990 1898 3027 etiam
1928 2986 2149 3026 reiecerunt

1198 3047 1428 3085 fervidiores
1448 3046 1550 3082 inter
1571 3043 1868 3093 Monophysitas
1885 3072 1893 3089 ‚
1912 3041 2005 3089 quia
2032 3040 2073 3077 in
2103 3049 2150 3076 eo

1197 3100 1402 3138 concilium
1423 3098 1734 3137 Chalcedonense
1755 3107 1830 3133 non
1847 3105 2032 3143 expresse
2048 3093 2151 3130 dam-

1200 3154 1315 3192 nabat
1324 3163 1380 3198 ur,
1401 3155 1442 3190 et
1461 3152 1497 3189 hi
1514 3163 1554 3189 se
1570 3162 1594 3188 a
1608 3149 1874 3188 communione
1891 3146 1999 3185 Petri
2015 3142 2152 3195 Mongi
