<?xml version="1.0" encoding="UTF-8"?>
<!DOCTYPE html PUBLIC "-//W3C//DTD XHTML 1.0 Transitional//EN"
    "http://www.w3.org/TR/xhtml1/DTD/xhtml1-transitional.dtd">
<html xmlns="http://www.w3.org/1999/xhtml" xml:lang="en" lang="en">
 <head>
  <title>
</title>
<meta http-equiv="Content-Type" content="text/html;charset=utf-8" />
  <meta name='ocr-system' content='tesseract 3.04.00' />
  <meta name='ocr-capabilities' content='ocr_page ocr_carea ocr_par ocr_line ocrx_word'/>
</head>
<body>
  <div class='ocr_page' id='page_1' title='image "./historiaeecclesi01wout_0229.png"; bbox 0 0 2241 3473; ppageno 0'>
   <div class='ocr_carea' id='block_1_1' title="bbox 766 125 1396 157">
    <p class='ocr_par' dir='ltr' id='par_1_1' title="bbox 766 125 1396 157">
     <span class='ocr_line' id='line_1_1' title="bbox 766 125 1396 157; baseline 0.002 -5"><span class='ocrx_word' id='word_1_1' title='bbox 766 125 889 157; x_wconf 73' lang='lat' dir='ltr'>stVE</span> <span class='ocrx_word' id='word_1_2' title='bbox 909 126 960 153; x_wconf 72' lang='lat' dir='ltr'>At&gt;</span> <span class='ocrx_word' id='word_1_3' title='bbox 981 125 1171 153; x_wconf 68' lang='lat' dir='ltr'><strong>AETATEM</strong></span> <span class='ocrx_word' id='word_1_4' title='bbox 1189 125 1334 153; x_wconf 75' lang='lat' dir='ltr'>CAROLI</span> <span class='ocrx_word' id='word_1_5' title='bbox 1354 127 1396 153; x_wconf 83' lang='lat' dir='ltr'>M.</span> 
     </span>
    </p>
   </div>
   <div class='ocr_carea' id='block_1_2' title="bbox 104 190 1056 2626">
    <p class='ocr_par' dir='ltr' id='par_1_2' title="bbox 116 190 1056 758">
     <span class='ocr_line' id='line_1_2' title="bbox 119 190 1056 240; baseline 0.001 -13"><span class='ocrx_word' id='word_1_6' title='bbox 119 202 181 228; x_wconf 89' lang='lat' dir='ltr'>mo</span> <span class='ocrx_word' id='word_1_7' title='bbox 201 190 400 228; x_wconf 83' lang='lat' dir='ltr'>haeretico</span> <span class='ocrx_word' id='word_1_8' title='bbox 423 191 488 228; x_wconf 86' lang='lat' dir='ltr'>sed</span> <span class='ocrx_word' id='word_1_9' title='bbox 509 202 557 228; x_wconf 79' lang='lat' dir='ltr'>ex</span> <span class='ocrx_word' id='word_1_10' title='bbox 578 191 799 239; x_wconf 74' lang='lat' dir='ltr'>ignorantia</span> <span class='ocrx_word' id='word_1_11' title='bbox 819 191 976 240; x_wconf 81' lang='lat' dir='ltr'>linguae</span> <span class='ocrx_word' id='word_1_12' title='bbox 996 190 1056 228; x_wconf 88' lang='lat' dir='ltr'>la-</span> 
     </span>
     <span class='ocr_line' id='line_1_3' title="bbox 122 242 1056 293; baseline -0.001 -12"><span class='ocrx_word' id='word_1_13' title='bbox 122 244 226 281; x_wconf 84' lang='lat' dir='ltr'>tinae</span> <span class='ocrx_word' id='word_1_14' title='bbox 257 244 432 280; x_wconf 80' lang='lat' dir='ltr'>evenerit</span> <span class='ocrx_word' id='word_1_15' title='bbox 453 242 477 280; x_wconf 88' lang='lat'>¹.</span> <span class='ocrx_word' id='word_1_16' title='bbox 500 244 712 293; x_wconf 76' lang='lat' dir='ltr'><strong>Respondit</strong></span> <span class='ocrx_word' id='word_1_17' title='bbox 739 246 873 293; x_wconf 85' lang='lat' dir='ltr'>postca</span> <span class='ocrx_word' id='word_1_18' title='bbox 902 243 950 281; x_wconf 87' lang='lat' dir='ltr'>ad</span> <span class='ocrx_word' id='word_1_19' title='bbox 980 243 1056 280; x_wconf 85' lang='lat' dir='ltr'>alia</span> 
     </span>
     <span class='ocr_line' id='line_1_4' title="bbox 116 295 1056 346; baseline -0.002 -12"><span class='ocrx_word' id='word_1_20' title='bbox 116 296 230 334; x_wconf 86' lang='lat' dir='ltr'>dubia</span> <span class='ocrx_word' id='word_1_21' title='bbox 241 296 288 333; x_wconf 84' lang='lat' dir='ltr'>ab</span> <span class='ocrx_word' id='word_1_22' title='bbox 299 296 435 333; x_wconf 90' lang='lat' dir='ltr'>eodem</span> <span class='ocrx_word' id='word_1_23' title='bbox 447 297 644 334; x_wconf 85' lang='lat' dir='ltr'>Bonifacio</span> <span class='ocrx_word' id='word_1_24' title='bbox 658 298 858 346; x_wconf 86' lang='lat' dir='ltr'>proposita.</span> <span class='ocrx_word' id='word_1_25' title='bbox 866 297 920 334; x_wconf 89' lang='lat' dir='ltr'>De</span> <span class='ocrx_word' id='word_1_26' title='bbox 932 295 1056 345; x_wconf 80' lang='lat' dir='ltr'>Virgi-</span> 
     </span>
     <span class='ocr_line' id='line_1_5' title="bbox 119 348 1054 399; baseline 0.001 -13"><span class='ocrx_word' id='word_1_27' title='bbox 119 349 166 386; x_wconf 89' lang='lat' dir='ltr'>lio</span> <span class='ocrx_word' id='word_1_28' title='bbox 193 353 331 386; x_wconf 85' lang='lat' dir='ltr'>autem·</span> <span class='ocrx_word' id='word_1_29' title='bbox 346 350 596 397; x_wconf 74' lang='lat' dir='ltr'>presbytero,</span> <span class='ocrx_word' id='word_1_30' title='bbox 618 351 664 387; x_wconf 87' lang='lat' dir='ltr'>de</span> <span class='ocrx_word' id='word_1_31' title='bbox 683 362 759 399; x_wconf 90' lang='lat' dir='ltr'>quo</span> <span class='ocrx_word' id='word_1_32' title='bbox 780 362 809 387; x_wconf 99' lang='grc'><strong>3.</strong></span> <span class='ocrx_word' id='word_1_33' title='bbox 831 348 1054 387; x_wconf 86' lang='lat' dir='ltr'>Bonifacius</span> 
     </span>
     <span class='ocr_line' id='line_1_6' title="bbox 117 402 1052 450; baseline 0 -11"><span class='ocrx_word' id='word_1_34' title='bbox 117 402 360 449; x_wconf 72' lang='lat' dir='ltr'>querebatur,</span> <span class='ocrx_word' id='word_1_35' title='bbox 377 404 475 450; x_wconf 89' lang='lat' dir='ltr'>quod</span> <span class='ocrx_word' id='word_1_36' title='bbox 497 403 705 440; x_wconf 79' lang='lat' dir='ltr'>discordias</span> <span class='ocrx_word' id='word_1_37' title='bbox 725 402 931 447; x_wconf 81' lang='lat' dir='ltr'>excitaret,</span> <span class='ocrx_word' id='word_1_38' title='bbox 949 413 1052 439; x_wconf 91' lang='lat' dir='ltr'>erro·</span> 
     </span>
     <span class='ocr_line' id='line_1_7' title="bbox 118 455 1052 502; baseline 0.001 -12"><span class='ocrx_word' id='word_1_39' title='bbox 118 465 283 502; x_wconf 75' lang='lat' dir='ltr'>neasque</span> <span class='ocrx_word' id='word_1_40' title='bbox 312 455 509 492; x_wconf 70' lang='lat' dir='ltr'>doctrinas</span> <span class='ocrx_word' id='word_1_41' title='bbox 539 457 712 493; x_wconf 82' lang='lat' dir='ltr'>traderet</span> <span class='ocrx_word' id='word_1_42' title='bbox 733 457 779 492; x_wconf 84' lang='lat' dir='ltr'>de</span> <span class='ocrx_word' id='word_1_43' title='bbox 799 455 876 492; x_wconf 90' lang='lat' dir='ltr'>alio</span> <span class='ocrx_word' id='word_1_44' title='bbox 896 455 1052 500; x_wconf 83' lang='lat' dir='ltr'>mundo,</span> 
     </span>
     <span class='ocr_line' id='line_1_8' title="bbox 117 506 1052 557; baseline 0 -13"><span class='ocrx_word' id='word_1_45' title='bbox 117 508 321 557; x_wconf 81' lang='lat' dir='ltr'>rescripsit,</span> <span class='ocrx_word' id='word_1_46' title='bbox 331 512 375 546; x_wconf 89' lang='lat' dir='ltr'>ut</span> <span class='ocrx_word' id='word_1_47' title='bbox 390 509 421 545; x_wconf 90' lang='lat' dir='ltr'>si</span> <span class='ocrx_word' id='word_1_48' title='bbox 435 509 602 557; x_wconf 71' lang='lat' dir='ltr'>vigilius</span> <span class='ocrx_word' id='word_1_49' title='bbox 620 509 656 545; x_wconf 89' lang='lat' dir='ltr'>in</span> <span class='ocrx_word' id='word_1_50' title='bbox 672 508 820 557; x_wconf 78' lang='lat' dir='ltr'>synodo</span> <span class='ocrx_word' id='word_1_51' title='bbox 838 506 1052 544; x_wconf 87' lang='lat' dir='ltr'>fueritcon-</span> 
     </span>
     <span class='ocr_line' id='line_1_9' title="bbox 117 558 1052 607; baseline 0.001 -12"><span class='ocrx_word' id='word_1_52' title='bbox 117 558 239 598; x_wconf 77' lang='lat' dir='ltr'>victus</span> <span class='ocrx_word' id='word_1_53' title='bbox 262 561 418 607; x_wconf 78' lang='lat' dir='ltr'>(locere,</span> <span class='ocrx_word' id='word_1_54' title='bbox 437 573 459 597; x_wconf 83' lang='lat'>«</span> <span class='ocrx_word' id='word_1_55' title='bbox 475 573 558 599; x_wconf 87' lang='lat' dir='ltr'>esse</span> <span class='ocrx_word' id='word_1_56' title='bbox 578 561 647 598; x_wconf 90' lang='lat' dir='ltr'>sub</span> <span class='ocrx_word' id='word_1_57' title='bbox 666 565 774 598; x_wconf 84' lang='lat' dir='ltr'>terra</span> <span class='ocrx_word' id='word_1_58' title='bbox 794 560 914 597; x_wconf 86' lang='lat' dir='ltr'>alium</span> <span class='ocrx_word' id='word_1_59' title='bbox 935 571 1052 597; x_wconf 90' lang='lat' dir='ltr'>mun-</span> 
     </span>
     <span class='ocr_line' id='line_1_10' title="bbox 117 612 1051 659; baseline -0.001 -9"><span class='ocrx_word' id='word_1_60' title='bbox 117 612 222 659; x_wconf 82' lang='lat' dir='ltr'>dum,</span> <span class='ocrx_word' id='word_1_61' title='bbox 243 614 336 651; x_wconf 83' lang='lat' dir='ltr'>alios</span> <span class='ocrx_word' id='word_1_62' title='bbox 359 615 543 659; x_wconf 87' lang='lat' dir='ltr'>homiues,</span> <span class='ocrx_word' id='word_1_63' title='bbox 563 626 631 651; x_wconf 90' lang='lat' dir='ltr'>seu</span> <span class='ocrx_word' id='word_1_64' title='bbox 653 614 770 650; x_wconf 87' lang='lat' dir='ltr'>alium</span> <span class='ocrx_word' id='word_1_65' title='bbox 792 613 911 650; x_wconf 88' lang='lat' dir='ltr'>solem</span> <span class='ocrx_word' id='word_1_66' title='bbox 931 618 968 649; x_wconf 87' lang='lat' dir='ltr'>et</span> <span class='ocrx_word' id='word_1_67' title='bbox 989 612 1051 649; x_wconf 91' lang='lat' dir='ltr'>lu-</span> 
     </span>
     <span class='ocr_line' id='line_1_11' title="bbox 118 665 1050 716; baseline -0.001 -13"><span class='ocrx_word' id='word_1_68' title='bbox 118 677 200 703; x_wconf 81' lang='lat' dir='ltr'>nan</span> <span class='ocrx_word' id='word_1_69' title='bbox 217 678 254 713; x_wconf 81' lang='lat'>»,</span> <span class='ocrx_word' id='word_1_70' title='bbox 274 668 488 705; x_wconf 85' lang='lat' dir='ltr'>sacerdotio</span> <span class='ocrx_word' id='word_1_71' title='bbox 508 667 685 716; x_wconf 85' lang='lat' dir='ltr'>privatus</span> <span class='ocrx_word' id='word_1_72' title='bbox 705 667 752 703; x_wconf 82' lang='lat' dir='ltr'>ab</span> <span class='ocrx_word' id='word_1_73' title='bbox 774 666 946 703; x_wconf 83' lang='lat' dir='ltr'>Ecclesia</span> <span class='ocrx_word' id='word_1_74' title='bbox 966 665 1050 714; x_wconf 91' lang='lat' dir='ltr'>pel-</span> 
     </span>
     <span class='ocr_line' id='line_1_12' title="bbox 119 718 306 758; baseline 0.011 -2"><span class='ocrx_word' id='word_1_75' title='bbox 119 718 265 758; x_wconf 81' lang='lat' dir='ltr'>leietur</span> <span class='ocrx_word' id='word_1_76' title='bbox 279 719 306 758; x_wconf 70' lang='lat'>².</span> 
     </span>
    </p>

    <p class='ocr_par' dir='ltr' id='par_1_3' title="bbox 112 771 1052 1350">
     <span class='ocr_line' id='line_1_13' title="bbox 168 771 1051 820; baseline -0.002 -10"><span class='ocrx_word' id='word_1_77' title='bbox 168 775 277 810; x_wconf 75' lang='lat' dir='ltr'>Anno</span> <span class='ocrx_word' id='word_1_78' title='bbox 292 774 367 811; x_wconf 79' lang='lat'>747</span> <span class='ocrx_word' id='word_1_79' title='bbox 387 772 559 820; x_wconf 77' lang='lat' dir='ltr'>pipinus,</span> <span class='ocrx_word' id='word_1_80' title='bbox 572 772 694 809; x_wconf 87' lang='lat' dir='ltr'>totius</span> <span class='ocrx_word' id='word_1_81' title='bbox 709 771 898 809; x_wconf 88' lang='lat' dir='ltr'>Franciae</span> <span class='ocrx_word' id='word_1_82' title='bbox 916 771 1051 809; x_wconf 88' lang='lat' dir='ltr'>maior-</span> 
     </span>
     <span class='ocr_line' id='line_1_14' title="bbox 117 825 1052 872; baseline -0.001 -10"><span class='ocrx_word' id='word_1_83' title='bbox 117 825 262 872; x_wconf 73' lang='lat' dir='ltr'>domus,</span> <span class='ocrx_word' id='word_1_84' title='bbox 281 837 368 863; x_wconf 88' lang='lat' dir='ltr'>cum</span> <span class='ocrx_word' id='word_1_85' title='bbox 390 826 460 862; x_wconf 88' lang='lat' dir='ltr'>hoc</span> <span class='ocrx_word' id='word_1_86' title='bbox 487 837 587 862; x_wconf 90' lang='lat' dir='ltr'>anno</span> <span class='ocrx_word' id='word_1_87' title='bbox 602 825 906 862; x_wconf 86' lang='lat' dir='ltr'>Carolomannus</span> <span class='ocrx_word' id='word_1_88' title='bbox 922 836 1052 862; x_wconf 86' lang='lat' dir='ltr'>saecu-</span> 
     </span>
     <span class='ocr_line' id='line_1_15' title="bbox 115 877 1050 926; baseline -0.001 -11"><span class='ocrx_word' id='word_1_89' title='bbox 115 877 153 915; x_wconf 92' lang='lat' dir='ltr'>lo</span> <span class='ocrx_word' id='word_1_90' title='bbox 172 880 445 924; x_wconf 73' lang='lat' dir='ltr'>renunciasset,</span> <span class='ocrx_word' id='word_1_91' title='bbox 460 882 503 916; x_wconf 87' lang='lat' dir='ltr'>ut</span> <span class='ocrx_word' id='word_1_92' title='bbox 521 878 774 916; x_wconf 86' lang='lat' dir='ltr'>monasticam</span> <span class='ocrx_word' id='word_1_93' title='bbox 791 878 908 915; x_wconf 83' lang='lat' dir='ltr'>vitam</span> <span class='ocrx_word' id='word_1_94' title='bbox 928 877 1050 926; x_wconf 89' lang='lat' dir='ltr'>profi-</span> 
     </span>
     <span class='ocr_line' id='line_1_16' title="bbox 113 931 1050 980; baseline -0.002 -11"><span class='ocrx_word' id='word_1_95' title='bbox 113 934 270 978; x_wconf 84' lang='lat' dir='ltr'>teretur,</span> <span class='ocrx_word' id='word_1_96' title='bbox 291 944 339 969; x_wconf 85' lang='lat' dir='ltr'>ex</span> <span class='ocrx_word' id='word_1_97' title='bbox 359 932 626 980; x_wconf 89' lang='lat' dir='ltr'>episcoporum</span> <span class='ocrx_word' id='word_1_98' title='bbox 647 933 687 968; x_wconf 90' lang='lat' dir='ltr'>et</span> <span class='ocrx_word' id='word_1_99' title='bbox 702 942 905 980; x_wconf 87' lang='lat' dir='ltr'>procerum</span> <span class='ocrx_word' id='word_1_100' title='bbox 922 931 1050 968; x_wconf 89' lang='lat' dir='ltr'>consi-</span> 
     </span>
     <span class='ocr_line' id='line_1_17' title="bbox 115 983 1050 1033; baseline 0 -13"><span class='ocrx_word' id='word_1_101' title='bbox 115 983 166 1020; x_wconf 92' lang='lat' dir='ltr'>lio</span> <span class='ocrx_word' id='word_1_102' title='bbox 190 985 450 1033; x_wconf 87' lang='lat' dir='ltr'>Apostolicam</span> <span class='ocrx_word' id='word_1_103' title='bbox 479 985 616 1022; x_wconf 85' lang='lat' dir='ltr'>Sedem</span> <span class='ocrx_word' id='word_1_104' title='bbox 647 984 842 1021; x_wconf 88' lang='lat' dir='ltr'>consuluit</span> <span class='ocrx_word' id='word_1_105' title='bbox 866 984 912 1021; x_wconf 91' lang='lat' dir='ltr'>de</span> <span class='ocrx_word' id='word_1_106' title='bbox 934 983 1050 1022; x_wconf 88' lang='lat' dir='ltr'>variis</span> 
     </span>
     <span class='ocr_line' id='line_1_18' title="bbox 114 1037 1050 1088; baseline 0.001 -16"><span class='ocrx_word' id='word_1_107' title='bbox 114 1037 303 1085; x_wconf 88' lang='lat' dir='ltr'>capitulis,</span> <span class='ocrx_word' id='word_1_108' title='bbox 322 1039 532 1088; x_wconf 75' lang='lat' dir='ltr'>praecipue</span> <span class='ocrx_word' id='word_1_109' title='bbox 551 1039 654 1075; x_wconf 88' lang='lat' dir='ltr'>circa</span> <span class='ocrx_word' id='word_1_110' title='bbox 669 1037 910 1086; x_wconf 83' lang='lat' dir='ltr'>disciplinam</span> <span class='ocrx_word' id='word_1_111' title='bbox 937 1037 1050 1074; x_wconf 87' lang='lat' dir='ltr'>Ordi-</span> 
     </span>
     <span class='ocr_line' id='line_1_19' title="bbox 117 1089 1050 1140; baseline 0.002 -15"><span class='ocrx_word' id='word_1_112' title='bbox 117 1089 173 1126; x_wconf 87' lang='lat' dir='ltr'>nis</span> <span class='ocrx_word' id='word_1_113' title='bbox 189 1091 454 1137; x_wconf 87' lang='lat' dir='ltr'>sacerdotalis,</span> <span class='ocrx_word' id='word_1_114' title='bbox 475 1092 578 1128; x_wconf 89' lang='lat' dir='ltr'>circa</span> <span class='ocrx_word' id='word_1_115' title='bbox 595 1091 871 1140; x_wconf 87' lang='lat' dir='ltr'>poenitentiam</span> <span class='ocrx_word' id='word_1_116' title='bbox 886 1091 1050 1128; x_wconf 89' lang='lat' dir='ltr'>homici-</span> 
     </span>
     <span class='ocr_line' id='line_1_20' title="bbox 113 1142 1051 1193; baseline 0.001 -14"><span class='ocrx_word' id='word_1_117' title='bbox 113 1142 172 1180; x_wconf 91' lang='lat' dir='ltr'>dis</span> <span class='ocrx_word' id='word_1_118' title='bbox 186 1144 456 1193; x_wconf 82' lang='lat' dir='ltr'>imponendam</span> <span class='ocrx_word' id='word_1_119' title='bbox 475 1148 514 1181; x_wconf 86' lang='lat' dir='ltr'>et</span> <span class='ocrx_word' id='word_1_120' title='bbox 525 1146 629 1181; x_wconf 88' lang='lat' dir='ltr'>circa</span> <span class='ocrx_word' id='word_1_121' title='bbox 647 1143 801 1181; x_wconf 87' lang='lat' dir='ltr'>illicitas</span> <span class='ocrx_word' id='word_1_122' title='bbox 817 1144 1051 1181; x_wconf 89' lang='lat' dir='ltr'>coniunctio-</span> 
     </span>
     <span class='ocr_line' id='line_1_21' title="bbox 113 1197 1048 1246; baseline 0.001 -14"><span class='ocrx_word' id='word_1_123' title='bbox 113 1207 190 1234; x_wconf 88' lang='lat' dir='ltr'>nes.</span> <span class='ocrx_word' id='word_1_124' title='bbox 208 1197 420 1246; x_wconf 87' lang='lat' dir='ltr'>Responsio</span> <span class='ocrx_word' id='word_1_125' title='bbox 442 1197 645 1235; x_wconf 86' lang='lat' dir='ltr'>Pontificis</span> <span class='ocrx_word' id='word_1_126' title='bbox 660 1199 812 1234; x_wconf 88' lang='lat' dir='ltr'>constat</span> <span class='ocrx_word' id='word_1_127' title='bbox 831 1197 882 1234; x_wconf 76' lang='lat'>27</span> <span class='ocrx_word' id='word_1_128' title='bbox 899 1197 1048 1234; x_wconf 87' lang='lat' dir='ltr'>articu—</span> 
     </span>
     <span class='ocr_line' id='line_1_22' title="bbox 112 1247 1046 1300; baseline 0.002 -15"><span class='ocrx_word' id='word_1_129' title='bbox 112 1247 170 1295; x_wconf 89' lang='lat' dir='ltr'>lis,</span> <span class='ocrx_word' id='word_1_130' title='bbox 190 1252 250 1299; x_wconf 87' lang='lat' dir='ltr'>qui</span> <span class='ocrx_word' id='word_1_131' title='bbox 267 1250 483 1300; x_wconf 74' lang='lat' dir='ltr'>generatim</span> <span class='ocrx_word' id='word_1_132' title='bbox 500 1262 550 1288; x_wconf 84' lang='lat' dir='ltr'>ex</span> <span class='ocrx_word' id='word_1_133' title='bbox 566 1250 736 1299; x_wconf 82' lang='lat' dir='ltr'>antiquis</span> <span class='ocrx_word' id='word_1_134' title='bbox 750 1250 961 1287; x_wconf 84' lang='lat' dir='ltr'>canonibus</span> <span class='ocrx_word' id='word_1_135' title='bbox 977 1251 1046 1287; x_wconf 88' lang='lat' dir='ltr'>de-</span> 
     </span>
     <span class='ocr_line' id='line_1_23' title="bbox 113 1302 405 1350; baseline 0.01 -12"><span class='ocrx_word' id='word_1_136' title='bbox 113 1303 252 1350; x_wconf 84' lang='lat' dir='ltr'>sumpti</span> <span class='ocrx_word' id='word_1_137' title='bbox 273 1307 363 1340; x_wconf 87' lang='lat' dir='ltr'>sunt</span> <span class='ocrx_word' id='word_1_138' title='bbox 379 1302 405 1341; x_wconf 77' lang='lat'>3.</span> 
     </span>
    </p>

    <p class='ocr_par' dir='ltr' id='par_1_4' title="bbox 104 1355 1049 2575">
     <span class='ocr_line' id='line_1_24' title="bbox 163 1355 1046 1405; baseline 0.001 -13"><span class='ocrx_word' id='word_1_139' title='bbox 163 1355 223 1392; x_wconf 80' lang='lat'>67.</span> <span class='ocrx_word' id='word_1_140' title='bbox 237 1356 577 1394; x_wconf 68' lang='lat' dir='ltr'>Christianorum</span> <span class='ocrx_word' id='word_1_141' title='bbox 586 1361 719 1394; x_wconf 77' lang='lat' dir='ltr'>statu-s</span> <span class='ocrx_word' id='word_1_142' title='bbox 730 1358 774 1394; x_wconf 75' lang='lat' dir='ltr'>in</span> <span class='ocrx_word' id='word_1_143' title='bbox 787 1357 830 1393; x_wconf 92' lang='lat' dir='ltr'><em>H</em></span> <span class='ocrx_word' id='word_1_144' title='bbox 830 1358 1046 1405; x_wconf 75' lang='lat' dir='ltr'>ispania—</span> 
     </span>
     <span class='ocr_line' id='line_1_25' title="bbox 110 1407 1049 1458; baseline 0.002 -13"><span class='ocrx_word' id='word_1_145' title='bbox 110 1407 154 1445; x_wconf 90' lang='lat' dir='ltr'>In</span> <span class='ocrx_word' id='word_1_146' title='bbox 183 1408 367 1458; x_wconf 83' lang='lat' dir='ltr'>Hispania</span> <span class='ocrx_word' id='word_1_147' title='bbox 396 1410 534 1458; x_wconf 86' lang='lat' dir='ltr'>religio</span> <span class='ocrx_word' id='word_1_148' title='bbox 563 1410 774 1447; x_wconf 85' lang='lat' dir='ltr'>christiana</span> <span class='ocrx_word' id='word_1_149' title='bbox 802 1412 1049 1458; x_wconf 87' lang='lat' dir='ltr'>tempestates</span> 
     </span>
     <span class='ocr_line' id='line_1_26' title="bbox 109 1462 1048 1510; baseline 0.002 -12"><span class='ocrx_word' id='word_1_150' title='bbox 109 1472 250 1510; x_wconf 88' lang='lat' dir='ltr'>graves</span> <span class='ocrx_word' id='word_1_151' title='bbox 261 1462 381 1501; x_wconf 88' lang='lat' dir='ltr'>subiit</span> <span class='ocrx_word' id='word_1_152' title='bbox 401 1463 601 1501; x_wconf 88' lang='lat' dir='ltr'>invasione</span> <span class='ocrx_word' id='word_1_153' title='bbox 622 1463 849 1501; x_wconf 87' lang='lat' dir='ltr'>Maurorum</span> <span class='ocrx_word' id='word_1_154' title='bbox 865 1475 931 1500; x_wconf 91' lang='lat' dir='ltr'>seu</span> <span class='ocrx_word' id='word_1_155' title='bbox 947 1465 1048 1501; x_wconf 89' lang='lat' dir='ltr'>Ara-</span> 
     </span>
     <span class='ocr_line' id='line_1_27' title="bbox 109 1514 1047 1565; baseline 0.003 -14"><span class='ocrx_word' id='word_1_156' title='bbox 109 1514 201 1552; x_wconf 90' lang='lat' dir='ltr'>bum</span> <span class='ocrx_word' id='word_1_157' title='bbox 215 1514 243 1553; x_wconf 89' lang='lat'>⁴.</span> <span class='ocrx_word' id='word_1_158' title='bbox 263 1516 488 1562; x_wconf 77' lang='lat' dir='ltr'>Christiani,</span> <span class='ocrx_word' id='word_1_159' title='bbox 508 1516 574 1564; x_wconf 91' lang='lat' dir='ltr'>qui</span> <span class='ocrx_word' id='word_1_160' title='bbox 594 1516 850 1565; x_wconf 75' lang='lat' dir='ltr'>confugerant</span> <span class='ocrx_word' id='word_1_161' title='bbox 870 1517 909 1553; x_wconf 90' lang='lat' dir='ltr'>in</span> <span class='ocrx_word' id='word_1_162' title='bbox 925 1518 1047 1554; x_wconf 89' lang='lat' dir='ltr'>Astu-</span> 
     </span>
     <span class='ocr_line' id='line_1_28' title="bbox 108 1568 1049 1618; baseline 0.003 -14"><span class='ocrx_word' id='word_1_163' title='bbox 108 1568 218 1614; x_wconf 84' lang='lat' dir='ltr'>riam,</span> <span class='ocrx_word' id='word_1_164' title='bbox 229 1581 301 1606; x_wconf 89' lang='lat' dir='ltr'>non</span> <span class='ocrx_word' id='word_1_165' title='bbox 317 1572 471 1607; x_wconf 88' lang='lat' dir='ltr'>tantum</span> <span class='ocrx_word' id='word_1_166' title='bbox 488 1570 526 1606; x_wconf 89' lang='lat' dir='ltr'>in</span> <span class='ocrx_word' id='word_1_167' title='bbox 542 1581 638 1607; x_wconf 84' lang='lat' dir='ltr'>vera</span> <span class='ocrx_word' id='word_1_168' title='bbox 653 1569 856 1618; x_wconf 87' lang='lat' dir='ltr'>Religione</span> <span class='ocrx_word' id='word_1_169' title='bbox 874 1581 1049 1618; x_wconf 84' lang='lat' dir='ltr'>perseve-</span> 
     </span>
     <span class='ocr_line' id='line_1_29' title="bbox 107 1623 1047 1672; baseline 0.003 -15"><span class='ocrx_word' id='word_1_170' title='bbox 107 1625 259 1668; x_wconf 88' lang='lat' dir='ltr'>rarunt,</span> <span class='ocrx_word' id='word_1_171' title='bbox 277 1623 344 1660; x_wconf 91' lang='lat' dir='ltr'>sed</span> <span class='ocrx_word' id='word_1_172' title='bbox 363 1634 472 1660; x_wconf 90' lang='lat' dir='ltr'>suam</span> <span class='ocrx_word' id='word_1_173' title='bbox 492 1623 714 1660; x_wconf 87' lang='lat' dir='ltr'>libertatem</span> <span class='ocrx_word' id='word_1_174' title='bbox 735 1623 804 1660; x_wconf 91' lang='lat' dir='ltr'>sub</span> <span class='ocrx_word' id='word_1_175' title='bbox 817 1634 908 1672; x_wconf 88' lang='lat' dir='ltr'>rege</span> <span class='ocrx_word' id='word_1_176' title='bbox 928 1623 1047 1660; x_wconf 89' lang='lat' dir='ltr'>Pela-</span> 
     </span>
     <span class='ocr_line' id='line_1_30' title="bbox 107 1674 1048 1725; baseline 0.002 -14"><span class='ocrx_word' id='word_1_177' title='bbox 107 1674 171 1722; x_wconf 85' lang='lat' dir='ltr'>gio</span> <span class='ocrx_word' id='word_1_178' title='bbox 187 1675 373 1713; x_wconf 89' lang='lat' dir='ltr'>adversus</span> <span class='ocrx_word' id='word_1_179' title='bbox 385 1675 613 1713; x_wconf 86' lang='lat' dir='ltr'>Maurorum</span> <span class='ocrx_word' id='word_1_180' title='bbox 629 1676 796 1724; x_wconf 90' lang='lat' dir='ltr'>impetus</span> <span class='ocrx_word' id='word_1_181' title='bbox 808 1676 962 1725; x_wconf 79' lang='lat' dir='ltr'>egregie</span> <span class='ocrx_word' id='word_1_182' title='bbox 979 1677 1048 1713; x_wconf 88' lang='lat' dir='ltr'>de-</span> 
     </span>
     <span class='ocr_line' id='line_1_31' title="bbox 107 1726 1047 1777; baseline 0.001 -13"><span class='ocrx_word' id='word_1_183' title='bbox 107 1726 324 1766; x_wconf 85' lang='lat' dir='ltr'>fenderunt.</span> <span class='ocrx_word' id='word_1_184' title='bbox 343 1730 415 1766; x_wconf 87' lang='lat' dir='ltr'>An.</span> <span class='ocrx_word' id='word_1_185' title='bbox 436 1729 512 1766; x_wconf 79' lang='lat'>737</span> <span class='ocrx_word' id='word_1_186' title='bbox 535 1729 740 1777; x_wconf 79' lang='lat' dir='ltr'>Pelagium</span> <span class='ocrx_word' id='word_1_187' title='bbox 761 1728 986 1766; x_wconf 76' lang='lat' dir='ltr'>defunctum</span> <span class='ocrx_word' id='word_1_188' title='bbox 1008 1731 1047 1766; x_wconf 86' lang='lat' dir='ltr'>in</span> 
     </span>
     <span class='ocr_line' id='line_1_32' title="bbox 108 1782 1046 1831; baseline 0.003 -14"><span class='ocrx_word' id='word_1_189' title='bbox 108 1791 227 1829; x_wconf 88' lang='lat' dir='ltr'>regno</span> <span class='ocrx_word' id='word_1_190' title='bbox 242 1782 419 1820; x_wconf 65' lang='lat' dir='ltr'>Asturiae</span> <span class='ocrx_word' id='word_1_191' title='bbox 440 1783 592 1831; x_wconf 72' lang='lat' dir='ltr'>excepit</span> <span class='ocrx_word' id='word_1_192' title='bbox 606 1782 752 1827; x_wconf 87' lang='lat' dir='ltr'>Fafila;</span> <span class='ocrx_word' id='word_1_193' title='bbox 768 1782 830 1819; x_wconf 89' lang='lat' dir='ltr'>cui</span> <span class='ocrx_word' id='word_1_194' title='bbox 847 1786 931 1831; x_wconf 89' lang='lat' dir='ltr'>post</span> <span class='ocrx_word' id='word_1_195' title='bbox 944 1783 1046 1820; x_wconf 88' lang='lat' dir='ltr'>bien-</span> 
     </span>
     <span class='ocr_line' id='line_1_33' title="bbox 107 1834 1045 1884; baseline 0.002 -14"><span class='ocrx_word' id='word_1_196' title='bbox 107 1834 214 1870; x_wconf 91' lang='lat' dir='ltr'>nium</span> <span class='ocrx_word' id='word_1_197' title='bbox 248 1838 398 1872; x_wconf 88' lang='lat' dir='ltr'>mortuo</span> <span class='ocrx_word' id='word_1_198' title='bbox 433 1835 618 1873; x_wconf 89' lang='lat' dir='ltr'>successit</span> <span class='ocrx_word' id='word_1_199' title='bbox 651 1835 871 1884; x_wconf 78' lang='lat' dir='ltr'>Alphonsus</span> <span class='ocrx_word' id='word_1_200' title='bbox 900 1848 1045 1884; x_wconf 83' lang='lat' dir='ltr'>cogno—</span> 
     </span>
     <span class='ocr_line' id='line_1_34' title="bbox 107 1888 1046 1937; baseline 0.003 -14"><span class='ocrx_word' id='word_1_201' title='bbox 107 1890 239 1924; x_wconf 91' lang='lat' dir='ltr'>mento</span> <span class='ocrx_word' id='word_1_202' title='bbox 272 1888 524 1935; x_wconf 74' lang='lat' dir='ltr'>Catholicus,</span> <span class='ocrx_word' id='word_1_203' title='bbox 554 1889 618 1936; x_wconf 86' lang='lat' dir='ltr'>qui</span> <span class='ocrx_word' id='word_1_204' title='bbox 647 1890 828 1937; x_wconf 89' lang='lat' dir='ltr'>regnavit</span> <span class='ocrx_word' id='word_1_205' title='bbox 860 1890 1046 1937; x_wconf 85' lang='lat' dir='ltr'>usquead</span> 
     </span>
     <span class='ocr_line' id='line_1_35' title="bbox 107 1940 1047 1990; baseline 0.003 -14"><span class='ocrx_word' id='word_1_206' title='bbox 107 1950 168 1977; x_wconf 89' lang='lat' dir='ltr'>an.</span> <span class='ocrx_word' id='word_1_207' title='bbox 199 1940 285 1978; x_wconf 83' lang='lat'>757.</span> <span class='ocrx_word' id='word_1_208' title='bbox 315 1941 389 1978; x_wconf 90' lang='lat' dir='ltr'>Hic</span> <span class='ocrx_word' id='word_1_209' title='bbox 415 1942 545 1990; x_wconf 88' lang='lat' dir='ltr'>plures</span> <span class='ocrx_word' id='word_1_210' title='bbox 571 1941 753 1979; x_wconf 85' lang='lat' dir='ltr'>victorias</span> <span class='ocrx_word' id='word_1_211' title='bbox 774 1942 820 1979; x_wconf 91' lang='lat' dir='ltr'>de</span> <span class='ocrx_word' id='word_1_212' title='bbox 841 1942 1047 1988; x_wconf 83' lang='lat' dir='ltr'>Arabibus,</span> 
     </span>
     <span class='ocr_line' id='line_1_36' title="bbox 106 1992 1049 2042; baseline 0.003 -13"><span class='ocrx_word' id='word_1_213' title='bbox 106 1992 207 2030; x_wconf 91' lang='lat' dir='ltr'>bello</span> <span class='ocrx_word' id='word_1_214' title='bbox 226 1993 396 2032; x_wconf 87' lang='lat' dir='ltr'>francico</span> <span class='ocrx_word' id='word_1_215' title='bbox 416 1996 574 2042; x_wconf 80' lang='lat' dir='ltr'>attritis,</span> <span class='ocrx_word' id='word_1_216' title='bbox 594 1995 740 2041; x_wconf 85' lang='lat' dir='ltr'>retulit,</span> <span class='ocrx_word' id='word_1_217' title='bbox 755 1995 896 2033; x_wconf 85' lang='lat' dir='ltr'>multas</span> <span class='ocrx_word' id='word_1_218' title='bbox 916 1996 1049 2033; x_wconf 89' lang='lat' dir='ltr'>civita·</span> 
     </span>
     <span class='ocr_line' id='line_1_37' title="bbox 105 2047 1047 2097; baseline 0.002 -14"><span class='ocrx_word' id='word_1_219' title='bbox 105 2047 165 2083; x_wconf 88' lang='lat' dir='ltr'>tes</span> <span class='ocrx_word' id='word_1_220' title='bbox 184 2047 233 2084; x_wconf 88' lang='lat' dir='ltr'>ab</span> <span class='ocrx_word' id='word_1_221' title='bbox 252 2058 388 2084; x_wconf 88' lang='lat' dir='ltr'>eorum</span> <span class='ocrx_word' id='word_1_222' title='bbox 410 2048 500 2097; x_wconf 88' lang='lat' dir='ltr'>iugo</span> <span class='ocrx_word' id='word_1_223' title='bbox 519 2048 714 2094; x_wconf 77' lang='lat' dir='ltr'>liberavit,</span> <span class='ocrx_word' id='word_1_224' title='bbox 735 2048 844 2096; x_wconf 89' lang='lat' dir='ltr'>regni</span> <span class='ocrx_word' id='word_1_225' title='bbox 863 2049 921 2086; x_wconf 90' lang='lat' dir='ltr'>sui</span> <span class='ocrx_word' id='word_1_226' title='bbox 940 2049 1047 2085; x_wconf 91' lang='lat' dir='ltr'>limi-</span> 
     </span>
     <span class='ocr_line' id='line_1_38' title="bbox 105 2100 1048 2148; baseline 0.003 -12"><span class='ocrx_word' id='word_1_227' title='bbox 105 2100 165 2136; x_wconf 85' lang='lat' dir='ltr'>tes</span> <span class='ocrx_word' id='word_1_228' title='bbox 184 2100 366 2148; x_wconf 87' lang='lat' dir='ltr'>protulit,</span> <span class='ocrx_word' id='word_1_229' title='bbox 384 2104 423 2139; x_wconf 92' lang='lat' dir='ltr'>et</span> <span class='ocrx_word' id='word_1_230' title='bbox 442 2102 543 2139; x_wconf 84' lang='lat' dir='ltr'>mala</span> <span class='ocrx_word' id='word_1_231' title='bbox 562 2101 730 2139; x_wconf 86' lang='lat' dir='ltr'>ecclesiis</span> <span class='ocrx_word' id='word_1_232' title='bbox 759 2114 782 2138; x_wconf 90' lang='lat' dir='ltr'>a</span> <span class='ocrx_word' id='word_1_233' title='bbox 800 2101 948 2139; x_wconf 87' lang='lat' dir='ltr'>Mauris</span> <span class='ocrx_word' id='word_1_234' title='bbox 968 2102 1048 2139; x_wconf 85' lang='lat' dir='ltr'>illa-</span> 
     </span>
     <span class='ocr_line' id='line_1_39' title="bbox 106 2154 1046 2204; baseline 0.004 -15"><span class='ocrx_word' id='word_1_235' title='bbox 106 2155 147 2189; x_wconf 87' lang='lat' dir='ltr'>ta</span> <span class='ocrx_word' id='word_1_236' title='bbox 172 2154 389 2202; x_wconf 89' lang='lat' dir='ltr'>reparanda</span> <span class='ocrx_word' id='word_1_237' title='bbox 409 2155 571 2192; x_wconf 88' lang='lat' dir='ltr'>curavit.</span> <span class='ocrx_word' id='word_1_238' title='bbox 592 2155 633 2192; x_wconf 93' lang='lat' dir='ltr'>In</span> <span class='ocrx_word' id='word_1_239' title='bbox 656 2154 815 2203; x_wconf 89' lang='lat' dir='ltr'>reliquis</span> <span class='ocrx_word' id='word_1_240' title='bbox 834 2155 1046 2204; x_wconf 85' lang='lat' dir='ltr'>Hispaniae</span> 
     </span>
     <span class='ocr_line' id='line_1_40' title="bbox 105 2205 1048 2255; baseline 0.004 -13"><span class='ocrx_word' id='word_1_241' title='bbox 105 2205 292 2253; x_wconf 88' lang='lat' dir='ltr'>partibus,</span> <span class='ocrx_word' id='word_1_242' title='bbox 303 2207 341 2243; x_wconf 89' lang='lat' dir='ltr'>in</span> <span class='ocrx_word' id='word_1_243' title='bbox 358 2208 494 2255; x_wconf 87' lang='lat' dir='ltr'>quibus</span> <span class='ocrx_word' id='word_1_244' title='bbox 509 2208 807 2245; x_wconf 83' lang='lat' dir='ltr'>dominabantur</span> <span class='ocrx_word' id='word_1_245' title='bbox 823 2209 967 2253; x_wconf 85' lang='lat' dir='ltr'>Mauri,</span> <span class='ocrx_word' id='word_1_246' title='bbox 983 2209 1048 2246; x_wconf 89' lang='lat' dir='ltr'>du—</span> 
     </span>
     <span class='ocr_line' id='line_1_41' title="bbox 105 2257 1046 2311; baseline 0.005 -17"><span class='ocrx_word' id='word_1_247' title='bbox 105 2257 185 2295; x_wconf 90' lang='lat' dir='ltr'>rior</span> <span class='ocrx_word' id='word_1_248' title='bbox 212 2262 297 2296; x_wconf 89' lang='lat' dir='ltr'>erat</span> <span class='ocrx_word' id='word_1_249' title='bbox 324 2261 623 2298; x_wconf 89' lang='lat' dir='ltr'>christianorum</span> <span class='ocrx_word' id='word_1_250' title='bbox 651 2261 829 2299; x_wconf 87' lang='lat' dir='ltr'>conditio.</span> <span class='ocrx_word' id='word_1_251' title='bbox 859 2262 1046 2311; x_wconf 87' lang='lat' dir='ltr'>Equidem</span> 
     </span>
     <span class='ocr_line' id='line_1_42' title="bbox 106 2310 1045 2363; baseline 0.005 -16"><span class='ocrx_word' id='word_1_252' title='bbox 106 2310 347 2360; x_wconf 86' lang='lat' dir='ltr'>Religionem</span> <span class='ocrx_word' id='word_1_253' title='bbox 367 2326 478 2351; x_wconf 88' lang='lat' dir='ltr'>suam</span> <span class='ocrx_word' id='word_1_254' title='bbox 497 2314 670 2363; x_wconf 85' lang='lat' dir='ltr'>profiteri</span> <span class='ocrx_word' id='word_1_255' title='bbox 686 2317 886 2362; x_wconf 86' lang='lat' dir='ltr'>poterant;</span> <span class='ocrx_word' id='word_1_256' title='bbox 907 2316 1045 2363; x_wconf 90' lang='lat' dir='ltr'>episco-</span> 
     </span>
     <span class='ocr_line' id='line_1_43' title="bbox 106 2365 1045 2416; baseline 0.006 -16"><span class='ocrx_word' id='word_1_257' title='bbox 106 2374 186 2411; x_wconf 87' lang='lat' dir='ltr'>pos,</span> <span class='ocrx_word' id='word_1_258' title='bbox 209 2365 387 2404; x_wconf 86' lang='lat' dir='ltr'>ecclesias</span> <span class='ocrx_word' id='word_1_259' title='bbox 415 2372 456 2404; x_wconf 90' lang='lat' dir='ltr'>et</span> <span class='ocrx_word' id='word_1_260' title='bbox 483 2368 717 2405; x_wconf 88' lang='lat' dir='ltr'>monasteria</span> <span class='ocrx_word' id='word_1_261' title='bbox 745 2368 959 2416; x_wconf 82' lang='lat' dir='ltr'>habebant3</span> <span class='ocrx_word' id='word_1_262' title='bbox 979 2369 1045 2406; x_wconf 87' lang='lat' dir='ltr'>sed</span> 
     </span>
     <span class='ocr_line' id='line_1_44' title="bbox 105 2417 1046 2459; baseline 0.006 -7"><span class='ocrx_word' id='word_1_263' title='bbox 105 2427 239 2454; x_wconf 90' lang='lat' dir='ltr'>eorum</span> <span class='ocrx_word' id='word_1_264' title='bbox 257 2417 416 2457; x_wconf 89' lang='lat' dir='ltr'>libertas</span> <span class='ocrx_word' id='word_1_265' title='bbox 435 2423 519 2458; x_wconf 88' lang='lat' dir='ltr'>erat</span> <span class='ocrx_word' id='word_1_266' title='bbox 538 2421 726 2458; x_wconf 87' lang='lat' dir='ltr'>limitibus</span> <span class='ocrx_word' id='word_1_267' title='bbox 746 2421 860 2459; x_wconf 87' lang='lat' dir='ltr'>certis</span> <span class='ocrx_word' id='word_1_268' title='bbox 882 2422 1046 2459; x_wconf 85' lang='lat' dir='ltr'>circum-</span> 
     </span>
     <span class='ocr_line' id='line_1_45' title="bbox 104 2469 1046 2523; baseline 0.007 -17"><span class='ocrx_word' id='word_1_269' title='bbox 104 2469 270 2518; x_wconf 88' lang='lat' dir='ltr'>scripta,</span> <span class='ocrx_word' id='word_1_270' title='bbox 298 2483 412 2520; x_wconf 88' lang='lat' dir='ltr'>quam</span> <span class='ocrx_word' id='word_1_271' title='bbox 449 2476 650 2522; x_wconf 86' lang='lat' dir='ltr'>praeterea</span> <span class='ocrx_word' id='word_1_272' title='bbox 677 2474 832 2512; x_wconf 88' lang='lat' dir='ltr'>tributis</span> <span class='ocrx_word' id='word_1_273' title='bbox 859 2475 1046 2523; x_wconf 83' lang='lat' dir='ltr'>gravibus</span> 
     </span>
     <span class='ocr_line' id='line_1_46' title="bbox 104 2522 601 2575; baseline 0.014 -17"><span class='ocrx_word' id='word_1_274' title='bbox 104 2522 294 2561; x_wconf 90' lang='lat' dir='ltr'>redimere</span> <span class='ocrx_word' id='word_1_275' title='bbox 323 2526 561 2575; x_wconf 86' lang='lat' dir='ltr'>cogebantur</span> <span class='ocrx_word' id='word_1_276' title='bbox 575 2527 601 2565; x_wconf 84' lang='lat'>⁵.</span> 
     </span>
    </p>

    <p class='ocr_par' dir='ltr' id='par_1_5' title="bbox 156 2576 1044 2626">
     <span class='ocr_line' id='line_1_47' title="bbox 156 2576 1044 2626; baseline 0.007 -13"><span class='ocrx_word' id='word_1_277' title='bbox 156 2576 218 2613; x_wconf 87' lang='grc'>68.</span> <span class='ocrx_word' id='word_1_278' title='bbox 249 2577 444 2626; x_wconf 75' lang='lat' dir='ltr'>Synodus</span> <span class='ocrx_word' id='word_1_279' title='bbox 477 2580 816 2619; x_wconf 66' lang='lat' dir='ltr'>cloveshoviensis</span> <span class='ocrx_word' id='word_1_280' title='bbox 833 2581 940 2618; x_wconf 91' lang='lat' dir='ltr'>—In</span> <span class='ocrx_word' id='word_1_281' title='bbox 960 2582 1044 2619; x_wconf 91' lang='lat' dir='ltr'>An-</span> 
     </span>
    </p>
   </div>
   <div class='ocr_carea' id='block_1_3' title="bbox 102 2681 1043 3216">
    <p class='ocr_par' dir='ltr' id='par_1_6' title="bbox 145 2681 512 2722">
     <span class='ocr_line' id='line_1_48' title="bbox 145 2681 512 2722; baseline 0.008 -11"><span class='ocrx_word' id='word_1_282' title='bbox 145 2681 155 2702; x_wconf 96' lang='lat'>¹</span> <span class='ocrx_word' id='word_1_283' title='bbox 176 2681 285 2719; x_wconf 85' lang='lat' dir='ltr'>Labbe,</span> <span class='ocrx_word' id='word_1_284' title='bbox 303 2682 321 2714; x_wconf 90' lang='grc' dir='ltr'>Ι.</span> <span class='ocrx_word' id='word_1_285' title='bbox 338 2692 362 2714; x_wconf 86' lang='lat' dir='ltr'>c.</span> <span class='ocrx_word' id='word_1_286' title='bbox 381 2692 408 2722; x_wconf 90' lang='lat' dir='ltr'>p.</span> <span class='ocrx_word' id='word_1_287' title='bbox 423 2682 512 2714; x_wconf 82' lang='lat'>1505.</span> 
     </span>
    </p>

    <p class='ocr_par' dir='ltr' id='par_1_7' title="bbox 102 2721 1043 3092">
     <span class='ocr_line' id='line_1_49' title="bbox 143 2721 1042 2768; baseline 0.008 -16"><span class='ocrx_word' id='word_1_288' title='bbox 143 2721 159 2744; x_wconf 73' lang='lat'><em>2</em></span> <span class='ocrx_word' id='word_1_289' title='bbox 173 2722 285 2761; x_wconf 88' lang='lat' dir='ltr'>Labbe,</span> <span class='ocrx_word' id='word_1_290' title='bbox 302 2724 318 2754; x_wconf 91' lang='grc' dir='ltr'><strong>Ι.</strong></span> <span class='ocrx_word' id='word_1_291' title='bbox 336 2734 362 2762; x_wconf 86' lang='lat' dir='ltr'>c,</span> <span class='ocrx_word' id='word_1_292' title='bbox 379 2734 408 2764; x_wconf 90' lang='lat' dir='ltr'>p.</span> <span class='ocrx_word' id='word_1_293' title='bbox 426 2724 514 2755; x_wconf 69' lang='lat'>1521.</span> <span class='ocrx_word' id='word_1_294' title='bbox 536 2725 734 2757; x_wconf 82' lang='lat' dir='ltr'>D&#39;Alembert</span> <span class='ocrx_word' id='word_1_295' title='bbox 764 2727 911 2765; x_wconf 80' lang='lat' dir='ltr'>(Diction.</span> <span class='ocrx_word' id='word_1_296' title='bbox 943 2737 1042 2768; x_wconf 75' lang='lat' dir='ltr'>ency-</span> 
     </span>
     <span class='ocr_line' id='line_1_50' title="bbox 103 2762 1043 2810; baseline 0.006 -16"><span class='ocrx_word' id='word_1_297' title='bbox 103 2762 231 2804; x_wconf 78' lang='lat' dir='ltr'>clope&#39;d.‚</span> <span class='ocrx_word' id='word_1_298' title='bbox 247 2768 304 2796; x_wconf 85' lang='lat' dir='ltr'>art.</span> <span class='ocrx_word' id='word_1_299' title='bbox 328 2764 522 2805; x_wconf 74' lang='lat' dir='ltr'>Aneipodes)</span> <span class='ocrx_word' id='word_1_300' title='bbox 538 2791 545 2802; x_wconf 86' lang='lat'>‚</span> <span class='ocrx_word' id='word_1_301' title='bbox 563 2770 592 2797; x_wconf 84' lang='lat' dir='ltr'>et</span> <span class='ocrx_word' id='word_1_302' title='bbox 616 2768 666 2798; x_wconf 83' lang='lat' dir='ltr'>alii</span> <span class='ocrx_word' id='word_1_303' title='bbox 689 2770 825 2801; x_wconf 88' lang='lat' dir='ltr'>nonnulli</span> <span class='ocrx_word' id='word_1_304' title='bbox 850 2770 1043 2810; x_wconf 81' lang='lat' dir='ltr'>Apostolicae</span> 
     </span>
     <span class='ocr_line' id='line_1_51' title="bbox 103 2804 1043 2846; baseline 0.006 -11"><span class='ocrx_word' id='word_1_305' title='bbox 103 2804 189 2835; x_wconf 87' lang='lat' dir='ltr'>Sedis</span> <span class='ocrx_word' id='word_1_306' title='bbox 210 2806 315 2837; x_wconf 86' lang='lat' dir='ltr'>hostes</span> <span class='ocrx_word' id='word_1_307' title='bbox 340 2807 450 2837; x_wconf 81' lang='lat' dir='ltr'>iniuria</span> <span class='ocrx_word' id='word_1_308' title='bbox 473 2812 643 2846; x_wconf 81' lang='lat' dir='ltr'>arguerunt</span> <span class='ocrx_word' id='word_1_309' title='bbox 664 2809 853 2841; x_wconf 81' lang='lat' dir='ltr'>Bonifacium</span> <span class='ocrx_word' id='word_1_310' title='bbox 882 2815 911 2843; x_wconf 86' lang='lat' dir='ltr'>et</span> <span class='ocrx_word' id='word_1_311' title='bbox 933 2812 1043 2842; x_wconf 82' lang='lat' dir='ltr'>Zacha-</span> 
     </span>
     <span class='ocr_line' id='line_1_52' title="bbox 104 2846 1041 2891; baseline 0.01 -16"><span class='ocrx_word' id='word_1_312' title='bbox 104 2846 195 2883; x_wconf 85' lang='lat' dir='ltr'>riam,</span> <span class='ocrx_word' id='word_1_313' title='bbox 211 2848 300 2886; x_wconf 85' lang='lat' dir='ltr'>quasi</span> <span class='ocrx_word' id='word_1_314' title='bbox 316 2849 499 2878; x_wconf 78' lang='lat' dir='ltr'>sententiam</span> <span class='ocrx_word' id='word_1_315' title='bbox 516 2849 560 2879; x_wconf 88' lang='lat' dir='ltr'>de.</span> <span class='ocrx_word' id='word_1_316' title='bbox 575 2851 734 2880; x_wconf 78' lang='lat' dir='ltr'>existentia</span> <span class='ocrx_word' id='word_1_317' title='bbox 750 2853 927 2891; x_wconf 83' lang='lat' dir='ltr'>antipodum</span> <span class='ocrx_word' id='word_1_318' title='bbox 945 2853 1041 2883; x_wconf 84' lang='lat' dir='ltr'>dixis-</span> 
     </span>
     <span class='ocr_line' id='line_1_53' title="bbox 103 2888 1042 2926; baseline 0.011 -10"><span class='ocrx_word' id='word_1_319' title='bbox 103 2890 171 2917; x_wconf 85' lang='lat' dir='ltr'>sent</span> <span class='ocrx_word' id='word_1_320' title='bbox 187 2888 380 2920; x_wconf 82' lang='lat' dir='ltr'>haereticam.</span> <span class='ocrx_word' id='word_1_321' title='bbox 395 2890 607 2926; x_wconf 76' lang='lat' dir='ltr'>Quaerebatur</span> <span class='ocrx_word' id='word_1_322' title='bbox 622 2891 702 2921; x_wconf 89' lang='lat' dir='ltr'>enim</span> <span class='ocrx_word' id='word_1_323' title='bbox 718 2891 754 2921; x_wconf 85' lang='lat' dir='ltr'>de</span> <span class='ocrx_word' id='word_1_324' title='bbox 777 2895 938 2924; x_wconf 79' lang='lat' dir='ltr'>existentia</span> <span class='ocrx_word' id='word_1_325' title='bbox 963 2895 1042 2925; x_wconf 80' lang='lat' dir='ltr'>alte-</span> 
     </span>
     <span class='ocr_line' id='line_1_54' title="bbox 105 2927 1040 2970; baseline 0.009 -12"><span class='ocrx_word' id='word_1_326' title='bbox 105 2927 166 2958; x_wconf 84' lang='lat' dir='ltr'>rius</span> <span class='ocrx_word' id='word_1_327' title='bbox 180 2930 283 2960; x_wconf 88' lang='lat' dir='ltr'>mundi</span> <span class='ocrx_word' id='word_1_328' title='bbox 300 2939 353 2960; x_wconf 89' lang='lat' dir='ltr'>seu</span> <span class='ocrx_word' id='word_1_329' title='bbox 370 2931 523 2960; x_wconf 85' lang='lat' dir='ltr'>hominurn</span> <span class='ocrx_word' id='word_1_330' title='bbox 538 2931 588 2970; x_wconf 83' lang='lat' dir='ltr'>qui</span> <span class='ocrx_word' id='word_1_331' title='bbox 605 2931 662 2961; x_wconf 79' lang='lat' dir='ltr'>atio</span> <span class='ocrx_word' id='word_1_332' title='bbox 684 2932 748 2962; x_wconf 89' lang='lat' dir='ltr'>sole</span> <span class='ocrx_word' id='word_1_333' title='bbox 771 2937 799 2964; x_wconf 83' lang='lat' dir='ltr'>et</span> <span class='ocrx_word' id='word_1_334' title='bbox 814 2935 886 2964; x_wconf 81' lang='lat' dir='ltr'>luna</span> <span class='ocrx_word' id='word_1_335' title='bbox 903 2935 1040 2966; x_wconf 87' lang='lat' dir='ltr'>illustra-</span> 
     </span>
     <span class='ocr_line' id='line_1_55' title="bbox 103 2972 1038 3009; baseline 0.01 -10"><span class='ocrx_word' id='word_1_336' title='bbox 103 2973 263 3007; x_wconf 72' lang='lat' dir='ltr'>rentur-‚et</span> <span class='ocrx_word' id='word_1_337' title='bbox 285 2972 412 3009; x_wconf 78' lang='lat' dir='ltr'>proinde</span> <span class='ocrx_word' id='word_1_338' title='bbox 436 2972 474 3001; x_wconf 73' lang='lat' dir='ltr'>ab</span> <span class='ocrx_word' id='word_1_339' title='bbox 498 2972 613 3002; x_wconf 74' lang='lat' dir='ltr'>Adamo</span> <span class='ocrx_word' id='word_1_340' title='bbox 631 2973 779 3009; x_wconf 73' lang='lat' dir='ltr'>originem</span> <span class='ocrx_word' id='word_1_341' title='bbox 803 2983 862 3005; x_wconf 89' lang='lat' dir='ltr'>non</span> <span class='ocrx_word' id='word_1_342' title='bbox 880 2976 1038 3007; x_wconf 75' lang='lat' dir='ltr'>haberent.</span> 
     </span>
     <span class='ocr_line' id='line_1_56' title="bbox 102 3007 1039 3055; baseline 0.011 -15"><span class='ocrx_word' id='word_1_343' title='bbox 102 3007 144 3040; x_wconf 80' lang='lat' dir='ltr'>Cf</span> <span class='ocrx_word' id='word_1_344' title='bbox 154 3011 188 3042; x_wconf 85' lang='grc' dir='ltr'><strong>Ε.</strong></span> <span class='ocrx_word' id='word_1_345' title='bbox 206 3011 243 3041; x_wconf 87' lang='lat' dir='ltr'>de</span> <span class='ocrx_word' id='word_1_346' title='bbox 260 3012 352 3052; x_wconf 77' lang='lat' dir='ltr'>vitry,</span> <span class='ocrx_word' id='word_1_347' title='bbox 367 3013 580 3043; x_wconf 68' lang='lat' dir='ltr'>Dissertation</span> <span class='ocrx_word' id='word_1_348' title='bbox 604 3022 661 3042; x_wconf 66' lang='lat' dir='ltr'>xm·</span> <span class='ocrx_word' id='word_1_349' title='bbox 675 3015 718 3044; x_wconf 77' lang='lat' dir='ltr'>les</span> <span class='ocrx_word' id='word_1_350' title='bbox 734 3015 907 3055; x_wconf 74' lang='lat' dir='ltr'>antipodes,</span> <span class='ocrx_word' id='word_1_351' title='bbox 926 3018 955 3048; x_wconf 84' lang='lat' dir='ltr'>in</span> <span class='ocrx_word' id='word_1_352' title='bbox 972 3017 1039 3049; x_wconf 83' lang='lat' dir='ltr'>Me&#39;·</span> 
     </span>
     <span class='ocr_line' id='line_1_57' title="bbox 102 3051 654 3092; baseline 0.007 -12"><span class='ocrx_word' id='word_1_353' title='bbox 102 3051 221 3082; x_wconf 78' lang='lat' dir='ltr'>moires</span> <span class='ocrx_word' id='word_1_354' title='bbox 236 3051 273 3084; x_wconf 78' lang='lat' dir='ltr'>de</span> <span class='ocrx_word' id='word_1_355' title='bbox 293 3053 546 3092; x_wconf 74' lang='lat' dir='ltr'>Tre&#39;voux,janv.</span> <span class='ocrx_word' id='word_1_356' title='bbox 568 3054 654 3084; x_wconf 69' lang='grc'><strong>17118.</strong></span> 
     </span>
    </p>

    <p class='ocr_par' dir='ltr' id='par_1_8' title="bbox 142 3091 510 3134">
     <span class='ocr_line' id='line_1_58' title="bbox 142 3091 510 3134; baseline 0.003 -12"><span class='ocrx_word' id='word_1_357' title='bbox 142 3091 156 3112; x_wconf 74' lang='lat'><strong>3</strong></span> <span class='ocrx_word' id='word_1_358' title='bbox 173 3092 282 3131; x_wconf 85' lang='lat' dir='ltr'>Labbe,</span> <span class='ocrx_word' id='word_1_359' title='bbox 298 3094 320 3124; x_wconf 89' lang='lat' dir='ltr'>l.</span> <span class='ocrx_word' id='word_1_360' title='bbox 334 3104 358 3126; x_wconf 90' lang='lat' dir='ltr'>c.</span> <span class='ocrx_word' id='word_1_361' title='bbox 377 3105 406 3134; x_wconf 87' lang='lat' dir='ltr'>p.</span> <span class='ocrx_word' id='word_1_362' title='bbox 422 3094 510 3126; x_wconf 74' lang='lat'>1506.</span> 
     </span>
    </p>

    <p class='ocr_par' dir='ltr' id='par_1_9' title="bbox 142 3132 363 3173">
     <span class='ocr_line' id='line_1_59' title="bbox 142 3132 363 3173; baseline 0.023 -12"><span class='ocrx_word' id='word_1_363' title='bbox 142 3132 156 3154; x_wconf 89' lang='lat'><strong>⁴</strong></span> <span class='ocrx_word' id='word_1_364' title='bbox 173 3133 234 3164; x_wconf 84' lang='lat' dir='ltr'>Vid.</span> <span class='ocrx_word' id='word_1_365' title='bbox 253 3144 279 3173; x_wconf 87' lang='lat' dir='ltr'>p.</span> <span class='ocrx_word' id='word_1_366' title='bbox 298 3135 363 3166; x_wconf 84' lang='lat'>190.</span> 
     </span>
    </p>

    <p class='ocr_par' dir='ltr' id='par_1_10' title="bbox 142 3173 541 3216">
     <span class='ocr_line' id='line_1_60' title="bbox 142 3173 541 3216; baseline 0.008 -13"><span class='ocrx_word' id='word_1_367' title='bbox 142 3173 157 3194; x_wconf 72' lang='grc' dir='ltr'>ὖ</span> <span class='ocrx_word' id='word_1_368' title='bbox 172 3174 337 3215; x_wconf 78' lang='lat' dir='ltr'>sandoval,</span> <span class='ocrx_word' id='word_1_369' title='bbox 355 3176 430 3208; x_wconf 81' lang='lat' dir='ltr'>llist.</span> <span class='ocrx_word' id='word_1_370' title='bbox 448 3187 474 3216; x_wconf 87' lang='lat' dir='ltr'>p.</span> <span class='ocrx_word' id='word_1_371' title='bbox 493 3178 541 3208; x_wconf 67' lang='lat'>87,</span> 
     </span>
    </p>
   </div>
   <div class='ocr_carea' id='block_1_4' title="bbox 1921 116 1996 155">
    <p class='ocr_par' dir='ltr' id='par_1_11' title="bbox 1921 116 1996 155">
     <span class='ocr_line' id='line_1_61' title="bbox 1921 116 1996 155; baseline 0 -1"><span class='ocrx_word' id='word_1_372' title='bbox 1921 116 1996 155; x_wconf 88' lang='grc'>199</span> 
     </span>
    </p>
   </div>
   <div class='ocr_carea' id='block_1_5' title="bbox 1082 190 2046 3055">
    <p class='ocr_par' dir='ltr' id='par_1_12' title="bbox 1090 190 2046 1729">
     <span class='ocr_line' id='line_1_62' title="bbox 1101 190 2044 241; baseline 0.002 -13"><span class='ocrx_word' id='word_1_373' title='bbox 1101 190 1180 239; x_wconf 83' lang='lat' dir='ltr'>glia</span> <span class='ocrx_word' id='word_1_374' title='bbox 1199 191 1316 229; x_wconf 85' lang='lat' dir='ltr'>etiam</span> <span class='ocrx_word' id='word_1_375' title='bbox 1337 191 1396 230; x_wconf 91' lang='lat' dir='ltr'>his</span> <span class='ocrx_word' id='word_1_376' title='bbox 1422 191 1662 241; x_wconf 87' lang='lat' dir='ltr'>temporibus</span> <span class='ocrx_word' id='word_1_377' title='bbox 1690 193 1870 241; x_wconf 88' lang='lat' dir='ltr'>tepuerat</span> <span class='ocrx_word' id='word_1_378' title='bbox 1888 192 2044 240; x_wconf 86' lang='lat' dir='ltr'>pietatis</span> 
     </span>
     <span class='ocr_line' id='line_1_63' title="bbox 1101 243 2045 294; baseline 0.002 -14"><span class='ocrx_word' id='word_1_379' title='bbox 1101 243 1272 292; x_wconf 83' lang='lat' dir='ltr'>spiritus,</span> <span class='ocrx_word' id='word_1_380' title='bbox 1292 245 1383 293; x_wconf 87' lang='lat' dir='ltr'>quia</span> <span class='ocrx_word' id='word_1_381' title='bbox 1403 247 1518 283; x_wconf 83' lang='lat' dir='ltr'>antea</span> <span class='ocrx_word' id='word_1_382' title='bbox 1537 244 1721 283; x_wconf 89' lang='lat' dir='ltr'>ecclesias</span> <span class='ocrx_word' id='word_1_383' title='bbox 1740 245 1854 282; x_wconf 89' lang='lat' dir='ltr'>huius</span> <span class='ocrx_word' id='word_1_384' title='bbox 1873 245 2045 294; x_wconf 88' lang='lat' dir='ltr'>regionis</span> 
     </span>
     <span class='ocr_line' id='line_1_64' title="bbox 1102 296 2045 339; baseline 0.004 -7"><span class='ocrx_word' id='word_1_385' title='bbox 1102 296 1329 335; x_wconf 89' lang='lat' dir='ltr'>illustrarat.</span> <span class='ocrx_word' id='word_1_386' title='bbox 1352 298 1518 339; x_wconf 87' lang='lat' dir='ltr'>Questus</span> <span class='ocrx_word' id='word_1_387' title='bbox 1538 301 1597 336; x_wconf 90' lang='lat' dir='ltr'>est</span> <span class='ocrx_word' id='word_1_388' title='bbox 1624 310 1670 336; x_wconf 85' lang='lat' dir='ltr'>ea</span> <span class='ocrx_word' id='word_1_389' title='bbox 1698 299 1744 336; x_wconf 89' lang='lat' dir='ltr'>de</span> <span class='ocrx_word' id='word_1_390' title='bbox 1764 309 1806 336; x_wconf 88' lang='lat' dir='ltr'>re</span> <span class='ocrx_word' id='word_1_391' title='bbox 1826 309 1857 336; x_wconf 89' lang='grc'><strong>3.</strong></span> <span class='ocrx_word' id='word_1_392' title='bbox 1881 298 2045 336; x_wconf 86' lang='lat' dir='ltr'>Bonifa-</span> 
     </span>
     <span class='ocr_line' id='line_1_65' title="bbox 1099 349 2046 399; baseline 0.003 -14"><span class='ocrx_word' id='word_1_393' title='bbox 1099 349 1180 387; x_wconf 89' lang='lat' dir='ltr'>cius</span> <span class='ocrx_word' id='word_1_394' title='bbox 1201 350 1238 386; x_wconf 90' lang='lat' dir='ltr'>in</span> <span class='ocrx_word' id='word_1_395' title='bbox 1258 350 1420 398; x_wconf 87' lang='lat' dir='ltr'>epistola</span> <span class='ocrx_word' id='word_1_396' title='bbox 1437 351 1483 388; x_wconf 89' lang='lat' dir='ltr'>ad</span> <span class='ocrx_word' id='word_1_397' title='bbox 1502 352 1772 398; x_wconf 89' lang='lat' dir='ltr'>Cuthbertum,</span> <span class='ocrx_word' id='word_1_398' title='bbox 1790 350 2046 399; x_wconf 88' lang='lat' dir='ltr'>archiepisco-</span> 
     </span>
     <span class='ocr_line' id='line_1_66' title="bbox 1099 403 2044 454; baseline 0.003 -15"><span class='ocrx_word' id='word_1_399' title='bbox 1099 413 1190 450; x_wconf 91' lang='lat' dir='ltr'>pum</span> <span class='ocrx_word' id='word_1_400' title='bbox 1210 403 1544 453; x_wconf 85' lang='lat' dir='ltr'>Cantuariensem,</span> <span class='ocrx_word' id='word_1_401' title='bbox 1565 405 1793 454; x_wconf 85' lang='lat' dir='ltr'>praesertim</span> <span class='ocrx_word' id='word_1_402' title='bbox 1813 405 1859 442; x_wconf 87' lang='lat' dir='ltr'>de</span> <span class='ocrx_word' id='word_1_403' title='bbox 1889 404 2044 452; x_wconf 89' lang='lat' dir='ltr'>episco-</span> 
     </span>
     <span class='ocr_line' id='line_1_67' title="bbox 1098 454 2045 507; baseline 0.004 -16"><span class='ocrx_word' id='word_1_404' title='bbox 1098 455 1165 502; x_wconf 82' lang='lat' dir='ltr'>pis,</span> <span class='ocrx_word' id='word_1_405' title='bbox 1185 456 1406 494; x_wconf 84' lang='lat' dir='ltr'>sobrietatis</span> <span class='ocrx_word' id='word_1_406' title='bbox 1421 454 1526 505; x_wconf 88' lang='lat' dir='ltr'>leges</span> <span class='ocrx_word' id='word_1_407' title='bbox 1541 458 1708 507; x_wconf 89' lang='lat' dir='ltr'>turpiter</span> <span class='ocrx_word' id='word_1_408' title='bbox 1723 457 1978 504; x_wconf 85' lang='lat' dir='ltr'>calcantibus,</span> <span class='ocrx_word' id='word_1_409' title='bbox 1998 457 2045 495; x_wconf 91' lang='lat' dir='ltr'>de</span> 
     </span>
     <span class='ocr_line' id='line_1_68' title="bbox 1097 507 2043 560; baseline 0.003 -16"><span class='ocrx_word' id='word_1_410' title='bbox 1097 507 1204 545; x_wconf 85' lang='lat' dir='ltr'>laicis</span> <span class='ocrx_word' id='word_1_411' title='bbox 1223 510 1547 547; x_wconf 85' lang='lat' dir='ltr'>monasteriorum</span> <span class='ocrx_word' id='word_1_412' title='bbox 1564 512 1735 560; x_wconf 89' lang='lat' dir='ltr'>regimen</span> <span class='ocrx_word' id='word_1_413' title='bbox 1753 514 1793 548; x_wconf 92' lang='lat' dir='ltr'>et</span> <span class='ocrx_word' id='word_1_414' title='bbox 1808 512 1907 549; x_wconf 89' lang='lat' dir='ltr'>bona</span> <span class='ocrx_word' id='word_1_415' title='bbox 1924 521 2043 548; x_wconf 88' lang='lat' dir='ltr'>usur-</span> 
     </span>
     <span class='ocr_line' id='line_1_69' title="bbox 1096 561 2041 613; baseline 0.006 -17"><span class='ocrx_word' id='word_1_416' title='bbox 1096 561 1288 608; x_wconf 87' lang='lat' dir='ltr'>pantibus,</span> <span class='ocrx_word' id='word_1_417' title='bbox 1304 561 1350 598; x_wconf 92' lang='lat' dir='ltr'>de</span> <span class='ocrx_word' id='word_1_418' title='bbox 1379 563 1624 611; x_wconf 88' lang='lat' dir='ltr'>oppressione</span> <span class='ocrx_word' id='word_1_419' title='bbox 1654 565 1932 602; x_wconf 89' lang='lat' dir='ltr'>monachorum</span> <span class='ocrx_word' id='word_1_420' title='bbox 1945 593 1954 610; x_wconf 86' lang='lat'><strong>‚</strong></span> <span class='ocrx_word' id='word_1_421' title='bbox 1974 565 2041 613; x_wconf 88' lang='lat' dir='ltr'>qui</span> 
     </span>
     <span class='ocr_line' id='line_1_70' title="bbox 1095 613 2040 664; baseline 0.005 -15"><span class='ocrx_word' id='word_1_422' title='bbox 1095 613 1143 649; x_wconf 86' lang='lat' dir='ltr'>ad</span> <span class='ocrx_word' id='word_1_423' title='bbox 1158 625 1276 661; x_wconf 86' lang='lat' dir='ltr'>opera</span> <span class='ocrx_word' id='word_1_424' title='bbox 1292 614 1445 663; x_wconf 85' lang='lat' dir='ltr'>publica</span> <span class='ocrx_word' id='word_1_425' title='bbox 1460 617 1791 664; x_wconf 88' lang='lat' dir='ltr'>compellebantur</span> <span class='ocrx_word' id='word_1_426' title='bbox 1810 616 1832 655; x_wconf 89' lang='lat'>¹.</span> <span class='ocrx_word' id='word_1_427' title='bbox 1851 618 2040 656; x_wconf 88' lang='lat' dir='ltr'>Cuthber-</span> 
     </span>
     <span class='ocr_line' id='line_1_71' title="bbox 1095 667 2042 717; baseline 0.007 -16"><span class='ocrx_word' id='word_1_428' title='bbox 1095 667 1159 702; x_wconf 90' lang='lat' dir='ltr'>tus</span> <span class='ocrx_word' id='word_1_429' title='bbox 1181 667 1343 704; x_wconf 88' lang='lat' dir='ltr'>consilia</span> <span class='ocrx_word' id='word_1_430' title='bbox 1362 679 1391 705; x_wconf 91' lang='lat' dir='ltr'>s.</span> <span class='ocrx_word' id='word_1_431' title='bbox 1413 668 1599 706; x_wconf 87' lang='lat' dir='ltr'>Bonifacii</span> <span class='ocrx_word' id='word_1_432' title='bbox 1622 682 1708 707; x_wconf 90' lang='lat' dir='ltr'>secu</span> <span class='ocrx_word' id='word_1_433' title='bbox 1717 674 1791 717; x_wconf 86' lang='lat' dir='ltr'>tus,</span> <span class='ocrx_word' id='word_1_434' title='bbox 1807 683 1895 708; x_wconf 91' lang='lat' dir='ltr'>cum</span> <span class='ocrx_word' id='word_1_435' title='bbox 1911 670 2042 708; x_wconf 89' lang='lat' dir='ltr'>Ethel-</span> 
     </span>
     <span class='ocr_line' id='line_1_72' title="bbox 1096 718 2045 773; baseline 0.007 -19"><span class='ocrx_word' id='word_1_436' title='bbox 1096 718 1207 755; x_wconf 85' lang='lat' dir='ltr'>baldo</span> <span class='ocrx_word' id='word_1_437' title='bbox 1228 730 1319 767; x_wconf 81' lang='lat' dir='ltr'>rege</span> <span class='ocrx_word' id='word_1_438' title='bbox 1335 720 1381 757; x_wconf 92' lang='lat' dir='ltr'>de</span> <span class='ocrx_word' id='word_1_439' title='bbox 1401 722 1571 768; x_wconf 85' lang='lat' dir='ltr'>cogenda</span> <span class='ocrx_word' id='word_1_440' title='bbox 1587 734 1635 760; x_wconf 83' lang='lat' dir='ltr'>ex</span> <span class='ocrx_word' id='word_1_441' title='bbox 1651 724 1755 760; x_wconf 87' lang='lat' dir='ltr'>omni</span> <span class='ocrx_word' id='word_1_442' title='bbox 1772 725 1914 773; x_wconf 89' lang='lat' dir='ltr'>Anglia</span> <span class='ocrx_word' id='word_1_443' title='bbox 1929 736 2045 772; x_wconf 76' lang='lat' dir='ltr'>syno-</span> 
     </span>
     <span class='ocr_line' id='line_1_73' title="bbox 1095 771 2044 821; baseline 0.008 -14"><span class='ocrx_word' id='word_1_444' title='bbox 1095 771 1142 807; x_wconf 91' lang='lat' dir='ltr'>do</span> <span class='ocrx_word' id='word_1_445' title='bbox 1159 771 1250 820; x_wconf 87' lang='lat' dir='ltr'>egit.</span> <span class='ocrx_word' id='word_1_446' title='bbox 1273 772 1381 810; x_wconf 87' lang='lat' dir='ltr'>Haec</span> <span class='ocrx_word' id='word_1_447' title='bbox 1401 774 1571 821; x_wconf 80' lang='lat' dir='ltr'>synodus</span> <span class='ocrx_word' id='word_1_448' title='bbox 1591 776 1880 814; x_wconf 56' lang='lat' dir='ltr'>celebrata&#39;fuit</span> <span class='ocrx_word' id='word_1_449' title='bbox 1909 777 2044 814; x_wconf 90' lang='lat' dir='ltr'>Clove-</span> 
     </span>
     <span class='ocr_line' id='line_1_74' title="bbox 1094 824 2044 878; baseline 0.007 -18"><span class='ocrx_word' id='word_1_450' title='bbox 1094 824 1252 862; x_wconf 89' lang='lat' dir='ltr'>shoviae</span> <span class='ocrx_word' id='word_1_451' title='bbox 1268 837 1328 863; x_wconf 88' lang='lat' dir='ltr'>an.</span> <span class='ocrx_word' id='word_1_452' title='bbox 1348 827 1437 864; x_wconf 78' lang='lat'>747.</span> <span class='ocrx_word' id='word_1_453' title='bbox 1459 827 1727 866; x_wconf 88' lang='lat' dir='ltr'>Interfuerunt</span> <span class='ocrx_word' id='word_1_454' title='bbox 1743 832 1900 878; x_wconf 89' lang='lat' dir='ltr'>praeter</span> <span class='ocrx_word' id='word_1_455' title='bbox 1921 830 2044 867; x_wconf 88' lang='lat' dir='ltr'>Cuth-</span> 
     </span>
     <span class='ocr_line' id='line_1_75' title="bbox 1094 877 2044 930; baseline 0.007 -16"><span class='ocrx_word' id='word_1_456' title='bbox 1094 877 1249 915; x_wconf 88' lang='lat' dir='ltr'>bertum</span> <span class='ocrx_word' id='word_1_457' title='bbox 1279 878 1609 927; x_wconf 89' lang='lat' dir='ltr'>Cantuariensem,</span> <span class='ocrx_word' id='word_1_458' title='bbox 1629 882 1797 930; x_wconf 88' lang='lat' dir='ltr'>episcopi</span> <span class='ocrx_word' id='word_1_459' title='bbox 1820 883 1880 928; x_wconf 88' lang='lat' dir='ltr'>ll,</span> <span class='ocrx_word' id='word_1_460' title='bbox 1902 894 1973 920; x_wconf 84' lang='lat' dir='ltr'>rex</span> <span class='ocrx_word' id='word_1_461' title='bbox 1989 883 2044 920; x_wconf 85' lang='lat' dir='ltr'>E-</span> 
     </span>
     <span class='ocr_line' id='line_1_76' title="bbox 1094 930 2042 983; baseline 0.007 -17"><span class='ocrx_word' id='word_1_462' title='bbox 1094 930 1316 969; x_wconf 88' lang='lat' dir='ltr'>thelbaldus</span> <span class='ocrx_word' id='word_1_463' title='bbox 1335 932 1521 982; x_wconf 88' lang='lat' dir='ltr'>regnique</span> <span class='ocrx_word' id='word_1_464' title='bbox 1537 945 1729 982; x_wconf 90' lang='lat' dir='ltr'>proceres.</span> <span class='ocrx_word' id='word_1_465' title='bbox 1751 935 1794 972; x_wconf 92' lang='lat' dir='ltr'>In</span> <span class='ocrx_word' id='word_1_466' title='bbox 1817 936 1954 983; x_wconf 88' lang='lat' dir='ltr'>primis</span> <span class='ocrx_word' id='word_1_467' title='bbox 1969 936 2042 973; x_wconf 88' lang='lat' dir='ltr'>lec-</span> 
     </span>
     <span class='ocr_line' id='line_1_77' title="bbox 1093 985 2043 1036; baseline 0.006 -16"><span class='ocrx_word' id='word_1_468' title='bbox 1093 986 1157 1020; x_wconf 90' lang='lat' dir='ltr'>tae</span> <span class='ocrx_word' id='word_1_469' title='bbox 1173 987 1263 1022; x_wconf 90' lang='lat' dir='ltr'>sunt</span> <span class='ocrx_word' id='word_1_470' title='bbox 1281 985 1492 1023; x_wconf 85' lang='lat' dir='ltr'>Zachariae</span> <span class='ocrx_word' id='word_1_471' title='bbox 1514 987 1582 1036; x_wconf 88' lang='lat' dir='ltr'>Pp.</span> <span class='ocrx_word' id='word_1_472' title='bbox 1605 987 1763 1025; x_wconf 86' lang='lat' dir='ltr'>litterae</span> <span class='ocrx_word' id='word_1_473' title='bbox 1785 989 1832 1025; x_wconf 93' lang='lat' dir='ltr'>de</span> <span class='ocrx_word' id='word_1_474' title='bbox 1852 988 2043 1026; x_wconf 85' lang='lat' dir='ltr'>reforma-</span> 
     </span>
     <span class='ocr_line' id='line_1_78' title="bbox 1093 1036 2039 1084; baseline 0.006 -11"><span class='ocrx_word' id='word_1_475' title='bbox 1093 1036 1197 1074; x_wconf 91' lang='lat' dir='ltr'>tione</span> <span class='ocrx_word' id='word_1_476' title='bbox 1224 1050 1391 1084; x_wconf 90' lang='lat' dir='ltr'>morum,</span> <span class='ocrx_word' id='word_1_477' title='bbox 1418 1039 1584 1078; x_wconf 89' lang='lat' dir='ltr'>recitata</span> <span class='ocrx_word' id='word_1_478' title='bbox 1611 1040 1728 1078; x_wconf 86' lang='lat' dir='ltr'>etiam</span> <span class='ocrx_word' id='word_1_479' title='bbox 1759 1044 1853 1078; x_wconf 89' lang='lat' dir='ltr'>sunt</span> <span class='ocrx_word' id='word_1_480' title='bbox 1873 1042 2039 1079; x_wconf 89' lang='lat' dir='ltr'>Patrum</span> 
     </span>
     <span class='ocr_line' id='line_1_79' title="bbox 1092 1090 2040 1143; baseline 0.006 -17"><span class='ocrx_word' id='word_1_481' title='bbox 1092 1090 1251 1128; x_wconf 88' lang='lat' dir='ltr'>decreta</span> <span class='ocrx_word' id='word_1_482' title='bbox 1270 1092 1318 1129; x_wconf 88' lang='lat' dir='ltr'>ad</span> <span class='ocrx_word' id='word_1_483' title='bbox 1339 1093 1514 1130; x_wconf 84' lang='lat' dir='ltr'>eamdem</span> <span class='ocrx_word' id='word_1_484' title='bbox 1534 1105 1618 1130; x_wconf 91' lang='lat' dir='ltr'>rem</span> <span class='ocrx_word' id='word_1_485' title='bbox 1638 1095 1880 1143; x_wconf 88' lang='lat' dir='ltr'>spectantia,</span> <span class='ocrx_word' id='word_1_486' title='bbox 1902 1095 2040 1133; x_wconf 90' lang='lat' dir='ltr'>deinde</span> 
     </span>
     <span class='ocr_line' id='line_1_80' title="bbox 1092 1143 2041 1196; baseline 0.006 -17"><span class='ocrx_word' id='word_1_487' title='bbox 1092 1143 1184 1180; x_wconf 90' lang='lat' dir='ltr'>editi</span> <span class='ocrx_word' id='word_1_488' title='bbox 1204 1147 1294 1182; x_wconf 89' lang='lat' dir='ltr'>sunt</span> <span class='ocrx_word' id='word_1_489' title='bbox 1312 1157 1479 1183; x_wconf 89' lang='lat' dir='ltr'>canones</span> <span class='ocrx_word' id='word_1_490' title='bbox 1506 1146 1578 1193; x_wconf 81' lang='lat'>30,</span> <span class='ocrx_word' id='word_1_491' title='bbox 1598 1147 1636 1184; x_wconf 92' lang='lat' dir='ltr'>in</span> <span class='ocrx_word' id='word_1_492' title='bbox 1666 1147 1808 1195; x_wconf 86' lang='lat' dir='ltr'>quibus</span> <span class='ocrx_word' id='word_1_493' title='bbox 1839 1147 2041 1196; x_wconf 84' lang='lat' dir='ltr'>episcopo-</span> 
     </span>
     <span class='ocr_line' id='line_1_81' title="bbox 1093 1198 2043 1247; baseline 0.005 -14"><span class='ocrx_word' id='word_1_494' title='bbox 1093 1208 1192 1244; x_wconf 85' lang='lat' dir='ltr'>rum,</span> <span class='ocrx_word' id='word_1_495' title='bbox 1212 1198 1529 1247; x_wconf 79' lang='lat' dir='ltr'>presbyterorum</span> <span class='ocrx_word' id='word_1_496' title='bbox 1549 1211 1594 1237; x_wconf 89' lang='lat' dir='ltr'>ac</span> <span class='ocrx_word' id='word_1_497' title='bbox 1615 1201 1894 1238; x_wconf 86' lang='lat' dir='ltr'>monachorum</span> <span class='ocrx_word' id='word_1_498' title='bbox 1918 1201 2043 1239; x_wconf 85' lang='lat' dir='ltr'>officia</span> 
     </span>
     <span class='ocr_line' id='line_1_82' title="bbox 1092 1251 2042 1301; baseline 0.005 -15"><span class='ocrx_word' id='word_1_499' title='bbox 1092 1251 1349 1298; x_wconf 77' lang='lat' dir='ltr'>explicantur3</span> <span class='ocrx_word' id='word_1_500' title='bbox 1369 1252 1554 1301; x_wconf 89' lang='lat' dir='ltr'>episcopis</span> <span class='ocrx_word' id='word_1_501' title='bbox 1573 1253 1878 1300; x_wconf 89' lang='lat' dir='ltr'>commendatur,</span> <span class='ocrx_word' id='word_1_502' title='bbox 1908 1256 1952 1291; x_wconf 92' lang='lat' dir='ltr'>ut</span> <span class='ocrx_word' id='word_1_503' title='bbox 1966 1266 2042 1291; x_wconf 90' lang='lat' dir='ltr'>non</span> 
     </span>
     <span class='ocr_line' id='line_1_83' title="bbox 1091 1303 2043 1355; baseline 0.005 -15"><span class='ocrx_word' id='word_1_504' title='bbox 1091 1303 1358 1342; x_wconf 85' lang='lat' dir='ltr'>saecularibus</span> <span class='ocrx_word' id='word_1_505' title='bbox 1377 1306 1554 1354; x_wconf 87' lang='lat' dir='ltr'>negotiis,</span> <span class='ocrx_word' id='word_1_506' title='bbox 1575 1307 1641 1344; x_wconf 88' lang='lat' dir='ltr'>sed</span> <span class='ocrx_word' id='word_1_507' title='bbox 1663 1307 1850 1355; x_wconf 88' lang='lat' dir='ltr'>pastorali</span> <span class='ocrx_word' id='word_1_508' title='bbox 1873 1307 2043 1345; x_wconf 87' lang='lat' dir='ltr'>ministe-</span> 
     </span>
     <span class='ocr_line' id='line_1_84' title="bbox 1093 1356 2044 1408; baseline 0.006 -16"><span class='ocrx_word' id='word_1_509' title='bbox 1093 1356 1149 1408; x_wconf 84' lang='lat' dir='ltr'>rio</span> <span class='ocrx_word' id='word_1_510' title='bbox 1170 1357 1408 1405; x_wconf 84' lang='lat' dir='ltr'>incumbant,</span> <span class='ocrx_word' id='word_1_511' title='bbox 1430 1361 1472 1396; x_wconf 87' lang='lat' dir='ltr'>ut</span> <span class='ocrx_word' id='word_1_512' title='bbox 1499 1360 1706 1408; x_wconf 88' lang='lat' dir='ltr'>quotannis</span> <span class='ocrx_word' id='word_1_513' title='bbox 1736 1360 1931 1398; x_wconf 87' lang='lat' dir='ltr'>dioeceses</span> <span class='ocrx_word' id='word_1_514' title='bbox 1951 1373 2044 1398; x_wconf 89' lang='lat' dir='ltr'>suas</span> 
     </span>
     <span class='ocr_line' id='line_1_85' title="bbox 1090 1409 2044 1461; baseline 0.006 -15"><span class='ocrx_word' id='word_1_515' title='bbox 1090 1409 1269 1457; x_wconf 88' lang='lat' dir='ltr'>lustrent,</span> <span class='ocrx_word' id='word_1_516' title='bbox 1286 1423 1495 1460; x_wconf 89' lang='lat' dir='ltr'>omnesque</span> <span class='ocrx_word' id='word_1_517' title='bbox 1511 1413 1572 1461; x_wconf 91' lang='lat' dir='ltr'>pie</span> <span class='ocrx_word' id='word_1_518' title='bbox 1590 1413 1721 1450; x_wconf 89' lang='lat' dir='ltr'>vivere</span> <span class='ocrx_word' id='word_1_519' title='bbox 1737 1414 1914 1460; x_wconf 76' lang='lat' dir='ltr'>doceant3</span> <span class='ocrx_word' id='word_1_520' title='bbox 1933 1425 2044 1451; x_wconf 89' lang='lat' dir='ltr'>man—</span> 
     </span>
     <span class='ocr_line' id='line_1_86' title="bbox 1096 1465 2044 1510; baseline 0.005 -10"><span class='ocrx_word' id='word_1_521' title='bbox 1096 1465 1222 1510; x_wconf 89' lang='lat' dir='ltr'>datur,</span> <span class='ocrx_word' id='word_1_522' title='bbox 1245 1465 1344 1501; x_wconf 89' lang='lat' dir='ltr'>utin</span> <span class='ocrx_word' id='word_1_523' title='bbox 1375 1466 1550 1504; x_wconf 90' lang='lat' dir='ltr'>ecclesiis</span> <span class='ocrx_word' id='word_1_524' title='bbox 1580 1467 1871 1505; x_wconf 85' lang='lat' dir='ltr'>cathedralibus</span> <span class='ocrx_word' id='word_1_525' title='bbox 1899 1470 1940 1504; x_wconf 90' lang='lat' dir='ltr'>et</span> <span class='ocrx_word' id='word_1_526' title='bbox 1958 1479 2044 1504; x_wconf 91' lang='lat' dir='ltr'>mo-</span> 
     </span>
     <span class='ocr_line' id='line_1_87' title="bbox 1094 1517 2044 1569; baseline 0.005 -16"><span class='ocrx_word' id='word_1_527' title='bbox 1094 1517 1276 1555; x_wconf 88' lang='lat' dir='ltr'>nasteriis</span> <span class='ocrx_word' id='word_1_528' title='bbox 1296 1518 1451 1556; x_wconf 86' lang='lat' dir='ltr'>scholae</span> <span class='ocrx_word' id='word_1_529' title='bbox 1472 1519 1689 1568; x_wconf 77' lang='lat' dir='ltr'>erigantur,</span> <span class='ocrx_word' id='word_1_530' title='bbox 1709 1520 1747 1557; x_wconf 89' lang='lat' dir='ltr'>in</span> <span class='ocrx_word' id='word_1_531' title='bbox 1765 1521 1902 1569; x_wconf 85' lang='lat' dir='ltr'>quibus</span> <span class='ocrx_word' id='word_1_532' title='bbox 1921 1520 2044 1558; x_wconf 85' lang='lat' dir='ltr'>iunio-</span> 
     </span>
     <span class='ocr_line' id='line_1_88' title="bbox 1095 1570 2043 1621; baseline 0.005 -15"><span class='ocrx_word' id='word_1_533' title='bbox 1095 1581 1157 1607; x_wconf 89' lang='lat' dir='ltr'>res</span> <span class='ocrx_word' id='word_1_534' title='bbox 1178 1570 1307 1608; x_wconf 89' lang='lat' dir='ltr'>clerici</span> <span class='ocrx_word' id='word_1_535' title='bbox 1329 1583 1374 1608; x_wconf 83' lang='lat' dir='ltr'>ac</span> <span class='ocrx_word' id='word_1_536' title='bbox 1394 1573 1573 1610; x_wconf 87' lang='lat' dir='ltr'>monachi</span> <span class='ocrx_word' id='word_1_537' title='bbox 1593 1573 1868 1621; x_wconf 81' lang='lat' dir='ltr'>instituantur3</span> <span class='ocrx_word' id='word_1_538' title='bbox 1892 1573 2043 1611; x_wconf 87' lang='lat' dir='ltr'>dierum</span> 
     </span>
     <span class='ocr_line' id='line_1_89' title="bbox 1090 1622 2046 1677; baseline 0.005 -17"><span class='ocrx_word' id='word_1_539' title='bbox 1090 1622 1317 1661; x_wconf 83' lang='lat' dir='ltr'>festivorum</span> <span class='ocrx_word' id='word_1_540' title='bbox 1338 1636 1383 1662; x_wconf 88' lang='lat' dir='ltr'>ac</span> <span class='ocrx_word' id='word_1_541' title='bbox 1398 1626 1530 1663; x_wconf 89' lang='lat' dir='ltr'>ieiunii</span> <span class='ocrx_word' id='word_1_542' title='bbox 1550 1629 1719 1675; x_wconf 86' lang='lat' dir='ltr'>quatuor</span> <span class='ocrx_word' id='word_1_543' title='bbox 1741 1631 1958 1677; x_wconf 83' lang='lat' dir='ltr'>temporum</span> <span class='ocrx_word' id='word_1_544' title='bbox 1975 1628 2046 1665; x_wconf 83' lang='lat' dir='ltr'>ob-</span> 
     </span>
     <span class='ocr_line' id='line_1_90' title="bbox 1091 1677 1882 1729; baseline 0.006 -16"><span class='ocrx_word' id='word_1_545' title='bbox 1091 1677 1289 1714; x_wconf 88' lang='lat' dir='ltr'>servantia</span> <span class='ocrx_word' id='word_1_546' title='bbox 1310 1678 1516 1716; x_wconf 87' lang='lat' dir='ltr'>ordinatur</span> <span class='ocrx_word' id='word_1_547' title='bbox 1535 1679 1836 1729; x_wconf 88' lang='lat' dir='ltr'>inculcaturque</span> <span class='ocrx_word' id='word_1_548' title='bbox 1857 1680 1882 1718; x_wconf 80' lang='lat'>².</span> 
     </span>
    </p>

    <p class='ocr_par' dir='ltr' id='par_1_13' title="bbox 1082 1730 2045 3055">
     <span class='ocr_line' id='line_1_91' title="bbox 1143 1730 2043 1785; baseline 0.007 -19"><span class='ocrx_word' id='word_1_549' title='bbox 1143 1730 1206 1767; x_wconf 77' lang='grc'><strong>69.</strong></span> <span class='ocrx_word' id='word_1_550' title='bbox 1224 1731 1405 1778; x_wconf 65' lang='grc' dir='ltr'>Ρίρῑήιις</span> <span class='ocrx_word' id='word_1_551' title='bbox 1438 1744 1513 1770; x_wconf 72' lang='lat' dir='ltr'>rex</span> <span class='ocrx_word' id='word_1_552' title='bbox 1540 1734 1805 1771; x_wconf 77' lang='lat' dir='ltr'>Francorum</span> <span class='ocrx_word' id='word_1_553' title='bbox 1835 1733 1924 1785; x_wconf 76' lang='lat' dir='ltr'>(an.</span> <span class='ocrx_word' id='word_1_554' title='bbox 1948 1733 2043 1785; x_wconf 76' lang='lat'>752)</span> 
     </span>
     <span class='ocr_line' id='line_1_92' title="bbox 1090 1783 2040 1836; baseline 0.007 -18"><span class='ocrx_word' id='word_1_555' title='bbox 1090 1783 1186 1819; x_wconf 84' lang='lat' dir='ltr'>—In</span> <span class='ocrx_word' id='word_1_556' title='bbox 1201 1783 1336 1821; x_wconf 84' lang='lat' dir='ltr'>Galliis</span> <span class='ocrx_word' id='word_1_557' title='bbox 1357 1787 1441 1833; x_wconf 87' lang='lat' dir='ltr'>post</span> <span class='ocrx_word' id='word_1_558' title='bbox 1461 1786 1691 1824; x_wconf 80' lang='lat' dir='ltr'>Theoderici</span> <span class='ocrx_word' id='word_1_559' title='bbox 1719 1787 1756 1824; x_wconf 90' lang='grc' dir='ltr'>ΙΙ</span> <span class='ocrx_word' id='word_1_560' title='bbox 1776 1790 1940 1825; x_wconf 88' lang='lat' dir='ltr'>mortem</span> <span class='ocrx_word' id='word_1_561' title='bbox 1962 1788 2040 1836; x_wconf 86' lang='lat' dir='ltr'>(an.</span> 
     </span>
     <span class='ocr_line' id='line_1_93' title="bbox 1092 1835 2045 1886; baseline 0.006 -14"><span class='ocrx_word' id='word_1_562' title='bbox 1092 1835 1185 1886; x_wconf 84' lang='lat'>737)</span> <span class='ocrx_word' id='word_1_563' title='bbox 1215 1836 1479 1885; x_wconf 86' lang='lat' dir='ltr'>interregnum</span> <span class='ocrx_word' id='word_1_564' title='bbox 1518 1839 1594 1876; x_wconf 88' lang='lat' dir='ltr'>fuit</span> <span class='ocrx_word' id='word_1_565' title='bbox 1612 1851 1804 1877; x_wconf 88' lang='lat' dir='ltr'>annorum</span> <span class='ocrx_word' id='word_1_566' title='bbox 1833 1841 1858 1878; x_wconf 84' lang='grc'>6</span> <span class='ocrx_word' id='word_1_567' title='bbox 1887 1841 2045 1878; x_wconf 88' lang='lat' dir='ltr'>circiter</span> 
     </span>
     <span class='ocr_line' id='line_1_94' title="bbox 1092 1889 2045 1940; baseline 0.007 -16"><span class='ocrx_word' id='word_1_568' title='bbox 1092 1889 1224 1937; x_wconf 84' lang='lat' dir='ltr'>palatii</span> <span class='ocrx_word' id='word_1_569' title='bbox 1259 1890 1466 1938; x_wconf 88' lang='lat' dir='ltr'>praefectis</span> <span class='ocrx_word' id='word_1_570' title='bbox 1479 1922 1489 1938; x_wconf 86' lang='lat'>,</span> <span class='ocrx_word' id='word_1_571' title='bbox 1535 1893 1672 1930; x_wconf 86' lang='lat' dir='ltr'>Carolo</span> <span class='ocrx_word' id='word_1_572' title='bbox 1711 1893 1891 1931; x_wconf 86' lang='lat' dir='ltr'>Martello</span> <span class='ocrx_word' id='word_1_573' title='bbox 1904 1924 1914 1940; x_wconf 95' lang='lat'>,</span> <span class='ocrx_word' id='word_1_574' title='bbox 1949 1895 2045 1932; x_wconf 87' lang='lat' dir='ltr'>eius-</span> 
     </span>
     <span class='ocr_line' id='line_1_95' title="bbox 1091 1942 2039 1997; baseline 0.007 -19"><span class='ocrx_word' id='word_1_575' title='bbox 1091 1954 1165 1991; x_wconf 85' lang='lat' dir='ltr'>que</span> <span class='ocrx_word' id='word_1_576' title='bbox 1185 1942 1276 1980; x_wconf 87' lang='lat' dir='ltr'>filiis</span> <span class='ocrx_word' id='word_1_577' title='bbox 1296 1943 1574 1982; x_wconf 87' lang='lat' dir='ltr'>Carolomanno</span> <span class='ocrx_word' id='word_1_578' title='bbox 1602 1949 1642 1983; x_wconf 92' lang='lat' dir='ltr'>et</span> <span class='ocrx_word' id='word_1_579' title='bbox 1662 1946 1802 1995; x_wconf 87' lang='lat' dir='ltr'>Pipino</span> <span class='ocrx_word' id='word_1_580' title='bbox 1823 1947 2039 1997; x_wconf 86' lang='lat' dir='ltr'>rempubli-</span> 
     </span>
     <span class='ocr_line' id='line_1_96' title="bbox 1091 1996 2038 2038; baseline 0.007 -7"><span class='ocrx_word' id='word_1_581' title='bbox 1091 2007 1174 2032; x_wconf 87' lang='lat' dir='ltr'>cam</span> <span class='ocrx_word' id='word_1_582' title='bbox 1195 1996 1494 2036; x_wconf 81' lang='lat' dir='ltr'>moderantibus.</span> <span class='ocrx_word' id='word_1_583' title='bbox 1517 2000 1590 2036; x_wconf 84' lang='lat' dir='ltr'>An.</span> <span class='ocrx_word' id='word_1_584' title='bbox 1617 2000 1693 2036; x_wconf 76' lang='lat'>743</span> <span class='ocrx_word' id='word_1_585' title='bbox 1712 2011 1781 2037; x_wconf 86' lang='lat' dir='ltr'>rex</span> <span class='ocrx_word' id='word_1_586' title='bbox 1803 2003 1958 2038; x_wconf 90' lang='lat' dir='ltr'>creatus</span> <span class='ocrx_word' id='word_1_587' title='bbox 1978 2003 2038 2038; x_wconf 90' lang='lat' dir='ltr'>est</span> 
     </span>
     <span class='ocr_line' id='line_1_97' title="bbox 1091 2049 2040 2103; baseline 0.005 -17"><span class='ocrx_word' id='word_1_588' title='bbox 1091 2049 1326 2087; x_wconf 87' lang='lat' dir='ltr'>Childericus</span> <span class='ocrx_word' id='word_1_589' title='bbox 1355 2051 1425 2097; x_wconf 90' lang='lat' dir='ltr'>HI,</span> <span class='ocrx_word' id='word_1_590' title='bbox 1444 2051 1760 2101; x_wconf 87' lang='lat' dir='ltr'>Merovingorum</span> <span class='ocrx_word' id='word_1_591' title='bbox 1790 2055 1921 2103; x_wconf 86' lang='lat' dir='ltr'>stirpis</span> <span class='ocrx_word' id='word_1_592' title='bbox 1942 2054 2040 2092; x_wconf 91' lang='lat' dir='ltr'>ulti-</span> 
     </span>
     <span class='ocr_line' id='line_1_98' title="bbox 1092 2104 2042 2152; baseline 0.007 -14"><span class='ocrx_word' id='word_1_593' title='bbox 1092 2113 1187 2140; x_wconf 89' lang='lat' dir='ltr'>mus.</span> <span class='ocrx_word' id='word_1_594' title='bbox 1209 2104 1281 2140; x_wconf 88' lang='lat' dir='ltr'>An.</span> <span class='ocrx_word' id='word_1_595' title='bbox 1303 2104 1378 2141; x_wconf 81' lang='grc'>747</span> <span class='ocrx_word' id='word_1_596' title='bbox 1400 2108 1487 2152; x_wconf 89' lang='lat' dir='ltr'>post</span> <span class='ocrx_word' id='word_1_597' title='bbox 1506 2105 1779 2144; x_wconf 88' lang='lat' dir='ltr'>Carolomanni</span> <span class='ocrx_word' id='word_1_598' title='bbox 1795 2107 1835 2144; x_wconf 88' lang='lat' dir='ltr'>in</span> <span class='ocrx_word' id='word_1_599' title='bbox 1851 2111 2042 2145; x_wconf 85' lang='lat' dir='ltr'>monaste-</span> 
     </span>
     <span class='ocr_line' id='line_1_99' title="bbox 1093 2155 2040 2208; baseline 0.007 -17"><span class='ocrx_word' id='word_1_600' title='bbox 1093 2155 1193 2192; x_wconf 90' lang='lat' dir='ltr'>rium</span> <span class='ocrx_word' id='word_1_601' title='bbox 1217 2156 1440 2204; x_wconf 85' lang='lat' dir='ltr'>discessum,</span> <span class='ocrx_word' id='word_1_602' title='bbox 1461 2158 1636 2207; x_wconf 87' lang='lat' dir='ltr'>Pipinus,</span> <span class='ocrx_word' id='word_1_603' title='bbox 1664 2160 1711 2196; x_wconf 90' lang='lat' dir='ltr'>ob</span> <span class='ocrx_word' id='word_1_604' title='bbox 1732 2171 1892 2208; x_wconf 85' lang='lat' dir='ltr'>parvam</span> <span class='ocrx_word' id='word_1_605' title='bbox 1912 2163 2040 2198; x_wconf 88' lang='lat' dir='ltr'>statu-</span> 
     </span>
     <span class='ocr_line' id='line_1_100' title="bbox 1092 2209 2038 2256; baseline 0.007 -12"><span class='ocrx_word' id='word_1_606' title='bbox 1092 2219 1176 2245; x_wconf 88' lang='lat' dir='ltr'>ram</span> <span class='ocrx_word' id='word_1_607' title='bbox 1198 2209 1326 2247; x_wconf 87' lang='lat' dir='ltr'>dictus</span> <span class='ocrx_word' id='word_1_608' title='bbox 1354 2210 1516 2256; x_wconf 73' lang='lat' dir='ltr'>Brevis,</span> <span class='ocrx_word' id='word_1_609' title='bbox 1536 2212 1639 2249; x_wconf 90' lang='lat' dir='ltr'>solus</span> <span class='ocrx_word' id='word_1_610' title='bbox 1668 2213 1708 2249; x_wconf 88' lang='lat' dir='ltr'>in</span> <span class='ocrx_word' id='word_1_611' title='bbox 1730 2214 1833 2250; x_wconf 93' lang='lat' dir='ltr'>omni</span> <span class='ocrx_word' id='word_1_612' title='bbox 1861 2214 2038 2251; x_wconf 88' lang='lat' dir='ltr'>Franco-</span> 
     </span>
     <span class='ocr_line' id='line_1_101' title="bbox 1092 2262 2037 2308; baseline 0.006 -10"><span class='ocrx_word' id='word_1_613' title='bbox 1092 2273 1176 2298; x_wconf 87' lang='lat' dir='ltr'>rum</span> <span class='ocrx_word' id='word_1_614' title='bbox 1199 2262 1343 2300; x_wconf 88' lang='lat' dir='ltr'>ditione</span> <span class='ocrx_word' id='word_1_615' title='bbox 1361 2264 1622 2303; x_wconf 89' lang='lat' dir='ltr'>maiordomus</span> <span class='ocrx_word' id='word_1_616' title='bbox 1643 2265 1729 2303; x_wconf 88' lang='lat' dir='ltr'>fuit.</span> <span class='ocrx_word' id='word_1_617' title='bbox 1751 2266 1877 2308; x_wconf 89' lang='lat' dir='ltr'>Quum</span> <span class='ocrx_word' id='word_1_618' title='bbox 1907 2270 2037 2304; x_wconf 88' lang='lat' dir='ltr'>autem</span> 
     </span>
     <span class='ocr_line' id='line_1_102' title="bbox 1089 2315 2034 2368; baseline 0.006 -17"><span class='ocrx_word' id='word_1_619' title='bbox 1089 2315 1331 2353; x_wconf 88' lang='lat' dir='ltr'>Childericus</span> <span class='ocrx_word' id='word_1_620' title='bbox 1351 2316 1407 2354; x_wconf 90' lang='grc' dir='ltr'>ΙΙΙ</span> <span class='ocrx_word' id='word_1_621' title='bbox 1434 2319 1614 2368; x_wconf 89' lang='lat' dir='ltr'>princeps</span> <span class='ocrx_word' id='word_1_622' title='bbox 1641 2319 1745 2357; x_wconf 85' lang='lat' dir='ltr'>esset</span> <span class='ocrx_word' id='word_1_623' title='bbox 1772 2320 1926 2356; x_wconf 89' lang='lat' dir='ltr'>omnino</span> <span class='ocrx_word' id='word_1_624' title='bbox 1947 2323 2034 2357; x_wconf 88' lang='lat' dir='ltr'>stu-</span> 
     </span>
     <span class='ocr_line' id='line_1_103' title="bbox 1090 2368 2036 2420; baseline 0.006 -16"><span class='ocrx_word' id='word_1_625' title='bbox 1090 2368 1214 2416; x_wconf 87' lang='lat' dir='ltr'>pidus,</span> <span class='ocrx_word' id='word_1_626' title='bbox 1235 2370 1426 2418; x_wconf 87' lang='lat' dir='ltr'>regnique</span> <span class='ocrx_word' id='word_1_627' title='bbox 1454 2370 1588 2420; x_wconf 88' lang='lat' dir='ltr'>impos,</span> <span class='ocrx_word' id='word_1_628' title='bbox 1609 2374 1649 2409; x_wconf 91' lang='lat' dir='ltr'>et</span> <span class='ocrx_word' id='word_1_629' title='bbox 1667 2372 1745 2410; x_wconf 89' lang='lat' dir='ltr'>iam</span> <span class='ocrx_word' id='word_1_630' title='bbox 1765 2373 1904 2410; x_wconf 89' lang='lat' dir='ltr'>abhinc</span> <span class='ocrx_word' id='word_1_631' title='bbox 1926 2373 2036 2410; x_wconf 86' lang='lat' dir='ltr'>annis</span> 
     </span>
     <span class='ocr_line' id='line_1_104' title="bbox 1091 2421 2034 2474; baseline 0.006 -17"><span class='ocrx_word' id='word_1_632' title='bbox 1091 2421 1222 2459; x_wconf 89' lang='lat' dir='ltr'>multis</span> <span class='ocrx_word' id='word_1_633' title='bbox 1250 2434 1401 2460; x_wconf 88' lang='lat' dir='ltr'>summa</span> <span class='ocrx_word' id='word_1_634' title='bbox 1420 2435 1553 2462; x_wconf 88' lang='lat' dir='ltr'>rerum</span> <span class='ocrx_word' id='word_1_635' title='bbox 1592 2429 1695 2463; x_wconf 90' lang='lat' dir='ltr'>esset</span> <span class='ocrx_word' id='word_1_636' title='bbox 1715 2437 1827 2474; x_wconf 87' lang='lat' dir='ltr'>penes</span> <span class='ocrx_word' id='word_1_637' title='bbox 1848 2426 2034 2463; x_wconf 83' lang='lat' dir='ltr'>maiores-</span> 
     </span>
     <span class='ocr_line' id='line_1_105' title="bbox 1090 2475 2033 2527; baseline 0.005 -16"><span class='ocrx_word' id='word_1_638' title='bbox 1090 2475 1239 2521; x_wconf 82' lang='lat' dir='ltr'>domus,</span> <span class='ocrx_word' id='word_1_639' title='bbox 1268 2477 1362 2513; x_wconf 88' lang='lat' dir='ltr'>adeo</span> <span class='ocrx_word' id='word_1_640' title='bbox 1392 2479 1435 2513; x_wconf 88' lang='lat' dir='ltr'>ut</span> <span class='ocrx_word' id='word_1_641' title='bbox 1455 2490 1528 2514; x_wconf 91' lang='lat' dir='ltr'>non</span> <span class='ocrx_word' id='word_1_642' title='bbox 1550 2478 1622 2515; x_wconf 89' lang='lat' dir='ltr'>nisi</span> <span class='ocrx_word' id='word_1_643' title='bbox 1651 2490 1816 2516; x_wconf 86' lang='lat' dir='ltr'>vacuum</span> <span class='ocrx_word' id='word_1_644' title='bbox 1837 2480 1938 2527; x_wconf 88' lang='lat' dir='ltr'>regis</span> <span class='ocrx_word' id='word_1_645' title='bbox 1959 2491 2033 2516; x_wconf 92' lang='lat' dir='ltr'>no-</span> 
     </span>
     <span class='ocr_line' id='line_1_106' title="bbox 1090 2528 2036 2580; baseline 0.005 -16"><span class='ocrx_word' id='word_1_646' title='bbox 1090 2539 1176 2565; x_wconf 88' lang='lat' dir='ltr'>men</span> <span class='ocrx_word' id='word_1_647' title='bbox 1196 2528 1259 2566; x_wconf 92' lang='lat' dir='ltr'>vel</span> <span class='ocrx_word' id='word_1_648' title='bbox 1278 2528 1437 2566; x_wconf 89' lang='lat' dir='ltr'>titulum</span> <span class='ocrx_word' id='word_1_649' title='bbox 1456 2531 1491 2567; x_wconf 92' lang='lat' dir='ltr'>ei</span> <span class='ocrx_word' id='word_1_650' title='bbox 1511 2531 1667 2577; x_wconf 87' lang='lat' dir='ltr'>inesset,</span> <span class='ocrx_word' id='word_1_651' title='bbox 1696 2532 1933 2568; x_wconf 84' lang='lat' dir='ltr'>Francorum</span> <span class='ocrx_word' id='word_1_652' title='bbox 1954 2543 2036 2580; x_wconf 92' lang='lat' dir='ltr'>pro-</span> 
     </span>
     <span class='ocr_line' id='line_1_107' title="bbox 1088 2582 2038 2622; baseline 0.005 -5"><span class='ocrx_word' id='word_1_653' title='bbox 1088 2593 1193 2618; x_wconf 87' lang='lat' dir='ltr'>ceres</span> <span class='ocrx_word' id='word_1_654' title='bbox 1213 2582 1417 2619; x_wconf 85' lang='lat' dir='ltr'>consilium</span> <span class='ocrx_word' id='word_1_655' title='bbox 1436 2583 1608 2622; x_wconf 90' lang='lat' dir='ltr'>inierunt</span> <span class='ocrx_word' id='word_1_656' title='bbox 1626 2585 1827 2621; x_wconf 85' lang='lat' dir='ltr'>abdicandi</span> <span class='ocrx_word' id='word_1_657' title='bbox 1853 2584 2038 2622; x_wconf 88' lang='lat' dir='ltr'>Childeri-</span> 
     </span>
     <span class='ocr_line' id='line_1_108' title="bbox 1087 2634 2031 2686; baseline 0.004 -15"><span class='ocrx_word' id='word_1_658' title='bbox 1087 2645 1177 2671; x_wconf 90' lang='lat' dir='ltr'>cum</span> <span class='ocrx_word' id='word_1_659' title='bbox 1196 2637 1235 2672; x_wconf 93' lang='lat' dir='ltr'>et</span> <span class='ocrx_word' id='word_1_660' title='bbox 1250 2634 1508 2674; x_wconf 86' lang='lat' dir='ltr'>transferendi</span> <span class='ocrx_word' id='word_1_661' title='bbox 1524 2638 1635 2685; x_wconf 84' lang='lat' dir='ltr'>regni</span> <span class='ocrx_word' id='word_1_662' title='bbox 1652 2638 1698 2673; x_wconf 89' lang='lat' dir='ltr'>ad</span> <span class='ocrx_word' id='word_1_663' title='bbox 1718 2637 1910 2685; x_wconf 87' lang='lat' dir='ltr'>Pipinum,</span> <span class='ocrx_word' id='word_1_664' title='bbox 1928 2639 2031 2686; x_wconf 89' lang='lat' dir='ltr'>apud</span> 
     </span>
     <span class='ocr_line' id='line_1_109' title="bbox 1086 2688 2031 2738; baseline 0.005 -14"><span class='ocrx_word' id='word_1_665' title='bbox 1086 2699 1198 2736; x_wconf 87' lang='lat' dir='ltr'>quem</span> <span class='ocrx_word' id='word_1_666' title='bbox 1226 2688 1304 2725; x_wconf 88' lang='lat' dir='ltr'>iam</span> <span class='ocrx_word' id='word_1_667' title='bbox 1332 2699 1485 2736; x_wconf 80' lang='lat' dir='ltr'>summa</span> <span class='ocrx_word' id='word_1_668' title='bbox 1512 2689 1745 2738; x_wconf 85' lang='lat' dir='ltr'>reipublicae</span> <span class='ocrx_word' id='word_1_669' title='bbox 1767 2701 1900 2727; x_wconf 84' lang='lat' dir='ltr'>rerum</span> <span class='ocrx_word' id='word_1_670' title='bbox 1931 2694 2031 2729; x_wconf 87' lang='lat' dir='ltr'>erat.</span> 
     </span>
     <span class='ocr_line' id='line_1_110' title="bbox 1086 2741 2034 2792; baseline 0.003 -14"><span class='ocrx_word' id='word_1_671' title='bbox 1086 2742 1252 2779; x_wconf 84' lang='lat' dir='ltr'>Romam</span> <span class='ocrx_word' id='word_1_672' title='bbox 1282 2742 1328 2778; x_wconf 88' lang='lat' dir='ltr'>ad</span> <span class='ocrx_word' id='word_1_673' title='bbox 1348 2741 1584 2786; x_wconf 87' lang='lat' dir='ltr'>Pontificem</span> <span class='ocrx_word' id='word_1_674' title='bbox 1612 2746 1743 2791; x_wconf 88' lang='lat' dir='ltr'>utpote</span> <span class='ocrx_word' id='word_1_675' title='bbox 1769 2744 2034 2792; x_wconf 87' lang='lat' dir='ltr'>praecipuum,</span> 
     </span>
     <span class='ocr_line' id='line_1_111' title="bbox 1085 2794 2032 2842; baseline 0.003 -11"><span class='ocrx_word' id='word_1_676' title='bbox 1085 2795 1209 2842; x_wconf 87' lang='lat' dir='ltr'>inquit</span> <span class='ocrx_word' id='word_1_677' title='bbox 1223 2794 1391 2832; x_wconf 77' lang='lat' dir='ltr'>Fenelon</span> <span class='ocrx_word' id='word_1_678' title='bbox 1410 2794 1436 2841; x_wconf 80' lang='lat'>3,</span> <span class='ocrx_word' id='word_1_679' title='bbox 1452 2796 1490 2832; x_wconf 89' lang='lat' dir='ltr'>in</span> <span class='ocrx_word' id='word_1_680' title='bbox 1505 2796 1715 2832; x_wconf 83' lang='lat' dir='ltr'>maioribus</span> <span class='ocrx_word' id='word_1_681' title='bbox 1738 2796 1895 2834; x_wconf 82' lang='lat' dir='ltr'>moralis</span> <span class='ocrx_word' id='word_1_682' title='bbox 1911 2797 2032 2834; x_wconf 88' lang='lat' dir='ltr'>disci-</span> 
     </span>
     <span class='ocr_line' id='line_1_112' title="bbox 1086 2847 2030 2896; baseline 0.004 -12"><span class='ocrx_word' id='word_1_683' title='bbox 1086 2847 1211 2896; x_wconf 89' lang='lat' dir='ltr'>plinae</span> <span class='ocrx_word' id='word_1_684' title='bbox 1227 2848 1352 2884; x_wconf 88' lang='lat' dir='ltr'>causis</span> <span class='ocrx_word' id='word_1_685' title='bbox 1372 2847 1565 2886; x_wconf 87' lang='lat' dir='ltr'>Ecclesiae</span> <span class='ocrx_word' id='word_1_686' title='bbox 1587 2848 1821 2886; x_wconf 88' lang='lat' dir='ltr'>directorem</span> <span class='ocrx_word' id='word_1_687' title='bbox 1837 2852 1877 2886; x_wconf 91' lang='lat' dir='ltr'>et</span> <span class='ocrx_word' id='word_1_688' title='bbox 1893 2850 2030 2888; x_wconf 85' lang='lat' dir='ltr'>docto-</span> 
     </span>
     <span class='ocr_line' id='line_1_113' title="bbox 1085 2900 2028 2949; baseline 0.003 -11"><span class='ocrx_word' id='word_1_689' title='bbox 1085 2912 1177 2947; x_wconf 88' lang='lat' dir='ltr'>rem,</span> <span class='ocrx_word' id='word_1_690' title='bbox 1186 2911 1246 2938; x_wconf 89' lang='lat' dir='ltr'>res</span> <span class='ocrx_word' id='word_1_691' title='bbox 1258 2900 1386 2937; x_wconf 86' lang='lat' dir='ltr'>delata</span> <span class='ocrx_word' id='word_1_692' title='bbox 1399 2906 1456 2938; x_wconf 88' lang='lat' dir='ltr'>est</span> <span class='ocrx_word' id='word_1_693' title='bbox 1468 2913 1536 2949; x_wconf 89' lang='lat' dir='ltr'>per</span> <span class='ocrx_word' id='word_1_694' title='bbox 1552 2901 1712 2949; x_wconf 81' lang='lat' dir='ltr'>lcgatos,</span> <span class='ocrx_word' id='word_1_695' title='bbox 1722 2902 2028 2941; x_wconf 87' lang='lat' dir='ltr'>s.Burchardum</span> 
     </span>
     <span class='ocr_line' id='line_1_114' title="bbox 1082 2953 2031 3002; baseline 0.003 -11"><span class='ocrx_word' id='word_1_696' title='bbox 1082 2954 1301 3002; x_wconf 90' lang='lat' dir='ltr'>episcopum</span> <span class='ocrx_word' id='word_1_697' title='bbox 1335 2953 1702 3002; x_wconf 62' lang='lat' dir='ltr'>W&#39;irceburgensem</span> <span class='ocrx_word' id='word_1_698' title='bbox 1745 2957 1785 2992; x_wconf 89' lang='lat' dir='ltr'>et</span> <span class='ocrx_word' id='word_1_699' title='bbox 1820 2955 2031 2994; x_wconf 88' lang='lat' dir='ltr'>Folradum</span> 
     </span>
     <span class='ocr_line' id='line_1_115' title="bbox 1083 3006 2032 3055; baseline 0.004 -13"><span class='ocrx_word' id='word_1_700' title='bbox 1083 3007 1353 3055; x_wconf 69' lang='lat' dir='ltr'>presbyterum</span> <span class='ocrx_word' id='word_1_701' title='bbox 1376 3006 1631 3054; x_wconf 81' lang='lat' dir='ltr'>capellanum.</span> <span class='ocrx_word' id='word_1_702' title='bbox 1644 3008 1692 3044; x_wconf 90' lang='lat' dir='ltr'>Hi</span> <span class='ocrx_word' id='word_1_703' title='bbox 1714 3008 1953 3046; x_wconf 85' lang='lat' dir='ltr'>Francorum·</span> <span class='ocrx_word' id='word_1_704' title='bbox 1967 3021 2032 3046; x_wconf 91' lang='lat' dir='ltr'>no-</span> 
     </span>
    </p>
   </div>
   <div class='ocr_carea' id='block_1_6' title="bbox 1090 3077 1929 3224">
    <p class='ocr_par' dir='ltr' id='par_1_14' title="bbox 1090 3077 1929 3224">
     <span class='ocr_line' id='line_1_116' title="bbox 1090 3077 1557 3155; baseline 0.002 -25"><span class='ocrx_word' id='word_1_705' title='bbox 1090 3077 1263 3155; x_wconf 49' lang='lat' dir='ltr'>—2tapba</span> <span class='ocrx_word' id='word_1_706' title='bbox 1281 3100 1337 3131; x_wconf 73' lang='lat' dir='ltr'>loc.</span> <span class='ocrx_word' id='word_1_707' title='bbox 1356 3100 1404 3130; x_wconf 76' lang='lat' dir='ltr'>en.</span> <span class='ocrx_word' id='word_1_708' title='bbox 1421 3108 1450 3138; x_wconf 75' lang='grc' dir='ltr'><strong>ρ.</strong></span> <span class='ocrx_word' id='word_1_709' title='bbox 1469 3098 1557 3131; x_wconf 76' lang='grc'><strong>1565.</strong></span> 
     </span>
     <span class='ocr_line' id='line_1_117' title="bbox 1122 3141 1929 3224; baseline 0.004 -12"><span class='ocrx_word' id='word_1_710' title='bbox 1122 3183 1135 3203; x_wconf 75' lang='grc'>3</span> <span class='ocrx_word' id='word_1_711' title='bbox 1151 3141 1338 3213; x_wconf 53' lang='lat' dir='ltr'>iiisdskrcatto</span> <span class='ocrx_word' id='word_1_712' title='bbox 1362 3181 1398 3213; x_wconf 79' lang='lat' dir='ltr'>de</span> <span class='ocrx_word' id='word_1_713' title='bbox 1414 3182 1603 3215; x_wconf 72' lang='lat' dir='ltr'>auctoritate</span> <span class='ocrx_word' id='word_1_714' title='bbox 1618 3183 1743 3216; x_wconf 78' lang='lat' dir='ltr'>Summi</span> <span class='ocrx_word' id='word_1_715' title='bbox 1759 3185 1929 3224; x_wconf 69' lang='lat' dir='ltr'>pontilicis.</span> 
     </span>
    </p>
   </div>
   <div class='ocr_carea' id='block_1_7' title="bbox 1158 3073 1312 3080">
    <p class='ocr_par' dir='ltr' id='par_1_15' title="bbox 1158 3073 1312 3080">
     <span class='ocr_line' id='line_1_118' title="bbox 1158 3073 1312 3080; baseline 0 0"><span class='ocrx_word' id='word_1_716' title='bbox 1158 3073 1312 3080; x_wconf 95' lang='lat' dir='ltr'> </span> 
     </span>
    </p>
   </div>
  </div>
 </body>
</html>
