2241 3473
251 142 326 181 102

667 146 827 175 EPOCHA
854 146 912 172 111.
942 147 969 172 A
997 142 1274 172 CONVERSIONE
1301 144 1567 172 CONSTANTINI
1593 145 1636 172 M.

196 229 330 267 pacem
341 215 497 253 turbare
506 214 545 250 et
562 211 751 249 unitatem
764 209 946 247 scindere.
960 208 1030 246 His
1041 207 1142 245 aliis·
1171 209 1406 247 substantia
1441 212 1481 247 et
1508 210 1776 248 subsistentia
1791 239 1801 257 ,
1832 210 2122 250 Ariminensem

195 283 270 319 que
280 268 480 307 fraudibus
501 263 755 303 circumventi
776 261 957 299 catholici
983 260 1130 298 antisti-

194 321 446 368 tes,nihilque
459 318 548 355 mali
561 315 761 365 suspicati,
771 315 925 352 oblatae
938 314 1010 351 sibi
1022 327 1045 351 a
1055 313 1131 351 Va-

194 376 310 421 lente,
332 372 505 417 Ursacio,
527 371 687 418 aliisque
709 369 881 406 eiusdem
904 367 1051 417 ingenii
1071 367 1130 404 vi—

193 429 259 474 ris,
274 426 464 465 formulae
485 423 805 471 subscripserunt.
824 422 931 459 Haec
950 421 1130 467 formula,

193 480 376 530 spectatis
395 478 484 516 solis
504 475 634 513 verbis
654 478 694 513 et
713 476 824 513 iuxta
852 475 1010 513 obvium
1039 487 1130 512 sen-

191 546 274 571 sum
293 562 302 578 ,
322 531 513 570 haeresim
534 541 610 566 non
629 529 874 576 continebat,
902 529 970 567 sed
998 529 1129 566 ortho-

193 588 295 624 doxa
324 590 364 622 et
397 582 589 621 catholica
617 583 848 632 apparebat,
881 582 1025 620 Filium
1061 582 1131 619 Dei

192 642 282 678 ante
297 638 426 676 omnia
440 637 599 674 saecula
614 641 653 674 et
668 640 757 674 ante
774 648 884 674 omne
899 635 1132 685 principium

191 706 239 731 ex
261 694 340 731 Deo
360 693 510 737 natum,
531 691 656 728 Deum
675 702 722 728 ex
740 691 833 737 Dec,
848 690 1014 727 similem
1031 689 1135 738 geni-

191 746 263 784 tori
293 758 362 783 suo
391 745 500 782 Patri
530 744 745 782 secundum
775 744 997 792 Scripturas
1025 743 1132 780 dice-

190 801 258 837 bat
278 797 300 837 ¹.
322 798 580 847 Nequaquam
600 797 721 847 igitur
748 797 1019 835 Ariminenses
1048 796 1130 845 epi-

191 852 306 902 scopi,
327 852 419 889 huic
439 851 627 889 formulae
647 851 944 897 subscribentes,
964 851 1003 888 in
1025 851 1132 888 aria-

190 918 280 943 nam
300 905 494 943 haeresim
512 905 610 954 lapsi
644 908 746 942 sunt.
773 904 964 953 Equidem
994 915 1131 941 vocum

189 959 285 997 subs
291 960 449 997 tantiae
460 961 499 996 et
509 959 875 996 consubstantialis
890 957 1134 1006 praetermis-

189 1013 288 1051 sioni
308 1018 556 1050 assenserunt
572 1013 619 1049 ob
639 1013 874 1049 memoratas
896 1011 1065 1049 rationes
1085 1011 1132 1048 ab

190 1066 354 1105 Ursacio
382 1068 420 1104 et
439 1065 605 1104 Valente
636 1066 863 1115 propositas,
892 1066 958 1102 sed
989 1077 1064 1102 non
1093 1064 1130 1101 in

189 1132 303 1157 sensu
325 1119 574 1157 Arianorum.
602 1120 702 1156 Hinc
728 1118 841 1167 paulo
870 1120 958 1167 post
990 1119 1133 1164 mirati,

190 1174 290 1222 quod
306 1174 354 1211 ab
371 1172 528 1218 arianis,
545 1173 610 1221 qui
628 1184 768 1209 vocum
785 1173 947 1209 istarum
961 1184 1134 1221 suppres-

189 1227 296 1264 sione
308 1227 356 1264 ad
371 1227 624 1264 evertendam
640 1226 855 1263 Nicaenam
872 1225 985 1263 fidem
1001 1229 1041 1263 et
1052 1237 1135 1275 pro-

189 1281 436 1330 pugnandam
455 1280 648 1318 haeresim
674 1280 905 1326 utebantur,
934 1282 1133 1328 tamquam

189 1335 226 1373 N
230 1334 390 1372 icaenae
408 1334 500 1371 fidei
516 1333 727 1371 adversarii
742 1333 1058 1379 traducerentur,
1074 1333 1135 1370 de-

189 1388 302 1426 tectis
322 1387 544 1425 arianorum
565 1386 779 1433 fraudibus,
795 1388 898 1436 quod
913 1387 1058 1424 incauti
1076 1386 1133 1423 fe-

188 1444 336 1488 cerant,
352 1443 619 1486 correxerunt,
640 1445 680 1478 et
695 1441 912 1479 Nicaenam
928 1440 1038 1478 fidem
1058 1451 1135 1477 ma-

187 1496 260 1534 iori
281 1507 399 1545 quam
416 1507 584 1543 unquam
605 1494 732 1532 animo
748 1496 1052 1543 propugnantes,
1072 1494 1134 1531 lu-

187 1550 364 1587 culenter
383 1549 637 1587 ostenderunt
657 1550 897 1597 quantopere
918 1548 966 1586 ab
987 1548 1132 1585 arianis

188 1603 387 1640 erroribus
407 1602 663 1640 abhorrerent
683 1600 709 1639 ².

241 1657 423 1694 Liberius
443 1656 528 1705 Pp„
553 1654 718 1704 cognitis
737 1655 784 1693 iis
811 1654 988 1692 omnibus
1002 1685 1010 1701 ,
1033 1667 1132 1703 quae

187 1709 353 1747 Arimini
374 1711 486 1759 gesta
511 1709 686 1753 fuerant,
717 1711 858 1746 cuncta
887 1708 1131 1746 conciliabuli

186 1763 293 1801 illius
313 1765 400 1801 acta
419 1762 576 1801 rescidit
595 1764 634 1799 et
653 1762 764 1800 irrita
780 1763 1006 1809 declaravit3
1023 1774 1131 1799 man-

188 1817 373 1866 davitque
394 1816 592 1866 episcopis,
609 1816 673 1864 qui
690 1816 924 1854 Ariminensi
938 1815 1131 1853 formulae

187 1870 508 1919 subscripserant,
530 1872 572 1907 ut
586 1869 694 1906 illam
713 1871 1035 1917 condemnarent,
1064 1870 1134 1907 Ni—

188 1936 330 1962 caenae
354 1923 446 1961 fidei
465 1923 769 1968 subscriberent,
788 1926 828 1960 et
861 1935 1013 1960 omnem
1043 1935 1130 1960 cum

188 1978 331 2015 arianis
351 1976 660 2015 communionem
681 1976 895 2014 abiicerent
914 1975 940 2014 ³.

242 2032 387 2069 Eodem
407 2032 593 2079 tempore,
613 2042 687 2079 quo
708 2030 782 2068 ista
800 2031 1019 2079 agebantur
1037 2029 1131 2067 Ari-

189 2085 295 2131 mini,
315 2084 534 2122 Seleuciam
555 2084 768 2122 Constantii
798 2083 905 2121 iussu
935 2095 1131 2121 convenc-

188 2140 277 2176 rant
297 2137 517 2176 Orientales
537 2137 705 2186 episcopi
730 2137 815 2175 160.
837 2137 913 2175 Sed
934 2137 1013 2174 illic
1028 2137 1131 2174 inter

188 2192 363 2230 diversas
384 2192 607 2228 arianorum
628 2190 819 2228 factiones
839 2192 919 2228 tam
941 2191 1130 2229 acerrime

188 2245 449 2294 disceptatum
471 2247 549 2291 est,
571 2246 615 2282 ut
634 2244 786 2282 Leonas
808 2257 949 2290 comes,
970 2244 1131 2281 concilio

188 2298 425 2348 praefectus,
446 2298 540 2335 illud
561 2297 772 2335 dissolvere
793 2301 950 2335 coactus
970 2298 1032 2335 sit.

239 2353 351 2389 Tunc
370 2352 624 2390 dissensiones
649 2351 750 2389 inter
770 2351 870 2400 ipsos
890 2352 1043 2388 arianos
1065 2363 1131 2388 au-

188 2408 275 2444 ctae
295 2408 394 2444 sunt.
416 2405 648 2443 Semiariani
676 2406 865 2442 Acacium
895 2405 1131 2442 Caesarccn-

187 2472 289 2506 sem,
325 2459 544 2497 Eudoxium
582 2459 865 2497 Antiochenum
884 2488 892 2505 ,
922 2459 1129 2506 Georgium

188 2513 498 2551 Alexandrinum
536 2512 730 2560 aliosque,
760 2511 952 2549 vocabula
985 2512 1132 2548 se'nm'lz's

185 2567 424 2604 substantia
444 2566 707 2615 reprobantes,
724 2566 988 2614 deposuerunt
1009 2567 1133 2603 etex-

187 2620 536 2657 communicarunt.
558 2619 721 2656 Aeacius
742 2631 834 2657 vero
860 2619 1002 2667 aliique
1036 2630 1130 2655 con-

187 2674 389 2711 venientes
428 2673 800 2722 Constantinopolim
819 2702 827 2716 ,
857 2671 1129 2710 Macedonium

188 2728 268 2775 Cp.,
289 2727 479 2765 Bas-ilium
497 2728 764 2776 Ancyranum,
786 2726 958 2774 aliosque
979 2726 1131 2763 Semia-

188 2782 314 2817 rianos
335 2781 617 2829 deposuerunt,
641 2782 692 2827 ct,
711 2779 939 2829 proscriptis
971 2779 1130 2816 vocibus

228 2887 283 2918 ¹8.
307 2888 452 2917 Albanas.
478 2887 514 2918 L.
538 2887 578 2918 (lc
601 2887 737 2928 synod.;
761 2895 784 2917 s.
810 2886 900 2917 llilar.
919 2885 1131 2925 Fraqment.;

187 2939 211 2959 s.
227 2929 364 2966 Hieron„
383 2929 518 2968 Diales).
534 2930 608 2960 adv.
628 2928 796 2968 Lucifer.;
815 2930 935 2959 socrat.
952 2928 969 2959 1,
989 2930 1020 2963 ll,
1035 2938 1060 2960 r.
1076 2929 1130 2963 237:

187 2972 342 3001 Somnwn.
369 2970 386 3000 l.
414 2971 457 3007 lV,
482 2982 506 3001 c.
530 2971 577 3002 17:
595 2971 778 3001 Theodorei.
797 2970 815 3000 Ι.
833 2971 865 3007 11,
882 2980 897 3001 c
930 2970 1018 3000 18-2‘1
1034 2980 1041 3008 ς
1059 2971 1130 3001 Sul-

188 3013 244 3051 pir.
262 3014 374 3049 saw-ix,
392 3011 482 3042 Ilii-t.
501 3022 589 3043 sacr.
609 3013 625 3042 l.
647 3014 677 3042 ΙΙ.

229 3054 242 3073 '²
259 3054 296 3083 (tf
319 3054 416 3084 anal.
437 3055 534 3091 Mox„
562 3054 692 3085 iussin
714 3064 798 3085 saec,
816 3053 880 3092 IV;
905 3055 932 3085 Ι).
962 3056 1128 3093 Cornutum,

193 3095 402 3126 Dissertatio
418 3096 494 3125 erit.
509 3103 540 3125 ct
560 3096 656 3126 theol.
673 3096 712 3126 (Ic
728 3095 873 3126 camilia
890 3096 1127 3134 Ariminensi,

191 3139 210 3168 1.
229 3138 258 3166 n,
278 3138 389 3172 Palma,
407 3136 573 3167 Praelncr..
593 3137 675 3167 llis-c.
694 3139 780 3176 eccl„
797 3142 806 3167 ῑ
834 3138 856 3174 l,
874 3147 901 3177 Ι).
919 3138 958 3176 11,
975 3148 1000 3169 e.
1022 3138 1064 3168 123.

230 3178 244 3197 ³
259 3179 344 3208 siric.
364 3179 425 3217 ΙΨ..
443 3178 551 3218 Epist.
569 3180 613 3209 ml
631 3179 762 3209 Ilimr‘r.
786 3180 1128 3217 Tarracon,;1›amas.

192 3222 241 3260 l’p.
259 3219 368 3259 Epist.
384 3220 429 3251 ad
443 3220 587 3260 episcop.
605 3220 722 3261 lllyr.;
740 3222 850 3253 liaron.
868 3221 906 3252 ad
924 3231 973 3254 an.
990 3222 1058 3253 359.

1172 261 1382 301 formulam
1410 263 1702 301 confirmarunt.
1732 264 1952 311 Eudoxias,
1981 266 2120 303 detur-

1173 315 1262 352 bato
1283 316 1526 363 Macedonio,
1547 316 1692 354 invasit
1712 317 1844 354 sedem
1864 317 2025 366 Cpnam,
2047 319 2124 356 An-

1174 369 1396 407 tiochenam
1417 370 1567 418 accepit
1585 370 1787 417 Meletius,
1808 382 1881 419 quo
1901 371 2011 410 brevi
2035 374 2122 421 post

1176 423 1224 459 ob
1238 424 1452 462 catholicae
1467 423 1557 461 fidei
1574 423 1853 473 professionem
1880 425 2016 474 eiecto,
2037 437 2122 463 eam

1176 475 1320 515 invasit
1335 478 1503 515 Euzoius
1523 478 1681 515 arianus
1703 475 1729 514 ¹.

1229 530 1290 568 32.
1313 532 1427 569 Mors
1464 531 1698 568 Constantii
1724 528 1813 581 (an.
1833 529 1929 582 351)
1950 554 2000 559 -
2019 531 2123 570 Con-

1178 584 1344 622 stantius
1372 584 1606 633 imperator,
1637 584 1700 632 qui
1732 584 1862 633 pravis
1896 585 2122 623 arianorum

1177 637 1344 676 consiliis
1364 638 1585 684 obsecutus,
1601 637 1818 675 Ecclesiam
1830 637 1981 675 tristem
1995 638 2034 676 in
2049 640 2125 676 sta-

1176 692 1260 727 tum
1280 691 1521 735 coniecerat,
1542 704 1644 728 anno
1664 690 1816 740 imperii
1846 690 1908 728 sui
1926 691 1999 738 36,
2033 703 2122 730 cum

1177 743 1388 792 Iulianum,
1413 745 1461 783 ab
1483 744 1659 782 exercitu
1679 744 1717 782 in
1746 743 1884 782 Galliis
1912 746 2123 794 augustum

1177 797 1412 845 salutatum,
1437 798 1539 836 bello
1568 799 1729 848 aggredi
1759 798 1971 847 cogitaret,
2001 810 2122 848 prope

1176 850 1342 890 Tarsum
1363 852 1461 890 febri
1482 851 1680 889 extinctus
1700 854 1771 890 est.

1226 905 1288 943 33.
1315 905 1869 955 Macedom'letApollinaris
1883 905 2122 944 haereses—

1175 956 1360 1007 Magnam
1381 959 1539 997 arianae
1555 962 1683 996 sectae
1701 958 1850 996 cladem
1867 958 2004 997 intulit
2018 970 2124 996 mors

1176 1011 1402 1051 Constantii.
1425 1014 1468 1050 In
1488 1012 1697 1050 Occidente
1716 1042 1726 1058 ,
1747 1024 1864 1061 opera
1893 1012 2124 1062 praesertim

1177 1064 1322 1102 Liberii
1342 1066 1416 1115 Pp.
1436 1069 1475 1104 et
1494 1078 1522 1103 s.
1545 1066 1688 1103 Hilarii
1708 1065 1979 1111 Pictaviensis,
2006 1065 2055 1103 ad
2069 1077 2126 1102 ec-

1177 1118 1335 1156 clesiam
1354 1131 1464 1157 suam
1480 1119 1647 1165 reducis,
1669 1118 1859 1157 catholica
1880 1119 2027 1157 veritas
2046 1118 2126 1156 cla-

1177 1171 1257 1209 rior
1275 1172 1414 1219 eluxit,
1423 1176 1463 1211 et
1477 1173 1727 1218 detrimenta,
1737 1184 1836 1221 quae
1853 1172 1886 1210 ei
1902 1171 2068 1211 Arimini
2085 1171 2129 1209 il-

1176 1225 1258 1262 lata
1277 1226 1533 1272 videbantur,
1555 1228 1732 1264 correcta
1751 1237 1798 1263 ac
1818 1227 2002 1275 reparata
2020 1226 2124 1263 sunt.

1178 1279 1222 1315 In
1242 1279 1402 1317 Oriente
1423 1292 1575 1329 quoque
1591 1292 1619 1317 s.
1637 1279 1891 1326 Athanasius,
1908 1279 2053 1328 aliique
2068 1290 2129 1317 or-

1177 1332 1337 1370 thodoxi
1357 1334 1556 1382 praesules
1577 1333 1716 1371 maiori
1743 1333 1881 1371 ardore
1911 1332 2125 1371 restituen-

1178 1386 1250 1423 dae
1287 1387 1502 1424 catholicae
1532 1386 1622 1424 fidei
1650 1386 1887 1425 institerunt.
1919 1386 1996 1424 Sed
2026 1396 2127 1423 nova

1178 1440 1395 1478 certamina
1425 1452 1604 1490 novaque
1633 1440 1806 1490 pericula
1822 1440 2036 1479 Ecclesiam
2051 1450 2130 1477 ma-

1179 1494 1334 1532 nebant.

1230 1547 1275 1584 In
1309 1547 1445 1596 primis
1483 1547 1737 1585 Macedonius
1754 1577 1764 1594 ,
1798 1546 2127 1586 Semiarianorum

1177 1600 1369 1650 princeps,
1386 1600 1452 1650 qui
1468 1600 1506 1638 in
1524 1601 1653 1638 sedem
1667 1601 1814 1650 Cpnam
1827 1613 1888 1639 an.
1900 1600 2129 1647 350,eiecto

1178 1655 1223 1692 D.
1245 1654 1384 1700 Paulo,
1414 1654 1577 1691 militari
1596 1666 1712 1692 manu
1735 1657 1775 1692 et
1793 1667 1869 1692 non
1889 1653 1972 1692 sinc
1991 1652 2132 1691 multo-

1176 1719 1265 1744 rum
1283 1707 1567 1745 catholicorum
1584 1708 1702 1745 caede
1720 1708 1850 1745 fuerat
1863 1707 2053 1754 intrusus,
2067 1717 2130 1756 po-

1176 1763 1260 1798 stea
1277 1761 1497 1799 Constantii
1515 1761 1764 1810 imperatoris
1780 1762 1886 1799 iussu
1903 1762 1943 1799 et
1959 1761 2040 1810 ipse
2055 1759 2128 1797 eie-

1176 1816 1272 1859 ctus,
1293 1827 1342 1852 ex
1362 1814 1510 1852 invidia
1530 1815 1568 1852 in
1581 1815 1800 1853 Catholicos
1820 1817 1860 1853 ct
1875 1814 2043 1853 Arianos
2063 1812 2126 1851 di-

1175 1868 1379 1906 vinitatem
1410 1868 1578 1917 Spiritus
1607 1869 1645 1906 S.
1673 1868 1934 1918 impugnavit.
1964 1867 2128 1912 Iisdem,

1175 1933 1219 1958 ac
1240 1922 1365 1959 ariani
1389 1923 1526 1959 contra
1556 1921 1800 1959 divinitatem
1828 1921 1971 1967 Verbi,
2001 1932 2127 1971 argu-

1175 1975 1316 2012 mentis
1337 1986 1440 2021 usus,
1458 1976 1666 2021 asserebat,
1683 1975 1872 2024 Spiritum
1889 1976 1931 2012 S.
1949 1986 2025 2012 non
2043 1985 2126 2011 esse

1176 2028 1285 2065 Patri
1303 2030 1343 2066 ct
1358 2028 1458 2066 Filio
1475 2031 1728 2066 coaeternum
1747 2031 1813 2066 aut
1830 2028 2049 2078 aequalem,
2066 2039 2127 2065 ne-

1174 2094 1247 2130 que
1267 2081 1439 2119 eiusdem
1456 2094 1545 2119 cum
1562 2082 1681 2120 Patre
1699 2086 1739 2120 et
1753 2082 1854 2120 Filio
1869 2081 2026 2120 honoris
2045 2092 2130 2130 par-

1174 2135 1341 2184 ticipem,
1368 2135 1436 2173 scd
1457 2135 1660 2184 utriusque
1683 2135 1917 2174 ministrum.
1939 2135 2124 2173 Errorem

1172 2201 1285 2225 snum
1307 2189 1493 2238 pluribus,
1511 2190 1736 2238 pracsertim
1758 2188 2019 2234 semiarianis,
2035 2199 2126 2238 per-

1173 2242 1308 2280 suasit.
1330 2242 1417 2280 Non
1438 2244 1569 2280 tamen
1589 2244 1749 2280 eaedem
1771 2242 1933 2280 suerunt
1953 2241 2126 2280 omnium

1174 2295 1546 2333 Maccdonianorum
1577 2297 1625 2334 de
1656 2296 1806 2346 Spiritu
1831 2296 1870 2334 S.
1892 2295 2127 2341 sentcntiae,

1173 2349 1238 2386 alii
1260 2349 1369 2386 illum
1392 2361 1465 2386 non
1490 2361 1694 2398 porsonam
1715 2350 1781 2387 sed
1803 2349 1926 2399 ipsam
1942 2348 2074 2387 Patris
2089 2351 2130 2386 et

1175 2402 1264 2439 Filii
1294 2402 1496 2448 deitatem,
1522 2403 1587 2440 alii
1619 2403 1698 2441 vim
1719 2416 1789 2441 seu
1813 2403 2000 2441 virtutem
2023 2401 2126 2440 divi-

1176 2468 1287 2501 nam,
1320 2456 1385 2493 alii
1416 2460 1638 2495 creaturam
1668 2456 1818 2495 altioris
1846 2455 1992 2495 ordinis
2019 2456 2127 2494 dice-

1176 2510 1270 2547 bant
1289 2507 1316 2547 ².

1229 2562 1374 2599 Eodem
1392 2564 1566 2612 tempore
1579 2564 1615 2601 in
1628 2576 1799 2602 errorem
1817 2564 2027 2603 absurdum
2042 2575 2130 2601 eon-

1174 2618 1237 2653 tra
1257 2616 1489 2654 catholicam
1510 2617 1724 2655 doctrinam
1741 2618 1786 2656 de
1797 2619 1971 2656 humana
1985 2617 2126 2657 Christi

1178 2672 1321 2707 natura
1341 2669 1501 2719 impegit
1531 2671 1782 2720 Apollinaris,
1802 2684 1823 2710 e
1842 2672 1986 2710 lectore
2005 2670 2127 2709 eecle-

1175 2724 1255 2761 siae
1277 2723 1518 2761 Laodiccnae
1543 2726 1760 2775 episeopus3
1782 2725 1847 2775 qui
1866 2723 2037 2775 politiori
2057 2723 2125 2761 lit-

1178 2779 1354 2814 teratura
1382 2777 1566 2816 excultus
1584 2809 1594 2826 ,
1623 2779 1690 2817 scd
1722 2779 1886 2817 nimium
1916 2776 2127 2816 Platonicis

1175 2829 1326 2880 placitis
1348 2830 1502 2869 ‹lcditus
1518 2861 1527 2878 ,
1551 2845 1573 2870 a
1594 2845 1687 2871 vcro
1710 2832 1880 2871 deflexit.
1904 2831 2037 2870 Primo
2065 2831 2127 2868 do-

1175 2884 1270 2930 cuit,
1292 2884 1491 2922 Christum
1512 2886 1722 2936 sumpsisse
1743 2886 1898 2936 quidem
1929 2896 1976 2923 cx
1999 2884 2128 2922 Maria

1175 2949 1314 2987 corpus
1337 2938 1567 2986 humanum,
1588 2941 1653 2978 scd
1684 2940 1765 2978 sine
1797 2939 1946 2987 anima3
1975 2937 2128 2985 deinde,

1216 3056 1223 3076 ¹
1242 3060 1287 3087 ss.
1304 3058 1448 3088 Albanas.
1466 3060 1495 3088 rt
1513 3057 1621 3096 ssilar„
1638 3057 1657 3087 l.
1675 3064 1720 3091 c.;
1740 3056 1858 3087 socrat.
1877 3055 1894 3085 1.
1912 3053 1952 3092 ΙΙ,
1969 3064 1995 3086 e.
2012 3053 2126 3093 39-44;

1173 3100 1331 3129 Sozonwn.
1350 3099 1365 3128 l.
1387 3100 1437 3137 lv,
1455 3110 1481 3130 (¹.
1496 3098 1614 3136 &tl-tlh
1633 3097 1818 3129 Theodorei.
1836 3097 1854 3129 l.
1872 3096 1911 3136 ll,
1927 3106 1952 3128 c.
1969 3095 2007 3127 27
2025 3100 2055 3128 et
2071 3096 2126 3136 313

1173 3141 1286 3178 sulpic.
1308 3142 1411 3171 sever.
1431 3141 1448 3171 l.
1467 3141 1502 3172 11.

1213 3182 1227 3202 *²
1243 3183 1271 3212 S.
1290 3182 1446 3221 Epiphnu..
1462 3182 1589 3213 naeres,
1604 3179 1719 3218 73-743
1735 3180 1854 3211 socrat.
1871 3180 1890 3211 1.
1907 3189 1932 3211 c.
1950 3189 1976 3211 c.
1993 3178 2052 3218 45;
2068 3180 2127 3211 So-

1163 3231 1277 3254 zomcn.
1303 3224 1319 3253 l.
1338 3234 1362 3254 c.
1381 3235 1406 3255 c.
1427 3224 1481 3262 273
1499 3223 1698 3260 Theodorct.,
1718 3221 1811 3254 Haer.
1827 3220 1928 3261 fabul.
1944 3222 1963 3253 Ι.
1980 3221 2013 3261 V,
2030 3231 2055 3253 c.
2073 3221 2100 3252 7.
