2241 3473
314 175 389 213 104

260 251 299 288 in
319 250 454 288 multis
469 249 693 298 regionibus
709 249 868 286 moralis
885 249 1084 298 corruptio
1103 251 1206 286 esset
1248 253 1407 297 tarunt,
1436 253 1554 299 atque
1583 251 1653 288 sub
1674 251 1748 288 hac
1775 250 1994 288 conditione
2015 262 2076 288 an.
2091 251 2193 291 1373

259 315 416 352 magna,
437 302 642 350 disciplina
658 302 696 338 in
714 302 818 339 clero
839 303 973 340 laxata
988 307 1028 339 et
1043 302 1203 351 regula·
1248 303 1571 353 Congregationis
1591 315 1684 341 suae
1705 304 2022 352 approbationem
2039 316 2194 354 accepe-

760 184 915 211 EPOCHA
945 183 1031 210 VIII.
1056 183 1084 209 A
1112 183 1380 212 PONTIFICA'I'V
1408 185 1642 212 INNOCENTII
1669 185 1717 212 111

259 357 314 393 ris
336 355 586 393 observantia
615 355 654 392 in
683 355 875 392 coenobiis
894 355 1100 400 inclinata,
1129 367 1204 392 non

258 409 446 458 exiguum
465 408 663 446 exstitisse
684 408 886 446 hominum
907 409 1203 458 numerum,qui

259 463 496 500 christianae
516 461 747 510 perfectioni
767 462 867 499 serio
893 463 1119 509 studerent,
1139 463 1204 499 in-

257 515 452 563 telligitur
477 527 497 552 e
527 515 639 552 novis
659 515 872 553 Ordinibus
899 515 1112 565 religiosis,
1132 515 1204 552 hoc

257 569 413 606 saeculo
435 569 597 614 exortis,
613 571 652 606 et
671 569 890 618 regularem
912 569 1202 606 observantiam

258 622 393 659 sedulo
415 621 641 659 colentibus.
662 622 749 660 Huc
768 622 937 671 pertinet
952 622 1055 660 Ordo
1075 622 1204 659 Olive-

255 677 453 721 tanorum,
479 687 540 712 an.
555 676 655 714 1313
675 676 751 714 aB.
765 676 964 714 Bernardo
977 676 1204 713 Ptolomaeo

257 727 375 765 nobili
391 728 553 766 Senensi
571 729 833 775 fundatus,cui
846 729 1204 778 Ioannest.XXII

254 782 507 831 praescripsit
520 782 701 831 regulam
718 795 747 820 s.
760 783 974 829 Benedicti,
987 795 1105 832 quam
1127 782 1203 820 Oli·
1222 809 1225 839 Ι

253 835 388 872 vetani
411 836 547 884 primis
566 837 812 886 temporibus
833 836 1005 874 maxima
1025 848 1111 874 cum
1138 849 1201 874 se-

250 889 423 926 veritate
455 890 738 934 observabant,
761 890 863 936 unde
883 889 1038 939 saepius
1057 890 1095 927 in
1117 901 1201 926 mo-

251 943 426 980 nasteria
447 943 793 981 Benedictinorum
814 943 1066 981 reformanda
1080 945 1203 981 trans-

248 995 503 1044 ferebantur3
525 1008 734 1046 progressu
765 1000 894 1035 tamen
926 998 1116 1046 temporis
1136 997 1202 1034 ali-

251 1050 484 1097 quantulum
502 1051 747 1100 mitigarunt.
757 1050 860 1089 Ordo
877 1063 898 1088 a
914 1051 1058 1089 Ioanne
1069 1051 1200 1097 XXII,

249 1102 449 1142 Clemente
459 1104 515 1142 VI
527 1106 567 1142 et
579 1105 769 1154 Gregorio
784 1105 842 1144 XI
853 1105 1102 1154 approbatus,
1115 1117 1201 1142 con-

248 1157 362 1195 tinua
387 1157 633 1196 incrementa
655 1159 781 1208 cepit,
811 1162 850 1196 et
878 1169 946 1207 per
974 1160 1098 1196 totam
1128 1158 1201 1195 Ita-

248 1208 343 1247 liam
364 1214 604 1261 propagatus
624 1215 695 1250 est.
718 1211 812 1250 Eius
835 1211 987 1249 sodales
1004 1212 1095 1249 dieti
1111 1215 1202 1249 sunt

249 1262 412 1302 Fratres
432 1264 621 1303 eremitae
643 1265 708 1303 vel
729 1265 1052 1314 Congregationis
1073 1266 1200 1303 Domi-

251 1328 325 1354 nae
345 1317 514 1356 Nostrae
535 1319 581 1356 de
600 1321 731 1356 monte
752 1318 895 1362 Oliveti
918 1317 942 1356 ¹.

303 1370 392 1408 Non
412 1371 536 1409 multo
565 1376 652 1421 post
679 1372 885 1410 dimidium
913 1372 1028 1410 huius
1055 1371 1200 1410 saeculi

253 1436 399 1462 novum
421 1437 556 1475 nempe
587 1426 832 1464 Iesuatorum
862 1426 1048 1463 Ordinem
1065 1425 1200 1463 funda-

252 1478 311 1515 vit
331 1490 359 1516 s.
378 1478 544 1517 Ioannes
564 1479 847 1525 Columbini,et
862 1480 945 1529 ipse
965 1479 1106 1516 nobilis
1125 1479 1198 1516 Se-

250 1532 402 1578 nensis,
430 1533 497 1581 qui
537 1545 607 1582 per
644 1534 855 1571 lectionem
894 1533 1012 1570 Vitae
1047 1532 1197 1570 Mariae

248 1584 515 1635 AEgyptiacae
537 1587 584 1624 ad
606 1587 710 1636 piam
732 1589 772 1624 et
791 1586 1055 1636 poenitentem
1076 1586 1196 1623 vitam

250 1641 461 1677 revocatus
474 1669 483 1685 ,
499 1652 539 1678 se
555 1652 622 1690 pec
630 1640 794 1678 ulariter
808 1640 1098 1678 misericordiae
1112 1651 1198 1688 ope·

246 1693 355 1730 ribus
377 1693 555 1741 devovit,
578 1706 735 1743 egenos,
755 1694 983 1743 peregrinos
1005 1697 1045 1731 et
1064 1705 1199 1742 aegro-

246 1748 307 1784 tos
326 1746 366 1783 in
388 1747 548 1785 domum
576 1760 689 1786 suam
717 1750 896 1796 receptos
924 1758 1078 1793 curans;
1099 1759 1198 1795 quae

246 1800 539 1838 misericordiae
561 1813 677 1851 opera
699 1813 786 1839 cum
807 1802 924 1851 paulo
940 1803 1027 1850 post
1046 1800 1127 1846 alii,
1140 1813 1198 1838 se-

246 1854 417 1891 cundum
427 1854 1200 1905 Ioannisexemplum,omniarelinquen-

246 1908 306 1944 tes
327 1919 447 1956 seque
466 1908 500 1945 ei
521 1911 800 1958 aggregantes,
822 1909 1118 1958 participarent,
1139 1920 1197 1945 eo-

219 1960 332 1997 ¹rum
371 1962 596 1999 societatem
627 1963 809 2001 Urbanus
838 1963 908 2011 Pp.
938 1963 975 1999 V
1009 1966 1196 2010 tanquam

246 2025 394 2051 novum
411 2014 595 2053 Ordinem
612 2016 840 2066 religiosum
862 2016 1107 2065 approbavit.
1125 2015 1196 2052 Ob-

246 2068 460 2106 servabant
476 2069 651 2118 regulam
667 2081 696 2107 s.
718 2070 942 2118 Augustini,
957 2069 1123 2106 officium
1141 2081 1199 2106 sa-

248 2132 360 2158 crum
382 2134 457 2159 non
487 2122 720 2169 recitabant,
740 2135 827 2160 eum
858 2125 987 2161 essent
1006 2122 1109 2169 laici,
1129 2123 1195 2160 sed

246 2175 421 2223 quotidie
449 2178 511 2213 ter
538 2176 589 2213 50
620 2177 748 2213 Pater
775 2180 815 2214 et
843 2178 928 2214 Ave
956 2177 995 2213 in
1025 2175 1196 2214 oratorio

244 2229 471 2277 congregati
502 2229 706 2275 dicebant,
727 2229 889 2279 singulis
918 2230 1053 2268 diebus
1081 2241 1196 2267 mane

246 2284 286 2318 et
315 2293 479 2331 vespere
509 2294 548 2320 se
578 2283 855 2332 flagellabant,
884 2284 1093 2332 hospitalia
1112 2283 1194 2320 fre-

244 2336 506 2383 quentabant,
520 2339 564 2373 ut
576 2337 747 2385 aegrotis
759 2337 898 2374 ibidem
912 2337 1195 2383 ministrarent,

244 2391 373 2426 artem
396 2401 550 2438 quoque
571 2390 930 2439 pharmaceutieam
947 2391 1195 2437 exercebant,

245 2442 428 2480 confecta
447 2454 470 2480 a
490 2455 529 2481 se
559 2443 844 2481 medicamenta
869 2444 991 2492 gratis
1011 2444 1112 2482 inter
1132 2445 1194 2481 in-

242 2495 376 2534 firmos
395 2508 590 2546 pauperes
610 2497 899 2535 distribuentes.
917 2497 1050 2534 Serius
1069 2497 1196 2546 appel-

244 2548 316 2586 lati
337 2554 429 2588 sunt
449 2550 597 2589 Iesuati
617 2563 646 2589 s.
664 2551 909 2599 Hieronymi,
925 2551 1024 2599 quod
1042 2551 1194 2588 nomine

246 2602 333 2640 Iesu
355 2603 582 2653 frequenter
617 2607 824 2642 uterentur
856 2607 896 2641 et
930 2604 973 2641 Ι).
1006 2604 1197 2653 Hierony-

246 2667 353 2694 mum
373 2660 564 2706 tanquam
586 2661 795 2707 patronum
816 2669 929 2695 suum
951 2669 1194 2695 veneraren-

244 2712 321 2747 tur.
343 2711 455 2748 Anno
476 2716 607 2750 autem
641 2712 740 2749 1668
761 2711 938 2749 Clemens
960 2711 1029 2760 Pp.
1051 2711 1106 2748 IX
1129 2723 1194 2749 eo-

243 2774 330 2800 rum
353 2764 535 2803 Ordinem
559 2765 731 2803 abolevit
751 2763 778 2803 ².

297 2817 339 2854 In
362 2818 550 2867 Hispania
563 2818 916 2868 Congregationem
938 2817 1193 2866 Hieronymi-

242 2871 376 2908 tarum
406 2872 664 2911 instituerunt
701 2873 848 2922 aliquot
877 2872 951 2908 viri
990 2884 1038 2909 ex
1077 2871 1193 2908 tertio

242 2924 386 2961 Ordine
407 2937 435 2963 s.
460 2926 675 2972 Francisci,
696 2926 762 2975 qui
783 2926 820 2963 in
838 2925 1092 2963 eremitarum
1111 2937 1193 2962 mo-

242 2989 324 3014 rem
338 2978 458 3016 vitam
480 2980 592 3017 valde
608 2983 807 3018 austeram
824 2979 1019 3017 ducebant
1034 2983 1074 3016 et
1085 2978 1192 3015 brevi

241 3033 415 3080 tempore
433 3032 562 3082 plures
583 3033 800 3071 imitatores
817 3033 920 3071 nacti
938 3034 1038 3071 sunt.
1050 3032 1191 3070 Postea

239 3084 365 3122 vitam
388 3086 633 3125 eremiticam
656 3099 745 3125 cum
762 3087 1003 3125 coenobitica
1017 3097 1190 3124 commu-

278 3190 527 3261 }BollandAcla
536 3191 631 3224 58:21
646 3196 779 3233 august.;
795 3191 1061 3233 Helyot‚11isc.dex
1074 3190 1191 3225 omres

239 3239 448 3306 re²lci3¹olland
467 3275 546 3308 Acta
563 3274 619 3307 SS.
638 3274 672 3307 31
693 3275 754 3313 iul.;
771 3276 890 3316 Helyot‚
910 3276 965 3316 Op.
984 3275 1040 3309 cil.

1247 362 1340 394 runt
1360 369 1384 394 a
1404 358 1595 407 Gregorio
1615 358 1685 405 Pp.
1707 357 1779 403 XI,
1796 357 1859 405 qui
1876 358 1932 395 eis
1946 357 2063 395 etiam
2080 370 2192 408 regu-

1248 410 1325 447 lam
1344 422 1373 448 s.
1394 411 1604 460 Augustini
1623 410 1874 459 praescripsit
1893 412 1933 448 et
1950 422 1980 448 s.
2002 411 2193 461 Hierony-

1246 475 1350 501 mum
1369 467 1578 513 patronum
1601 463 1719 508 dedit,
1735 464 1836 500 unde
1851 464 2050 502 Eremitae
2063 476 2092 502 s.
2104 465 2193 502 Hie-

1246 518 1400 566 ronymi
1438 518 1533 555 dicti
1560 519 1664 555 sunt.
1693 517 1777 559 Quo
1804 516 1908 554 facto
1935 529 2059 556 novus
2087 518 2191 556 Ordo

1245 582 1315 619 per
1350 571 1576 609 universam
1607 570 1835 619 Hispaniam
1873 573 1914 608 et
1950 571 2189 610 Lusitaniam

1246 623 1436 673 paulatim
1458 626 1695 674 propagatus
1715 623 1789 661 fuit
1809 621 1834 661 ¹.

1296 677 1473 715 Alteram
1511 677 1873 726 Hieronymitarum
1906 676 2190 726 Congregatio-

1246 742 1333 767 nem
1354 731 1534 769 fundavit
1563 731 1606 768 Β.
1637 730 1781 768 Petrus
1806 730 2075 776 Gambacorti,
2094 731 2192 769 alias

1246 784 1390 821 Petrus
1411 785 1457 822 de
1478 784 1593 829 Pisis,
1612 783 1718 821 filius
1738 783 1908 832 supremi
1929 784 2090 822 rectoris
2108 784 2190 822 rei-

1247 837 1425 886 publicae
1446 838 1615 876 Pisanae
1636 841 1676 874 et
1695 837 1884 875 Lucensis
1900 866 1910 882 ,
1925 837 1991 886 qui
2012 837 2191 876 omnibus

1244 891 1388 928 saeculi
1418 891 1582 937 deliciis,
1611 891 1721 929 bonis
1750 892 1790 928 et
1817 891 2030 929 honoribus
2050 891 2190 928 nuncio

1245 945 1420 991 remisso,
1440 945 1546 983 circa
1565 956 1626 983 an.
1650 944 1752 982 1377
1772 945 1811 981 in
1831 944 2189 982 Montem-Bellum

1242 999 1280 1035 in
1303 998 1465 1036 Umbria
1485 998 1660 1044 secessit,
1690 998 1811 1035 vitam
1842 997 2083 1036 eremiticam
2102 998 2193 1036 duc-

1243 1056 1428 1098 turus3ex
1446 1051 1874 1101 eleemosynis,quasin
1894 1051 2005 1100 pagis
2024 1051 2192 1089 circum-

1243 1106 1459 1143 iacentibus
1495 1105 1730 1154 colligebat,
1764 1117 1825 1142 an.
1866 1104 1978 1142 1380-
2001 1105 2191 1143 sacellum

1242 1162 1281 1197 et
1299 1159 1526 1197 habitacula
1555 1171 1624 1208 pro
1643 1158 1856 1207 discipulis,
1871 1157 1936 1206 qui
1964 1170 2004 1196 se
2032 1158 2068 1196 ei
2095 1169 2190 1196 sen—

1242 1213 1314 1251 sim
1353 1213 1648 1262 aggregabant,
1688 1211 1925 1258 aedificavit3
1960 1212 2191 1261 Congrega-

1241 1267 1336 1304 tioni
1356 1279 1450 1305 suae
1466 1266 1640 1316 proprias
1656 1265 1777 1315 leges,
1791 1264 2006 1315 perfectam
2022 1277 2190 1315 pauper-

1241 1323 1362 1358 tatem
1376 1350 1385 1367 ,
1406 1320 1594 1358 orationis
1623 1319 1886 1369 frequentiam
1899 1348 1908 1366 ,
1937 1319 2087 1357 victum
2106 1331 2192 1369 par-

1240 1386 1341 1420 cum,
1362 1375 1542 1412 crebrum
1570 1373 1760 1411 ieiunium
1789 1371 1965 1420 aliasque
1985 1373 2190 1411 austerita-

1241 1431 1300 1465 tes
1329 1427 1586 1477 praescripsit.
1618 1427 1726 1464 Haec
1755 1425 2018 1475 Congregatjo
2046 1437 2070 1464 a
2089 1425 2191 1464 Mar-

1239 1482 1320 1519 tino
1342 1482 1411 1531 Pp.
1433 1481 1469 1518 V
1498 1481 1733 1530 approbata,
1753 1491 1824 1528 per
1851 1491 2004 1516 omnem
2033 1479 2188 1518 Italiam

1239 1547 1280 1572 se
1310 1534 1498 1572 extendit.
1521 1534 1595 1576 Qui
1617 1534 1651 1571 ei
1681 1533 1888 1583 aggregati
1917 1534 2048 1579 erant,
2077 1533 2189 1571 initio

1239 1586 1331 1626 dicti
1352 1592 1443 1626 sunt
1463 1588 1661 1637 Pauperes
1691 1586 1879 1625 eremitae
1905 1586 2063 1624 Fratris.
2077 1587 2189 1624 Petri

1238 1642 1285 1679 de
1310 1642 1423 1687 Pisis,
1444 1645 1577 1690 postea
1596 1653 1691 1679 vero
1704 1670 1714 1686 ,
1733 1640 1916 1689 quoniam
1935 1650 1966 1678 s.
1988 1639 2189 1690 Hierony-

1238 1707 1343 1732 mum
1360 1696 1431 1733 sibi
1449 1697 1655 1744 patronum
1677 1695 1891 1743 elegerant,
1909 1693 2095 1742 appellati
2111 1693 2192 1732 fue-

1239 1751 1332 1786 runt
1352 1749 1550 1787 Eremitae
1562 1761 1590 1787 s.
1605 1747 1838 1798 Hieronymi
1850 1747 1914 1785 vel
1925 1746 2095 1785 breviter
2106 1747 2193 1786 Hie-

1239 1803 1459 1852 ronymitae
1478 1802 1504 1841 ².

1291 1857 1419 1895 Aliam
1432 1856 1545 1895 initio
1561 1855 1682 1894 huius
1696 1854 1846 1893 saeculi
1863 1854 2102 1892 Societatem
2118 1855 2191 1904 spi-

1238 1910 1420 1948 ritualem
1442 1910 1490 1947 ad
1511 1910 1726 1947 curandam
1748 1910 1994 1946 mortuorum
2018 1909 2189 1957 sepultu-

1239 1976 1340 2010 ram,
1357 1964 1493 2001 deinde
1513 1964 1632 2001 etiam
1653 1964 1701 2001 ad
1718 1961 1979 2001 sublevandos
1995 1965 2189 2011 aegrotos,

1238 2018 1493 2066 Antwerpiae
1522 2017 1782 2055 efformarunt
1809 2015 1984 2053 nonnulli
2015 2016 2065 2065 pii
2085 2015 2188 2062 laici,

1239 2072 1332 2109 dicti
1353 2071 1573 2109 Lollhordz'
1601 2083 1624 2108 a
1655 2070 1845 2108 vocabulo
1873 2069 2099 2118 germanico
2120 2070 2188 2107 lol-

1241 2126 1320 2171 len,
1336 2125 1436 2174 quod
1453 2127 1611 2162 cantum
1627 2123 1858 2162 submissum
1872 2122 2095 2169 denotabat,
2110 2134 2187 2171 quo

1239 2179 1450 2216 utebantur
1469 2178 1507 2215 in
1527 2177 1730 2215 efferendis
1746 2176 1959 2221 funeribus,
1981 2175 2072 2213 item
2099 2175 2186 2214 Cel-

1240 2233 1336 2270 Zz'tae
1364 2244 1387 2269 a
1415 2231 1534 2277 cellis,
1555 2232 1594 2268 in
1616 2231 1759 2279 quibus
1789 2229 2042 2276 habitabant,
2071 2234 2112 2267 et
2130 2231 2185 2267 A-

1239 2286 1400 2323 Iexz‘mzz'
1412 2297 1435 2323 a
1450 2297 1479 2323 s.
1496 2284 1778 2333 Alexio,quem
1799 2283 1870 2321 sibi
1886 2285 2093 2332 patronum
2109 2283 2186 2321 ele-

1237 2341 1388 2388 gerant.
1414 2339 1445 2376 Ii
1471 2341 1631 2387 propter
1660 2349 1769 2375 suam
1802 2336 2011 2374 utilitatem
2031 2336 2069 2374 in
2092 2337 2187 2375 mul-

1238 2397 1298 2430 tas
1319 2392 1447 2439 Belgii
1468 2395 1507 2429 et
1522 2392 1754 2429 Germaniae
1783 2390 1963 2428 civitates
1983 2390 2143 2440 recepti,
2163 2402 2187 2428 a

1238 2445 1477 2495 principibus
1507 2447 1546 2482 et
1576 2444 1870 2493 magistratibus
1899 2443 2066 2493 protecti
2095 2446 2135 2482 et
2161 2455 2185 2482 a

1238 2499 1326 2537 RR.
1349 2496 1605 2536 Pontificibus
1625 2498 1826 2547 approbati
1846 2499 1948 2547 sunt.

1292 2553 1416 2590 Paulo
1437 2556 1528 2590 ante
1551 2552 1754 2590 dimidium
1776 2551 1892 2589 huius
1913 2550 2058 2589 saeculi
2077 2550 2186 2589 Ordi-

1238 2617 1322 2643 nem
1353 2606 1569 2644 Salvatoris
1597 2605 1779 2643 fundavit
1807 2617 1836 2644 s.
1866 2604 2054 2654 Birgitta,
2084 2616 2184 2654 quae

1237 2672 1299 2697 an.
1316 2660 1414 2697 1302
1426 2659 1616 2697 nobilibus
1629 2659 1777 2709 piisque
1793 2658 2018 2709 parentibus
2032 2657 2072 2695 in
2089 2657 2182 2696 Sue-

1238 2714 1297 2751 cia
1314 2716 1418 2759 nata,
1434 2714 1510 2751 iam
1529 2714 1565 2751 in
1583 2713 1761 2763 coniugio
1777 2724 1866 2750 cum
1888 2711 2066 2761 Ulphone
2083 2711 2184 2760 prin-

1237 2767 1320 2815 cipe
1339 2766 1520 2805 Nericiae
1549 2767 1672 2804 vitam
1702 2767 1910 2805 admodum
1930 2765 2032 2815 piam
2054 2766 2094 2802 et
2111 2777 2183 2803 au-

1237 2822 1381 2858 steram
1396 2821 1520 2868 duxit,
1533 2823 1571 2858 et
1583 2823 1669 2870 post
1680 2821 1824 2858 obitum
1838 2818 1969 2858 mariti
1980 2818 2041 2857 sui
2054 2818 2181 2858 Wad-

1236 2876 1369 2912 stenae
1390 2875 1670 2912 monasterium
1693 2873 1933 2919 fundavit,in
1954 2883 2030 2921 quo
2051 2874 2183 2911 essent

1234 2926 1285 2964 60
1302 2928 1499 2974 moniales,
1524 2928 1570 2965 13
1599 2927 1821 2966 sacerdotes
1840 2937 1929 2964 cum
1949 2927 1974 2963 4
1994 2926 2179 2972 diaconis,

1235 2981 1298 3029 qui
1320 2993 1381 3019 res
1400 2981 1635 3031 spirituales,
1651 2983 1690 3018 et
1709 2981 1734 3018 8
1754 2980 1896 3019 fratres
1915 2979 2016 3027 laici,
2032 2980 2098 3029 qui
2118 2991 2181 3018 res

1234 3034 1466 3083 temporales
1492 3037 1696 3081 curarent3
1715 3034 1771 3073 ita
1799 3036 1953 3080 tamen,
1974 3036 2016 3070 ut
2044 3033 2121 3071 viri
2140 3034 2181 3072 et

1234 3087 1398 3127 feminac
1419 3089 1554 3127 eadem
1583 3088 1739 3138 quidem
1770 3086 1932 3126 ecclesia
1951 3088 2180 3135 uterentur,

1272 3194 1281 3214 ¹
1302 3194 1419 3234 llelyot,
1438 3193 1494 3234 Op.
1510 3194 1574 3224 cit..

1271 3234 1284 3255 ⁹
1302 3235 1373 3265 ibid.
1400 3239 1430 3266 et
1455 3236 1472 3266 Ι.
1492 3235 1523 3266 Β.
1551 3234 1696 3266 Saianelli
1710 3257 1718 3273 ,
1733 3232 1851 3266 Hister.
1868 3231 2089 3264 monumenda
2105 3230 2177 3264 Ord.

1230 3285 1256 3310 s.
1266 3275 1459 3318 Hieronymi
1476 3275 1594 3316 Conyr.
1611 3275 1646 3309 B.
1659 3276 1743 3309 Petr.
1761 3274 1799 3307 cle
1815 3275 1909 3315 Pisis,
1925 3276 2032 3309 venet.
2050 3273 2140 3306 1758.
