2241 3473
707 174 845 204 vsova
865 174 919 201 An
940 154 1227 200 PRAESENTEM
1249 173 1457 202 AETATEM

105 251 147 284 ut
171 246 306 283 fideles
332 246 370 282 in
397 246 472 284 side
499 251 537 284 et
575 249 726 286 unitate
766 260 854 285 cum
880 247 1059 284 Ecclesia

106 301 286 336 Romana
313 301 577 338 contii-maret.
618 303 703 349 lpse
743 313 890 350 quoqne
919 301 1057 337 accivit

107 354 154 390 ad
181 365 222 390 se
251 355 485 402 praecipuos
506 356 840 402 perturbationum
861 359 1057 396 auctores,

106 417 248 454 eosque
276 407 324 442 ad
351 407 482 443 debita
509 409 694 456 obsequia
728 408 916 445 reducere
944 418 1058 443 cona-

106 463 167 495 tus
185 465 254 496 est.
278 460 445 496 Frustra
472 460 572 497 hanc
602 462 834 498 industriam
854 464 1056 507 expertus,

106 513 257 560 publice
286 515 488 562 proposuit
506 515 677 551 Litteras
698 515 959 563 Apostolicas,
978 513 1058 561 qui-

104 566 175 603 bus
195 568 409 614 peculiaria
427 580 618 604 novorum
638 574 853 606 eventuum
873 568 1057 604 adiuncta

105 631 305 668 exponens
333 621 514 657 Pontifex
536 651 543 665 ,
570 622 820 658 confirmavit
860 622 1056 658 Constitu-

102 674 248 710 tionem
273 674 529 710 Recersmws.
559 675 616 711 Ea
641 687 736 711 vero
758 675 963 711 occasione
985 675 1055 710 De-

102 727 254 774 legatus
288 729 537 775 Apostolicus
556 729 817 764 comminatus
837 728 905 764 suit
931 728 1055 764 eccle-

102 780 283 816 siasticas
314 792 502 817 censuras
529 782 574 817 iis
592 793 612 818 e
632 782 752 825 clero,
773 781 835 829 qui
856 781 1054 828 legitimae

105 834 333 870 auctoritati
360 835 465 870 intra
484 839 608 871 statos
626 835 708 872 dies
726 847 766 871 se
786 835 975 871 subiicere
1000 845 1056 870 re-

102 892 285 923 nuerent.
304 889 357 923 At
375 900 492 935 quum
512 900 580 925 eos
605 889 687 924 dies
715 889 911 925 incassum
939 888 1056 923 dilabi

102 939 279 983 vidisset,
311 941 602 989 prorogandum
629 942 753 978 adhuc
773 942 925 978 censuit.
946 952 1057 988 prae-

105 994 240 1030 stitum
269 995 482 1031 terminum
511 1007 583 1032 nec
603 1000 719 1032 antea
738 996 977 1031 reluctantes
995 1006 1054 1030 su-

104 1048 318 1095 spensione
338 1048 554 1092 innodavit,
574 1060 688 1096 quam
709 1049 958 1096 cognovisset
977 1048 1055 1083 inu-

107 1101 214 1138 tilem
234 1102 311 1138 iam
332 1114 487 1139 omnem
507 1115 594 1140 esse
623 1103 868 1150 patientiam,
884 1106 925 1138 et
944 1113 1055 1149 prae-

105 1155 339 1192 vertendum
367 1168 453 1193 esse
481 1168 552 1204 per
580 1157 678 1192 hanc
709 1156 964 1192 severitatem
992 1167 1055 1202 pe-

106 1209 273 1245 riculum
299 1210 502 1247 ulterioris
527 1209 768 1257 deceptionis
806 1209 1051 1257 simplicium.

103 1263 176 1304 Qui
203 1268 334 1300 tamen
362 1264 415 1300 ita
442 1263 595 1299 multati
623 1264 806 1308 fuerant,
835 1274 910 1298 non
937 1263 1051 1299 modo

103 1316 196 1352 nihil
224 1317 270 1353 de
312 1318 561 1352 contumacia
599 1328 671 1352 sua
698 1317 959 1359 remiserunt,
985 1316 1052 1352 sed

103 1381 272 1417 poenam
292 1371 419 1417 ipsam
441 1374 721 1406 convertentes
740 1370 778 1404 in
801 1370 973 1406 atrocius
998 1370 1052 1405 fa-

104 1424 226 1466 cinus,
243 1423 374 1471 palam
389 1428 427 1460 et
442 1424 560 1460 etiam
577 1423 807 1459 solemniori
825 1423 903 1458 ritu
922 1423 1052 1459 omnia

104 1479 208 1515 sacri
228 1478 437 1514 ministerii
455 1478 588 1514 munia
607 1477 677 1513 sibi
695 1477 818 1513 vetita
838 1478 944 1513 obire
965 1489 1051 1524 per-

105 1536 306 1569 rexerunt.
335 1531 427 1568 Pius
456 1532 524 1579 Pp.
556 1532 610 1568 IX
636 1531 799 1567 Litteris
831 1530 1052 1578 apostolicis

103 1587 198 1622 Non
222 1585 305 1622 sine
330 1585 583 1633 9rczcissimo,
611 1585 672 1621 die
699 1585 745 1620 ‘24
770 1585 867 1621 febr.
891 1585 993 1627 1870,
1014 1588 1054 1621 et

108 1640 191 1682 Quo
219 1639 452 1688 impensiore
479 1639 539 1675 die
559 1639 604 1677 20
622 1639 698 1675 mai
720 1639 824 1682 1870,
854 1650 902 1675 ea
920 1639 1054 1675 omnia

105 1705 421 1730 commemorans
435 1694 555 1730 bonos
574 1693 774 1737 laudabat,
790 1693 906 1729 minis
924 1692 1052 1729 deter-

106 1748 218 1785 rebat
245 1748 424 1784 rebelles-

139 1802 234 1838 Post
250 1802 349 1837 hanc
364 1801 813 1838 excommunicationem
831 1800 958 1836 nullus
972 1801 1051 1837 iam

104 1862 313 1903 supererat
339 1854 627 1901 tergiversandi
646 1855 767 1896 locus,
788 1858 827 1890 et
847 1854 957 1890 novis
976 1854 1049 1890 his-

106 1921 150 1946 ce
169 1909 430 1945 schismaticis
457 1908 690 1944 alterutrum
719 1908 982 1952 incumbebat,
1007 1912 1051 1944 ut

105 1964 165 2000 vel
192 1963 241 1999 ad
268 1963 411 1999 bonam
442 1963 598 2009 frugem
635 1966 932 1998 reverterentur
952 1990 960 2006 ‚
988 1963 1049 1998 vel

105 2017 336 2054 ementitum
354 2027 495 2052 nomen
514 2016 795 2052 catholicorum
813 2015 969 2052 omnino
989 2015 1052 2051 de·

105 2075 311 2118 ponerent.
339 2070 490 2106 Verum
517 2069 607 2105 freti
635 2069 780 2105 auxilio
803 2069 979 2115 gubernii
1003 2068 1050 2104 O-

105 2125 330 2168 thomanici,
346 2123 445 2171 quod
461 2124 588 2171 palam
609 2135 677 2159 eos
698 2123 944 2170 protegebat,
961 2134 1053 2159 con-

106 2179 325 2215 ciliabulum
341 2178 514 2214 indicere
531 2178 613 2213 ausi
630 2178 780 2221 sunt‚in
797 2188 869 2224 quo
884 2176 929 2212 de
948 2188 1052 2212 novo

106 2232 335 2280 patriarcha
360 2231 631 2267 constituendo
659 2236 827 2278 egerunt
855 2235 935 2267 tum
964 2231 1050 2267 laici

107 2291 187 2322 tum
199 2286 381 2322 monachi
391 2285 617 2322 sacerdotes
631 2284 906 2321 schismaticae
918 2285 1052 2320 factio-

108 2341 178 2381 nis,
207 2344 322 2387 atque
350 2338 447 2375 adeo
466 2344 632 2386 quatuor
652 2339 850 2385 Episcopi,
872 2338 1054 2374 videlicet

106 2393 268 2429 lacobus
294 2392 525 2428 Bahtiarian
553 2392 788 2435 Amidensis‚
809 2391 1052 2434 (Dc'arbelcir)

106 2446 274 2483 Basilius
289 2446 509 2492 Gasparian
521 2446 750 2492 Cyprensis‚
762 2457 832 2481 nec
852 2457 929 2480 non
945 2445 1055 2491 Igna-

108 2501 184 2537 tius
211 2500 432 2547 Kalybgian
461 2502 674 2542 Amaseae,
703 2504 742 2535 et
768 2498 951 2534 Placidus
977 2499 1055 2535 Ka-

107 2554 274 2601 sangian
290 2553 526 2589 Antiochen.
543 2553 810 2589 Ecclesiarum
831 2552 952 2588 titulis
967 2564 1056 2588 con-

108 2608 255 2645 secrati
272 2613 373 2644 sunt.
387 2607 534 2644 Deinde
552 2607 651 2654 quod
666 2607 738 2642 sibi
754 2609 1054 2653 proposuerant,

109 2673 230 2710 opere
258 2661 580 2709 compleverunt,
608 2661 735 2697 electo
763 2660 801 2695 in
826 2659 1054 2707 pseudo-pa-

109 2715 322 2752 triarcham
351 2715 452 2752 dicto
480 2715 618 2751 Iacobo
648 2713 876 2749 Bahtiarian
896 2713 1057 2749 Archie-

108 2770 266 2817 piscopo
286 2769 478 2816 Episcopo
498 2768 713 2810 Amidensi,
742 2767 803 2802 cui
831 2766 958 2802 Iacobi
985 2766 1058 2803 Pe-

107 2827 158 2862 tri
177 2826 232 2861 IX
250 2835 392 2861 nomen
420 2822 584 2858 inditum
612 2822 682 2857 fuit
699 2850 707 2865 ,
735 2825 774 2856 et
792 2821 988 2867 abnegato
1007 2821 1058 2857 le-

108 2881 248 2927 gitimo
274 2879 436 2915 Ciliciae
473 2876 717 2912 patriarcha.
754 2875 847 2910 Pius
877 2874 946 2921 Pp.
973 2875 1024 2910 [Χ
1048 2903 1056 2918 ,

108 2933 227 2969 Brevi
251 2932 324 2969 Ubi
338 2930 473 2980 prima
491 2930 551 2966 die
572 2930 612 2965 11
634 2929 765 2965 martii
786 2929 888 2971 1871,
908 2928 982 2964 hoc
1003 2928 1058 2965 fa-

113 2992 220 3023 ctum
253 2997 396 3033 magno
430 2985 549 3020 animi
575 2983 707 3019 dolore
727 2993 1056 3028 commemorans,

109 3040 326 3077 declaravit
344 3036 905 3084 illegitimum‚schismaticum
923 3040 962 3072 et
977 3047 1056 3071 om-

109 3094 201 3130 nino
220 3094 373 3129 irritum
395 3096 476 3126 turn
495 3089 737 3138 praedictum
757 3089 1053 3124 conciliabulum

109 3147 381 3188 factiosorum,
408 3149 488 3180 tum
509 3143 740 3180 electionem
764 3142 803 3177 in
822 3153 868 3178 eo
887 3145 1054 3178 attenta—

111 3205 191 3236 tam
210 3199 341 3236 Iacobi
359 3197 588 3234 Bahtiarian
608 3197 643 3231 in
664 3196 929 3243 patriarcham
944 3198 970 3228 ¹.

156 3270 166 3291 ¹
192 3268 286 3301 CfLa
304 3266 444 3300 Scienza
458 3274 474 3297 e
489 3265 521 3297 la
538 3264 637 3303 Fede,
657 3264 724 3297 vol.
746 3271 866 3302 Lxxxi,
880 3272 913 3305 p.
928 3263 968 3296 47
983 3271 1055 3306 sqq.

1918 130 2011 200 41³9¹

1154 247 1416 283 Nihilominus
1444 244 1549 282 haud
1583 244 1700 290 longo
1739 246 1825 290 post
1864 243 2053 289 temporis

1112 300 1319 336 intervallo
1337 301 1436 335 AALi
1462 297 1613 334 Bascict
1637 296 1918 340 (Othomanicus
1946 306 2056 342 prae-

1109 353 1256 397 fectus)
1284 365 1324 390 se
1353 350 1656 400 Neapoleonidis
1682 349 1780 386 odiis
1816 349 2055 385 ludificatum

1109 407 1300 443 inservire
1327 406 1533 449 intellexit,
1560 404 1896 451 agitationemque
1929 413 1976 440 ac
2003 402 2058 438 di-

1107 460 1295 497 visionem
1331 460 1369 495 in
1397 458 1610 496 Armeniae
1643 457 1811 494 nationis
1842 457 1928 493 sinu
1955 457 2062 493 exci-

1109 518 1210 550 tatas
1238 525 1314 549 non
1342 514 1465 550 solum
1485 512 1748 549 Othomanico
1767 510 1958 558 gubernio
1978 521 2057 547 non

1109 579 1194 604 esse
1222 567 1461 615 profuturas,
1491 566 1558 603 sed
1585 570 1626 602 et
1651 565 1750 602 illius
1771 565 1889 602 robur
1907 564 2054 600 fractu-

1108 632 1172 657 ras
1199 625 1238 658 et
1265 621 1301 656 in
1328 621 1493 668 imperio
1519 620 1676 656 funesta
1711 618 1882 655 civilium
1909 618 2057 654 discor-

1107 675 1257 711 diarum
1286 675 1442 722 gemina
1461 685 1547 711 esse
1566 672 1902 710 disseminaturas.
1923 671 2053 718 Napo-

1107 729 1229 765 lconis
1247 727 1440 765 excidium
1456 739 1566 775 spem
1585 726 1745 763 adduxit
1758 726 1951 769 omnibus,
1967 725 2057 762 Gal-

1108 782 1197 818 liam
1217 778 1335 830 ipsius
1355 781 1523 828 vestigia
1542 781 1698 828 politica
1716 780 1819 816 haud
1838 791 1924 816 esse
1943 790 2051 826 pres-

1107 846 1264 880 suram,
1291 846 1365 883 qua
1391 835 1437 872 de
1457 847 1499 871 re
1520 834 1764 878 D-Franchi,
1780 834 1859 870 iam
1877 833 2058 869 Nuntius

1108 888 1310 925 Pontificis
1328 888 1430 935 apud
1449 889 1578 924 aulam
1595 887 1764 930 Matriti‚
1776 886 2052 925 Constantino-

1109 943 1228 990 polim
1256 942 1367 990 petiit
1384 942 1431 978 ad
1450 953 1534 978 rem
1553 941 1702 978 directe
1730 939 2052 988 pertractandam

1109 1006 1197 1031 cum
1225 996 1282 1032 his
1310 996 1373 1043 qui
1401 994 1650 1031 Othomanici
1670 994 1822 1042 imperii
1843 1006 1907 1031 res
1926 993 2055 1030 mode-

1110 1054 1245 1085 rantur
1271 1049 1456 1093 (Sablime
1483 1049 1641 1092 Porta).
1668 1048 1850 1095 Negotiis
1869 1047 1967 1084 actis
1987 1058 2058 1094 per

1107 1103 1254 1150 aliquot
1283 1115 1455 1146 menses,
1481 1102 1722 1139 Gubernium
1749 1101 1843 1137 illud
1869 1102 1942 1138 sibi
1973 1113 2059 1150 per-

1106 1158 1229 1193 suasit
1256 1158 1411 1193 Bullam
1438 1157 1682 1193 Reversuras
1701 1185 1709 1201 ‚
1737 1156 1784 1192 de
1810 1167 1885 1204 qua
1911 1161 1993 1193 tam
2019 1167 2057 1193 a·

1109 1212 1230 1248 criter
1256 1211 1503 1248 decertatum
1522 1216 1595 1255 est,
1614 1222 1740 1259 neque
1760 1211 2053 1248 innovationem

1109 1277 1209 1310 esse,
1235 1278 1362 1313 neque
1389 1266 1641 1302 violationem
1670 1265 1966 1313 privilegiorum
1994 1277 2055 1302 su-

1108 1320 1232 1367 premi
1248 1319 1501 1355 Othomanici
1517 1319 1671 1367 imperii
1687 1318 1897 1366 Principis.
1909 1319 1963 1354 At
1977 1329 2058 1354 ma-

1106 1372 1304 1420 gni-Visir
1335 1374 1460 1410 obitus
1482 1403 1490 1418 ‚
1525 1377 1564 1412 eit
1590 1373 1748 1421 politica
1775 1372 2055 1410 anticatholica

1106 1427 1256 1464 Galliae
1269 1427 1370 1475 apud
1380 1427 1604 1463 Orientales
1619 1426 1977 1474 populos,restinxit
1992 1427 2055 1463 bo-

1105 1492 1176 1517 nas
1195 1481 1334 1517 turcici
1365 1481 1546 1528 gubernii
1569 1480 1863 1528 propensiones.
1882 1480 2056 1517 Tandem

1106 1534 1310 1571 Pontificis
1329 1534 1474 1571 Orator
1493 1535 1548 1570 ita
1562 1534 1765 1570 obstacula
1775 1533 1938 1577 vicit,ut
1956 1533 2054 1570 Tur-

1107 1599 1241 1624 carum
1261 1588 1474 1636 Imperium
1491 1600 1540 1625 ex
1557 1589 1684 1624 officio
1704 1588 1983 1634 recognoverit
2007 1588 2054 1624 D.

1106 1642 1261 1678 Hassun
1287 1642 1342 1678 uti
1370 1643 1633 1678 Armenorum
1663 1641 1955 1686 Patriarcham,
1980 1653 2055 1679 nec-

1105 1707 1181 1732 non
1209 1698 1404 1733 Armenos
1423 1696 1644 1733 Catholicos
1666 1708 1674 1740 ;
1701 1700 1820 1744 atque
1845 1707 1887 1732 se
1915 1707 2056 1733 eorum

1105 1750 1309 1794 ecclesias,
1330 1750 1483 1798 aliaque
1502 1751 1588 1786 loca
1612 1762 1732 1798 usque
1758 1754 1871 1787 tenus
1897 1761 1922 1786 a
1947 1750 2054 1786 dissi-

1104 1803 1282 1839 dentibus
1296 1808 1483 1851 usurpata
1494 1804 1766 1840 restituturum
1781 1803 2038 1851 spoponderit
2048 1818 2068 1835 -’

1150 1857 1300 1893 Verum
1326 1869 1461 1893 mense
1482 1859 1623 1893 martio
1645 1857 1737 1894 1872
1752 1857 2055 1904 magnus-Visir

1104 1910 1292 1958 quosdam
1320 1923 1369 1947 ex
1394 1911 1668 1947 dissidentibus
1693 1915 1734 1947 et
1760 1923 1809 1948 ex
1823 1911 2054 1959 proceribus

1105 1965 1208 2001 inter
1234 1966 1431 2001 Armenos
1466 1965 1681 2001 catholicos
1714 1964 1762 2000 ad
1799 1976 1840 2001 se
1880 1964 2055 2009 accivit,

1105 2018 1238 2065 eisque
1265 2019 1504 2065 significavit
1530 2019 1817 2066 Imperatorem
1845 2022 1986 2066 optare
2012 2022 2056 2054 ut

1105 2083 1152 2108 ex
1191 2073 1406 2120 composito
1443 2073 1717 2109 Patriarcham
1747 2072 1958 2119 eligerent,
1990 2071 2053 2119 qui

1106 2126 1341 2163 relationem
1368 2137 1455 2162 cum
1483 2127 1674 2173 gubernio
1698 2126 1877 2169 haberet,
1898 2125 1997 2173 quod
2015 2127 2054 2160 in

1105 2179 1141 2215 id
1169 2180 1384 2223 recideret,
1412 2186 1455 2217 ut
1481 2181 1531 2216 ad
1560 2180 1796 2217 electionem
1822 2180 1881 2215 sui
1909 2178 2056 2227 capitis

1106 2233 1234 2270 civilis
1259 2234 1506 2271 devenirent.
1543 2234 1709 2270 Armeni
1743 2233 1933 2272 Catholici
1965 2244 2055 2280 pru-

1107 2286 1246 2325 denter
1272 2288 1605 2332 obsecundarunt,
1634 2293 1674 2325 et
1700 2289 1747 2323 D.
1780 2287 1941 2323 Petrum
1974 2287 2051 2322 Til-

1106 2342 1213 2378 kiam
1241 2343 1475 2390 Episcopum
1493 2342 1654 2378 Prusen.
1669 2342 1897 2388 elegerunt;
1923 2352 1944 2376 e
1964 2352 2051 2376 con-

1108 2397 1229 2432 trario
1243 2397 1345 2433 haud
1358 2398 1490 2444 plures
1504 2408 1616 2444 quam
1633 2396 1849 2431 biscentum
1864 2394 2054 2430 dissiden-

1109 2454 1166 2486 tes
1183 2451 1390 2497 elegerunt
1407 2450 1681 2498 presbyterum
1700 2448 1984 2496 Kupelian,qui
2004 2447 2054 2484 ad

1107 2504 1328 2541 schismatis
1347 2508 1478 2540 castra
1505 2515 1546 2540 se
1574 2508 1803 2550 receperat,
1831 2506 1870 2539 et
1895 2502 2054 2539 sacrlie-

1108 2572 1156 2606 ge
1192 2559 1395 2595 ordinatus
1434 2558 1564 2594 fuerat
1597 2557 1804 2604 episcopus
1833 2556 2050 2593 schismati-

1108 2626 1176 2650 cus
1202 2625 1336 2650 mense
1370 2612 1503 2659 aprilis
1543 2611 1644 2647 1871.
1682 2611 1782 2646 Hinc
1817 2611 2049 2657 gubernium

1108 2668 1411 2714 Othomanicum
1445 2665 1605 2701 maioris
1634 2664 1788 2701 numeri
1822 2665 2075 2712 propositio-‚

1109 2734 1197 2758 nem
1225 2721 1407 2758 reiiciens
1430 2749 1437 2762 ,
1467 2720 1670 2756 decretum
1698 2719 1786 2754 tulit
1812 2719 1968 2762 (berat)
1996 2719 2050 2754 in-

1107 2776 1321 2812 vestiturae
1349 2776 1387 2810 in
1415 2773 1690 2810 Patriarcham
1710 2774 1975 2809 Armenorum
1995 2773 2051 2809 fa-

1109 2841 1203 2866 vore
1230 2830 1277 2864 D.
1305 2827 1530 2875 Kupelian‚
1559 2828 1621 2874 qui
1653 2827 1761 2863 initio
1791 2838 1952 2863 suorum
1987 2838 2053 2874 ge-

1107 2888 1258 2921 storum
1284 2881 1502 2918 declaravit
1527 2893 1569 2917 se
1598 2885 1778 2928 postuma
1811 2885 1904 2918 acta
1929 2881 2054 2929 ponti-

1108 2939 1197 2974 ficia
1223 2942 1262 2974 et
1288 2936 1526 2983 praesertim
1552 2936 1708 2971 Bullam
1731 2935 1976 2972 Renes-surus
1994 2946 2056 2972 re-

1108 3003 1262 3039 spuere.
1285 2991 1334 3026 Et
1354 2989 1463 3037 quasi
1489 2989 1592 3024 haud
1618 2989 1713 3026 satis
1731 2994 1849 3034 esset,
1872 2990 1922 3033 vi,
1945 3000 2055 3037 prae-

1109 3044 1304 3092 potentia,
1333 3043 1500 3091 politicis
1527 3043 1675 3079 artibus
1701 3043 1750 3078 ad
1775 3043 1947 3079 schisma
1966 3055 2054 3090 pro-

1110 3098 1346 3145 pagandum,
1374 3097 1541 3133 rebelles
1565 3097 1742 3133 versutia
1767 3104 1806 3133 et
1832 3096 2049 3132 calliditate

1109 3153 1178 3188 sibi
1209 3151 1382 3187 asseclas
1417 3150 1646 3186 consociare
1682 3154 1910 3199 tentarunt,
1942 3150 2050 3186 mali-

1108 3210 1275 3252 gnantes
1292 3205 1329 3240 in
1349 3207 1438 3240 acta
1456 3204 1497 3240 S.
1512 3203 1638 3248 Sedis,
1665 3208 1703 3240 et
1729 3204 1942 3240 calumnias
1960 3214 2049 3239 evo-

1107 3262 1258 3296 mentes
1290 3258 1329 3294 in
1359 3257 1604 3305 praepositos
1640 3257 1945 3294 ecclesiasticos.
1973 3256 2044 3293 His
