2241 3473
627 138 754 170 VSQVE
782 138 835 166 An
864 134 1191 165 IANSENISTARVM
1219 137 1402 164 EXORDIA

53 205 105 244 23
125 202 313 253 episcopis
328 201 665 251 Constantinopoli
694 203 887 251 synodum
914 202 989 239 ha-

54 258 158 303 buit,
178 256 217 293 in
238 267 315 304 qua
334 256 600 294 calvinisticae
625 256 855 294 confessioni
877 257 985 292 eius-

55 323 128 360 que
157 309 318 353 auctori‚
338 309 482 358 Cyrillo
503 309 660 353 Lucari,
690 309 896 347 anathema
927 308 990 345 di-

56 366 160 402 ctum
193 364 262 400 est.
298 362 444 400 Eadem
479 363 667 400 confessio
701 364 886 400 damnata
915 361 989 398 fuit

56 418 95 455 in
124 415 249 453 altera
269 415 414 464 synodo
434 416 498 464 Cp.
520 428 580 454 an.
606 416 705 454 1642
724 417 796 453 sub
819 415 987 452 Parthe-

58 469 117 507 nio
139 468 358 518 patriarcha
375 469 519 506 habita.

110 521 192 559 Hac
208 522 406 560 occasione
421 523 538 560 etiam
554 522 694 559 Petrus
711 520 889 569 Mogilas,
906 532 990 557 me-

58 574 241 625 tropolita
259 575 496 617 Chioveusis,
519 587 594 612 una
614 587 700 611 cum
729 574 992 622 suffraganeis

58 628 137 666 suis
164 631 204 666 et
230 629 419 678 theologis
447 628 560 665 fidem
591 627 775 664 ecclcsiae
805 627 993 664 Russicae

60 683 228 719 testatus
247 683 306 719 est
332 682 370 719 in
391 680 603 730 symbolico
623 681 733 726 libro,
755 681 814 717 cui
837 680 994 716 titulus:

60 734 297 773 Declaratio
315 735 414 784 fidei
430 735 671 772 Bassorum.
701 734 777 775 Qui
807 733 904 770 liber
932 744 994 770 an.

62 787 162 826 1643
191 799 215 825 a
241 787 345 836 Cpno
373 788 533 837 aliisque
571 788 800 836 patriarchis
839 786 997 823 Graecis

59 841 310 889 subscriptus,
330 841 546 879 orthodoxa
566 840 660 878 fides
679 841 851 877 omnium
872 839 997 876 Grae-

61 905 194 932 corum
215 893 351 941 dictus,
373 897 411 932 et
433 900 568 944 postea
587 894 624 931 in
647 894 822 942 pluribus
842 894 999 941 synodis

64 947 309 996 approbatus,
348 948 387 985 in
427 948 608 986 universa
647 947 812 985 ecclesia
850 948 999 984 Graeca

63 1001 336 1038 auctoritatem
359 1005 584 1040 consecutus
604 1004 674 1038 est.

115 1053 385 1093 Nihilominus
420 1054 673 1100 Calvinistae,
708 1053 934 1102 praesertim
963 1053 1000 1090 in

65 1106 207 1153 Gallia,
227 1108 324 1146 duce
344 1108 515 1153 Claudio,
544 1119 768 1146 consensum
799 1107 999 1145 doctrinae

64 1172 157 1199 suae
176 1172 266 1198 cum
286 1162 470 1200 ecclesiae
487 1162 659 1198 Graecae
675 1160 851 1198 doctrina
867 1164 1002 1198 contra

66 1214 286 1253 Catholicos
313 1215 429 1253 etiam
457 1214 608 1263 scriptis
637 1215 783 1251 iactare
813 1227 888 1251 non
908 1225 1001 1251 eru-

65 1268 284 1306 bescebant.
301 1268 400 1306 Hinc
427 1268 634 1306 Nectarius
650 1297 660 1314 ,
680 1267 904 1316 patriarcha
923 1267 1003 1316 Cp.,

66 1320 113 1358 ad
144 1321 317 1360 convicia
346 1328 385 1359 et
413 1321 627 1359 calumnias
647 1321 798 1359 Claudii
836 1332 1003 1370 respon-

66 1385 150 1412 sum
189 1375 316 1421 dedit,
353 1375 392 1412 in
437 1387 511 1424 quo
545 1374 739 1412 doctrinas
773 1374 937 1412 Lutheri
966 1376 1004 1412 et

68 1426 220 1466 Calvini
252 1428 364 1467 duxit
395 1428 602 1472 absurdas,
631 1440 728 1476 quae
765 1430 892 1465 totum
925 1428 1003 1465 Oc-

67 1481 260 1519 cidentem
276 1482 554 1532 perturbarint,
573 1484 612 1520 et
631 1482 679 1519 ab
705 1481 867 1519 ecclesia
887 1482 1003 1519 Grae-

67 1546 113 1573 ca
133 1545 332 1584 nunquam
353 1536 538 1585 probatae
558 1534 714 1573 fuerint.
733 1535 924 1576 Quoniam
945 1548 1006 1573 ve-

67 1599 112 1626 ro
151 1589 349 1638 Hugonoti
378 1591 425 1627 ad
461 1600 689 1626 consensum
724 1587 1007 1634 Orientalium,

69 1643 271 1692 speciatim
304 1643 408 1680 circa
444 1641 757 1687 Eucharistiam,
795 1653 1007 1691 provocare

68 1708 144 1736 non
187 1699 408 1744 cessarent,
437 1708 498 1735 an.
530 1695 631 1733 1672
669 1695 899 1744 Dositheus,
937 1708 1009 1745 pa-

1850 123 1929 161 215

1029 201 1202 238 triarcha
1216 198 1611 249 Hierosolymitanus‚
1626 195 1818 246 synodum
1836 208 1983 233 convo-

1031 255 1146 301 cavit,
1168 256 1205 292 iu
1229 266 1305 302 qua
1335 265 1436 291 nova
1464 252 1553 290 fidei
1576 249 1764 288 confessio
1795 249 1901 286 edita
1922 253 1982 287 est

1031 319 1129 356 quae
1152 307 1190 344 in
1213 306 1461 345 confutandis
1482 303 1636 343 Calvini
1665 303 1864 341 erroribus
1894 301 1979 340 fuse

1033 363 1238 406 versatur,
1269 362 1308 397 ct
1337 361 1406 397 sub
1435 359 1550 397 titulo
1588 357 1758 394 innotuit
1800 356 1978 404 clypeus

1032 414 1284 452 orthodoxae
1311 414 1428 462 fidei,
1461 424 1528 450 seu
1568 410 1746 459 apologia
1779 410 1973 447 adversus

1033 467 1249 505 haereticos
1270 466 1505 503 calvinistas.
1529 465 1703 501 Tandem
1736 475 1823 500 cuin
1853 460 1974 501 Ioan-

1036 532 1101 557 nes
1122 519 1413 569 Caryophylles‚
1434 518 1629 566 logotheta
1663 516 1857 554 Ecclesiae
1889 515 1954 564 Cp.
1970 545 1979 562 ,

1034 574 1295 611 calvinisticos
1315 582 1466 609 errores
1478 570 1615 619 Cyrilli
1629 569 1790 607 Lucaris
1811 569 1972 607 resusci-

1036 630 1155 664 tasset
1183 628 1222 664 et
1249 624 1724 662 transsubstantiationem
1745 623 1976 671 impugnas-

1036 682 1107 723 set,
1127 678 1337 717 Callinicus
1359 677 1580 727 patriarcha
1599 677 1664 725 Cp.
1696 688 1755 713 an.
1780 676 1879 713 1691
1902 687 1973 724 sy-

1039 733 1183 770 nodum
1203 732 1353 781 coegit,
1381 732 1419 768 in
1449 743 1524 779 quo
1554 729 1755 767 definitum
1787 728 1877 776 fuit,
1907 730 1979 765 do·-

1038 786 1204 824 ctrinam
1225 785 1271 822 de
1293 784 1542 822 conversione
1564 794 1656 820 vera
1678 785 1717 820 et
1732 782 1979 820 substantiali

1041 840 1148 888 panis
1179 841 1218 877 et
1246 838 1326 876 vini
1356 838 1391 874 in
1428 838 1573 886 Corpus
1602 840 1640 873 et
1669 836 1707 872 in
1737 835 1976 884 Sanguinem

1041 892 1182 930 Christi
1203 893 1251 930 ab
1273 890 1468 940 Apostolis
1489 889 1671 927 traditam
1692 889 1807 926 fuisse
1829 892 1868 926 et
1886 900 1983 926 sem·

1042 958 1110 995 per
1130 946 1169 983 in
1191 945 1366 983 Ecclesia
1385 945 1671 988 conservatam,
1691 946 1809 990 atque
1832 942 1879 979 ad
1899 954 1986 979 eam

1042 1002 1177 1037 exacte
1206 998 1496 1046 exprimendam
1522 996 1756 1033 vocabulum
1777 1003 1984 1044 μετ8τιωσις,

1042 1053 1141 1102 quod
1177 1052 1410 1090 Latinorum
1433 1050 1892 1088 transsubstantiatione·
1917 1062 1985 1087 re-

1043 1106 1230 1155 spondet,
1251 1105 1330 1142 iam
1359 1117 1382 1142 a
1410 1103 1573 1153 longiori
1612 1107 1785 1151 tempore
1823 1103 1986 1140 Graecis

1044 1158 1410 1208 usitatum,publica
1424 1157 1660 1195 auctoritate
1677 1157 1870 1193 sancitum
1888 1168 1983 1194 esse.

1097 1213 1204 1255 Quae
1225 1212 1355 1249 omnia
1375 1213 1624 1248 monumenta
1645 1222 1718 1246 non
1742 1221 1875 1258 parum
1898 1221 1981 1247 con-

1045 1266 1177 1304 ferunt
1197 1266 1244 1303 ad
1267 1264 1542 1302 vindicandam
1571 1262 1803 1300 catholicam
1833 1263 1980 1300 doctri-

1046 1331 1134 1357 nam
1156 1324 1291 1356 contra
1320 1317 1610 1355 criminationes
1638 1318 1891 1360 novatorum,
1921 1315 1987 1365 qui

1045 1385 1130 1410 eam
1152 1373 1277 1410 medio
1298 1384 1394 1410 aevo
1414 1384 1437 1409 a
1456 1370 1715 1416 Scholasticis,
1736 1369 1934 1408 monachis
1947 1371 1986 1407 et

1048 1426 1293 1476 pontificibus
1313 1425 1576 1463 adulteratam
1595 1423 1712 1461 fuisse
1733 1423 1914 1461 effutiunt
1937 1421 1962 1461 ¹.

1090 1539 1100 1561 ¹
1118 1540 1153 1571 Cs
1166 1541 1194 1571 L.
1214 1538 1302 1570 Anat.
1321 1538 1362 1570 De
1378 1538 1537 1570 Ecclesiae
1555 1536 1712 1570 Occident.
1727 1539 1756 1567 et
1775 1536 1893 1569 Orient.
1910 1543 1984 1577 pet·-

1047 1583 1144 1622 petua
1174 1581 1396 1618 consensum&
1425 1580 1467 1611 Le
1497 1581 1605 1618 Quien,
1637 1578 1746 1611 Oriens
1772 1579 1979 1616 christianum

1049 1623 1228 1654 schelstrat.
1246 1623 1325 1653 Acta
1340 1621 1491 1653 ecelesiae
1506 1620 1672 1653 orientalis
1688 1622 1802 1651 contra
1815 1618 1939 1651 Calvisii
1956 1621 1986 1650 et

1052 1664 1186 1696 Lutheri
1197 1692 1206 1702 ,
1217 1664 1348 1701 haeres.;
1361 1664 1444 1702 Opus
1459 1664 1695 1701 inscriptum,La
1705 1660 1892 1704 prerpeluite'
1907 1661 1944 1691 de
1961 1660 1990 1692 lu

1051 1706 1098 1747 foi
1112 1705 1150 1738 de
1165 1704 1295 1746 l'quise
1310 1704 1489 1746 catholique
1505 1705 1658 1736 touchant
1674 1703 1693 1734 ι’
1706 1703 1920 1737 Eucharistie.
