2241 3473
217 148 270 188 72

163 225 204 262 te
232 225 451 273 propagata
479 221 580 267 fuit,
607 220 858 270 pluribusque
888 216 1052 256 saeculis
1070 217 1112 254 in

163 277 369 315 christiani
389 274 560 313 nominis
580 274 767 322 probrum
787 270 1015 321 percrebuit
1033 268 1058 308 ¹.

213 330 275 368 88.
297 329 337 367 S.
364 329 492 366 Caius
515 327 718 375 Pontifex
739 324 824 375 (an.
849 323 945 375 283)
959 323 1113 362 —Post

162 396 192 421 s.
222 381 533 431 Eutychianum‚
565 379 632 427 qui
660 379 716 417 VI
741 378 826 416 idus
847 378 928 415 dec.
951 389 1012 416 an.
1033 377 1112 414 283

163 436 269 482 obiit,
288 436 327 472 in
347 434 458 472 Petri
484 432 714 470 cathedram
735 433 895 469 evectus
911 433 970 468 est
985 431 1112 478 Caius,

161 489 345 526 Dalmata
365 486 634 531 Salonitanus,
656 485 720 534 qui
740 485 777 522 in
797 486 932 522 eadem
950 485 1112 522 sanctis-

161 542 256 580 sime
275 541 376 578 sedit
393 551 516 588 usque
534 539 582 576 ad
598 550 661 577 an.
677 539 769 584 296,
785 541 825 576 et
840 538 972 576 tristia
987 550 1111 587 aeque

163 606 208 632 ac
229 593 404 631 difficilia
429 595 608 641 tempora
625 595 783 642 propter
798 593 1110 641 persecutionem

160 651 254 685 tunc
270 646 484 684 excitatam
500 650 685 695 expertus
702 647 890 684 est—Ab
905 657 949 683 eo
966 645 1111 683 confir-

161 703 312 738 matum
332 699 476 737 dicit-ur
496 702 611 737 vetus
632 699 835 737 Ecclesiae
855 699 1084 737 institutum
1101 728 1111 745 ,

161 756 205 791 ut
225 752 364 791 Clerici
393 764 463 801 per
483 755 631 802 septem
645 753 850 802 'Ordinum
871 754 1018 802 gradus
1039 765 1110 802 pe-

159 806 351 844 detentim
371 806 629 844 initiarentur
639 805 667 844 ².

214 859 276 897 89.
299 859 510 898 Ecclesiae
530 865 668 898 status
683 860 762 898 dub
783 859 1042 897 Diocletiano
1061 882 1113 887 —-

157 915 272 952 Anno
292 913 374 951 284
394 913 494 951 Caro
511 916 550 951 et
565 913 808 951 Numeriano
825 913 1020 960 extinctis,
1034 913 1112 950 im-

156 966 311 1016 perium
343 967 511 1016 adeptus
539 969 599 1005 est
627 967 918 1013 Diocletianus,
948 967 1112 1004 obscuro

154 1020 240 1058 loco
272 1020 493 1058 Dalmatiae
523 1021 712 1058 oriundus
728 1050 736 1066 ,
767 1022 834 1058 sed
863 1021 920 1057 rei
951 1020 1112 1057 bellicae

155 1073 275 1112 laude
295 1073 436 1112 clarus.
457 1076 492 1112 A
507 1075 633 1123 primo
655 1074 739 1111 eius
755 1073 909 1124 imperii
925 1073 1112 1111 annoini-

155 1128 254 1176 tium
284 1127 391 1165 ducit
418 1139 512 1165 aera
542 1127 800 1174 Diocletiana,
832 1139 932 1176 quae
960 1129 998 1164 et
1019 1139 1111 1164 aera

156 1184 379 1230 martyrum
409 1181 554 1219 dicitur
583 1184 623 1219 et
644 1181 862 1219 etiamnum
878 1181 1009 1230 Coptis
1030 1180 1111 1218 usi—

105 1236 107 1239 ’
155 1236 243 1272 tata
270 1238 340 1272 est.
363 1235 493 1276 Quum
515 1238 652 1272 autem
671 1235 711 1272 in
732 1235 893 1272 Oriente
911 1239 950 1272 et
971 1235 1009 1271 in
1031 1235 1109 1272 Oc-

157 1287 311 1326 cidente
331 1288 543 1337 imperium
568 1288 873 1337 periclitaretur,
894 1288 1111 1326 Diocletia-

158 1353 229 1379 nus
250 1353 311 1380 an.
332 1341 409 1379 286
431 1341 719 1379 Maximianum
735 1342 969 1380 Herculium
985 1342 1109 1390 impe-

157 1394 205 1432 rii
226 1395 417 1444 collegam
433 1396 596 1433 creavit.
616 1395 830 1434 Praeterea
846 1407 906 1432 an.
926 1395 1003 1434 292
1019 1395 1109 1433 Ma-

156 1448 374 1486 ximianum
403 1449 603 1486 Galerium
632 1451 671 1486 et
693 1449 965 1487 Constantium
992 1449 1109 1486 Chlo-

156 1513 263 1549 rum,
283 1502 323 1539 in
343 1502 443 1540 filios
463 1503 535 1540 sibi
557 1503 773 1551 adoptatos,
795 1502 946 1540 creavit
972 1514 1108 1540 caesa—

157 1566 240 1602 res,
261 1557 300 1593 et
319 1555 527 1605 imperium
555 1556 610 1594 ita
629 1556 840 1602 distribuit,
862 1558 904 1593 ut
924 1556 1112 1593 Constan-

155 1608 210 1646 tio
226 1608 394 1646 Galliam
420 1613 459 1647 et
479 1610 741 1656 Britanniam,
763 1609 948 1652 Herculio
970 1610 1110 1658 Hispa-

156 1663 274 1708 niam,
290 1662 449 1700 Italiam
470 1665 509 1701 et
529 1663 718 1710 Africam,
731 1663 889 1701 Galerio
906 1663 1109 1712 Illyricum

157 1718 197 1753 et
216 1715 426 1753 Thraciam
447 1716 731 1764 committeret3
752 1717 823 1755 sibi
846 1728 938 1754 vero
956 1720 1111 1765 praeter

157 1780 381 1818 supremam
394 1773 628 1819 potestatem
641 1773 866 1809 reservaret
878 1770 1024 1816 Asiam,
1035 1771 1108 1807 Ro-

155 1822 280 1859 manis
309 1823 545 1870 subiectam,
577 1827 616 1861 et
646 1824 897 1874 AEgyptum,
927 1824 1018 1861 sede
1041 1835 1111 1861 sua

155 1875 406 1914 Nicomediae
426 1877 466 1914 in
483 1877 676 1927 Bithynia
697 1877 925 1915 constituta.

198 2022 208 2044 ¹
228 2022 310 2054 Acca
325 2021 583 2062 disputationis
600 2033 624 2053 S.
638 2022 802 2054 Archelai
816 2022 1048 2053 Cascarorum
1061 2031 1111 2061 ep.

156 2074 235 2095 eum
258 2064 408 2101 ΝΙαηεεε,
426 2064 507 2103 apud
530 2066 676 2103 Zacagnt,
696 2064 927 2095 Monumenta
944 2069 1006 2094 vet.
1025 2064 1112 2094 Eccl.

157 2110 175 2137 t.
192 2106 219 2143 1;
243 2110 272 2136 et
295 2106 376 2144 apud
402 2107 513 2145 migne,
531 2105 664 2137 Patrol.
677 2115 816 2146 9raew,
835 2110 854 2136 t.
872 2107 912 2143 X,
930 2115 953 2135 s.
972 2107 1111 2143 August,

157 2147 224 2178 LL.
240 2153 365 2178 contra
381 2147 498 2178 Fau-sc.
515 2148 699 2179 Fortunat.
715 2153 786 2184 etc.;
805 2156 828 2178 s.
845 2148 1004 2186 Epiphan,
1022 2147 1112 2177 Hae-

155 2199 221 2220 res.
245 2188 299 2226 663
323 2190 522 2226 'l‘bcotloret.‚
539 2189 648 2220 Haer.
665 2190 732 2229 fab.
753 2189 770 2219 l.
789 2190 808 2225 l,
825 2198 849 2218 e.
867 2188 921 2225 263
939 2188 1110 2226 '1'ittem0nt‚

157 2230 357 2267 Me'moires,
377 2234 394 2261 t.
414 2231 464 2267 1v;
483 2231 578 2267 Berti,
597 2231 746 2261 Disserc.
764 2231 804 2261 111
830 2231 868 2260 in
885 2240 971 2261 saec.
988 2229 1062 2267 JII;
1080 2232 1107 2260 1..

156 2273 289 2303 Alticoui
307 2273 335 2303 S.
355 2273 390 2309 l.,
407 2272 498 2302 Diss.
516 2272 597 2303 hist.
615 2274 692 2304 crit.
712 2274 751 2303 cle
767 2272 876 2312 antiq.
894 2277 925 2302 et
941 2282 1014 2303 που,
1032 2272 1108 2302 Μα-

155 2313 323 2350 nichaeis,
341 2314 425 2344 Rom.
446 2313 533 2351 1763,
554 2314 627 2345 in-t.

196 2354 211 2376 2
226 2357 347 2395 Septem
362 2355 509 2386 Ordinum
525 2365 669 2387 numerus
683 2356 769 2386 estin
785 2360 952 2386 memorata
971 2355 1109 2394 Epistola

156 2397 285 2427 Cornelii
302 2397 455 2427 l'ontisicis
469 2398 515 2428 ad
525 2398 668 2428 Fabium
684 2397 928 2427 Antiochensis
938 2397 1110 2428 Ecclesiae

155 2437 362 2469 Praesentem
382 2438 454 2477 (vid.
471 2448 499 2478 p.
516 2439 569 2477 (55)
587 2444 616 2470 et
631 2440 712 2478 apud
731 2439 911 2476 Eusebium,
931 2441 947 2469 l.
964 2441 997 2470 Vl
1016 2439 1108 2469 Hist.

154 2479 241 2510 Eccl.
261 2490 284 2511 c.
303 2479 352 2516 43,
370 2489 426 2511 nec
443 2489 502 2510 uon
532 2481 626 2519 Bona,
643 2482 722 2512 Rer.
743 2480 957 2519 Lirem-qicar.
976 2481 1028 2511 lib.
1044 2480 1064 2514 l,
1082 2490 1107 2511 c.

153 2520 202 2559 ⁵25,
219 2520 234 2562 Ξ
254 2521 300 2558 16,
324 2521 383 2558 17;
412 2521 571 2560 mabillon,
590 2522 777 2554 Commewt.
794 2522 833 2551 in
853 2522 1021 2553 Ordinem
1038 2523 1107 2553 Ro-

155 2573 314 2601 manum,
325 2573 351 2595 c.
363 2562 391 2594 3.
404 2564 516 2594 tiorum
532 2564 678 2595 Ordinem
692 2564 870 2594 muneribus
885 2565 1020 2594 sunctum
1035 2573 1106 2594 esse

155 2605 285 2636 eundem
303 2605 478 2635 Cornelium
498 2606 682 2643 Pontificem,
699 2605 813 2636 indicat
830 2615 854 2635 s.
873 2606 1050 2645 Cyprianus,
1068 2605 1108 2636 Ε-

154 2646 236 2685 pist.
251 2646 299 2684 5⁹2,
314 2647 364 2677 uhi
378 2647 415 2677 (le
433 2647 499 2686 ipso
514 2647 637 2678 scribit:
657 2659 668 2675 «
683 2648 747 2677 Non
766 2647 822 2677 iste
836 2647 873 2676 :ul
889 2648 1104 2686 Episcopatum

155 2688 255 2718 subito
273 2689 421 2727 pervenit,
438 2689 491 2719 sed
506 2698 561 2728 per
574 2690 676 2719 omnia
692 2688 907 2719 aeclesiastica
922 2689 1022 2718 officia
1038 2698 1104 2727 pro-

154 2734 269 2765 motus,
287 2733 315 2760 et
331 2730 358 2760 in
377 2730 488 2761 (livinis
505 2730 825 2761 administrationibus
849 2731 1008 2760 Dominum
1031 2740 1103 2761 snc—

154 2780 192 2810 pe
209 2772 403 2808 promeritus,
422 2771 459 2802 ad
477 2772 641 2803 sacerdotii
658 2772 787 2802 sublime
805 2772 963 2811 fastigium
980 2773 1100 2802 eunctis

154 2812 315 2852 religionis
333 2813 482 2852 gradibus
500 2814 640 2844 ascendit
655 2826 681 2844 ».
697 2815 737 2844 Ex
756 2822 881 2844 numero
900 2813 1099 2852 Presbytero-

678 156 834 184 EPOCHA
862 156 904 183 11.
933 155 961 182 A
989 153 1127 181 MORTE
1154 152 1185 181 S.
1206 153 1368 182 IOANNIS
1396 154 1589 183 APOSTom

1205 217 1384 256 Ecclesia
1398 219 1476 257 iam
1494 218 1606 257 annis
1620 219 1798 269 pluribus
1813 232 1835 259 a
1851 220 2096 271 persecutio-

1154 282 1200 308 ne
1219 270 1355 319 libera,
1371 272 1427 310 ita
1443 277 1560 310 aucta
1575 274 1673 319 erat,
1688 277 1732 312 ut
1748 275 1979 323 spatiosiora
1994 277 2097 312 tem-

1155 324 1219 372 pla
1237 325 1284 362 in'
1301 325 1463 374 singulis
1486 325 1648 363 urbibus
1663 327 2098 367 aedificarentur.Chri-

1154 378 1271 416 stiani
1289 379 1367 416 iam
1383 379 1431 416 ad
1448 379 1605 428 publica
1618 391 1793 427 munera,
1809 382 1856 418 ad
1872 381 2096 431 provincia-

1154 442 1242 469 rum
1270 432 1553 481 praefecturas,
1583 433 1932 482 promovebantur,
1952 435 1991 472 in
2011 434 2096 484 ipsa

1152 484 1434 535 imperatorum
1463 486 1553 524 aula
1574 497 1686 524 sacra
1705 498 1777 524 sua
1795 487 1915 525 libere
1933 487 2096 537 profite-

1152 539 1310 585 bantur,
1338 540 1525 589 episcopis
1551 539 1731 589 specialis
1757 540 1879 578 honor
1899 540 2096 579 defereba-

1154 594 1228 629 tur.
1258 592 1332 629 Hic
1362 592 1458 630 felix
1488 593 1683 631 Ecclesiae
1712 595 1837 631 status
1865 594 2000 642 primis
2020 594 2098 631 im-

1153 645 1250 694 perii
1266 646 1500 685 Diocletiani
1517 647 1630 684 annis
1648 646 1886 695 perduravit,
1897 647 1963 695 qui
1979 647 2099 684 etiam

1154 699 1410 746 Christianos,
1430 701 1660 738 muneribus
1681 699 1847 749 publicis
1867 699 2076 749 fungentes
2089 729 2100 748 ,

1154 752 1203 789 ab
1220 752 1342 790 officio
1357 754 1566 803 peragendi
1585 753 1687 792 ritus
1699 753 1873 791 ethnicos
1886 753 2099 799 eximebat,

1155 805 1395 844 Christianos
1416 808 1559 846 multos
1581 807 1621 844 in
1642 807 1734 845 aula
1753 819 1825 845 sua
1846 807 2039 853 habebat,
2059 807 2100 844 et

1153 858 1256 897 inter
1277 872 1342 897 eos
1363 860 1611 898 Dorotheum¹
1624 864 1663 898 et
1683 861 1923 910 Gorgonium
1955 859 2101 898 eximia

1155 913 1346 962 dignitate
1365 914 1581 952 honorabat
1601 913 1624 952 ¹.
1646 915 1791 952 Postea
1810 925 1904 951 vero
1927 913 2038 951 illum
2055 925 2098 951 a-

1154 968 1301 1004 trocem
1318 979 1452 1006 eorum
1469 970 1759 1017 persecutorem
1774 967 1923 1006 factum
1937 979 2022 1005 esse
2035 967 2100 1005 vi-

1154 1020 1345 1059 debimus.

1207 1074 1456 1123 Quamquam
1488 1074 1750 1113 Diocletianus
1779 1073 2012 1113 Christianis
2036 1073 2101 1112 fa-

1154 1130 1276 1175 veret,
1288 1128 1448 1178 ipseque
1464 1128 1671 1171 Herculius
1693 1130 1895 1177 augustus,
1916 1127 2100 1175 avaritia,

1154 1181 1312 1219 libidine
1330 1185 1368 1220 et
1388 1182 1538 1220 ferocia
1556 1182 1726 1227 infamis,
1747 1184 1883 1220 contra
1901 1181 1987 1219 illos
2007 1181 2100 1218 nul-

1155 1235 1233 1273 lam
1255 1236 1572 1284 persecutionem
1591 1236 1836 1284 imperasset,
1852 1237 1984 1273 tamen
2005 1234 2102 1272 indi-

1155 1289 1281 1327 viduis
1312 1302 1381 1327 seu
1418 1289 1723 1338 particularibus
1761 1289 2034 1327 vexationibus
2062 1289 2102 1326 et

1154 1343 1338 1381 caedibus
1360 1344 1481 1381 etiam
1502 1344 1574 1380 hoc
1602 1345 1780 1392 tempore
1814 1342 2028 1381 Christiani
2047 1341 2100 1379 li-

1153 1397 1236 1434 beri
1250 1409 1325 1434 non
1340 1400 1464 1443 erant,
1486 1397 1569 1435 sive
1591 1398 1691 1446 quod
1708 1396 2000 1445 provinciarum
2011 1407 2098 1433 ma-

1154 1450 1343 1500 gistratus
1373 1451 1541 1499 antiquis
1570 1450 1721 1500 legibus
1750 1452 1888 1488 contra
1909 1461 1974 1487 eos
1993 1449 2098 1502 latis,

1153 1504 1391 1551 insisterent,
1407 1505 1488 1542 sive
1500 1506 1599 1553 quod
1617 1504 1842 1542 eorumdem
1859 1503 1999 1552 religio
2014 1514 2101 1540 cum

1152 1558 1331 1607 publicae
1360 1558 1560 1607 religionis
1589 1557 1727 1595 officiis
1756 1568 1871 1606 saepe
1892 1557 2100 1594 collidere-

1153 1618 1228 1649 tur.
1255 1611 1368 1649 Unde
1390 1612 1428 1649 in
1444 1612 1561 1649 variis
1574 1611 1786 1661 provinciis
1803 1613 1893 1648 ante
1913 1609 2102 1648 indictam

1154 1677 1176 1702 a
1196 1665 1436 1714 principibus
1463 1665 1773 1714 persecutionem
1801 1664 1915 1702 multi
1944 1665 2100 1713 marty-

1154 1730 1216 1756 res
1238 1720 1338 1767 passi
1359 1719 1558 1769 leguntur.

1207 1772 1515 1810 Celeberrimu'm
1564 1774 1624 1810 est
1660 1771 1898 1821 martyrium
1935 1770 2101 1820 legionis

1156 1827 1372 1864 Thebaeae.
1403 1827 1535 1868 Quum
1565 1827 1666 1863 enim
1696 1825 1906 1863 Herculius
1934 1836 1995 1862 an.
2023 1823 2102 1862 286

1154 1880 1284 1928 copias
1304 1880 1343 1917 in
1365 1880 1533 1917 Galliam
1555 1880 1746 1917 adversus
1772 1879 1902 1917 hostes
1923 1878 2100 1926 duceret,

1155 1936 1194 1971 et
1209 1933 1406 1983 superatis
1421 1933 1582 1982 Alpibus
1599 1933 1645 1971 ad
1663 1935 1792 1982 partes
1807 1932 1991 1970 Valesiae
2009 1943 2102 1982 pro-

1153 1999 1199 2036 pe
1220 1987 1349 2024 lacum
1371 1987 1615 2024 Lemannum
1637 1986 1890 2032 consisteret,
1917 1997 1986 2035 pro
2007 1996 2101 2034 pro-

1153 2052 1264 2090 spero
1284 2041 1373 2077 belli
1394 2052 1572 2078 successu
1595 2039 1785 2078 sacrificia
1805 2039 1937 2077 offerri
1952 2042 1991 2077 et
2014 2051 2101 2076 om·-

1154 2106 1221 2131 nes
1237 2095 1366 2143 copias
1382 2095 1429 2131 ad
1447 2106 1534 2131 aras
1551 2094 1709 2131 deorum
1726 2093 1859 2130 iurare
1871 2092 2102 2131 iussit.The-

1153 2148 1249 2185 baea
1267 2147 1380 2197 legio,
1402 2160 1500 2197 quae
1521 2150 1604 2185 tota
1624 2146 1837 2184 christiana
1853 2149 1950 2192 erat,
1971 2158 2018 2184 ne
2031 2145 2101 2183 im-

1151 2202 1306 2250 piorum
1337 2201 1485 2238 rituum
1516 2201 1699 2238 societate
1728 2212 1772 2247 se·
1786 2199 2099 2246 contaminaret,

1152 2254 1335 2303 principis
1355 2254 1550 2292 mandatis
1571 2254 1725 2292 restitit.
1747 2253 1958 2292 Herculius
1974 2253 2012 2291 id
2032 2252 2099 2290 in-

1153 2309 1267 2357 digne
1289 2308 1429 2355 ferens,
1451 2308 1651 2346 Thebaeos
1674 2307 1817 2345 milites
1838 2307 1875 2345 in
1900 2310 2030 2345 castra
2051 2306 2099 2344 ad

1152 2361 1343 2400 sacrificia
1384 2362 1596 2399 revocavit.
1628 2361 1691 2398 Illi
1721 2364 1854 2399 autem
1883 2372 1973 2398 cum
2003 2360 2100 2398 duce

1151 2427 1219 2453 suo
1241 2415 1427 2452 Mauritio
1457 2415 1763 2464 responderunt,
1783 2427 1824 2453 se
1844 2415 1893 2452 ad
1913 2425 2099 2464 pugnan-

1151 2469 1243 2506 dum
1272 2481 1341 2518 pro
1375 2469 1612 2518 imperatore
1641 2469 1831 2506 adversus
1851 2469 1981 2506 hostes
2015 2478 2099 2505 esse

1151 2522 1432 2571 paratissimos,
1445 2523 1510 2559 sed
1532 2522 1719 2571 religione
1736 2521 2010 2571 impediti,quo
2020 2521 2096 2559 mi-

1152 2588 1222 2613 nus
1237 2576 1437 2613 sacrificiis
1453 2576 1695 2614 interessent.
1706 2575 1917 2613 Herculius
1931 2575 1991 2613 ira
2007 2585 2097 2624 per-

1150 2629 1264 2676 citus,
1295 2629 1352 2667 bis
1376 2629 1568 2666 decimum
1591 2641 1783 2678 quemque
1811 2641 1861 2667 ex
1882 2641 1927 2667 ea
1947 2628 2098 2678 legione

1149 2683 1313 2721 militem
1336 2682 1500 2720 interfici
1524 2683 1658 2729 iussit,
1679 2686 1718 2721 et
1738 2695 1827 2720 cum
1847 2693 1983 2720 eorum
2000 2711 2010 2728 ,
2029 2681 2096 2730 qui

1145 2736 1258 2774 occisi
1280 2740 1404 2782 erant,
1418 2737 1596 2785 exemplo
1617 2736 1900 2785 constantiores
1914 2736 2096 2773 cerneret

1145 2791 1324 2838 reliquos,
1354 2793 1479 2827 totam
1511 2790 1728 2839 legionem,
1757 2790 1928 2828 immisso
1958 2790 2095 2827 contra

154 2862 220 2884 rum
245 2862 296 2883 sex
315 2858 344 2883 et
359 2855 583 2893 quadraginta,
601 2864 677 2895 quos
695 2856 808 2886 Romae
825 2854 918 2885 fuisse
936 2855 1009 2885 (licit
1026 2856 1098 2886 Cor·
1143 2856 1230 2881 eam
1250 2844 1442 2891 exercitu,
1463 2844 1652 2883 trucidari
1673 2843 1871 2894 praecepit
1881 2840 1907 2882 ².

155 2895 254 2925 nelius
279 2896 415 2925 Pontil'cx
433 2897 461 2926 in
479 2906 534 2926 sua
552 2897 703 2936 Epistola,
721 2897 844 2927 totidem
870 2897 965 2927 fuisse
990 2896 1099 2926 Basili—

154 2946 207 2966 cas
232 2936 349 2975 colligit
362 2937 512 2976 Valesius,
529 2939 557 2968 in
575 2939 710 2969 adnotat
729 2938 766 2968 att
785 2937 913 2969 eundem
931 2938 1041 2974 locum,
1059 2939 1099 2969 al'-

154 2978 280 3008 firmans
297 2978 437 3017 singulos
459 2980 657 3018 presbyteros
674 2980 806 3017 singulis
823 2980 994 3018 praefuisse
1011 2980 1098 3010 ltasi—
1124 3004 1127 3007 .

154 3019 228 3049 licis.
248 3019 392 3058 Equidem
410 3030 432 3050 s.
452 3020 580 3059 Optatus
603 3021 664 3059 (De
686 3021 871 3052 schismate
894 3021 1096 3052 Donatista-

153 3071 235 3090 rum
252 3061 302 3090 lib.
321 3060 358 3098 11,
376 3070 401 3091 c.
422 3060 446 3100 t)
470 3064 598 3093 testatur
615 3063 672 3093 sub
689 3064 879 3093 Diocletiano
897 3064 1010 3093 ltomac
1027 3073 1097 3103 qua—

1182 3022 1190 3042 ¹
1211 3022 1329 3059 Enseu„
1346 3020 1428 3052 nist.
1446 3021 1519 3051 eccl.
1539 3021 1556 3051 l.
1575 3020 1647 3057 thl,
1665 3030 1690 3051 c.
1709 3019 1735 3050 1.
1920 3056 1927 3061 1

1178 3063 1192 3083 ‘²
1209 3065 1281 3093 Aeta
1295 3064 1430 3103 martyrii
1447 3072 1485 3092 ss.
1506 3063 1638 3093 ltlauritii
1656 3065 1685 3092 et
1701 3060 1866 3097 sociorum,
1884 3058 1924 3089 ab
1942 3058 2092 3090 Eucherio

152 3102 294 3140 draginta
313 3105 342 3132 et
358 3103 487 3141 amplius
505 3105 642 3135 extitisse
659 3105 818 3135 ecclesias.
839 3103 913 3135 Non
931 3104 1036 3141 enim,
1054 3106 1095 3135 in-
1141 3105 1335 3143 lugdunensi
1359 3105 1505 3143 episcopo
1527 3104 1712 3142 conscripta,
1728 3104 1832 3132 extant
1847 3101 1930 3140 apud
1946 3101 2000 3132 Tb.
2022 3101 2096 3132 Rui-

154 3144 228 3183 quit,
246 3153 347 3182 φναν,
367 3150 431 3174 aut
442 3146 595 3183 populus
609 3145 814 3186 appellandi
828 3148 977 3185 fuerant
989 3145 1098 3186 pauci
1137 3148 1308 3182 itart,11tcta
1321 3146 1454 3177 SSrum
1468 3145 1684 3187 ivlartyrwru
1697 3153 1724 3183 p.
1737 3142 1805 3173 237.
1821 3142 1986 3173 Historiam
2007 3142 2095 3173 huius

154 3185 422 3225 „anausim-,qna
442 3186 537 3215 inter
551 3188 808 3226 quadi-aqinta,
825 3189 961 3227 ecquod
977 3198 1097 3218 exa-ur·
1137 3189 1272 3227 martyrii
1299 3197 1314 3217 c
1346 3188 1587 3218 t’rotvstmttilms
1623 3187 1841 3226 impugnarunt
1880 3183 2094 3222 Dubourdieu,

153 3226 215 3266 rit,
225 3226 390 3259 basilicas
403 3228 591 3268 locumflcbi
606 3229 818 3270 colliyerem,
833 3240 903 3261 non
916 3230 1093 3261 habebant.
1140 3229 1349 3261 Insa-creati«)
1373 3229 1555 3261 historica.
