2241 3473
223 121 274 159 96

171 207 242 244 per
262 194 445 243 generale
467 193 647 238 edictum,
663 203 736 240 quo
753 202 822 228 rex
842 188 1115 239 praecipiebat,

172 251 217 286 ut
237 260 379 293 omnes,
402 247 464 296 qui
485 259 525 283 se
546 245 786 282 Christianos
817 242 1116 292 profiterentur,

171 302 307 340 mortis
344 299 530 348 supplicio
565 298 824 335 afficerentur.
857 296 956 333 Cum
984 296 1113 332 autem

171 354 276 402 magi
298 364 363 402 per
392 352 565 400 singulas
595 351 709 387 urbes
739 352 779 386 et
806 350 915 386 vicos
943 348 1116 386 studiose

173 407 409 445 Christianos
429 405 683 453 inquirerent,
698 403 907 452 pluresque
928 414 976 439 ex
995 401 1056 438 his
1076 413 1117 438 se

173 461 275 499 ultro
289 459 597 502 manifestarent,
613 468 661 493 ne
677 456 924 505 Religionem
941 455 1118 492 dissimu-

171 514 254 551 lare
276 512 515 557 viderentur,
543 510 682 558 ingens
700 509 1010 547 Christianorum
1039 520 1116 544 nu-

173 578 302 604 merus
312 564 440 614 gladio
461 563 608 600 occisus
624 566 683 601 est
695 562 720 600 ¹.
736 563 905 600 Duravit
922 563 1019 600 haec
1036 573 1118 610 per-

173 619 318 658 secutio
350 629 464 666 prope
493 616 635 666 viginti
660 617 783 654 annis.
812 616 894 661 Ita,
924 615 1116 664 quemad—

174 673 329 709 modum
349 671 387 708 in
398 671 579 708 Romano
593 670 756 719 imperio
772 669 918 707 sactum
934 669 1118 714 vidimus,

172 726 274 774 apud
295 725 392 762 alias
413 724 530 761 etiam
551 726 687 773 gentes
709 723 908 772 religionis
933 722 1117 760 christia-

173 792 244 816 nae
265 777 492 828 propagatio
514 777 802 826 persecutiones
823 780 985 825 experta
1006 777 1076 813 est.

224 833 288 870 20.
316 832 546 869 Concilium
576 831 822 868 Sarda’eense
852 830 938 880 (cm.
960 830 1118 878 347)—

173 886 302 928 Quum
324 884 490 934 episcopi
511 884 670 922 arianae
690 884 851 921 factioni
868 883 1013 929 devoti,
1030 886 1116 920 tur-

173 941 241 977 bas
261 942 301 976 et
321 939 580 976 dissensiones
600 941 803 987 augerent,
819 939 935 985 atque
952 949 981 973 s.
1000 936 1119 973 Atha-

175 992 325 1030 nasium
345 994 385 1030 et
405 992 514 1037 alios,
534 992 714 1041 quamvis
733 990 929 1029 sententia
943 989 1030 1027 Iulii
1047 990 1116 1037 Pp.

173 1046 376 1084 restitutos
392 1049 431 1083 et
447 1045 655 1091 absolutos,
666 1045 703 1082 in
718 1046 828 1082 sedes
841 1056 931 1081 suas
946 1043 1117 1092 recipere

174 1100 454 1145 detrectarent,
474 1099 577 1136 inter
597 1099 741 1136 Iulium
757 1099 827 1147 Pp.
849 1101 888 1135 et
910 1100 1118 1144 utrumque

174 1154 450 1203 imperatorem
467 1182 476 1200 ,
495 1153 747 1191 Constantem
766 1156 806 1189 et
825 1150 1097 1189 Constantium
1111 1179 1120 1196 ,

174 1208 359 1245 convenit
379 1207 424 1244 de
444 1207 616 1255 cogendo
633 1206 815 1243 Sardieae
831 1205 869 1241 in
881 1203 1041 1253 Illyrico
1056 1216 1118 1253 ge-

174 1260 298 1298 nerali
318 1260 496 1307 concilio,
519 1262 560 1297 ut
581 1259 758 1297 sollemni
779 1258 901 1296 totius
921 1258 1120 1295 Ecclesiae

174 1314 316 1352 iudicio
331 1315 468 1352 turbae
483 1317 598 1362 atque
615 1312 772 1350 dissidia
784 1313 1118 1360 componerentur.

173 1368 388 1406 Concilium
406 1380 454 1405 ex
469 1370 632 1415 utroque
648 1367 739 1404 orbe
754 1365 1122 1410 christiano,Orien-

174 1421 245 1459 tali
265 1424 305 1458 et
325 1421 567 1459 Occidentali
583 1450 592 1465 ,
613 1422 869 1457 convocatum
883 1449 892 1465 ,
921 1430 1022 1456 anno
1043 1419 1120 1455 347

175 1475 417 1513 celebratum
464 1477 535 1511 est.
584 1475 863 1511 Convenerunt
911 1472 1119 1509 secundnm

176 1529 468 1566 Theodoretum
484 1527 650 1576 episcopi
666 1526 978 1573 250,secundum
989 1526 1123 1562 Socra-

175 1585 254 1619 tem
274 1582 364 1630 300,
384 1582 596 1620 secundum
618 1582 870 1618 Sozomenum
892 1580 969 1618 300
990 1591 1039 1616 ex
1055 1579 1122 1617 Oc-

177 1635 328 1673 cidente
358 1640 397 1673 et
425 1636 475 1673 76
504 1647 554 1673 ex
583 1634 740 1671 Oriente
770 1632 795 1672 ².
828 1633 1122 1671 Praesederunt

177 1689 263 1726 viee
283 1689 370 1726 Iulii
391 1690 460 1738 Pp.
478 1689 602 1734 Osius,
624 1689 826 1737 episcopus
846 1686 1120 1732 Cordubensis,

176 1743 437 1781 Archidamus
459 1745 497 1780 et
520 1742 759 1780 Philoxenus
780 1742 828 1779 R.
851 1742 894 1779 E.
916 1741 1121 1790 presbyte-

176 1796 221 1834 ri.
243 1796 420 1845 Episcopi
442 1808 492 1833 ex
512 1796 649 1833 ariana
670 1795 837 1832 factione
859 1806 1019 1832 numero
1039 1793 1121 1830 fere

178 1850 242 1896 80,
263 1862 401 1888 causae
421 1862 514 1887 suae
535 1849 771 1895 diffidentes,
792 1849 840 1885 ab
861 1848 943 1897 ipso
970 1846 1121 1884 concilii

179 1903 290 1940 initio
312 1903 568 1952 tergiversari
589 1905 811 1952 coeperunt.
843 1901 991 1939 Deinde
1019 1900 1123 1938 facto

179 1957 346 1994 divortio
366 1960 405 1994 et
424 1956 559 1994 relicta
576 1957 673 1993 clam
690 1956 865 2001 Sardica,
882 1954 1124 1992 transierunt

182 2010 479 2060 Philippopolim
511 2011 646 2047 urbem
676 2009 879 2046 Thraciae.
908 2008 1122 2045 Verumta-

180 2076 268 2101 men
285 2064 429 2101 caeteri
447 2064 613 2113 episcopi
631 2065 677 2100 de
696 2063 836 2109 causis,
855 2064 1013 2111 propter
1028 2072 1122 2109 quas

180 2118 382 2155 convocati
404 2117 572 2163 fuerant,
585 2116 846 2154 contulerunt:
863 2115 1121 2152 Athanasium

180 2170 508 2218 Alexandrinum,
530 2170 758 2208 Marcellum
780 2172 1047 2217 Ancyranum,
1068 2169 1125 2204 A-

179 2226 346 2274 sclepam
355 2226 566 2262 Gazensem
579 2225 751 2272 aliosque
763 2222 973 2261 abArianis
984 2222 1126 2259 iniuste

181 2279 395 2328 depositos,
415 2278 570 2316 sedibus
590 2278 672 2315 suis
693 2277 968 2321 restitne1‘unt;
1003 2276 1125 2312 Ursa-

180 2333 284 2369 cium
319 2345 412 2370 vero
441 2331 661 2379 Singiduni,
690 2330 899 2368 Valentem
930 2329 1124 2373 Mursiae,

182 2386 392 2433 Georgium
412 2385 954 2432 Laodiceae,Menophantuin
972 2382 1126 2430 Ephesi,

182 2440 368 2477 Basilium
389 2441 582 2488 Ancyrae,
604 2438 833 2484 Gregoriuni
851 2436 1127 2481 Alexandriae,

180 2493 366 2530 Acacium
387 2494 626 2538 Caesareae,
647 2491 873 2529 Narcissum
897 2490 1128 2528 Neroniadis

183 2550 222 2584 et
241 2547 489 2584 Theodorum
510 2546 745 2591 Heracleae,
768 2545 926 2582 arianae
951 2543 1128 2580 factionis

183 2600 385 2650 principes,
406 2601 681 2649 deposuerunt.

237 2656 427 2692 l’ostliaec
444 2653 671 2703 congregati
691 2652 886 2701 praesules
903 2663 970 2699 pro
988 2650 1129 2687 instau-

183 2709 304 2745 randa
324 2708 530 2757 disciplina
550 2706 810 2744 condiderunt
830 2706 892 2750 20,
916 2705 1127 2741 secundum

183 2761 276 2798 alios
291 2762 354 2807 zi,
367 2774 545 2799 canones.
560 2762 715 2799 Canonc
732 2759 768 2796 10
785 2764 822 2796 et
837 2759 878 2796 2⁰
894 2759 1130 2794 damnantur

183 2815 438 2861 migrationes
455 2816 723 2864 episcoporum
743 2814 791 2850 ab
808 2811 973 2849 ccclesia
991 2810 1127 2848 minori

183 2869 230 2905 ad
254 2868 436 2905 maiorem
458 2869 650 2907 avaritiae
672 2870 742 2905 aut
762 2865 981 2903 ambitionis
998 2876 1130 2909 causa3

184 2921 225 2959 30
240 2920 294 2968 40,
310 2925 348 2959 et
364 2921 404 2958 70
422 2923 478 2960 ius
495 2922 810 2972 accipiendarum
826 2917 1128 2969 appellationum

226 3041 234 3061 ¹
254 3043 423 3077 sozomen„
437 3040 517 3072 [list
536 3039 630 3071 erem
657 3040 693 3074 11,
706 3049 730 3068 c.
745 3038 788 3068 0-1
804 3037 831 3075 1.;
844 3047 857 3067 s
883 3037 1012 3072 hieron,
1029 3035 1134 3065 Chro-

186 3083 305 3116 micon:
324 3086 351 3114 Ι·,
371 3085 401 3113 Α,
422 3084 595 3119 Assunmni,
615 3082 735 3113 l’rncl'at
764 3081 801 3110 :ul
819 3081 905 3109 Acta
923 3079 1047 3115 Mart,
1067 3078 1132 3107 ssol-

186 3126 256 3156 lsuul
273 3151 278 3159 ,
296 3126 379 3156 Λεία
398 3125 603 3155 Ss'.*3‹›1}·1›=-.

228 3168 241 3186 ²
258 3171 392 3204 boati-at,
417 3166 507 3196 Ilist.
526 3167 590 3195 met-l
618 3166 632 3195 Ι.
652 3166 690 3202 11,
707 3177 731 3197 c.
750 3165 805 3202 *303
824 3161 1006 3205 Sopoincnst
1036 3161 1089 3199 111,
1107 3171 1132 3191 c.

192 3210 239 3247 12'3
257 3210 437 3240 'incudem-t.
458 3209 474 3238 Ι.
493 3208 573 3246 11,‹;.
591 3209 616 3238 7.

660 128 814 155 EPOCHA
842 127 899 154 111.
929 127 957 153 A
983 123 1264 152 CONVERSIONE
1292 124 1557 152 CONSTANTINI
1583 126 1627 152 M.

1159 200 1181 226 a
1212 191 1350 238 quovis
1381 189 1650 238 episcoporum
1675 189 1818 228 iudicio
1848 191 2105 229 confirmatur

1158 242 1335 280 Romano
1355 242 1556 289 Pontifici3
1572 242 1616 280 5⁰
1631 243 1830 291 statuitur,
1848 247 1890 282 ut
1903 245 2105 294 episcopus

1159 296 1364 333 ordinetur
1384 308 1408 334 a
1428 295 1580 333 vicinae
1600 296 1820 345 provinciae
1841 298 2043 347 episcopis,
2072 296 2103 335 si

1159 348 1359 398 episcopus
1374 349 1597 399 provinciae
1614 361 1703 386 eum
1719 350 1899 388 ordinare
1916 354 1955 389 et
1972 349 2104 400 populi

1159 403 1350 440 desiderio
1370 402 1595 441 satisfacere
1617 403 1914 451 neglexerit36⁰
1928 405 2109 453 prohibe-

1159 457 1247 503 tur,
1269 469 1317 494 ne
1335 468 1404 505 pro
1424 457 1511 494 vico
1532 458 1600 494 aut
1621 456 1773 494 modica
1799 457 1961 495 civitate
1998 457 2107 496 ordi-

1162 512 1277 546 netur
1295 510 1520 559 episcopus;
1541 510 1585 547 8⁰
1605 512 1644 547 et
1664 511 1913 558 sequentibus
1928 511 2110 560 perstrin-

1159 566 1307 611 guntur
1327 563 1510 612 episcopi,
1530 563 1772 612 frequentius
1793 565 1832 601 et
1851 564 1949 602 citra
1968 564 2105 614 legiti-

1162 627 1265 653 mam
1285 628 1446 654 causam
1467 617 1515 654 ad
1535 616 1782 666 imperatoris
1807 617 1940 654 aulam
1965 629 2107 667 prope-

1158 671 1304 714 rantes,
1327 670 1382 707 uti
1402 670 1539 708 Ariani
1563 670 1780 716 faciebant3
1800 669 1864 707 140
1880 672 1919 707 et
1941 669 2007 708 15⁰
2028 682 2112 719 pro-

1160 723 1330 769 hibetur,
1350 736 1396 761 ne
1418 724 1618 773 episcopus
1634 723 1738 762 ultra
1755 728 1834 761 tres
1850 723 2110 762 hebdomades

1160 788 1183 813 a
1203 788 1272 814 sua
1292 777 1456 815 ecclesia
1476 777 1599 821 absit;
1624 776 1687 814 17⁰
1710 777 1949 827 presbyteris
1969 779 2010 815 et
2028 776 2111 815 cle-

1160 830 1250 867 ricis
1270 831 1485 868 minoribus
1503 861 1512 877 ,
1533 831 1599 879 qui
1619 843 1659 868 se
1679 831 1825 868 iniuste
1846 831 1895 868 ab
1930 830 2110 880 episcopo

1161 895 1230 921 suo
1252 884 1455 923 damnatos
1475 897 1559 922 esse
1580 887 1853 933 quererentur,
1870 885 1986 922 datur
2006 889 2111 933 pote-

1161 939 1241 974 stas
1261 937 1536 987 interpellandi
1555 939 1754 987 episcopos
1774 938 1973 984 finitimos3
1997 936 2061 975 180
2073 939 2114 975 et

1164 989 1228 1028 19⁰
1244 994 1412 1038 vetatur,
1425 1004 1472 1028 ne
1489 992 1603 1029 alieni
1621 991 1750 1029 clerici
1767 991 2027 1029 sollicitentur
2042 992 2114 1028 aut

1161 1044 1391 1082 ordinentur
1426 1046 1571 1094 absque
1602 1045 1745 1093 proprii
1776 1056 1913 1081 eorum
1944 1043 2114 1093 episcopi

1162 1108 1367 1145 consensu;
1383 1098 1452 1136 200
1469 1098 1709 1148 presbyteris
1725 1101 1764 1135 et
1779 1097 1951 1136 diaconis
1967 1098 2006 1135 in
2024 1097 2116 1134 alie-

1162 1151 1221 1189 nis
1242 1152 1467 1201 regionibus
1488 1155 1528 1190 et
1549 1152 1725 1189 ecclesiis
1753 1151 1898 1189 morari
1916 1151 2117 1188 inhibetur

1164 1205 1268 1242 ultra
1278 1208 1431 1254 tempus
1442 1218 1510 1255 pro
1530 1205 1721 1254 episcopis
1739 1217 1858 1254 supra
1873 1203 2114 1242 definitum1.

1216 1258 1287 1297 His
1307 1258 1421 1296 factis
1436 1289 1445 1305 ,
1468 1262 1597 1308 patres
1619 1259 1874 1297 Sardicenses
1907 1257 2116 1306 epistolam

1163 1313 1402 1361 scripserunt
1421 1313 1469 1350 ad
1492 1313 1635 1350 Iulium
1656 1313 1726 1360 Pp.
1745 1325 1823 1361 qua
1843 1324 1934 1349 eum
1955 1312 2002 1349 de
2024 1323 2116 1348 cun-

1163 1366 1235 1404 ctis
1247 1366 1397 1403 concilii
1408 1366 1505 1404 actis
1514 1367 1721 1404 certiorem
1731 1366 2024 1404 reddiderunt«
2031 1365 2116 1403 Hoc

1164 1419 1278 1466 enim,
1295 1420 1486 1468 inquiunt,
1503 1421 1694 1469 optimum
1713 1426 1753 1457 et
1769 1420 1884 1457 valde
1903 1430 2117 1468 congruen-

1164 1473 1356 1511 tissimum
1377 1485 1459 1511 esse
1480 1473 1693 1520 videbitur,
1713 1474 1745 1511 si
1766 1474 1814 1510 ad
1845 1474 1963 1521 caput
1979 1502 1989 1519 ,
2018 1472 2119 1510 idest

1164 1529 1211 1564 ad
1234 1528 1342 1564 Petri
1362 1527 1527 1576 apostoli
1547 1528 1695 1572 sedem,
1711 1527 1758 1564 de
1773 1527 1937 1576 singulis
1959 1525 2116 1574 quibus-

1165 1593 1239 1629 que
1256 1580 1465 1629 provinciis
1478 1581 1629 1618 Domini
1646 1580 1827 1618 referant
1842 1580 2066 1618 sacerdotes
2081 1591 2117 1617 >›.

1164 1635 1372 1683 Rogabant
1393 1635 1482 1671 dein
1504 1634 1746 1681 Pontificem,
1767 1638 1810 1672 ut
1834 1633 2024 1683 episcopis
2046 1632 2114 1670 Si-

1164 1688 1292 1734 ciliae,
1312 1688 1450 1725 Italiae
1469 1690 1508 1724 et
1524 1687 1623 1734 aliis,
1640 1689 1704 1736 qui
1721 1687 1882 1725 concilio
1900 1698 1978 1724 non
1993 1686 2114 1724 inter-

1164 1741 1333 1787 fuerant,
1354 1741 1651 1790 praescriberet,
1667 1753 1715 1779 ne
1732 1752 1881 1787 eorum,
1897 1740 1964 1789 qui
1983 1751 2006 1778 a
2025 1751 2120 1777 con-

1164 1796 1252 1833 cilio
1275 1795 1431 1833 fuerant
1450 1795 1623 1833 damnati
1644 1796 1683 1832 et
1703 1794 1881 1844 depositi,
1903 1793 2116 1832 communi-

1166 1850 1334 1887 catorias
1354 1849 1508 1887 litteras
1525 1848 1758 1898 acciperent.
1775 1848 1955 1886 Alteram
1975 1847 2116 1896 episto-

1163 1903 1243 1940 lam
1257 1903 1499 1951 scripserunt
1514 1903 1562 1939 ad
1579 1902 1728 1940 clerum
1744 1904 1783 1939 et
1801 1901 1983 1951 populum
1994 1900 2118 1938 eccle-

1164 1957 1243 1994 siae
1272 1956 1586 2000 Alexandrinae,
1609 1958 1652 1994 ut
1671 1955 1852 2005 Gregorii
1878 1957 1918 1993 et
1947 1954 2114 1993 aliorum

1165 2010 1388 2047 arianorum
1410 2009 1649 2046 consortium
1671 2009 1856 2054 vitantes,
1875 2008 1914 2045 in
1935 2019 2113 2046 commu-

1167 2063 1280 2100 nione
1301 2075 1388 2100 cum
1408 2063 1622 2100 Athanasio
1650 2066 1689 2100 et
1718 2061 1945 2100 orthodoxis
1976 2073 2113 2110 perse-

1165 2120 1361 2154 verarent.
1379 2117 1555 2154 Tertiam
1576 2116 1744 2164 denique
1765 2116 1939 2153 eiusdem
1959 2115 2038 2153 fere
2055 2126 2121 2152 ar-

1166 2170 1341 2219 gumenti
1358 2170 1560 2219 epistolam
1577 2170 1814 2219 scripserunt
1829 2170 1877 2207 ad
1889 2180 2023 2207 omnes
2041 2168 2121 2217 epi-

1169 2236 1305 2273 scopos
1322 2221 1347 2261 ².

1221 2276 1582 2315 ContenditPctrus
1592 2277 1637 2313 de
1650 2276 1796 2322 Marca,
1809 2275 2017 2314 concilium
2028 2275 2117 2314 Sar-

1169 2331 1319 2368 ‹licensc
1336 2331 1615 2369 convocatione
1631 2331 1800 2379 quidem,
1816 2342 1891 2367 non
1909 2341 2003 2368 vero
2020 2329 2119 2368 celc-

1169 2385 1346 2422 bratione
1371 2388 1410 2421 et
1435 2384 1556 2429 exitu,
1577 2383 1697 2421 fuisse
1727 2383 2022 2421 oecumenicum
2051 2395 2121 2421 seu

1167 2439 1350 2487 generale
1371 2437 1397 2476 ³.
1420 2437 1671 2475 Vcrumillud
1688 2438 1791 2475 omni
1810 2449 1860 2475 ex
1876 2439 1989 2486 parte
2006 2448 2121 2475 oecu-

1172 2493 1365 2529 menicum
1386 2504 1469 2529 csse
1487 2521 1495 2537 ,
1515 2495 1629 2528 extra
1649 2491 1956 2529 controversiam
1985 2494 2054 2528 est.
2086 2490 2118 2528 E

1171 2550 1348 2583 veterum
1369 2545 1469 2582 enim
1493 2544 1725 2583 testimoniis
1745 2549 1920 2591 constat,
1943 2543 2120 2582 auctori-

1172 2603 1250 2637 tate
1273 2601 1319 2637 R.
1353 2598 1552 2635 l'ontiticis
1581 2599 1780 2649 episcopos
1810 2611 1859 2636 ex
1890 2598 1995 2635 omni
2026 2597 2119 2635 orbe

1171 2653 1381 2690 christiano
1402 2652 1522 2689 fuisse
1543 2656 1777 2690 convocatos
1798 2656 1838 2690 et
1869 2651 2096 2689 convenisse
2115 2679 2124 2696 ‚

1171 2707 1235 2755 qni
1261 2720 1335 2743 una
1355 2718 1445 2743 cum
1475 2705 1616 2753 legatis
1646 2707 1692 2743 R.
1727 2705 1927 2743 Pontificis
1957 2705 2118 2742 decreta

1171 2761 1441 2805 condiderunt,
1458 2762 1495 2795 et
1511 2760 1694 2807 generale
1705 2759 1900 2797 Ecclesiae
1911 2757 2121 2796 concilium

1172 2814 1473 2852 constituerunt.
1498 2814 1713 2851 Praeterea
1735 2813 1840 2850 illius
1869 2822 2038 2849 canones
2071 2811 2118 2847 ab

1174 2868 1358 2905 universa
1380 2867 1568 2913 Ecclesia,
1590 2879 1731 2914 graeca
1751 2878 1796 2904 ac
1816 2865 1952 2909 latina,
1972 2863 2121 2913 recepti

1173 2924 1274 2959 sunt.
1298 2921 1380 2959 Nec
1400 2921 1540 2968 obstat,
1556 2921 1753 2971 episcopos
1768 2919 1924 2957 circiter
1939 2917 1990 2956 80
2007 2918 2056 2956 ab
2077 2929 2122 2955 eo

1217 3076 1224 3096 ¹
1246 3075 1358 3112 tamn»,
1383 3074 1508 3105 Connil.
1534 3078 1552 3105 t.
1577 3075 1612 3111 11,
1630 3084 1655 3113 p.
1675 3072 1750 3110 6273
1770 3072 1798 3102 C.
1817 3072 1929 3111 anuS,
1947 3069 2076 3100 Decrec.
2095 3075 2126 3101 et

1174 3128 1296 3149 camni.
1313 3118 1433 3157 synod.
1453 3120 1530 3155 part.
1548 3117 1568 3147 l,

1214 3161 1227 3180 '-¹
1246 3160 1358 3196 Lalilw,
1376 3160 1431 3189 loc.
1450 3159 1496 3188 vit.
1516 3168 1544 3197 p.
1562 3157 1631 3187 (3⁴30.

1216 3202 1229 3221 ³
1247 3201 1294 3231 Dc
1309 3200 1494 3231 concordia
1510 3197 1701 3231 sacerdotii
1717 3203 1747 3228 et
1768 3195 1928 3236 imperii,
1945 3196 1962 3227 1.
1981 3196 2040 3235 vll,
2053 3205 2079 3226 c.
2097 3193 2126 3227 3.
