2241 3473
293 103 367 142 134

241 179 417 218 exerceri
451 177 605 226 coepit3
646 176 814 213 officium
850 175 1179 214 Abbreviatorum

243 245 317 281 quo
337 232 491 269 nomine
514 230 816 278 designabantur
831 230 894 277 qui
910 229 1056 266 Brevia
1072 229 1181 265 Pon-

240 286 360 323 tificia
393 284 689 331 componebant,
723 282 943 330 abrogavit,
981 281 1117 319 volens
1139 284 1182 318 ut

238 337 485 387 Apostolicae
513 335 624 373 Sedis
655 335 805 383 gratiae
840 335 963 384 gratis
992 335 1182 372 concede-

237 395 384 435 rentum
406 389 567 434 factum,
589 389 690 437 quod
711 400 799 426 cum
820 389 991 432 Platina,
1012 400 1110 425 unus
1131 399 1179 424 ex

237 445 320 481 istis
349 442 707 486 Abbreviatoribus,
724 443 915 490 petulanti
936 442 1084 479 calamo
1114 453 1178 478 re—

238 496 480 544 darguisset,
510 507 533 532 a
561 494 752 532 Pontifice
783 496 983 532 custodiae
1012 494 1179 532 traditus

237 549 320 586 fuit.
347 549 509 586 Demum
528 547 675 585 Paulus
696 548 732 585 II
754 560 802 586 ex
822 548 1030 597 apoplexia
1051 547 1178 585 subito

235 602 401 639 decessit
420 604 494 638 vn⁰
515 601 698 639 calendas
718 602 872 650 augusti
904 603 1014 639 1471.
1040 601 1180 638 Ponti-

232 655 344 693 ficale
366 666 507 692 munus
526 655 647 703 gessit
666 666 765 693 ann.
786 655 833 701 6,
854 667 976 693 mens.
1001 654 1049 692 10
1063 684 1072 701 ,
1092 655 1178 691 dies

231 708 295 746 26.
318 708 417 746 Tam
437 707 608 746 liberalis
642 707 727 754 fuit,
748 712 791 746 ut
810 709 941 757 paucis
975 707 1173 757 egentium

231 773 307 798 non
328 761 506 799 donavit:
526 763 607 799 tam
627 761 771 807 iustus,
789 764 832 799 ut
850 761 996 807 furum,
1014 761 1178 799 sicario-

231 826 318 852 rum
336 843 346 861 ,
367 814 637 852 maleficorum
658 815 803 852 nemini
822 816 1040 864 pepercerit
1057 828 1065 852 :
1095 816 1174 852 tam

230 867 414 914 clemens,
434 871 476 905 ut
496 868 617 906 occidi
639 868 836 906 neminem
852 880 988 918 passus
1010 868 1073 906 sit.

284 921 473 959 Nonnulli
493 922 714 970 scriptoreS,
730 922 834 959 inter
851 934 944 970 quos
973 932 1089 971 supra
1117 921 1177 958 di-

229 977 313 1012 ctus
334 975 504 1021 Platina,
519 975 611 1012 huic
631 975 812 1012 Pontifici
832 975 975 1012 iniuste
991 976 1179 1012 detraxe-

229 1031 336 1075 runt,
367 1040 411 1065 ac
441 1029 470 1066 si
501 1029 605 1066 viros
624 1029 818 1066 litteratos
840 1028 940 1066 male
965 1029 1178 1073 habuisset,

227 1081 336 1131 leges
355 1082 394 1118 in
415 1082 593 1119 conclavi
621 1083 771 1120 iuratas
792 1083 1035 1131 abrogasset,
1056 1082 1179 1119 mori-

226 1135 375 1183 busque
397 1147 490 1173 usus
510 1135 649 1173 fuisset
678 1135 866 1173 Pontifice
894 1136 1084 1184 indignis3
1112 1136 1177 1173 secl

227 1188 399 1226 Paulum
431 1189 469 1226 Π
490 1189 537 1226 ab
566 1190 874 1227 obtrectatorum
908 1189 1077 1226 dicteriis
1106 1190 1179 1226 do-

228 1242 402 1279 ctissime
439 1243 654 1280 vindicavit
686 1243 893 1281 cardinalis
932 1243 978 1280 A.
999 1242 1052 1280 M.
1080 1242 1178 1284 Qui-

229 1295 304 1332 rini
328 1294 352 1333 ¹.

279 1348 316 1386 6.
336 1349 492 1397 Xystus
512 1349 577 1386 IV
593 1350 793 1397 Pontifex·
822 1348 905 1398 (an.
930 1348 1049 1400 1471)
1066 1371 1116 1376 -—
1133 1349 1174 1385 In

225 1401 352 1439 locum
374 1402 487 1439 Pauli
510 1402 560 1448 II,
580 1402 624 1439 v⁰
644 1403 732 1439 idus
748 1403 904 1452 augusti
924 1403 1037 1450 1471,
1053 1402 1176 1440 suffe-

227 1458 312 1492 ctus
330 1455 407 1493 fuit
425 1455 578 1504 Xystus
598 1456 666 1502 IV,
687 1456 943 1501 Savonensis,
964 1464 1083 1493 antea
1103 1468 1176 1504 ap-

225 1508 391 1558 pellatus
411 1509 643 1547 Franciscus
672 1510 892 1554 Roboreus,
921 1509 1076 1546 Ordinis
1097 1509 1173 1547 FF.

226 1563 438 1609 tumorum,
457 1563 663 1612 presbyter
679 1563 903 1608 cardinalis,
920 1564 982 1600 vir
1004 1563 1039 1599 in
1060 1563 1174 1600 theo-

225 1615 363 1665 logicis
393 1620 434 1653 et
463 1617 657 1654 canonicis
688 1617 902 1665 disciplinis
935 1617 1108 1665 apprime
1129 1628 1174 1652 e-

226 1670 391 1707 ruditus.
412 1670 551 1707 Prima
571 1670 653 1707 eius
673 1681 767 1708 cura
787 1669 873 1712 fuit,
896 1672 937 1707 ut
956 1670 1172 1707 Turcarum

223 1723 413 1773 impetum
435 1724 482 1760 ab
504 1723 706 1772 europaeis
726 1724 951 1773 regionibus
966 1723 1171 1772 propulsa-

224 1781 298 1824 ret;
314 1777 353 1814 in
370 1777 472 1814 hunc
488 1777 604 1814 finem
617 1777 809 1826 principes
830 1780 869 1814 et-
884 1777 1049 1826 populos
1066 1778 1171 1814 chri-

224 1830 372 1868 stianos
392 1831 441 1868 ad
461 1830 606 1868 bellum
626 1833 762 1868 contra
778 1831 953 1868 infideles
970 1831 1170 1869 excitavit.

224 1883 406 1933 Regnum
427 1884 641 1921 Bohemiae
657 1885 704 1921 de
722 1896 796 1932 quo
812 1896 901 1921 cum
917 1884 1085 1922 Matthia
1105 1896 1170 1921 re-

225 1948 272 1985 ge
284 1937 512 1986 Hungariae
533 1938 787 1975 concertabat
816 1938 1042 1976 Uladislaus
1058 1938 1170 1975 Casi-

228 1991 316 2028 miri
337 1991 441 2040 regis
471 1991 656 2028 Poloniae
684 1990 807 2036 filius,
836 1991 972 2039 priori,
1000 1992 1169 2028 catholi-

226 2056 361 2081 corum
384 2046 514 2093 partes
530 2048 666 2081 contra
682 2044 863 2082 Hussitas
892 2046 1166 2094 propugnanti,

225 2098 412 2144 asseruit3
440 2100 479 2135 et
507 2097 703 2143 Bohemis,
731 2097 889 2142 Silesiis,
918 2098 1168 2147 Moravisque

223 2151 432 2200 prohibuit,
450 2163 495 2188 ne
523 2150 719 2188 Uladislao
740 2163 852 2200 opem
870 2151 1031 2189 ferrent.
1050 2154 1166 2189 Atta-

223 2216 311 2242 men
342 2204 485 2242 bellum
515 2204 617 2242 inter
644 2207 851 2253 utrumque
872 2206 1167 2254 competitorem

223 2258 493 2295 continuatum
509 2262 703 2306 estusque
720 2259 765 2295 ad
784 2270 844 2295 an.
861 2258 1058 2307 1479,qu0
1076 2271 1168 2307 pace

222 2311 321 2348 inita
342 2311 568 2349 Uladislaus
603 2311 829 2348 Bohemiam
859 2312 1030 2350 retinuit.
1062 2313 1166 2350 Idem

222 2364 408 2402 Pontifex
441 2364 687 2402 Ferdinando
718 2365 798 2413 regi
828 2364 1011 2414 Neapolis
1040 2366 1166 2402 tribu-

222 2421 306 2456 tum
329 2417 492 2465 remisit,
512 2418 625 2455 modo
641 2417 803 2466 singulis
819 2418 929 2456 annis
946 2430 1086 2467 equum
1107 2419 1167 2456 al-

221 2471 316 2509 bum
345 2471 452 2509 feudi
481 2471 634 2510 nomine
663 2471 846 2517 offerret,
875 2483 984 2509 oram
1014 2472 1167 2510 mariti-

223 2537 327 2563 mam
349 2528 488 2563 contra
507 2524 723 2573 praedones
740 2527 930 2571 tueretur,
951 2529 990 2562 et
1011 2524 1170 2563 Pontifi-

225 2591 322 2626 cem,
337 2578 369 2617 si
389 2590 483 2628 opus
504 2578 618 2625 foret,
638 2578 760 2616 milite
778 2579 944 2616 iuvaret.
963 2580 1033 2616 An.
1056 2579 1168 2625 1475,

225 2627 440 2670 secund‘um
487 2632 700 2670 decessoris
737 2632 796 2670 sui
834 2632 1167 2678 constitutionem,

226 2686 374 2724 Romae
405 2686 623 2724 Iubilaeum
653 2685 867 2724 celebravit
895 2684 925 2731 ²,
946 2683 1170 2735 plenissima

224 2810 329 2841 varias
357 2811 630 2852 discrepantesque
649 2813 818 2844 sententias
847 2813 965 2852 peperit
992 2812 1166 2843 aemulatio.

225 2853 346 2883 Vitlesis
380 2853 503 2893 librum,
519 2854 657 2886 Histoire
672 2854 710 2885 de
727 2854 876 2894 l'oriyine
892 2857 921 2884 et
939 2854 991 2885 (ies
1006 2854 1169 2894 premiers

221 2896 355 2934 promes
382 2895 419 2926 de
446 2895 685 2936 lffnzprimkrie,
713 2897 819 2935 llagac
848 2895 944 2934 17‡0;
962 2905 1017 2927 nec
1048 2905 1107 2927 non
1133 2897 1168 2926 M.

223 2937 386 2976 Maitlaire,
402 2938 544 2969 Annales
562 2938 788 2978 typographici
803 2941 858 2968 etc.

266 2978 275 2998 ¹
311 2977 379 3010 l'iea
397 2979 499 3010 Pauli
517 2979 574 3010 lle
586 2981 693 3010 codice.
706 2979 807 3019 unyel.
825 2978 974 3011 Bibliolh.
991 2977 1169 3019 desumpta,

224 3021 403 3058 praemissis
414 3021 555 3051 vindiciis
570 3021 721 3051 adversus
735 3021 1034 3060 l¹latina1naliosquc
1051 3022 1168 3051 obiri-c-

753 143 759 148 .
791 111 945 138 EPOCHA
972 112 1011 138 X.
1041 111 1092 137 ΑΒ
1121 110 1278 137 EXCIDIO
1306 111 1465 138 IMPERII
1492 112 1641 139 GRAECI

1225 176 1477 225 Indulgentia
1497 188 1680 230 concessa
1698 177 1760 224 iis,
1778 177 1841 226 qui
1863 178 2106 227 poenitentes
2125 181 2167 217 et

1226 229 1391 267 confessi
1408 229 1598 267 indicatas
1619 231 1796 268 basilicas
1810 232 1948 270 devote
1962 232 2169 270 visitarent

1226 283 1424 331 suspensis
1448 285 1530 320 toto
1551 283 1715 321 Iubilaei
1743 287 1918 333 tempore
1947 286 2100 323 cunctis
2120 297 2166 322 u-

1225 337 1339 384 bique
1355 340 1469 374 extra
1483 337 1626 374 Urbem
1639 337 1899 385 Indulgentiis
1917 337 1940 375 ¹.
1953 339 2011 375 Ad
2026 350 2166 387 augen-

1225 390 1312 427 dam
1335 390 1536 427 christiani
1568 389 1696 438 populi
1724 390 1909 438 pietatem
1939 403 2032 440 erga
2051 392 2094 429 B.
2117 392 2164 429 V.

1224 443 1276 480 M.
1311 443 1393 480 sine
1422 443 1508 480 labe
1538 445 1765 492 conceptam
1783 473 1793 488 ,
1830 444 2023 492 huiusque
2052 456 2165 493 opem

1223 499 1360 534 contra
1391 496 1585 534 Ecclesiae
1624 497 1756 533 hostes
1783 496 2076 545 implorandam,
2106 498 2166 544 iis,

1222 551 1287 599 qui
1317 549 1485 587 officium
1516 550 1795 587 immaculatae
1832 550 2114 599 Conceptionis,
2143 563 2167 588 a

1224 604 1266 641 L.
1288 604 1335 641 de
1355 603 1567 652 Nogarolis
1584 603 1852 652 compositum,
1873 603 2083 645 recitarent
2102 604 2166 642 vel

1223 657 1338 695 Horis
1358 657 1555 694 canonicis
1578 659 1646 694 aut
1666 657 1808 694 missae
1823 656 1863 693 in
1882 656 1988 694 illius
2007 655 2107 695 festo
2126 660 2167 694 et

1221 712 1363 748 octava
1382 710 1632 755 interessent,
1653 710 1814 747 easdem
1835 709 2022 747 concessit
2040 710 2167 748 Indul-

1221 764 1387 813 gentias,
1408 775 1504 811 quas
1525 764 1708 801 Urbanus
1741 763 1797 800 IV
1825 762 1972 811 aliique
1993 762 2164 800 Pontifi-

1221 829 1284 855 ces
1304 821 1580 855 concesserant
1599 828 1667 866 pro
1686 816 1785 854 festo
1805 815 1986 865 Corporis
2005 816 2165 864 Christi;

1222 872 1432 908 anathema
1449 882 1541 907 vero
1557 870 1815 908 comminatus
1832 873 1891 907 est
1904 869 1999 914 iis,a
2014 869 2167 918 quibus,

1221 924 1465 962 celebrantes
1484 923 1624 961 festum
1647 922 1928 961 Immaculatae
1944 923 2166 972 Conceptio-

1222 978 1292 1024 nis,
1312 978 1455 1016 erroris
1476 981 1545 1015 aut
1565 977 1718 1026 peccati
1747 977 2028 1014 incusarentur
2046 974 2073 1014 ².
2092 976 2162 1014 Fi-

1221 1031 1281 1069 dei
1302 1031 1466 1080 puritati
1488 1031 1698 1080 invigilans
1712 1059 1722 1077 ,
1741 1029 1963 1067 haereticas
1982 1029 2164 1067 PetriO·

1220 1085 1411 1123 xomensis
1432 1085 1726 1134 propositiones,
1749 1084 1796 1121 de
1818 1084 1958 1131 quibus
1978 1081 2081 1121 infra
2099 1083 2162 1120 di-

1220 1151 1363 1185 cemus,
1385 1138 1559 1185 confixit3
1581 1137 1870 1175 controversiae
1885 1137 1989 1174 inter
2007 1136 2163 1174 Franci·

1221 1204 1356 1230 scanos
1386 1195 1426 1229 et
1454 1191 1729 1229 Dominicanos
1767 1191 1940 1239 agitatae
1969 1191 2016 1228 de
2043 1191 2163 1228 sacris

1220 1246 1473 1295 stigmatibus
1494 1246 1538 1283 B.
1565 1245 1802 1283 Catharinae
1831 1243 2013 1281 Senensis
2041 1244 2161 1281 silen-

1220 1299 1318 1337 tium
1339 1299 1550 1348 imperavit
1570 1296 1596 1336 3.
1619 1298 1764 1336 Urbem
1788 1298 1954 1334 Romam
1975 1296 2162 1335 aedificiis

1221 1353 1434 1399 decoravit3
1469 1355 1508 1389 et
1541 1352 1578 1389 in
1613 1352 1673 1389 his
1707 1351 1897 1388 memoria
1929 1351 2072 1400 dignus
2104 1353 2163 1388 est

1220 1418 1313 1455 pons
1333 1406 1416 1443 eius
1439 1405 1593 1443 nomine
1612 1407 1858 1453 nuncupatus
1872 1404 2020 1453 Tyberi
2035 1404 2162 1452 impo-

1219 1460 1338 1506 situs3
1355 1459 1636 1496 bibliothecam
1654 1459 1890 1496 Vaticanam
1907 1456 2041 1494 multis
2060 1457 2164 1495 anti—

1221 1513 1306 1561 quis
1327 1512 1590 1550 monumentis
1609 1512 1808 1560 librisque,
1818 1513 1901 1549 arte
1912 1510 2164 1560 typographi-

1219 1578 1264 1604 ca
1280 1566 1450 1612 excusis,
1473 1565 1728 1614 locupletavit
1750 1565 1939 1612 auxitque
1960 1564 2164 1613 proventi-

1217 1621 1303 1666 bus,
1318 1620 1418 1657 unde
1430 1619 1666 1665 custodibus,
1679 1617 1854 1656 librariis
1871 1617 2034 1664 Latinis,
2046 1618 2164 1655 Grae-

1218 1674 1285 1720 cis,
1301 1672 1503 1711 Hebraicis
1515 1673 1710 1722 stipendia
1721 1671 2074 1721 persolverentur⁴.
2088 1670 2161 1711 Ei-

1219 1727 1306 1764 dem
1324 1727 1590 1764 Bibliothecae
1601 1726 1799 1764 Platinam
1820 1725 2054 1774 praeposuit.
2071 1724 2164 1762 Con-

1216 1781 1390 1818 firmavit
1410 1781 1597 1817 Ordinem
1630 1780 1906 1817 llffc'm'morum
1926 1791 1950 1816 a
1967 1778 2012 1816 B.
2032 1777 2162 1816 Fran-

1215 1835 1314 1872 cisco
1336 1835 1381 1872 de
1399 1834 1535 1877 Paula,
1553 1837 1592 1871 et
1610 1833 1992 1882 Augustinianorum
2010 1831 2159 1869 Eoecaz-

1215 1893 1425 1925 eeatorum
1454 1900 1477 1925 a
1506 1887 1686 1936 Baptista
1709 1886 1856 1935 Poggio
1877 1885 2070 1923 Genuensi
2099 1884 2161 1935 in-

1212 1942 1406 1979 stitutum.
1428 1941 1589 1979 Festum
1614 1939 1862 1977 Visitationis
1881 1939 1925 1976 Β.
1947 1938 1998 1976 M.
2020 1938 2160 1988 Virgi-

1214 1995 1284 2041 nis,
1314 1995 1485 2042 itemque
1514 1994 1674 2031 Festum
1703 1992 1886 2030 Omnium
1921 1992 2158 2030 Sanctorum

1213 2048 1286 2085 coli
1307 2048 1418 2086 iussit
1435 2059 1502 2097 per
1517 2048 1597 2085 dies
1613 2046 1864 2084 octo.Multas
1875 2045 2071 2083 veteribus
2090 2057 2158 2084 so-

1212 2102 1434 2139 lemnitates
1463 2101 1655 2146 adiumdt,
1685 2102 1726 2136 ut
1747 2098 2027 2147 Conceptionis,
2049 2098 2159 2136 Obla-

1212 2155 1327 2193 tionis
1336 2155 1536 2204 Deiparae,
1549 2154 1780 2191 Sanctorum
1793 2154 1941 2199 Annae,
1966 2151 2118 2202 Iosephi
2129 2151 2156 2199 ⁵,

1255 2267 1263 2288 ¹
1282 2267 1454 2308 Eoetravaq.
1466 2266 1485 2298 -i
1501 2266 1539 2297 de
1556 2267 1682 2298 Poena.
1700 2273 1733 2298 et
1750 2267 1856 2298 remis.
1875 2269 1930 2300 int.
1946 2269 2140 2300 Communes.

1251 2309 1264 2330 ²
1283 2310 1455 2349 lu'aelruray.
1475 2308 1517 2339 De
1534 2308 1686 2349 Reliquias
1703 2312 1734 2340 et
1748 2313 1888 2342 venerat.
1906 2307 2039 2341 SSrum.

1251 2350 1266 2373 3
1280 2351 1479 2382 Franciscani
1497 2351 1574 2381 istud
1590 2353 1782 2391 privilegium
1801 2352 1857 2382 soli
1870 2361 1895 2382 S.
1911 2351 2076 2382 Francisco
2094 2350 2157 2382 vin-

1213 2391 1577 2429 dicabant;1)ominicani
1606 2393 1678 2422 illud
1707 2392 1798 2423 ctiam
1816 2393 1846 2423 B.
1872 2393 2057 2424 catharinae
2084 2402 2160 2424 con-

1211 2443 1335 2465 cessum
1355 2434 1448 2464 fuisse
1467 2433 1706 2471 contendebant,
1723 2436 1863 2475 quamvis
1882 2436 1912 2465 in
1931 2435 1998 2466 eius
2025 2443 2159 2475 corpore

1212 2484 1302 2506 sacra
1318 2477 1467 2516 stigmata
1493 2485 1552 2506 non
1582 2477 1804 2515 apparuissent
1830 2478 1910 2508 sicut
1928 2477 2104 2516 incorpore
2133 2486 2158 2509 s.

1212 2517 1381 2548 Francis-ci.
1405 2517 1516 2547 Eadem
1534 2519 1744 2548 controversia
1762 2519 1934 2549 instaurata
1954 2518 2009 2550 suit
2023 2518 2081 2549 sub
2098 2518 2160 2550 Cle-

1213 2563 1312 2589 mente
1330 2558 1404 2594 vin,
1424 2560 1474 2598 qui
1494 2560 1613 2598 utrique
1631 2560 1710 2599 parti
1723 2560 1876 2591 silentium
1893 2559 2010 2591 indixit.
2023 2559 2158 2591 Tandem

1213 2601 1354 2632 Urbanus
1381 2600 1445 2631 vlll
1471 2600 1578 2632 Ol'licio
1603 2610 1626 2631 s.
1652 2601 1836 2632 Catharinae
1859 2602 2005 2632 Senensis
2027 2602 2160 2632 inseruit

1213 2643 1293 2672 hanc
1316 2642 1489 2673 lectionem:
1518 2654 1529 2670 11
1548 2643 1632 2673 lianc
1655 2645 1786 2683 gratiam
1804 2642 2038 2674 amantissimus
2054 2643 2159 2674 Domi-

1215 2693 1270 2713 nus
1289 2693 1367 2714 nova
1384 2684 1483 2722 gratia
1508 2684 1683 2723 cumulavit,
1701 2689 1733 2715 ut
1749 2687 1877 2716 sentiret
1894 2683 2030 2716 dolorem
2045 2683 2158 2725 illapsa

1213 2726 1242 2755 vi
1261 2725 1429 2763 vulnerum,
1453 2728 1482 2755 ct
1507 2729 1635 2756 cruenta
1659 2728 1748 2767 signa
1772 2735 1832 2758 non
1856 2729 2054 2766 apparerent.
2069 2726 2157 2764 Quod

1215 2768 1254 2796 ita
1271 2767 1452 2806 contigisse,
1475 2777 1542 2797 cum
1568 2768 1618 2797 Dei
1645 2768 1757 2798 famula
1782 2768 1973 2799 confessario
1995 2776 2050 2798 suo
2073 2768 2157 2807 Ray-

1215 2809 1326 2839 1111111110
1344 2809 1508 2846 retulisset,
1525 2812 1555 2839 ut
1572 2808 1672 2840 oculis
1688 2811 1778 2840 ctiam
1795 2812 2091 2849 repraesentaretur,
2103 2818 2157 2839 ra-

1215 2851 1282 2880 dios
1299 2851 1328 2880 111
1346 2851 1530 2889 imaginibus
1548 2851 1577 2881 B.
1595 2852 1777 2883 Catharinae
1791 2851 1828 2882 ad
1846 2851 1927 2882 dicta
1940 2851 2073 2891 quinque
2089 2850 2158 2881 loca

1215 2892 1436 2931 poi-tingentes,
1454 2894 1502 2931 pia
1522 2892 1654 2924 titlelinm
1670 2903 1744 2924 cura
1759 2893 1847 2932 pictis
1861 2892 2017 2923 coloribus
2030 2900 2159 2931 expres-

1213 2935 1249 2963 sit
1267 2945 1292 2963 n.
1312 2934 1348 2964 t.s
1361 2935 1470 2965 Bcnetl.
1490 2934 1570 2973 XlV,
1588 2934 1632 2967 De.
1648 2934 1754 2974 beatis.
1768 2936 1797 2965 et
1809 2943 1921 2966 canon.
1937 2933 1954 2964 l.
1969 2932 2156 2973 tV,c.8,n.8.

1254 2976 1265 2997 ⁴
1284 2976 1324 3005 Ι)1,·
1342 2976 1468 3006 historia
1494 2977 1582 3007 liuius
1608 2977 1829 3014 Bibliothecae,
1853 2974 2082 3006 munificentiae
2095 2975 2157 3007 RR.

1215 3017 1266 3047 l‘l'.
1285 3016 1365 3047 omni
1381 3022 1518 3058 tempore
1543 3018 1714 3048 testimonia
1726 3018 1895 3053 ·re‹ldente‚
1912 3017 1938 3047 le
1964 3016 2043 3047 enda
2059 3021 2105 3047 est
2121 3017 2154 3047 D.

224 3065 352 3099 latores,
369 3064 482 3093 Romae
501 3062 587 3096 171,ος
607 3063 688 3098 item¹
711 3062 808 3094 Tiara
825 3065 854 3094 et
879 3071 1029 3103 purpura
1053 3061 1169 3093 ιρηεια
1212 3060 1322 3088 711111131Ιί
1340 3060 1498 3089 elaborata
1516 3061 1680 3098 scriptura,
1704 3061 1733 3089 in
1753 3058 1848 3089 effem.
1864 3057 1912 3089 La
1951 3057 2063 3090 cieuza
2081 3067 2099 3089 e
2114 3057 2157 3089 La

224 3103 263 3132 ab
281 3112 332 3134 an.
362 3103 437 3135 1379
455 3114 551 3144 usque
568 3104 606 3134 ad
626 3103 712 3136 1759.
743 3104 807 3136 Vici.
825 3105 916 3135 etiam
946 3105 968 3136 1.
999 3105 1029 3135 Β.
1057 3104 1168 3139 Palma,
1211 3099 1293 3129 Fmte
1312 3101 1401 3136 ,voit
1416 3102 1529 3134 xxvil.
1543 3101 1672 3138 xxvttl,
1686 3100 1790 3139 XXXl,
1806 3099 2054 3139 xxx111,Napoli
2072 3103 2129 3131 etc.

225 3143 377 3176 praetem.
402 3144 480 3176 nist.
504 3146 576 3177 eccl.
597 3149 615 3176 t.
634 3146 680 3183 lv,
698 3157 726 3186 p.
744 3147 763 3184 l,
787 3157 813 3177 c.
830 3147 859 3176 9.

264 3187 277 3207 ‘²
296 3186 367 3216 lr'idc¹
383 3197 413 3226 p.
430 3187 497 3219 133.

1251 3142 1264 3162 -”
1286 3143 1395 3172 {ivm-sl.
1416 3143 1490 3180 x1V,
1509 3142 1582 3174 ltmt
1601 3144 1638 3173 tle
1655 3144 1731 3174 testo
1748 3142 1777 3172 S.
1796 3142 1927 3181 losephi,
1943 3145 2047 3172 notat:
2069 3152 2082 3170 α
2098 3140 2158 3172 Sed

1212 3183 1283 3223 quia
1301 3185 1433 3215 tortasse
1451 3185 1609 3216 Decretum
1627 3184 1700 3216 illud
1723 3183 1905 3215 executione
1921 3183 2031 3221 caruit,
2047 3182 2094 3214 vel
2108 3191 2155 3214 ce—
