2241 3473
673 179 810 208 stvE
833 179 887 206 AD
908 176 1195 205 PRAESENTEM
1219 175 1423 204 AETATEM

80 254 368 287 succresceret.
402 250 529 292 Quum
570 253 624 289 ita
665 265 717 300 se,
749 265 813 290 res
849 253 1024 296 liaberet,

1890 160 1970 201 407

1122 252 1180 289 89.
1200 251 1251 287 In
1269 249 1465 287 Hibernia
1478 270 1517 277 —-
1533 247 1824 286 catholicorum
1847 249 1972 283 status
1986 247 2025 282 in

80 303 262 340 Pontifex
305 305 505 351 negotium
548 307 621 343 hoc
663 307 704 343 S.
740 307 788 342 R.
823 307 1024 343 Ecclesiae
1079 305 1270 342 Hibernia
1295 302 1555 352 deplorandus
1581 306 1654 338 est.
1675 300 2027 337 Pulcherrimasil-

80 357 350 395 cardinalibus
375 387 382 402 ,
411 359 519 396 Fidei
547 360 833 408 Propagandae
863 371 1024 408 praepo-

80 411 191 454 sitis,
217 411 473 459 undequaque
500 413 784 450 discutiendum
817 414 1026 457 commisit,

80 468 293 512 eorumque
321 466 515 502 sententia
556 467 595 502 in
637 472 819 514 suscepto
865 467 1025 503 consilio

81 517 182 554 Eum
216 519 344 565 magis
385 520 587 566 magisque
628 520 889 556 confirmavit.
927 521 1025 556 Dum

81 581 177 607 vero
205 571 290 618 lpse
311 572 359 607 ad
377 583 473 619 opus
497 573 560 608 diu
580 573 823 620 multumque
851 579 1026 620 optatum

81 623 362 661 absolvendum
391 637 432 661 se
461 626 689 673 pervenisse
718 626 953 669 laetabatur,
980 627 1027 663 ad

85 688 271 714 coronam
299 678 471 715 iustitiae
500 679 767 727 recipiendam
795 690 818 715 a
844 679 944 716 iusto
970 681 1027 716 Iu-

85 731 170 767 dice
199 730 415 768 advocatus
441 732 525 768 fuit.

129 784 240 826 Quod
267 784 360 821 Pius
386 786 440 821 IX
460 787 652 833 perficere
670 798 747 822 non
767 787 905 834 potuit,
925 788 1028 824 Deus

82 837 247 884 largitus
272 843 332 874 est
358 839 479 875 Leoni
507 840 594 875 XIII
617 867 625 881 ,
651 844 694 875 ut
720 840 773 876 ita
799 852 1025 888 supremum

80 890 372 935 Pontificatum,
389 904 503 940 quem
532 892 570 928 in
598 898 707 929 tanta
725 898 948 941 temporum
965 906 1028 930 ca-

81 944 258 982 lamitate
286 946 487 992 trepidans
505 947 692 993 suscepit,
714 947 840 983 fausto
860 948 1025 995 quodam

79 998 202 1035 veluti
229 999 358 1036 omine
385 1000 627 1047 auspicaret.
663 999 916 1048 Quapropter
944 1002 1026 1038 sine

81 1063 195 1089 mora
221 1052 296 1088 hoc
323 1053 523 1100 negotium
554 1054 776 1090 executioni
809 1055 1027 1098 mandavit,

83 1110 124 1142 et
149 1107 312 1143 Litteris
330 1107 568 1153 Apostolicis
585 1107 649 1142 Ea:
666 1118 845 1154 supremo
862 1137 870 1152 ‚
889 1109 946 1143 1v⁰
964 1119 1030 1143 110-

80 1170 152 1196 nas
178 1161 311 1196 martii
341 1161 430 1197 1878
452 1189 461 1202 ,
489 1161 767 1196 Hierarchiam
802 1161 1028 1198 Ordinario-

81 1225 168 1250 rum
194 1215 480 1262 Episcoporum
498 1243 506 1257 ,
535 1214 597 1261 qui
633 1225 657 1250 a
683 1214 846 1250 Sedibus
882 1227 1028 1252 nuncu-

80 1272 246 1315 pantur,
274 1267 312 1302 in
339 1267 471 1304 Scotia
496 1268 675 1304 instituit.
704 1268 829 1303 Porro
866 1281 935 1305 sex
961 1281 1029 1304 nu—

80 1332 191 1357 mero
218 1321 340 1358 Sedes
366 1322 405 1356 in
431 1332 636 1368 praesens,
662 1325 705 1358 ut
731 1322 816 1369 ipse
843 1322 1026 1359 Pontifex

79 1374 148 1418 ait,
167 1374 379 1422 erigendas
404 1386 548 1422 easque
576 1387 624 1411 ex
643 1387 746 1411 nunc
766 1380 922 1412 erectas
940 1389 1028 1414 esse

78 1428 214 1472 voluit,
243 1428 426 1464 nimirum
452 1427 495 1464 S.
514 1428 701 1464 Andreae
728 1441 817 1465 cum
845 1429 1028 1466 adluncto

79 1481 190 1518 titulo
225 1481 453 1528 Edenbar·9i
474 1511 482 1525 ‚
516 1481 795 1528 Glasgqaensem
817 1511 825 1526 ,
856 1483 1031 1520 Aberdo-

78 1535 584 1578 nensem,Dunkelclensem,
596 1535 803 1572 Candiclae
816 1537 947 1573 Casae
963 1549 1028 1574 seu

81 1588 430 1633 Gallocidianam‚
465 1601 539 1625 nec
578 1601 654 1624 non
682 1589 968 1636 Ergsadiensem
996 1594 1030 1627 et

80 1642 328 1678 Insularunz.
355 1643 552 1679 Recolens
579 1648 711 1678 autem
739 1643 922 1680 Pontifex
947 1645 1030 1681 illu-

78 1697 177 1732 stria
208 1696 356 1733 veteris
389 1708 421 1732 s.
449 1696 634 1733 Andreae
662 1697 868 1733 Ecclesiae
895 1709 1029 1734 monu-

80 1754 216 1786 menta
236 1779 244 1794 ,
279 1750 488 1798 habitaque
530 1751 685 1787 ratione
728 1750 944 1788 hodiernae
986 1752 1028 1788 il-

81 1803 154 1840 lius
186 1804 298 1851 regni
333 1804 524 1851 principis
559 1804 751 1847 civitatis,
779 1804 943 1852 aliisque
971 1816 1032 1842 ra-

81 1858 252 1894 tionibus
284 1858 517 1905 perpensis,
551 1868 627 1893 non
666 1858 814 1906 potuit,
849 1859 937 1906 quin
966 1871 1026 1896 ce-

83 1909 234 1948 lebrem
273 1911 380 1947 illam
420 1911 560 1948 Sedem
604 1912 652 1948 ad
696 1912 1030 1960 Metropolitanae

81 1976 151 2001 seu
191 1965 550 2012 Archiepiscopalis
587 1965 791 2012 dignitatis
833 1967 998 2012 gradum
1021 1997 1029 2012 ‚

81 2018 235 2055 adiecto
262 2018 488 2065 Edenburgi
519 2019 631 2055 titulo
649 2047 657 2063 ,
686 2020 929 2063 restitueret,
956 2032 1029 2067 quo

82 2078 202 2109 antea
235 2083 258 2108 a
285 2073 393 2109 Sixto
421 2073 472 2108 IV
501 2073 689 2109 decorata
715 2073 857 2114 fuerat,
887 2073 1030 2110 eidem-

80 2138 153 2174 que
179 2127 455 2173 suftraganeas
481 2131 648 2174 quatuor
674 2138 722 2163 ex
742 2128 1031 2174 praenuntiatis

80 2180 236 2216 sedibus
264 2180 500 2227 adsignavit,
531 2192 674 2227 nempe
701 2180 1030 2224 Aberdonensem,

80 2233 410 2278 Danlceldensem,
426 2234 635 2270 Candidae
653 2234 782 2270 Casae
799 2245 865 2269 sea
895 2234 1029 2270 Gallo-

81 2286 297 2326 melianum,
315 2287 600 2335 Ergadiensem
617 2290 653 2322 et
668 2287 914 2332 Insalaram;
930 2288 1029 2335 quod

83 2352 180 2376 vero
207 2341 255 2377 ad
282 2341 568 2388 Glasguensem
596 2341 730 2377 sedem
759 2342 915 2384 attinet,
943 2353 1032 2377 con-

83 2394 257 2431 siderata
278 2394 380 2430 illius
400 2395 569 2431 civitatis
595 2399 807 2437 vetustate,
827 2395 934 2430 illam
951 2397 1029 2432 Leo

87 2447 158 2496 Pp.
179 2449 269 2484 XIII
296 2449 335 2484 in
364 2450 594 2485 memoratis
613 2449 772 2485 Litteris
799 2449 847 2484 ad
866 2449 1029 2496 dignita-

88 2505 168 2538 tem
195 2501 588 2549 Archiepiscopalem
617 2503 763 2538 evexit.

129 2555 229 2591 Rem
257 2555 371 2591 istam
400 2556 561 2591 maximi
588 2555 772 2603 ponderis
794 2555 860 2591 vix
878 2556 1029 2603 aliquae

84 2608 358 2655 ephemerides
385 2614 651 2656 protestantes
685 2609 867 2645 mordere
910 2620 1029 2646 ausae

83 2665 190 2705 sunt,
207 2661 453 2698 affirmantes
471 2662 701 2698 Britanniae
718 2663 804 2697 iura
820 2662 921 2698 laedi
940 2662 1030 2698 dum

84 2720 400 2762 agnoscerentur
426 2716 609 2763 Episcopi
652 2727 866 2762 eorumque
893 2715 1027 2752 Sedes.

86 2769 141 2805 At
166 2768 310 2805 iamdiu
338 2768 407 2804 bill
435 2769 637 2805 titulorum
673 2769 1030 2805 ecclesiasticorum

85 2821 276 2859 eiusmodi
305 2822 458 2868 legibus
485 2823 769 2869 oppositionem
803 2823 1031 2866 sustulerat,

86 2875 294 2912 declarans
322 2875 423 2922 apud
450 2876 691 2912 Gubernium
719 2875 962 2912 solummodo
986 2877 1029 2913 ti—

88 2929 188 2965 tulos
216 2929 464 2976 episcopales
491 2929 666 2965 adhiberi
693 2941 769 2965 non
795 2940 922 2976 posse.
942 2929 1031 2970 Qui-

86 2983 191 3018 nimo
219 2982 482 3025 incrementa,
509 2993 608 3029 quae
634 2982 804 3029 quotidie
831 2983 973 3030 accipit
992 2984 1030 3019 in

85 3035 295 3072 Britannia
314 3035 548 3071 catholicum
566 3047 709 3072 nomen
727 3048 836 3083 spem
856 3047 931 3072 non
951 3049 1030 3073 mo-

86 3089 213 3125 dicam
247 3089 423 3131 faciunt,
457 3089 540 3124 fore
572 3094 614 3124 ut
647 3101 759 3136 quam
796 3094 964 3137 primum
993 3096 1032 3127 et

86 3143 238 3178 Romae
264 3141 367 3188 apud
394 3142 435 3177 S.
463 3141 603 3178 Sedem
630 3143 776 3179 Orator
802 3143 1030 3180 Britanniae

87 3195 265 3242 Reginae
292 3194 478 3237 resideat,
497 3199 536 3231 et
554 3196 718 3232 Londini
736 3198 904 3233 Nuntius
922 3197 1032 3233 Sum-

88 3249 141 3284 mi
167 3248 370 3285 Pontificis
400 3254 571 3285 maneat.

1080 359 1137 395 las
1165 359 1348 406 regiones
1374 361 1517 393 natura
1535 355 1770 397 uberrimas,
1797 354 1923 390 sames
1949 357 2025 389 sta-

1079 413 1127 448 tis
1165 412 1404 458 temporibus
1428 410 1624 447 devastat.
1653 408 1902 444 Incommoda
1927 407 2026 443 haec

1081 465 1228 512 legibus
1246 494 1254 508 ,
1288 475 1388 512 quae
1422 474 1525 500 nunc
1558 463 1608 498 ibi
1633 462 1782 509 vigent,
1811 465 1902 497 sunt
1927 461 2027 496 refe-

1082 519 1219 562 renda;
1247 529 1336 554 nam
1363 518 1535 553 virorum
1564 517 1721 552 fortium
1742 515 1904 551 brachia
1921 514 2026 549 domi

1081 576 1289 615 enervant,
1316 572 1450 619 eisque
1477 581 1593 607 sensu
1619 569 1754 605 salutis
1781 573 1820 605 et
1833 568 2025 604 securita-

1080 626 1127 662 tis
1154 626 1307 662 sublato
1325 654 1333 668 ,
1362 636 1471 672 spem
1499 634 1653 660 omnem
1680 622 1894 658 tolerabilis
1919 621 2026 658 vitae

1079 684 1118 716 ct
1146 680 1251 715 vires
1278 679 1466 715 adimunt.
1498 678 1577 721 Ita,
1604 677 1763 713 ineunte
1791 686 1892 711 anno
1921 676 2026 718 1847,

1079 745 1195 781 quum
1224 733 1439 769 Hiberniae
1468 742 1634 778 regnum
1663 730 1703 765 in
1729 740 1946 777 permagna
1968 729 2027 765 rei

1079 786 1363 822 frumentariae
1382 786 1651 833 inopia‚atque
1669 784 1707 819 in
1726 787 1948 818 ceterarum
1968 794 2030 818 re-

1079 852 1167 876 rum
1187 839 1235 875 ad
1255 839 1444 875 allmenta
1462 837 1746 886 suppeditanda
1764 837 2028 884 spectantIum

1080 893 1248 930 caritate
1274 898 1521 934 versaretur,
1549 897 1730 928 extrema
1748 889 1917 926 accessit
1933 900 2023 935 ege·

1079 952 1180 989 stas,
1205 958 1281 994 qua
1307 946 1471 994 populus
1507 946 1612 981 fame
1646 944 1852 980 tabescens
1873 971 1882 986 ,
1910 947 2029 979 teter-

1080 1001 1179 1036 rima
1197 1002 1422 1036 morborum
1442 999 1609 1035 colluvie
1627 1010 1676 1034 ex
1694 998 1868 1033 ciborum
1897 996 2030 1043 inopia

1079 1058 1285 1090 contracta
1311 1054 1580 1101 premebatur.
1599 1053 1651 1088 At
1671 1052 1764 1087 Pius
1791 1050 1862 1097 Pp.
1893 1050 1948 1086 IX
1974 1050 2030 1085 in-

1078 1109 1218 1144 sistens
1232 1107 1413 1154 vestigiis
1427 1106 1680 1143 decessorum
1694 1115 1872 1148 suorum,
1888 1103 1951 1150 qui
1962 1114 2024 1149 po-

1078 1161 1270 1197 tissimum
1300 1166 1476 1207 tempore
1495 1158 1693 1196 Guilielmi
1719 1158 1768 1194 III
1798 1162 1837 1193 et
1861 1156 2027 1204 reginae

1079 1215 1218 1250 Annae
1246 1214 1458 1251 Hiberniae
1485 1213 1594 1260 genti
1621 1211 1820 1258 suppetias
1839 1211 2026 1254 tulerant,

1078 1267 1126 1303 ad
1161 1268 1244 1304 eius
1278 1268 1482 1304 miseriam
1517 1265 1799 1303 sublevandam
1831 1268 1912 1300 tum
1941 1275 2030 1310 pro-

1078 1323 1203 1368 priam
1233 1322 1440 1368 pecuniam
1460 1349 1468 1364 ‚
1497 1324 1577 1356 tum
1606 1330 1695 1355 eam
1714 1348 1722 1363 ,
1749 1329 1849 1366 quae
1875 1318 2027 1354 Romae

1079 1376 1248 1411 collecta
1273 1375 1419 1416 fuerat,
1444 1374 1649 1422 impendit;
1669 1373 1757 1409 dein
1785 1372 1873 1408 V111⁰
1902 1371 2029 1407 calen-

1077 1429 1146 1465 das
1161 1429 1295 1476 aprilis
1311 1429 1627 1475 1847‚epistolam
1639 1426 1892 1475 Encyclicam
1904 1425 2030 1460 Prae-

1076 1481 1298 1518 decessores
1326 1484 1478 1518 nostros
1505 1481 1554 1517 ad
1580 1492 1719 1516 omnes
1737 1480 1942 1527 episcopos
1960 1478 2032 1514 mi-

1076 1536 1152 1579 sit,
1184 1547 1261 1583 qua
1287 1536 1343 1572 eis
1370 1535 1408 1570 in
1435 1535 1668 1571 memoriam
1696 1544 1890 1570 revocans
1915 1533 2025 1569 sedu-

1076 1589 1156 1625 lum
1196 1590 1364 1625 studium
1391 1589 1662 1624 Romanorum
1694 1587 1927 1623 Pontificum
1955 1598 2026 1634 pro

1078 1643 1240 1689 publicis
1266 1643 1479 1680 Christiani
1502 1642 1634 1689 populi
1653 1641 1942 1677 calamitatibus
1958 1640 2028 1675 im-

1078 1696 1297 1732 minuendis
1311 1699 1337 1739 1,
1362 1696 1464 1732 illius
1489 1695 1619 1743 gentis
1653 1695 1693 1730 in
1723 1694 1942 1730 catholicae
1969 1705 2028 1730 re-

1078 1750 1234 1797 ligionis
1253 1749 1501 1797 professione
1516 1748 1842 1791 constantiam,et
1862 1748 2028 1795 egregia

1077 1815 1176 1850 erga
1200 1803 1420 1839 Ecclesiam
1440 1803 1582 1839 merita
1598 1802 1779 1845 laudans,
1798 1813 1935 1837 omnes
1953 1802 2026 1837 Ec-

1079 1857 1222 1894 clesiae
1242 1863 1422 1904 pastores
1440 1857 1621 1892 hortatus
1642 1860 1715 1899 est,
1733 1859 1776 1891 ut
1794 1855 1957 1902 publicis
1972 1855 2026 1890 in-

1078 1910 1191 1946 dictis
1218 1911 1399 1957 precibus
1430 1910 1556 1946 Deum
1575 1909 1934 1946 misericordiarum
1954 1908 2028 1944 Pa-

1079 1967 1181 2000 trem
1209 1964 1424 2000 Hiberniae
1443 1963 1550 2011 genti
1570 1963 1782 1999 redderent
1801 1962 2026 2009 propitium.

1079 2017 1256 2064 Denique
1287 2017 1564 2065 eleemosynae
1597 2017 1742 2052 virtute
1778 2020 1818 2052 et
1843 2015 2029 2052 uberibus

1078 2070 1270 2106 fructibus
1306 2069 1612 2112 commendatis,
1641 2070 1746 2116 ipsos
1770 2068 2029 2105 vehementer

1080 2124 1271 2166 incitavit,
1286 2128 1330 2159 ut
1347 2125 1689 2171 eleemosynarum
1710 2122 1941 2169 largitiones
1957 2133 2026 2169 pro

1081 2177 1217 2214 eodem
1233 2178 1445 2214 Hibernico
1461 2178 1601 2226 populo
1617 2176 1937 2223 colligerent.Sic
1953 2187 2027 2223 quo

1083 2233 1213 2268 acrius
1229 2237 1288 2268 est
1301 2232 1603 2279 protestantium
1619 2232 1656 2267 in
1673 2231 1868 2267 Hibernos
1882 2230 2025 2273 odium,

1083 2297 1130 2321 eo
1149 2287 1381 2333 propensior
1400 2290 1460 2323 est
1476 2286 1515 2321 in
1534 2297 1602 2322 eos
1617 2285 1897 2321 catholIcorum
1915 2294 2026 2330 prae-

1083 2338 1193 2385 cipue
1220 2350 1315 2374 vero
1343 2339 1520 2374 Pastoris
1546 2338 1781 2374 universalis
1809 2337 1993 2373 charitas-

1130 2393 1170 2427 In
1191 2393 1506 2438 praesentiarum
1522 2403 1616 2427 vero
1633 2392 1894 2427 Hibernorum
1911 2401 2024 2436 gens,

1083 2457 1103 2481 e
1129 2450 1296 2481 veterno
1323 2457 1397 2493 quo
1424 2446 1630 2482 tenebatur
1657 2455 1869 2492 exui²genS‚
1894 2443 2024 2490 legum

1128 2573 1137 2594 1
1164 2571 1198 2603 Id
1225 2571 1257 2603 in
1288 2574 1461 2603 memorata
1480 2569 1644 2611 encyclica
1668 2568 1852 2601 declaratur
1877 2572 2022 2601 veterum

1082 2625 1210 2658 quoque
1237 2621 1413 2658 temporum
1441 2615 1670 2647 monumentis.
1696 2612 1896 2646 Testimonio
1921 2615 2025 2651 Euse-

1082 2662 1122 2694 bii
1141 2663 1227 2695 Hist.
1246 2663 1338 2695 Eccl.
1359 2661 1432 2703 (lib.
1453 2661 1503 2699 lV,
1525 2670 1554 2693 c.
1570 2661 1626 2698 23,
1640 2661 1716 2693 edit.
1737 2660 1952 2701 Cantabrig.)‚
1973 2659 2025 2691 ubi

1083 2718 1185 2741 sermo
1211 2713 1260 2741 est
1287 2709 1323 2740 de
1349 2707 1492 2747 Dionysii
1517 2706 1759 2739 Corinthiorum
1786 2706 1936 2747 Episcopi
1956 2706 2025 2746 epi-

1083 2755 1167 2786 stola
1193 2754 1231 2786 ad
1257 2754 1401 2786 Soterem
1428 2751 1604 2784 Romanum
1635 2751 1833 2789 Pontificem,
1852 2760 1914 2792 qua
1932 2751 2024 2789 dicit,

1084 2799 1153 2831 iam
1186 2799 1265 2832 inde
1290 2809 1309 2831 α
1335 2798 1507 2839 νείἱῃίοηίε
1533 2797 1668 2830 exordio
1685 2822 1693 2836 ,
1719 2798 1823 2829 solere
1849 2798 2023 2829 Romanam

1086 2845 1259 2878 Ecclesiam
1284 2845 1322 2876 ad
1340 2844 1541 2876 Cnmtianos
1559 2843 1752 2875 necessaria
1769 2843 1859 2874 vitae
1875 2841 2023 2874 subsidia

1083 2890 1342 2927 transmittere;
1375 2892 1405 2921 el
1437 2889 1529 2921 hunc
1563 2888 1704 2921 modum
1731 2897 1751 2920 a
1779 2888 1893 2920 Sotere
1919 2887 2024 2919 Beato

1083 2937 1242 2978 Episcopo
1261 2936 1448 2968 adauctum
1464 2944 1546 2967 esse.
1565 2935 1649 2966 Idem
1671 2934 1829 2966 Eusebius
1843 2933 1945 2976 (Hist.
1961 2933 2027 2965 Ec-

1083 2983 1123 3014 cl.
1146 2982 1200 3013 lib.
1223 2981 1288 3019 Vll,
1306 2989 1334 3013 c.
1356 2980 1389 3022 5)
1409 2984 1633 3014 commemorat
1653 2980 1794 3020 Dionysii
1814 2978 2025 3011 Alexandrini

1085 3027 1232 3068 Episcopi
1252 3027 1418 3067 epistolum
1436 3027 1472 3058 ad
1492 3026 1688 3066 Stephanum
1706 3025 1733 3062 I,
1751 3025 1952 3063 Pontificem,
1970 3024 2025 3066 qui

1083 3073 1126 3105 ad
1160 3072 1280 3113 Syriae
1307 3072 1521 3114 provinciam
1555 3080 1634 3103 cam
1661 3068 1800 3107 Arabia,
1832 3070 2025 3102 necessaria

1084 3118 1225 3151 subsidia
1253 3118 1395 3149 miserat.
1424 3117 1480 3150 Est
1505 3117 1600 3148 etiam
1627 3127 1654 3148 s.
1682 3116 1792 3148 Basilii
1820 3116 1962 3158 epistola
1987 3115 2025 3147 ad

1084 3174 1110 3196 s.
1139 3162 1461 3204 Damasum-Papam,
1487 3171 1550 3203 qua
1573 3162 1675 3194 refert
1700 3161 1841 3193 subsidia
1870 3171 1887 3194 a
1904 3171 1931 3193 s.
1953 3161 2026 3193 Dio-

1084 3210 1173 3250 nysio
1197 3208 1354 3241 Pontifice
1380 3208 1417 3239 ad
1445 3207 1621 3240 Ecclesiam
1646 3206 1895 3240 Caesareensem
1914 3207 2021 3240 missa.

1088 3254 1171 3298 (vid.
1191 3257 1267 3287 tom.
1294 3253 1341 3285 111
1371 3252 1450 3295 Opp.
1476 3253 1554 3286 edit.
1580 3253 1758 3291 Maurinae‚
1785 3253 1844 3295 Ep.
1873 3253 1944 3296 70.)
