2241 3473
784 138 909 170 VSQVE
929 137 982 165 AD
1002 135 1190 164 AETATEM
1217 136 1362 164 CAROLI
1392 136 1434 165 M.

1925 125 1997 164 197

132 203 341 254 composita
356 202 429 240 fuit
443 203 514 240 sub
527 202 714 241 Zacharia
729 202 905 253 Gregorii
920 202 976 240 111
989 213 1069 240 suc·
1088 199 1091 251 ξ
1111 200 1334 239 Diaconus1.
1351 200 1520 239 Indulsit
1535 210 1688 250 quoque
1702 198 1906 237 Casinense
1921 210 2050 238 mona-

132 268 283 296 cessore
304 256 329 294 ¹.

1088 258 1091 299 1
1110 254 1274 292 sterium
1295 266 1383 292 cum
1403 253 1580 292 omnibus
1600 252 1709 291 cellis
1728 252 1798 290 sibi
1819 252 2051 301 pertinenti-

182 310 243 348 62.
265 310 306 347 S.
328 309 553 346 Zacharias
576 307 776 359 Pontz'feae
799 309 884 358 (an.
906 306 1001 357 741)
1022 330 1067 335 -
1088 304 1091 335 ἱ
1111 307 1181 345 bus
1196 337 1205 353 ,
1243 307 1473 357 ubicumque
1502 310 1695 345 terrarum
1723 305 1974 352 constructis,
2003 305 2052 343 ab

131 363 235 402 Obiit
253 374 283 400 s.
305 363 515 410 Gregorius
536 363 589 400 III
606 367 663 399 1x'0
679 361 757 401 kal.
772 362 986 400 decembris
1002 373 1067 398 an·
1090 374 1091 377 ¹
1111 361 1282 397 omnium
1304 360 1579 410 Episcoporum
1608 359 1751 397 ditione
1773 370 1856 397 esse
1875 358 2052 405 liberum3

132 428 180 454 no
198 415 288 460 741,
313 427 429 464 quum
452 416 500 454 10
520 427 640 454 annos
659 419 699 453 ct
713 416 737 453 8
755 427 904 453 menses
921 425 1068 452 summo
1114 412 1170 450 ita
1188 415 1231 450 ut
1253 413 1396 450 nullius
1417 414 1489 450 iuri
1507 413 1737 460 subiaceret,
1749 411 1822 450 nisi
1841 411 1959 450 solius
1981 411 2055 449 Ro-

131 468 356 518 pontificatu
388 469 541 506 functus
571 472 680 507 esset.
709 467 903 506 Successit
931 467 966 504 ei
993 468 1068 504 Za·
1116 465 1220 502 mani
1241 466 1446 504 Pontificis
1463 465 1489 504 ².

132 522 283 559 charias
302 522 458 559 natione
479 534 652 570 graecus,
672 522 735 570 qui
755 521 878 570 pridie
900 519 977 557 kal.
998 520 1067 556 de-

1166 518 1331 555 Sanctus
1352 518 1532 556 Pontifex
1552 519 1599 556 de
1618 518 1856 557 restituenda
1878 517 2053 566 discipli-

131 576 296 612 cembris
316 575 484 612 eiusdem
509 575 597 612 anni
616 574 797 612 Pontifex
815 574 1069 620 inauguratus
1113 581 1162 606 na
1189 570 1452 608 ecclesiastica
1480 571 1690 618 sollicitus,
1712 583 1772 610 an.
1802 571 1879 609 743
1905 571 2055 609 Romae

131 631 189 666 est
204 627 232 674 ²,
251 632 289 666 et
319 639 437 676 usquc
464 628 510 665 ad
531 639 592 665 an.
613 627 690 664 752
716 627 823 664 Petri
845 625 1068 662 cathedram

131 682 346 730 occupavit.
376 680 466 718 Fuit
494 681 524 717 is
554 680 656 717 vitae
684 680 889 717 sanctitate
926 682 965 715 et
1001 678 1067 715 do-

133 736 258 771 ctrina
277 735 415 771 clarus.

185 787 280 825 Mox
297 798 382 824 cum
400 785 633 834 Luitprando
651 785 998 836 Longobardorum
1014 796 1067 821 re·

131 851 178 888 ge
194 840 241 877 de
257 838 495 877 restituenda
511 850 602 887 pace
619 839 720 887 egit3
735 850 882 887 suaque
899 838 1068 887 pruden-

131 893 186 931 tia
206 897 244 930 et
264 891 480 940 eloquentia
506 892 679 929 animum
700 892 782 929 eius
802 893 858 929 ita
877 891 1008 937 flexit,
1029 894 1070 927 ut

133 957 200 983 rex
220 947 244 983 4
264 945 454 990 civitates,
476 956 571 993 quas
589 945 627 982 in
649 945 828 982 Romano
848 946 992 982 ducatu
1013 956 1070 981 oc-

132 996 313 1048 cuparat,
342 1010 477 1047 nempe
506 998 703 1035 Ameriam
720 1028 728 1044 ,
750 999 934 1042 Hortam,
960 997 1068 1034 Poli-

132 1052 315 1089 martium
336 1055 376 1089 et
395 1051 549 1089 Bleram
571 1051 617 1088 R.
642 1052 820 1089 Pontifici
842 1051 1069 1096 reddiderit,

133 1106 345 1142 Sabinense
372 1104 525 1153 aliaque
547 1105 594 1142 R.
617 1104 813 1143 Ecclesiae
833 1105 1069 1154 patrimonia

133 1158 348 1196 restituerit
369 1162 408 1195 et
426 1169 511 1194 cum
532 1157 671 1194 ducatu
688 1158 863 1196 Romano
881 1170 1013 1207 pacem
1029 1158 1066 1194 in

134 1223 253 1249 annos
280 1211 330 1249 20
359 1209 651 1248 confirmaverit
662 1209 687 1248 ³.
710 1211 828 1248 Brevi
848 1214 934 1260 post
955 1211 1068 1248 Luit-

133 1264 303 1314 prandus
323 1275 432 1300 arma
447 1264 601 1312 paravit
615 1265 662 1301 ad
679 1266 944 1313 occupandum
960 1276 1071 1302 exar-

132 1318 286 1355 chatum
323 1317 675 1354 Ravennatensem.
706 1317 920 1367 Eutychius
949 1329 1067 1355 exar-

133 1371 237 1415 chus,
258 1370 420 1407 Ioanncs
440 1370 761 1419 archiepiscopus,
782 1372 962 1420 civesque
984 1372 1068 1408 Ra-

132 1434 295 1468 vennae,
318 1422 564 1471 Pentapolis4
585 1427 624 1460 et
645 1424 833 1461 AEmiliae
853 1424 1068 1461 communi-

133 1477 201 1514 bus
221 1476 401 1525 precibus
416 1476 623 1513 Zachariae
643 1478 710 1526 Pp.
729 1477 918 1515 auxilium
933 1478 1067 1526 implo-

131 1534 291 1575 rarunt,
321 1533 365 1567 ut
394 1529 544 1566 afflictis
574 1531 690 1567 rebus
718 1532 914 1580 suppetias
935 1531 1066 1568 ferret.

132 1582 311 1620 Pontifex
322 1593 456 1620 rursus
467 1582 750 1631 Luitprandum
762 1585 956 1630 convenit,
967 1597 1069 1621 eum-

131 1647 204 1684 que
245 1636 419 1684 precibus
454 1639 493 1673 et
528 1637 743 1674 rationibus
772 1639 819 1674 ab
849 1638 1069 1686 occupando

130 1690 347 1727 exarchatu
384 1689 574 1726 deterruit
595 1689 620 1727 ⁵.
651 1690 905 1728 Illustriorem
943 1691 1070 1728 adhuc

132 1742 338 1780 victoriam
369 1743 503 1779 retulit
533 1743 578 1779 de
598 1744 802 1790 Rachisio,
823 1745 888 1793 qui
909 1756 968 1781 an.
995 1745 1070 1781 744

132 1796 475 1845 Longobardorum
496 1807 568 1833 rex
597 1796 760 1841 electus,
782 1809 917 1846 pacem
938 1798 1071 1834 vicen-

133 1849 280 1895 nalem,
310 1861 333 1886 a
361 1849 599 1898 Luitprando
627 1862 714 1887 cum
735 1851 922 1888 Romanis
942 1851 1070 1888 sanci-

130 1905 224 1948 tam,
241 1902 413 1951 infregit,
430 1901 676 1951 Pentapolim
694 1905 992 1952 praedabundus
1008 1904 1070 1941 in-

131 1955 234 1992 vasit
267 1959 305 1993 et
339 1955 544 1992 Perusiam
583 1956 777 1994 obsidione
810 1957 940 1996 cinxit.
972 1958 1070 1994 Eum

130 2009 224 2046 adiit
242 2008 538 2058 Zacharias-Pp.
553 2038 562 2055 ,
582 2012 621 2046 et
642 2022 716 2046 non
739 2012 896 2048 tantum
922 2012 970 2059 ad
990 2011 1070 2048 sol-

131 2062 294 2099 vendam
307 2061 541 2100 obsidionem
554 2066 592 2100 et
605 2063 818 2101 reddendas
834 2065 960 2110 urbes,
974 2076 1070 2112 quas

132 2118 355 2164 occuparat,
376 2115 578 2164 perduxit,
599 2116 666 2153 sed
686 2117 805 2155 sacris
826 2118 1070 2155 adhortatio-

134 2169 245 2206 nibus
273 2172 427 2206 tantum
455 2180 585 2206 rerum
605 2171 851 2208 terrenarum
872 2170 1069 2208 fastidium

130 2221 350 2271 inspiravit,
372 2225 414 2259 ut
428 2222 635 2260 Rachisius
655 2234 754 2260 anno
770 2224 846 2261 749
862 2235 982 2273 regno
999 2225 1071 2261 ab-

132 2274 276 2321 dicato,
306 2287 396 2312 cum
426 2287 544 2312 uxore
573 2275 716 2314 Thesia
737 2279 776 2314 et
796 2277 875 2314 filia
894 2278 1071 2315 Ratrude

133 2328 385 2367 monasticum
415 2340 443 2365 s.
465 2329 665 2366 Benedicti
686 2329 906 2368 institutum
926 2330 1071 2379 profes-

132 2391 197 2418 sus
215 2381 285 2427 sit,
309 2381 374 2419 ille
393 2382 432 2418 in
452 2381 649 2419 Casinensi
670 2384 916 2429 monasterie,
939 2385 1011 2421 hae
1034 2385 1072 2422 in

133 2434 325 2483 virginum
344 2435 538 2481 coenobio,
558 2435 658 2483 quod
680 2448 753 2473 non
774 2437 909 2485 procul
929 2449 951 2474 a
972 2438 1073 2474 Casi-

134 2499 181 2524 no
204 2488 418 2536 sumptibus
430 2488 506 2526 suis
527 2488 826 2528 extruxerunt⁶.
841 2490 947 2528 Idem
966 2492 1070 2528 Pon-

133 2539 232 2579 tifex·
261 2541 376 2578 libros
402 2541 671 2590 Dialoglorum
699 2543 737 2580 S.
759 2543 937 2592 Gregorii
967 2543 1018 2580 M.
1053 2555 1073 2580 e

132 2592 253 2632 latino
280 2594 317 2631 in
338 2605 520 2643 graecum
542 2595 757 2642 convertit,
782 2597 918 2634 scribit
941 2597 1071 2635 loann.

174 2736 185 2757 1
203 2735 339 2773 saudim,
359 2734 449 2765 Vitae
461 2732 522 2765 ΗΒ.
541 2732 747 2773 Pontificum,
767 2733 944 2774 Greqorius
961 2735 1011 2767 Ill.

172 2776 186 2798 Ξ
201 2778 415 2808 Brevissimum
425 2777 481 2806 hoc
495 2776 703 2813 interregnum
717 2777 924 2815 ostendit,nec
939 2778 1071 2816 petitam,

134 2825 191 2850 nec
205 2821 398 2858 expectatam
414 2817 453 2848 ab
469 2816 601 2847 exarcho
616 2816 792 2848 Ravennate
807 2818 1074 2850 confirmationem

135 2859 312 2891 Pontificiae
334 2859 506 2896 electioniS‚
523 2862 551 2889 et
569 2858 734 2901 Romanam
757 2859 926 2890 Ecclesiam
951 2860 1073 2891 demum

136 2901 319 2932 vindicatam
343 2902 372 2932 in
396 2900 580 2931 libertatem.
603 2899 694 2928 Cuius
716 2898 760 2929 rei
783 2900 896 2931 indicio
919 2905 990 2932 sunt
1012 2902 1074 2933 ele-

136 2942 252 2973 ctiones
269 2951 390 2983 quoque
403 2950 518 2977 eorum,
535 2941 586 2980 qui
609 2938 770 2970 Pontifices
795 2941 917 2973 suerunt
932 2947 1002 2982 post
1017 2945 1076 2974 Za-

137 2983 280 3015 chariam.

175 3025 190 3047 ³
205 3026 308 3056 Anasi.
330 3024 415 3058 Vitae
433 3022 493 3055 ΠΗ.
512 3021 638 3061 Pontis„
653 3021 834 3053 Zacharias.

1110 624 1303 670 synodum
1324 624 1552 671 celebravit,
1572 625 1632 662 cui
1653 625 1916 662 interfuerunt
1938 624 1988 661 40
2012 636 2054 660 e-

1111 675 1275 724 piscopi,
1296 676 1502 725 multisque
1522 678 1784 726 praesbyteris
1808 680 1847 715 et
1869 676 2054 715 diaconis.

1115 728 1229 766 Edita
1244 729 1282 765 in
1299 741 1346 766 ea
1362 732 1451 767 sunt
1469 730 1516 767 15
1531 730 1714 778 capitula,
1730 731 1768 767 in
1790 731 1928 779 quibus
1947 741 2055 780 prae-

1112 784 1173 818 ter
1193 781 1269 819 alia
1292 782 1533 820 instauratur
1547 795 1669 820 canon
1696 783 1892 820 Nicaenus
1918 783 1965 820 de
1992 793 2056 820 ar-

1112 835 1245 872 cendis
1273 835 1503 873 mulieribus
1528 835 1830 874 subintroductis
1850 848 1873 873 a
1893 836 2056 873 clerico-

1113 899 1199 924 rum
1221 888 1510 934 contuberniis3
1539 888 1739 937 episcopis,
1753 888 1989 938 presbyteris
2018 891 2059 926 et

1116 940 1289 978 diaconis
1326 941 1576 978 interdicitur
1620 941 1774 980 habitus
1813 941 2023 980 saecularis
2044 955 2054 988 ;

1117 994 1295 1042 graviter
1313 994 1524 1041 inhibetur,
1554 1007 1601 1032 ne
1623 994 1706 1043 quis
1720 995 1923 1044 coniugem
1941 995 2058 1032 ducat

1114 1047 1399 1096 presbyteram,
1411 1048 1628 1094 diaconam,
1639 1048 1884 1094 monacham,
1895 1059 2060 1086 comma-

1112 1103 1212 1137 trem
1229 1100 1492 1149 spiritualem,
1505 1100 1789 1148 consobrinam,
1805 1104 1970 1150 neptem,
1987 1113 2059 1138 no·

1112 1165 1282 1199 vercam,
1300 1153 1433 1192 fratris
1454 1155 1612 1192 viduam
1632 1157 1700 1192 aut
1718 1155 1836 1192 aliam
1861 1166 1882 1191 e
1907 1166 1977 1192 sua
1992 1165 2059 1191 co-

1119 1206 1303 1255 gnatione
1315 1205 1342 1245 ³.

1164 1260 1271 1297 Alias
1291 1260 1405 1299 huius
1432 1260 1632 1299 Pontificis
1652 1263 1763 1311 gesta
1784 1260 1865 1298 suis
1882 1259 1975 1298 locis
1999 1260 2062 1297 in-

1116 1312 1343 1351 dicabimus.

1167 1367 1229 1404 63.
1273 1367 1604 1405 Carolomannus
1645 1372 1686 1405 et
1730 1368 1906 1415 Pz‘pz'nus
1945 1366 2065 1404 duces

1118 1420 1482 1458 Francorum—In
1500 1420 1637 1458 Galliis
1646 1421 1784 1458 Carolo
1800 1419 1985 1458 Martello
2002 1431 2064 1457 an.

1117 1473 1192 1509 741
1216 1472 1400 1511 defuncto
1414 1503 1423 1519 ,
1444 1475 1520 1511 duo
1542 1475 1628 1511 eius
1649 1474 1740 1520 filii,
1762 1474 2065 1512 Carolomannus

1116 1528 1155 1563 et
1186 1526 1365 1574 Pipinus,
1386 1527 1631 1565 Francorum
1651 1539 1712 1565 res
1733 1527 1926 1564 moderati
1946 1528 2064 1573 sunt;

1117 1580 1180 1616 hic
1200 1579 1238 1615 in
1259 1579 1448 1618 Neustria
1467 1592 1533 1617 seu
1554 1580 1721 1618 Francia
1741 1581 1916 1626 occidua,
1937 1579 2002 1617 ille
2027 1579 2065 1616 in

1118 1633 1324 1670 Austrasia
1340 1645 1408 1670 seu
1420 1634 1588 1671 Francia
1604 1633 1796 1671 orientali.
1809 1633 1935 1671 Ambo
1951 1632 2066 1681 prin-

1115 1686 1215 1734 cipes
1236 1686 1281 1723 de
1301 1687 1501 1736 republica
1521 1687 1763 1724 Francorum
1788 1687 1885 1724 bene
1906 1697 2064 1723 merue-

1116 1741 1229 1784 runt,
1250 1751 1440 1788 opemque
1469 1740 1711 1789 praeclaram
1732 1740 1983 1778 contulerunt
2002 1751 2066 1776 re-

1116 1792 1336 1830 stituendae
1354 1793 1580 1842 disciplinae
1597 1790 1900 1837 ecclesiasticae,
1913 1804 2011 1842 quae
2027 1792 2066 1829 in

1120 1845 1357 1890 Francorum
1379 1858 1498 1896 regno
1520 1849 1606 1884 erat
1621 1847 1800 1896 collapsa.

1169 1899 1231 1936 64.
1252 1899 1414 1948 Synodz·
1431 1901 1694 1945 Germanica,
1706 1901 1788 1950 Lep
1795 1901 1884 1945 tin„
1897 1904 1937 1937 et
1952 1899 2069 1937 Sues-

1121 1953 1342 1990 sz'on.——In
1373 1953 1506 2001 primis
1537 1953 1843 1991 Carolomannus
1871 1951 2068 1990 maiordo-

1122 2017 1209 2043 mus
1237 2006 1487 2053 Austrasiae,
1517 2006 1565 2043 ad
1584 2006 1871 2044 reformandam
1892 2005 2067 2055 discipli-

1117 2071 1209 2096 nam
1222 2057 1529 2097 ecclesiasticam
1551 2059 1755 2098 arcessivit
1769 2072 1799 2097 s.
1812 2059 2069 2104 Bonifacium‚

1117 2112 1450 2162 archiepiscopum
1468 2115 1506 2150 et
1522 2113 1767 2162 Apostolicae
1787 2112 1896 2150 Sedis
1912 2112 1951 2149 in
1967 2112 2069 2149 Ger—

1119 2165 1249 2203 mania
1278 2166 1479 2204 vicarium.
1502 2166 1728 2204 Bonifacius
1760 2169 1850 2204 ante
1871 2166 2001 2203 omnia
2021 2165 2067 2202 de

1120 2231 1167 2256 ea
1195 2230 1239 2256 re
1259 2219 1454 2257 consuluit
1474 2231 1502 2257 s.
1525 2219 1753 2257 Zachariam
1771 2220 1857 2268 Pp.,
1878 2219 2068 2266 simulque

1120 2272 1327 2309 certiorem
1366 2272 1534 2310 reddidit
1572 2273 1618 2310 de
1649 2274 1754 2311 statu
1783 2271 2000 2321 Religionis
2030 2271 2068 2308 in

1119 2326 1331 2363 Germania
1351 2329 1391 2363 et
1407 2327 1453 2363 de
1471 2326 1643 2375 collapsa
1659 2325 1864 2375 disciplina
1879 2324 2066 2362 ecclesia-

1117 2379 1214 2416 stica
1242 2378 1282 2415 in
1311 2379 1478 2416 Francia
1493 2378 1520 2417 ⁴.
1542 2379 1728 2417 Pontifex
1757 2379 1805 2416 ad
1826 2377 2069 2415 Bonifacium

1116 2432 1358 2478 rescribens,
1387 2432 1422 2469 ei
1458 2433 1504 2470 de
1530 2432 1747 2482 Religionis
1774 2431 2008 2469 christianae
2030 2430 2070 2467 in

1117 2485 1328 2523 Germania
1347 2485 1597 2523 incrementis
1619 2486 1842 2534 gratulatus
1862 2486 1931 2529 est,
1955 2483 2065 2520 insti-

1118 2541 1223 2576 tutos
1253 2539 1301 2576 ab
1330 2550 1375 2575 eo
1404 2538 1648 2588 episcopatus
1669 2536 1933 2582 confirmavit,
1953 2535 2060 2573 illius

1117 2594 1156 2628 et
1175 2592 1449 2629 Garolomanni
1470 2592 1674 2630 consilium
1697 2592 1742 2628 de
1763 2590 1934 2638 cogenda
1949 2600 2061 2637 syno-

1118 2645 1164 2682 do
1193 2645 1397 2694 probavit,
1425 2647 1465 2682 et
1494 2646 1542 2683 ad
1573 2645 1786 2693 propositas
1816 2654 1838 2679 a
1858 2641 2059 2679 Bonifacio

1118 2698 1363 2746 quaestiones
1390 2698 1590 2747 respondit
1604 2700 1629 2734 ⁵.
1661 2699 1720 2735 An
1747 2695 1825 2732 742
1850 2695 1890 2732 in
1911 2695 2060 2732 incerto

1118 2750 1449 2789 Germaniaeloco
1469 2751 1641 2800 synodus
1661 2749 1940 2799 episcoporum,
1964 2759 2050 2797 pre-

1159 2857 1168 2878 1
1186 2857 1220 2887 Iu
1241 2856 1309 2888 Vita
1324 2857 1353 2888 S.
1374 2855 1522 2895 Greqorii
1537 2855 1587 2885 lib.
1606 2853 1657 2889 lV.
1677 2862 1701 2884 c.
1717 2852 1767 2883 75,

1157 2898 1172 2919 2
1188 2900 1246 2929 Leo
1263 2898 1425 2933 Ostiensis,
1443 2896 1625 2927 Chronicon
1639 2895 1816 2931 Casinense,
1833 2894 1851 2924 l.
1866 2894 1886 2931 l,
1903 2903 1927 2925 c.
1944 2893 1973 2933 4,
1991 2897 2021 2925 et
2040 2894 2070 2932 8;

1118 2938 1273 2977 1.1‚c.96.
1291 2939 1392 2969 Victor
1416 2938 1437 2967 ll
1466 2937 1620 2967 Friderico
1649 2936 1759 2966 Abbati
1787 2936 1948 2966 Casinensi
1980 2944 2067 2966 usum

1120 2981 1329 3012 sandaliorum
1342 3004 1350 3017 ,
1383 2982 1615 3016 ceterorumque
1639 2977 1804 3017 insignium
1833 3002 1841 3014 ‚
1871 2977 1953 3006 iuxta
1988 2977 2071 3016 quod

1119 3027 1243 3054 sanctus
1261 3023 1343 3060 Papa
1361 3021 1419 3050 Leo
1441 3018 1554 3049 dudum
1577 3021 1776 3050 concesserat
1791 3017 1900 3049 Abbati
1916 3017 2070 3057 Richerio,

175 3066 189 3088 ⁴
204 3067 378 3106 Pentapolis
400 3066 523 3097 Italicae
551 3064 646 3096 Urbes
670 3063 770 3094 dictae
793 3067 864 3094 sunt
886 3064 1078 3105 Ariminum,
1121 3063 1228 3096 eadem
1245 3062 1427 3092 auctoritate
1449 3060 1612 3090 concessit.

136 3106 306 3145 Pisaurum,
322 3109 449 3143 Fanum,
465 3106 639 3142 Auximum,
654 3109 682 3135 ct
701 3107 832 3135 Ancona.

177 3148 191 3170 ⁵
206 3149 308 3179 Anasi.
330 3148 385 3181 Vir.
404 3149 455 3180 cit.

177 3189 191 3211 6
207 3189 325 3220 lbidem.

1160 3106 1174 3126 3
1189 3104 1300 3140 Labbe,
1318 3101 1436 3133 Coracil.
1449 3105 1468 3132 t.
1485 3102 1531 3136 Vl,
1549 3110 1579 3141 p.
1595 3099 1686 3132 1546.

1162 3147 1174 3169 ⁴
1192 3144 1303 3181 Labbe,
1319 3143 1394 3173 ibid.
1413 3152 1440 3181 p.
1459 3141 1548 3173 1495..
1597 3169 1599 3172 Α

1161 3189 1174 3209 5
1191 3185 1301 3221 Labbe,
1319 3183 1392 3214 ibid.
1409 3193 1435 3222 p.
1455 3182 1544 3213 1497.
