2241 3473
578 174 705 206 stvss
733 175 786 202 AD
814 174 1008 203 Excmwm
1035 174 1198 202 IMPERII
1227 173 1513 202 OCCIDENTALIS

82 239 316 287 discessisse3
337 239 364 277 ii
393 239 533 289 quippe
553 241 623 277 aut
643 238 766 277 ariani
785 241 856 277 aut
881 240 1022 278 arianis

82 295 256 347 partibus
275 292 395 330 dediti
415 296 539 330 erant.
562 293 724 341 Insuper
743 304 818 330 una
839 305 926 330 cum
944 294 1021 331 Oe-

81 346 334 387 cidentalibus
353 346 391 383 in
425 346 586 383 concilio
612 349 909 395 permanserunt
937 348 1021 395 epi-

80 400 181 450 scopi
192 412 213 437 e
221 399 400 444 Thracia,
412 399 650 443 Palaestina,
662 398 818 443 Arabia,
828 399 1020 448 AEgj'pto,

78 453 245 498 aliunde,
267 455 310 489 ut
329 453 468 501 probat
487 451 685 500 inscriptio
700 451 885 500 epistolae
901 464 1020 501 syno-

78 506 186 545 dicae
206 506 252 543 ad
273 506 476 543 ecelesiam
497 505 816 543 Alexandrinam.
839 506 929 542 Ideo
958 517 1023 542 au-

78 561 157 598 tem
175 559 405 596 Sardieense
425 558 632 595 concilium
651 558 754 595 inter
772 559 1021 596 oecumenica

79 612 234 661 proprio
255 612 410 649 nomine
443 610 683 660 appellatum
705 623 780 648 non
809 613 888 657 est,
917 612 1019 660 quod

78 665 225 703 nullam
235 665 467 714 peculiarem
478 663 668 701 haeresim
679 664 892 710 damnavit,
901 665 1020 713 quod-

77 730 151 767 que
166 730 253 756 cum
271 720 398 755 totum
414 716 588 754 fueritin
604 717 688 755 Arii
708 717 923 755 fautoribus
937 730 1019 767 per-

75 771 323 817 stringendis,
343 769 465 807 veluti
487 771 676 819 appendix
699 770 864 809 Nicaeni
885 771 1018 809 eonci-

76 824 117 862 lii
137 824 314 862 habitum
336 823 412 861 fuit
433 822 458 860 ¹.

128 878 236 915 Idem
253 878 395 914 Petrus
411 877 457 913 de
469 875 605 915 Marca
619 876 722 915 male
738 878 1019 926 interpretatus

77 932 136 968 est
144 941 312 968 canones
329 930 442 967 huius
454 931 604 968 concilii
618 931 663 969 de
680 930 1017 980 appellationibus,

76 984 334 1029 contendens,
358 981 396 1021 1⁰
424 983 484 1021 his
513 985 726 1022 canonibus
756 985 805 1021 R.
836 984 1016 1022 Pontifici

75 1039 230 1074 tantum
250 1037 367 1075 fuisse
387 1039 579 1074 assertum
599 1038 659 1075 ius
674 1038 912 1075 concedendi
931 1050 1016 1075 cau-

75 1101 139 1128 sae
152 1090 386 1128 revisionem
401 1102 471 1127 seu
486 1091 816 1137 retractationem,
834 1103 907 1128 non
927 1103 1017 1129 vero

75 1146 311 1192 potestatem
331 1143 479 1189 iudicii3
498 1144 541 1181 2⁰
573 1145 667 1182 istos
695 1156 862 1182 canones
890 1144 1016 1182 intro-

76 1196 232 1234 duxisse
251 1197 313 1235 ius
333 1209 501 1243 novum3
521 1196 563 1234 3⁰
580 1209 691 1235 usum
713 1198 1018 1247 appellationum

75 1249 354 1299 episcopalium
374 1250 525 1288 tardius
544 1251 776 1297 invaluisse,
794 1251 832 1288 in
853 1251 1017 1289 ecclesia

75 1302 265 1341 Orientali
288 1304 336 1341 ad
362 1306 541 1352 tempora
569 1304 722 1341 concilii
751 1303 951 1350 Trullani,
979 1305 1016 1342 in

76 1356 315 1395 Occidentali
331 1358 379 1395 ad
398 1369 497 1396 saec.
513 1358 610 1395 VIII
627 1356 653 1396 ².
666 1357 793 1395 Simili
808 1357 888 1395 fere
904 1359 1016 1396 modo

74 1410 323 1449 Sardicenses
342 1422 507 1448 canones
526 1414 795 1460 exposuerunt
811 1411 855 1448 L.
870 1412 913 1449 E.
932 1412 1015 1449 Du-

75 1464 140 1513 pin
155 1462 182 1510 ³,
202 1464 384 1507 Quesnell
403 1463 432 1510 ⁴,
452 1465 481 1502 Ι.
503 1464 720 1502 Febronius
740 1464 765 1502 ⁵.
787 1465 840 1502 At
858 1464 920 1502 ius
942 1477 1014 1513 ap-

74 1517 330 1567 pellationum
358 1530 435 1555 non
466 1529 535 1565 per
563 1530 730 1555 canones
764 1518 1016 1555 conciliorum

74 1571 291 1609 institutum
313 1571 400 1617 fuit,
415 1571 481 1608 sed
498 1583 547 1609 ex
563 1572 647 1620 ipsa
661 1571 850 1620 primatus
865 1572 1017 1609 institu-

75 1623 180 1662 tione
208 1627 267 1662 est
285 1625 374 1662 RR.
396 1624 631 1662 Pontificum
653 1625 862 1673 proprium,
882 1627 1017 1674 estque

75 1678 269 1726 appendix
288 1677 543 1725 primatus,D.
556 1678 676 1714 Petro
697 1679 858 1726 eiusque
871 1690 1018 1716 succes-

75 1730 226 1768 soribus
245 1742 269 1768 a
288 1730 440 1768 Christo
459 1730 600 1768 collati.
621 1731 682 1768 Ex
697 1731 789 1779 ipsis
805 1732 1017 1770 canonibus

75 1783 368 1822 Sardicensibus
384 1785 503 1832 patet,
519 1796 585 1832 per
605 1796 670 1822 eos
690 1796 765 1820 non
782 1786 938 1822 tantum
957 1785 1017 1823 ius

75 1837 307 1874 concedendi
329 1848 469 1874 causae
498 1838 792 1883 retractionem,
820 1838 887 1874 sed
912 1838 1015 1875 iudi-

75 1890 188 1927 candi
208 1889 487 1939 appellationes
511 1891 558 1928 R.
584 1890 763 1927 Pontifici
783 1891 1016 1929 confirmari.

74 1942 196 1980 Facta
211 1944 379 1991 plurima
395 1943 660 1992 comprobant,
671 1942 912 1991 frequentem
928 1944 1018 1982 fuis-

75 2006 115 2033 se
134 1996 438 2045 appellationum
461 1997 633 2034 usumin
656 1998 819 2045 utraque
845 1997 1018 2035 Ecclesia

76 2048 153 2086 iam
170 2052 259 2087 ante
275 2049 480 2087 concilium
491 2049 721 2087 Trullanum
732 2053 771 2087 et
782 2050 983 2088 saec.VIII
991 2049 1017 2089 ⁶.

125 2103 188 2140 21.
208 2103 370 2151 Synodi
384 2103 756 2152 Philippopolensis
770 2108 812 2140 et
823 2104 1019 2141 Mediola-

75 2156 516 2202 nensis—Eusebiani,
535 2156 599 2204 qui
629 2156 730 2193 clam
759 2156 1019 2195 discesserant

75 2208 254 2255 Sardica,
281 2212 549 2246 convenerunt
583 2209 892 2258 Philippopolim.
936 2211 1019 2248 Illie

75 2272 233 2299 rursum
254 2262 508 2300 Athanasium
525 2262 846 2309 Alexandrinum,
858 2263 1019 2301 Mareel-

76 2313 155 2351 lum
165 2315 639 2364 Ancyranum,Aselepam
650 2316 862 2353 Gazensem
873 2319 912 2353 et
922 2318 1022 2354 Pau-

76 2367 156 2404 lum
189 2368 339 2416 Cpnum
376 2369 704 2417 proscripserunt,
734 2371 851 2417 atque
885 2370 1019 2407 Osium

78 2420 364 2458 Cordubensem
391 2425 431 2459 et
450 2422 546 2459 alios
566 2422 794 2470 praecipuos
815 2423 1018 2461 Athanasii

77 2476 269 2521 patronos,
289 2474 492 2523 ipsumque
514 2475 657 2512 Iulium
668 2475 738 2524 Pp.
754 2477 1021 2514 excommuni-

77 2529 217 2564 carunt
235 2525 262 2565 ⁷.
283 2527 390 2566 Haec
409 2531 587 2568 constant
606 2541 654 2566 ex
676 2529 851 2578 epistola,
871 2542 984 2579 quam
1001 2542 1021 2568 e

117 2665 129 2687 ¹
146 2665 183 2696 Cf
193 2664 291 2696 Natal.
308 2664 402 2702 Alex,
418 2663 505 2697 IIist.
521 2665 587 2696 eccl
601 2674 682 2697 saec.
704 2667 750 2704 lv,
767 2666 841 2697 diss.
858 2666 913 2704 263
931 2667 1020 2698 Card.

80 2707 182 2744 Naris,
205 2705 292 2737 Ilist.
315 2705 500 2745 Pelayian.
524 2707 542 2738 l.
564 2707 588 2745 Ι,
604 2717 629 2738 c.
655 2707 708 2746 17;
730 2709 783 2738 FF.
800 2708 954 2747 Ballerini,
972 2710 1022 2740 De

80 2748 193 2788 antiq.
208 2747 331 2778 collect.
351 2747 478 2778 Canon.
495 2757 523 2786 p.
539 2749 560 2786 1,
576 2757 602 2779 c.
619 2747 646 2778 7.

119 2788 134 2810 2
150 2790 212 2820 Lib.
229 2789 276 2819 cit.
290 2806 328 2810 —-
341 2789 356 2810 3
371 2788 414 2819 De
430 2789 541 2828 antiq.
558 2789 642 2820 Eccl.
659 2790 795 2830 discipl.
815 2790 888 2821 diss.
905 2791 937 2821 11.

119 2830 132 2852 4
148 2831 227 2861 Diss.
244 2831 276 2867 V,
292 2830 321 2860 in
339 2830 407 2860 edit.
428 2829 528 2869 Oper.
543 2840 567 2860 s.
585 2832 700 2862 Leonis.

119 2871 196 2953 {Die
204 2871 386 2911 praesenti
408 2877 505 2902 statu
519 2871 686 2903 Ecclesiae
709 2873 795 2904 liber
810 2873 1020 2913 sinyularis,

80 2922 105 2943 c.
145 2937 152 2949 ,
196 2913 225 2943 6.

119 2954 133 2975 ⁶
148 2954 186 2984 Cf
202 2953 299 2983 Natat.
324 2953 418 2990 Alex,
440 2953 459 2983 l.
483 2962 509 2983 c.
527 2953 603 2984 diss
619 2953 673 2991 ⁶283
690 2955 846 2993 Ballerini,
863 2956 970 2986 Annot.
991 2957 1020 2987 in

80 2994 171 3024 Diss.
187 2995 210 3024 V
235 2994 423 3031 Quesnelli,
449 2994 563 3034 Opera
585 3004 610 3026 s,
627 2996 751 3033 Leonis,
768 2997 797 3026 F.
816 2998 847 3026 A.
865 2998 1020 3035 zaccaria,

81 3035 387 3073 Anti-Febronius‚
405 3037 423 3067 1.
441 3037 486 3073 lll,
504 3046 531 3074 p.
547 3036 576 3071 ΕΞ,
594 3045 619 3065 e.
637 3036 670 3073 33
688 3037 856 3073 Marc-hetti,
874 3037 1021 3069 L'auto-

81 3076 155 3108 rita
176 3086 340 3117 suprema
362 3078 416 3108 del
437 3078 596 3108 Romano
618 3077 790 3118 Ponlefice
811 3078 1022 3111 dimas-trata

81 3117 128 3148 da
141 3127 191 3148 un
206 3118 277 3148 solo
291 3120 397 3157 fatto,
413 3120 496 3149 Rom.
516 3118 611 3155 1789;
630 3119 648 3148 l.
673 3119 703 3148 B.
722 3119 834 3157 Palma,
851 3119 1021 3152 Praelect.

82 3157 203 3189 histor.
220 3159 405 3190 ecclesiast.
423 3163 440 3190 t.
459 3161 478 3194 1,
495 3169 524 3199 p.
539 3160 572 3197 ll,
589 3169 612 3190 c.
632 3159 678 3191 10.

120 3199 135 3221 ⁷
151 3201 212 3231 flac
230 3200 267 3231 de
284 3209 315 3231 re
332 3201 460 3240 loquens
477 3202 635 3237 Baronius,
651 3200 689 3230 ad
706 3199 826 3238 30347,
843 3201 924 3240 n.65,
941 3204 1021 3233 scri—

84 3239 140 3279 bit,
155 3241 236 3281 quod
252 3242 281 3272 in
298 3242 355 3272 hoc
371 3246 519 3273 conventu
531 3242 692 3282 primum
707 3245 814 3282 furor
827 3242 1022 3277 haereticae

237 3293 486 3343 WOUTERS,
513 3294 540 3335 I.

1894 162 1946 200 97

1066 239 1361 288 pseudosynodo
1381 236 1729 288 Philippopolensi‚
1745 236 1793 274 ab
1820 236 1935 286 ipsis,
1966 239 2010 276 ut

1067 292 1198 329 fucum
1219 292 1305 329 aliis
1321 291 1507 338 facerent,
1522 290 1764 328 Sardicensis
1781 290 1929 328 concilii
1945 302 2009 328 no—

1066 344 1168 381 mine
1189 348 1391 391 exornata,
1410 345 1646 394 scripserunt
1666 343 1690 382 ¹.

1117 397 1230 434 Multi
1252 409 1344 434 vero
1365 398 1546 447 episcopi,
1567 398 1632 446 qui
1663 396 1884 434 Sardicensi
1913 408 2008 434 con-

1065 450 1154 487 cilio
1175 450 1451 496 interfuerant,
1471 463 1516 488 eo
1536 451 1677 497 soluto,
1701 461 1789 488 cum
1811 450 2008 499 Apostoli-

1064 514 1130 539 cae
1150 503 1262 540 Sedis
1282 503 1420 551 legatis
1441 503 1604 552 profecti
1622 506 1713 541 sunt
1729 503 2013 549 Mediolanum,

1062 558 1145 592 tum
1165 556 1433 592 utdoctrinam
1447 556 1615 601 Photini,
1635 557 1800 606 episcopi
1825 556 2011 594 Sirmien-

1063 608 1116 645 sis
1137 610 1389 654 excuterent,
1409 612 1495 646 tum
1524 610 1566 646 ut
1586 621 1673 646 cum
1693 610 1900 647 Constante
1932 609 2010 647 im-

1064 664 1243 709 peratore
1268 664 1430 710 agerent
1449 673 1517 710 pro
1537 662 1789 701 restituendis
1809 663 2012 712 episcopis,

1063 715 1112 751 ab
1123 714 1278 752 Arianis
1295 715 1333 750 in
1349 714 1510 762 imperio
1526 715 1747 752 Constantii
1765 716 1909 754 eiectis.
1928 715 2013 753 Illic

1064 767 1251 804 Photinus
1260 767 1679 815 propterinstauratam
1690 768 1850 806 Sabellii
1863 771 1903 807 et
1915 770 2015 807 Pau-

1062 820 1091 857 li
1111 821 1353 858 Samosateni
1369 820 1562 857 haeresim
1578 821 1784 859 damnatus
1801 824 1878 869 est3
1898 823 2014 861 Ursa-

1062 874 1144 911 eius
1162 873 1369 921 Singiduni
1399 875 1439 910 et
1458 872 1604 911 Valens
1624 872 1798 911 Mursiae
1820 876 2013 925 episcopi,

1062 927 1100 963 in
1118 926 1281 964 concilio
1292 925 1512 963 Sardicensi
1529 938 1551 963 a
1563 927 1831 965 communione
1848 940 2010 978 suspen-

1061 982 1113 1026 si,
1141 983 1343 1029 postquam
1364 991 1499 1017 eorum
1532 979 1722 1026 omnium,
1751 992 1850 1028 quae
1878 984 2015 1020 contra

1061 1033 1276 1071 Nicaenum
1292 1032 1497 1070 concilium
1510 1034 1549 1069 et
1558 1032 1817 1070 Athanasium
1836 1038 2013 1082 egerant,

1062 1087 1217 1124 veniam
1236 1086 1514 1135 postulassent,
1540 1088 1579 1123 et
1613 1085 1706 1123 Ario
1737 1087 1898 1135 eiusque
1926 1100 2013 1125 sec-

1062 1140 1173 1177 tariis
1189 1140 1397 1177 anathema
1412 1139 1612 1183 dixissent,
1628 1138 1667 1175 in
1685 1139 1855 1188 gratiam
1866 1142 2012 1190 recepti

1062 1196 1162 1231 sunt.
1193 1194 1407 1230 Praeterea
1442 1192 1562 1229 missa
1588 1191 1664 1229 fuit
1700 1192 1848 1241 legatio
1885 1194 1923 1230 in
1956 1195 2012 1232 O-

1062 1247 1227 1284 rientem
1257 1247 1304 1283 ad
1327 1245 1615 1291 Constantium,
1636 1246 1679 1283 ut
1697 1245 1888 1295 relegatis
1908 1258 2015 1295 prae-

1061 1300 1208 1337 sulibus
1237 1300 1285 1337 ad
1314 1299 1498 1337 ecelesias
1526 1310 1616 1336 suas
1641 1299 1788 1336 reverti
1820 1301 2011 1338 coneede-

1064 1356 1126 1390 ret
1142 1352 1167 1390 ².

1114 1406 1254 1456 Legati
1284 1418 1375 1443 vero
1404 1405 1646 1452 Antiochiae,
1671 1405 1735 1442 ubi
1764 1405 1930 1455 degebat
1944 1406 2012 1444 im-

1062 1463 1231 1508 perator,
1243 1459 1376 1497 multis
1385 1458 1538 1496 iniuriis
1549 1460 1597 1496 ab
1609 1458 1754 1496 arianis
1767 1459 1896 1496 affecti
1908 1465 2010 1498 sunt.

1060 1514 1340 1551 Verumtamen
1367 1512 1629 1558 Constantius,
1652 1511 1788 1549 fratris
1809 1512 1868 1549 sui
1889 1513 2012 1551 minas

1063 1568 1250 1613 metuens,
1281 1566 1451 1604 maxime
1480 1565 1581 1614 quod
1614 1565 1769 1602 assiduo
1799 1577 1890 1603 cum
1919 1578 2012 1615 rege

1062 1621 1271 1657 Persarum
1291 1620 1392 1657 bello
1412 1622 1514 1655 esset
1533 1618 1756 1667 implicitus,
1773 1619 1939 1657 meliora
1954 1631 2015 1657 sa-

1060 1685 1150 1722 pere
1170 1674 1277 1710 visus
1297 1676 1374 1718 est3
1394 1684 1423 1709 s.
1443 1671 1712 1717 Athanasium,
1734 1673 1842 1709 euius
1864 1672 2012 1710 adver-

1062 1726 1187 1764 sarius
1213 1725 1423 1775 Gregorius
1453 1725 1662 1773 Cappadox
1682 1724 1845 1772 obierat,
1866 1726 2010 1774 perho-

1060 1779 1231 1817 norificis
1250 1779 1391 1817 litteris
1411 1791 1459 1815 ex
1479 1778 1687 1815 Occidente
1707 1779 1889 1816 evocavit
1903 1781 1943 1816 et
1964 1780 2012 1816 ad

1060 1833 1368 1870 Alexandrinam
1384 1831 1587 1883 ecclesiam
1604 1831 1774 1877 remisit3
1791 1843 1923 1869 omnes
1938 1832 2012 1869 cle-

1061 1885 1459 1932 ricos,eommunionis
1470 1896 1557 1921 cum
1566 1884 1781 1922 Athanasio
1790 1896 1910 1922 causa
1921 1898 2013 1922 exu-

1060 1940 1129 1986 les,
1152 1939 1366 1983 revoravit,
1382 1938 1596 1986 vetuitque,
1617 1949 1664 1974 ne
1687 1938 1785 1986 quis,
1801 1938 1902 1986 quod
1923 1950 2013 1975 cum

1061 1993 1277 2030 Athanasio
1298 1991 1625 2036 communicabat,
1644 1993 1875 2028 vexaretur.
1896 1991 2015 2029 Atha-

1062 2046 1192 2084 nasius
1218 2044 1472 2082 inenarrabili
1493 2055 1581 2081 cum
1600 2043 1753 2081 laetitia
1772 2044 1820 2081 ab
1840 2045 2012 2082 Alexan-

1062 2100 1182 2137 drinis
1201 2102 1387 2146 exceptus
1406 2100 1476 2135 est.
1489 2098 1635 2134 Eodem
1649 2099 1727 2134 tem
1737 2109 1830 2145 pore
1844 2097 1888 2134 D.
1903 2098 2013 2135 Pau-

1060 2153 1120 2190 lus
1146 2153 1193 2190 ad
1215 2151 1419 2189 ecclesiam
1441 2151 1600 2200 Cpnam,
1621 2150 1839 2187 Marcellus
1859 2152 1906 2188 ad
1926 2152 2012 2188 An-

1061 2218 1260 2255 eyranam,
1281 2205 1463 2253 Asclepas
1479 2204 1527 2241 ad
1544 2204 1754 2240 Gazensem
1772 2203 1974 2242 redierunt
1985 2203 2010 2241 ³.

1062 2260 1137 2297 Sed
1156 2259 1268 2296 brevi
1298 2260 1401 2307 post,
1424 2258 1597 2295 extincto
1617 2257 1829 2294 Constante
1850 2257 2013 2306 impera-

1062 2316 1159 2357 tore,
1181 2312 1310 2349 omnia
1331 2311 1369 2348 in
1390 2311 1501 2359 peius
1522 2312 1674 2348 mutata
1688 2312 1793 2347 sunt.

1114 2366 1177 2403 22.
1199 2366 1405 2403 Ecclesiae
1419 2369 1552 2400 status
1567 2363 1643 2400 sub
1664 2364 1906 2401 Constantio
1925 2362 2008 2413 (cm.

1062 2418 1157 2469 350)
1174 2441 1224 2445 —-
1235 2419 1349 2455 Anno
1365 2417 1443 2454 350
1458 2417 1658 2462 Constans,
1674 2416 1888 2464 imperator
1904 2416 2011 2453 Occi-

1064 2473 1201 2517 dentis,
1220 2484 1242 2508 a
1262 2471 1488 2519 Magnentio
1509 2470 1707 2518 legionum
1727 2468 1922 2518 praefecto
1943 2481 2011 2506 oe-

1062 2526 1163 2563 cisus
1191 2527 1260 2561 est.
1282 2525 1394 2561 Tune
1414 2524 1515 2561 idem
1535 2523 1787 2571 Magnentius
1808 2524 1848 2559 et
1867 2523 2012 2559 Vetra-

1064 2579 1139 2624 nio,
1160 2578 1346 2626 magister
1365 2577 1548 2622 militum,
1568 2576 1775 2624 imperium
1792 2575 2010 2623 arripuere.

1063 2634 1116 2669 At
1135 2632 1198 2669 hic
1219 2631 1337 2668 armis
1356 2630 1496 2677 victus,
1517 2630 1565 2667 ad
1585 2628 1786 2677 privatum
1806 2628 1928 2665 otium
1943 2640 2011 2666 re-

1058 2748 1254 2789 pravitatis
1278 2746 1448 2778 terminos
1468 2755 1588 2777 omnes
1597 2749 1852 2784 praesumptae
1867 2745 1909 2775 ab
1925 2745 2011 2776 aliis

1066 2790 1282 2821 temeritatis
1303 2788 1462 2820 excessit.
1489 2791 1582 2818 Ausa
1598 2785 1693 2815 enim
1710 2790 1759 2815 est
1776 2785 1914 2817 Ariana
1926 2796 2009 2826 pro-

1062 2831 1158 2863 cacia
1172 2831 1262 2862 illud
1274 2830 1482 2870 nefiis‚quod
1497 2829 1548 2859 vel
1560 2827 1738 2865 attinyere
1750 2827 1923 2866 quaelibet
1936 2838 2013 2859 eoee-

1063 2873 1201 2904 oranda
1216 2872 1372 2904 haeresis
1387 2872 1556 2901 hactenus
1570 2869 1639 2899 sibi
1655 2868 1893 2899 inconcessum
1904 2875 2011 2909 puta-

1062 2915 1123 2952 vit,
1141 2925 1230 2945 ausa
1247 2919 1299 2945 est
1316 2913 1353 2943 in
1372 2912 1507 2942 Iulium
1523 2910 1661 2950 Papam
1678 2919 1785 2949 aeque
1801 2920 1840 2941 ac
1855 2911 1945 2941 alios
1959 2922 2010 2943 ca-

1065 2956 1210 2987 tholicae
1231 2953 1488 2985 communionis
1510 2952 1696 2991 Episcopos
1717 2952 1930 2984 sententiam
1953 2963 2014 2984 ex-

1063 2995 1398 3028 communicationis
1416 2994 1561 3032 inferre.

1106 3038 1115 3058 ¹
1134 3039 1245 3075 Labbe,
1261 3041 1280 3067 t.
1298 3038 1331 3072 Il,
1348 3046 1375 3074 p.
1393 3035 1466 3073 (3983
1484 3036 1607 3072 Baron.‚
1625 3035 1662 3065 ad
1679 3044 1727 3066 an.
1746 3033 1814 3065 347.

1104 3079 1118 3100 2
1134 3080 1160 3109 S.
1179 3080 1298 3114 Athan,
1313 3077 1422 3116 Epist.
1441 3077 1487 3107 ad
1502 3076 1650 3115 solitar.;
1669 3085 1692 3108 s.
1705 3076 1798 3107 Hilar.
1812 3077 1842 3106 in
1859 3076 2008 3117 Fra9m.;

1064 3120 1255 3158 Theodoret„
1273 3119 1355 3150 IIist.
1372 3118 1447 3148 eccl.
1465 3119 1482 3148 l.
1501 3119 1534 3156 11,
1548 3127 1572 3148 c.
1589 3117 1622 3156 8;
1641 3119 1752 3156 Labbe,
1769 3118 1825 3148 loc.
1842 3119 1889 3148 cit.
1903 3127 1931 3157 p.
1951 3118 2005 3149 721

1064 3166 1093 3193 et
1110 3161 1178 3191 729.

1105 3202 1118 3223 3
1135 3204 1162 3233 S.
1179 3202 1293 3272 ,41113694
1304 3201 1334 3231 in
1352 3200 1528 3240 Apologet
1543 3200 1654 3240 Epist.
1668 3201 1714 3232 ad
1725 3200 1858 3231 solitar.
1869 3209 1876 3238 3
1889 3201 2008 3232 socrat.

1066 3244 1082 3274 l.
1100 3244 1133 3281 Il,
1150 3254 1174 3274 c.
1192 3242 1271 3272 22„
1295 3266 1301 3273 .
