2241 3473
774 189 899 220 VSQVE
918 189 971 216 AD
991 188 1132 215 ORTVM
1150 189 1359 217 ISLAMISMI

1902 177 1976 217 155

83 252 329 302 inspicerent.
351 252 494 302 Reipsa
513 256 646 302 postea
661 265 744 292 rem
764 253 904 291 melius
923 253 1032 289 edocu
1076 253 1319 301 presbytero,
1361 253 1630 292 archidiacono
1658 253 1698 290 et
1725 251 1946 301 primicerio
1967 264 2030 290 no-

85 305 128 351 ti,
148 305 358 342 concilium
378 305 412 341 V
434 307 535 343 sicut
554 307 706 355 reliqua
727 305 890 344 concilia
910 316 1028 342 00011-
1077 306 1265 342 tariorum
1288 305 1315 344 ¹.

77 357 236 395 'menica
261 362 526 407 susceperunt.
548 359 695 396 Verum
716 358 970 396 Venetiarum
991 362 1030 394 et

82 409 222 447 Istriae
243 411 411 459 episcopi
429 411 465 448 in
483 412 701 449 contumaci
717 411 855 448 Trium
876 410 1030 458 Capitu-

82 461 211 500 lorum
228 462 450 501 defensione
467 466 780 512 perseverarunt.
793 463 868 500 Eos
880 462 1028 499 frustra

81 515 232 552 monuit
249 515 434 564 Pelagius
451 517 480 561 Ι,
496 516 629 564 Vigilii
646 527 857 553 successor.
876 515 935 552 Illi
951 527 1024 552 non

82 569 237 604 tantum
259 579 333 605 non
354 573 599 616 receperunt,
619 569 685 606 sed
704 568 926 605 reiecerunt
944 579 1027 604 con-

81 618 213 657 cilium
226 619 273 665 V,
287 621 336 657 ab
350 621 518 658 Ecclesia
531 621 697 658 schisma
710 621 902 666 fecerunt,
913 623 953 658 et
963 631 1024 657 an.

74 671 171 719 557,
200 671 402 710 incitatore
432 673 596 710 Paulino
617 673 869 721 Aquileiensi,
902 685 1024 721 syno-

81 724 171 761 dum
193 728 417 774 coe’gerunt,
437 727 476 762 in
496 737 572 773 qua
587 725 835 777 definierunt,
849 726 944 763 Tria
960 726 1026 763 Ca-

79 776 203 826 pitula
231 778 406 815 damnari
441 789 516 814 non
546 790 654 826 posse
684 778 783 815 citra
812 778 1024 816 Chalcedo-

80 829 209 866 nensis
238 829 388 867 concilii
418 830 614 868 iniuriam.
646 831 754 867 Idem
791 830 1023 868 definierunt

76 881 116 918 in
136 881 262 919 altera
276 883 436 930 synodo,
453 895 514 920 an.
532 884 610 921 579
638 884 708 920 sub
725 883 812 920 Elia
831 884 1021 920 Gradensi

77 933 226 971 habita.
248 935 432 984 Pelagius
465 935 533 984 Pp.
557 936 593 972 II
625 937 672 972 ad
693 936 820 972 Elian]
850 937 1024 973 Graden-

76 996 160 1023 sem
175 990 214 1024 et
229 987 428 1036 episcopos
444 988 584 1025 Istriae
600 1000 741 1036 graves
757 989 870 1026 simul
886 994 926 1026 et
941 1002 1026 1027 eru·

76 1038 176 1076 ditas
190 1038 343 1077 litteras
353 1040 473 1085 dedit,
485 1041 626 1088 quibus
637 1041 691 1078 eis
708 1041 889 1087 ostendit,
906 1054 1022 1090 quam

74 1102 199 1140 grave
228 1092 374 1129 malum
403 1096 503 1130 esset
522 1093 700 1139 schisma,
722 1097 761 1131 et
783 1106 900 1142 quam
922 1096 1022 1132 iuste

75 1143 168 1181 Tria
196 1144 376 1193 Capitula
404 1145 487 1183 sine
517 1146 840 1184 Chalcedonensis
869 1148 1021 1185 concilii

74 1196 216 1234 iniuria
245 1197 283 1234 in
311 1198 459 1247 synodo
480 1199 516 1235 V
545 1198 710 1236 fuissent
731 1200 927 1238 damnata.
949 1200 1022 1238 Se-

76 1248 208 1286 dulam
218 1261 368 1298 quoque
380 1263 535 1299 operam
545 1252 810 1299 extinguendo
822 1253 1022 1291 schismati

75 1303 240 1339 navavit
267 1314 297 1340 s.
319 1304 529 1352 Gregorius
559 1305 611 1341 M.
638 1304 777 1353 Neque
806 1303 910 1343 irriti
932 1305 1020 1344 fue-

74 1358 167 1391 runt
187 1355 367 1405 Gregorii
397 1360 572 1403 conatus3
602 1369 692 1394 nam
713 1358 794 1395 eius
815 1359 1022 1406 prudentia

73 1407 348 1454 Theodelinda,
370 1409 720 1458 Longobardorum
748 1411 787 1447 in
818 1411 935 1448 ltalia
955 1423 1020 1449 re-

72 1460 178 1509 gina,
198 1472 314 1509 quam
343 1462 577 1499 schismatici
608 1464 645 1499 in
666 1466 796 1512 partes
817 1475 907 1501 suas
927 1476 1018 1512 per-

71 1513 230 1550 trahere
250 1515 378 1551 conati
399 1518 525 1561 erant,
545 1515 584 1552 in
601 1517 870 1553 communione
891 1519 1018 1554 catho-

69 1564 147 1602 lica
167 1568 322 1604 retenta
341 1567 427 1614 fuit3
457 1568 700 1606 Prudentius
729 1573 768 1607 et
785 1569 926 1607 Petrus
947 1571 1021 1619 epi-

70 1619 174 1667 scopi
204 1619 345 1657 Istriae
375 1624 493 1669 atque
522 1621 721 1658 Firminus
751 1623 1020 1670 Tergestinus,

69 1671 276 1709 schismate
293 1672 455 1726 abiegto,
477 1674 524 1710 ad
542 1675 739 1711 Ecclesiae
759 1676 949 1712 unitatem
964 1688 1020 1713 re-

70 1724 238 1761 dierunt.
260 1725 302 1762 In
322 1725 399 1762 fine
418 1729 551 1763 autem
572 1728 718 1764 saeculi
740 1728 813 1765 VII
829 1728 901 1765 hoc
918 1729 1020 1766 schi-

70 1787 154 1814 sma
174 1778 329 1825 penitus
350 1779 587 1816 exstinctum
604 1779 679 1817 fuit
700 1779 724 1817 ¹.

121 1829 184 1867 37.
206 1830 404 1878 Pelaqms
423 1832 449 1869 I
464 1833 663 1880 Pontifex
683 1832 771 1883 (an.
793 1833 887 1884 555)
898 1835 1020 1871 -—Vi-

67 1881 186 1930 gilius
207 1882 290 1932 Pp..
320 1884 549 1922 confirmato
569 1885 730 1922 concilio
751 1886 806 1932 V,
827 1887 1019 1924 Constan—

65 1934 229 1984 tinopoli
260 1937 428 1974 Romam
459 1938 588 1983 rediit,
609 1939 676 1974 sed
708 1939 749 1974 in
779 1940 914 1976 Sicilia
935 1940 1018 1976 cal-

69 1987 147 2024 culi
179 1989 312 2025 morbo
340 1994 545 2037 correptus
565 1991 729 2028 decessit
756 1991 815 2028 1v⁰
844 1992 930 2030 idus
958 1993 1019 2029 ia-

69 2040 196 2077 nuarii
231 2053 290 2079 an.
311 2042 390 2080 555
410 2041 437 2079 ².
455 2043 645 2081 Defuncto
666 2044 824 2092 Vigilio,
845 2045 912 2082 111⁰
931 2045 1018 2083 idus

65 2093 176 2141 april.
198 2092 342 2132 electus
363 2099 422 2132 est
446 2096 631 2145 Pelagius
662 2096 693 2141 Ι,
731 2097 784 2134 R.
818 2098 1014 2136 Ecclesiae

66 2145 252 2184 diaconus
283 2150 323 2184 et
352 2148 487 2197 Vigilii
521 2151 624 2197 apud
654 2150 932 2196 imperatorem
966 2163 1013 2188 a-

66 2198 314 2246 pocrisiarius
337 2230 347 2247 ,
396 2203 558 2250 eiusque
598 2202 830 2240 electionem
870 2203 1014 2240 confir-

67 2250 446 2291 mavitlustinianus
472 2255 696 2303 imperator.
726 2256 786 2292 Ex
802 2268 877 2304 quo
908 2256 1013 2293 enim

66 2305 242 2352 tempore
257 2305 507 2351 Iustinianus,
529 2308 722 2347 debellato
743 2321 802 2345 an.
821 2309 899 2346 553
919 2310 1016 2346 Teia

67 2367 203 2404 regum
222 2358 439 2396 Gothorum
461 2360 611 2406 ultimo,
632 2362 786 2400 ltaliam
813 2363 860 2399 ad
888 2363 1013 2411 impe-

67 2407 168 2460 rium
188 2421 301 2447 snum
322 2411 494 2449 reduxit.
517 2413 601 2461 Ipse
622 2415 780 2465 eiusque
795 2415 834 2451 in
851 2416 1012 2464 imperio

66 2471 318 2508 successores,
334 2465 662 2512 quemadmodum
679 2474 795 2506 antea
815 2479 926 2515 reges
943 2469 1016 2505 Go-

66 2513 137 2559 thi,
156 2514 229 2551 sibi
247 2515 499 2554 vindicarunt
518 2518 578 2556 ius
599 2521 853 2559 confirmandi
870 2521 1011 2558 Ponti-

65 2564 149 2603 ficis
178 2566 409 2606 electionem
439 2573 477 2607 et
497 2571 678 2619 exigendi
708 2586 778 2622 pro
798 2586 844 2611 ea
864 2576 1013 2611 certam

65 2619 254 2666 pecuniae
273 2632 478 2668 summam;
497 2625 598 2661 unde
614 2625 762 2664 factum
778 2628 850 2672 est,
868 2629 911 2663 ut
928 2630 1016 2675 post

67 2671 300 2709 Pontificum
323 2673 467 2711 obitum
497 2677 729 2726 quandoque
748 2680 880 2728 plures
899 2691 1014 2716 men-

66 2727 127 2761 ses
146 2725 257 2761 sedes
277 2725 477 2773 pontificia
498 2732 714 2777 vacaverit,
730 2744 805 2780 quo
824 2734 1017 2780 tempore,

67 2775 262 2815 Ecclesiae
283 2778 438 2826 negotia
467 2782 658 2820 committi
683 2785 862 2822 solebant
881 2785 1016 2822 archi-

107 2957 117 2979 ¹
134 2960 238 2999 Pelag.
258 2961 271 2992 I
288 2961 395 3002 Epis-t.
409 2961 481 2998 *2-s3;
498 2961 601 3001 pelag.
618 2963 641 2993 11
658 2963 765 3002 Epist.
781 2961 809 2998 5,
826 2961 865 3001 6‚·
883 2965 1010 3004 Gregor.

65 2998 102 3029 Μ.
124 2999 143 3030 l.
167 3002 177 3031 1
201 3001 304 3041 Epist.
333 3003 377 3039 16,
402 3004 419 3033 Ι.
438 3004 471 3032 lv
488 3002 587 3041 Epist.
608 3003 656 3040 30,
673 3004 689 3033 l,
709 3003 761 3034 xu
780 3002 884 3042 Epist.
902 3005 949 3035 33.
985 3006 1022 3036 Cf

65 3038 175 3072 Baron.
193 3046 223 3073 01
241 3044 325 3083 pagi,
338 3044 377 3073 ad
391 3053 438 3073 an.
453 3044 511 3074 559
529 3047 556 3073 ct
570 3043 644 3080 586;
661 3045 749 3074 Car-d.
764 3045 864 3081 Novis,
879 3045 960 3076 Diss.
979 3046 1019 3077 sle

65 3081 187 3119 synodo
216 3082 252 3120 V,
275 3095 300 3114 c.
317 3084 351 3121 9;
375 3085 496 3115 Rnbens
509 3107 516 3121 ,
542 3083 619 3114 Hisc.
638 3085 792 3115 ecclesiae
810 3085 916 3124 Aquil.
936 3096 960 3117 c.
978 3087 1018 3118 23

66 3128 114 3160 sq;
136 3122 272 3154 Bolland.
297 3125 379 3156 Acta
405 3125 459 3155 SS.
485 3128 502 3154 1.
523 3125 587 3154 ΥΙΙΙ
610 3126 727 3155 octobr.
758 3135 787 3164 p.
815 3124 890 3163 91ης
909 3127 1013 3168 Pape-

66 3159 172 3193 broch.
191 3164 404 3204 Propyleium
420 3166 521 3202 Maii,
544 3165 620 3196 l'ica
639 3165 745 3206 l'z'qt'lii
762 3167 818 3206 Pp.

103 3200 118 3221 ²
131 3203 244 3237 Bai-on.
259 3210 289 3236 et
305 3208 389 3247 Pagi,
407 3207 445 3237 ad
459 3216 509 3237 an.
525 3206 594 3237 556.

1126 357 1312 407 Pelagius
1346 358 1362 395 I
1391 370 1554 407 gravem
1588 358 1801 396 multorum
1830 356 2022 395 invidiam

1073 410 1204 453 subiit,
1226 411 1327 458 quod
1343 411 1576 449 iniuriarum
1590 441 1599 457 ,
1621 422 1716 460 quas
1735 409 1907 458 Vigilius
1922 410 2021 447 Con-

1073 462 1324 510 stantinopoli
1346 467 1529 511 expertus
1541 468 1638 508 erat,
1655 466 1793 500 auctor
1808 462 2029 500 dicebatur-

1072 514 1138 550 sed
1162 526 1323 561 pravam
1346 516 1605 563 suspicionem
1627 515 1799 564 dispulit,
1819 526 1951 553 coram
1967 526 2027 562 ro;

1073 577 1184 602 mano
1204 567 1343 615 populo
1363 579 1412 604 ex
1433 569 1596 605 ambone
1616 568 1866 605 iureiurando
1883 569 2025 605 conte-

1070 620 1208 661 status,
1228 630 1268 656 se
1290 619 1386 656 nihil
1414 621 1619 668 quicquam
1650 622 1687 657 in
1708 621 1847 670 Vigilii
1866 621 1937 670 Pp.
1956 622 2029 658 aut

1071 670 1395 709 Chalcedonensis
1425 673 1576 709 concilii
1607 673 1888 714 detrimentum
1909 672 2024 710 moli-

1072 726 1152 759 tum
1176 722 1304 761 fuisse.
1326 724 1498 762 Litteras
1519 725 1628 762 dedit
1647 726 1695 762 ad
1716 726 1939 763 universam
1955 725 2028 763 Ec-

1070 775 1239 821 clesiam,
1260 776 1300 812 111
1329 777 1468 824 quibus
1497 777 1601 814 inter
1623 777 1701 814 alia
1736 778 1932 826 professus
1953 781 2026 825 est,

1069 838 1109 864 se
1129 828 1410 866 inviolabiliter
1429 831 1566 866 tenere
1582 841 1628 866 ac
1649 832 1831 868 venerari
1852 832 2024 879 quatuor

1069 881 1231 918 concilia
1270 882 1537 927 oecumenica,
1574 893 1740 919 canones
1781 883 2026 931 Apostolicae

1068 933 1181 970 Sedis
1197 937 1237 970 et
1256 933 1440 982 epistolas
1463 935 1706 971 decessorum
1727 947 1904 981 suorum,
1915 947 2025 984 prae-

1068 986 1203 1023 sertim
1224 998 1253 1023 s.
1276 987 1426 1024 Leonis.
1450 987 1495 1024 In
1525 986 1688 1035 epistola
1723 988 1770 1024 ad
1800 987 2026 1026 Childeber-

1068 1040 1151 1075 tum
1172 1050 1305 1087 regem
1326 1039 1583 1084 Francorum,
1604 1042 1689 1088 post
1715 1039 1909 1077 fideisuae
1930 1051 2023 1088 pro-

1068 1089 1285 1137 fessionem,
1315 1093 1527 1129 anathema
1557 1092 1656 1129 dixit
1688 1091 1748 1139 iis,
1769 1092 1836 1140 qui
1857 1094 1904 1130 de
1923 1093 2022 1129 Fide

1067 1143 1182 1181 aliter
1202 1144 1392 1181 sentirent
1420 1157 1535 1193 quam
1563 1145 1604 1181 in
1636 1144 1857 1192 epistolis-s.
1880 1145 2024 1182 Leonis

1067 1199 1107 1233 et
1127 1196 1167 1233 in
1196 1197 1358 1234 concilio
1386 1196 1691 1234 Chalcedonensi
1721 1196 1853 1234 fuerat
1881 1197 2021 1234 defini-

1063 1251 1159 1286 tum.
1190 1249 1408 1286 Concilium
1438 1250 1736 1287 oecumenicum
1765 1250 1801 1287 V
1823 1252 1864 1286 et
1883 1250 2023 1287 Trium

1067 1302 1335 1350 Capitulorum
1366 1303 1731 1340 condemnationem
1762 1301 2023 1349 confirmavit3

1064 1358 1253 1403 tantaque
1276 1355 1479 1403 prudentia
1499 1355 1614 1393 simul
1635 1357 1674 1391 et
1689 1355 1914 1392 constantia
1931 1367 2023 1392 usus

1067 1410 1138 1453 est,
1160 1414 1202 1444 ut
1218 1408 1384 1456 episcopi
1396 1407 1680 1453 Itali,Africani
1697 1413 1736 1444 et
1752 1407 1913 1456 Illyrici,
1930 1419 2026 1456 pau-

1065 1460 1118 1496 cis
1139 1461 1327 1509 exceptis,
1356 1461 1494 1497 Trium
1525 1461 1795 1509 Capitulorum
1824 1461 2012 1497 condem-

1067 1512 1216 1549 nationi
1236 1514 1475 1551 assenserint
1499 1512 1526 1551 ².

1117 1565 1180 1602 38.
1207 1565 1435 1614 Scriptores
1452 1567 1718 1605 ecclesiastici
1732 1565 2022 1602 —Floruerunt

1065 1617 1122 1654 his
1138 1619 1381 1666 temporibus
1397 1619 1603 1667 scriptores
1620 1620 1840 1667 sequentes:
1860 1618 2017 1655 Prima-

1063 1671 1141 1708 sius
1157 1671 1438 1708 Adrumetinae
1455 1672 1642 1709 ecclesiae
1655 1672 1693 1708 in
1711 1672 1916 1720 Byzacena
1930 1682 2016 1719 pro·

1065 1723 1192 1760 vincia
1221 1723 1438 1772 episcopus,
1470 1725 1608 1761 Trium
1647 1724 1917 1772 Capitulorum
1946 1723 2023 1760 ali-

1063 1776 1236 1822 quandiu
1265 1777 1444 1814 0101011301ἱ
1459 1806 1468 1821 ,
1488 1780 1624 1826 postea
1654 1781 1910 1824 oppugnator3
1932 1776 2019 1813 eius

1062 1833 1200 1866 extant
1229 1829 1511 1866 commentaria
1540 1831 1580 1866 in
1610 1829 1803 1877 Epistolas
1832 1829 1878 1866 D.
1902 1829 2017 1866 Pauli

1062 1883 1101 1918 et
1130 1881 1169 1918 in
1203 1882 1465 1930 Apocalypsin
1487 1881 1514 1919 ³.
1548 1881 1713 1930 Vigilius
1734 1881 1945 1928 Tapsensis
1975 1881 2016 1918 in

1062 1934 1265 1982 Byzacena
1286 1934 1487 1982 provincia
1507 1935 1722 1983 episcopus3
1745 1933 1875 1981 plures
1897 1933 2017 1972 libros

1060 1988 1250 2024 adversus
1279 1987 1496 2025 haereticos
1526 1988 1597 2024 sub
1627 1990 1813 2023 veterum
1851 1987 2018 2023 Patrum

1064 2040 1283 2076 nominibus
1311 2039 1488 2088 scripsit,
1519 2044 1560 2077 et
1588 2051 1612 2076 a
1649 2038 1849 2076 nonnullis
1878 2041 2015 2076 auctor

1060 2092 1238 2129 creditur
1266 2092 1445 2140 symboli,
1480 2093 1733 2140 Quicumque
1760 2093 1853 2128 vult
1869 2092 2013 2129 salvus

1059 2156 1152 2191 esse,
1173 2145 1274 2193 quod
1291 2146 1362 2181 sub
1382 2145 1426 2182 D.
1449 2145 1658 2182 Athanasii
1679 2144 1831 2181 nomine
1851 2146 1963 2182 extat
1982 2143 2009 2182 4.

1059 2197 1268 2234 Liberatus
1279 2198 1465 2235 ecclesiae
1477 2196 1797 2246 Carthaginensis
1813 2198 2014 2243 diaconus,

1059 2250 1194 2287 Trium
1207 2250 1474 2298 Capitulorum
1490 2250 1669 2288 defensor
1679 2241 1908 2296 'acerrimus3
1925 2262 2012 2287 exa-

1058 2302 1162 2340 ravit
1177 2303 1428 2340 Breviarium
1448 2315 1516 2340 seu
1537 2303 1741 2340 historiam
1765 2303 2012 2340 nestorianae

1057 2359 1096 2392 et
1111 2355 1368 2404 eutychianae
1384 2356 1591 2393 haeresum
1608 2355 1633 2393 ⁵.
1650 2355 1788 2393 Victor
1813 2356 2013 2404 episcopus

1057 2408 1300 2445 Tunonensis
1312 2408 1350 2444 in
1362 2409 1510 2455 Africa,
1523 2408 1857 2457 pertinacissimus
1877 2407 2013 2444 Trium

1056 2460 1323 2508 Capitulorum
1352 2464 1631 2510 propugnator3
1653 2461 1869 2498 Chronicon
1893 2459 2013 2497 edidit

1058 2525 1178 2560 usque
1194 2514 1242 2550 ad
1262 2513 1375 2550 initia
1396 2514 1536 2551 Iustini
1557 2513 1716 2550 iunioris
1736 2512 1763 2550 ⁶.
1787 2513 2015 2550 Ferrandus

1057 2566 1376 2614 Carthaginensis
1392 2567 1580 2604 ecclesiae
1603 2566 1797 2610 diaconus,
1814 2566 1879 2613 qui
1901 2565 2010 2612 pari-

1056 2622 1118 2654 ter
1147 2618 1241 2655 Tria
1261 2617 1442 2666 Capitula
1471 2619 1665 2663 defendit3
1699 2621 1856 2666 praeter
1886 2617 2010 2654 vitam

1057 2682 1086 2708 s.
1102 2670 1300 2719 Fulgentii
1315 2674 1353 2709 et
1364 2671 1512 2719 aliquot
1533 2671 1728 2720 epistolas,
1743 2670 1901 2718 reliquit
1917 2670 2013 2708 Bre-

1100 2838 1110 2859 1
1128 2840 1231 2869 Anast.
1249 2840 1280 2869 in
1304 2838 1375 2871 Vita
1392 2839 1592 2879 Aqathonis3
1614 2838 1769 2875 Mabillon,
1790 2837 2007 2872 Commentar.

1062 2880 1094 2910 in
1109 2879 1184 2911 Ord.
1202 2881 1299 2910 Rom.
1316 2889 1341 2909 0,
1364 2880 1406 2909 17.

1101 2920 1115 2941 ᾖ
1131 2921 1217 2959 Apud
1234 2921 1348 2956 Labbe,
1364 2924 1385 2950 t.
1403 2922 1445 2958 V;
1462 2923 1571 2952 Baron.
1588 2925 1617 2951 01
1630 2920 1714 2960 Pagi,
1733 2921 1772 2951 ad
1790 2930 1838 2951 an.
1857 2921 1925 2953 556.

1100 2962 1114 2982 3
1131 2962 1268 3000 Lugdun.
1293 2960 1387 2997 1543,
1404 2965 1433 2992 et
1449 2964 1478 2992 in
1495 2963 1582 2992 Bibl.
1596 2962 1669 2992 ΡΡ.
1687 2962 1782 3001 Lugd.
1799 2966 1817 2992 t.
1837 2964 1868 3000 X3
1886 2964 2002 3003 migne,

1062 3002 1195 3032 Patrol.
1215 3001 1314 3031 latin.
1331 3005 1349 3030 t.
1366 3003 1489 3034 vanl.

1101 3044 1115 3064 ⁴
1134 3042 1258 3072 Divione
1275 3041 1364 3079 1664,
1380 3044 1476 3075 iii—4⁰.

1101 3084 1115 3105 ⁵
1132 3085 1209 3112 (Lura
1227 3083 1248 3112 1.
1267 3083 1404 3121 camier,
1423 3086 1518 3115 Paris.
1536 3084 1627 3123 1675,
1644 3087 1674 3116 in
1691 3085 1735 3122 8⁰;
1752 3085 1864 3125 lingue,
1880 3085 1938 3116 loc.
1957 3086 2007 3117 cit.

1100 3124 1114 3145 6
1133 3124 1208 3154 Edit.
1227 3123 1265 3152 ab
1284 3124 1315 3153 H.
1331 3125 1464 3164 canisio,
1477 3126 1660 3166 ingolstadii
1687 3125 1787 3163 '16003
1818 3127 1840 3156 Ι.
1857 3127 2007 3166 Scaliger.

1060 3167 1090 3196 in
1112 3165 1263 3196 Thes-aur.
1286 3167 1476 3206 lantper-um,
1490 3168 1586 3207 Lugd.
1602 3169 1746 3199 Batavor.
1766 3166 1845 3197 1606
1860 3176 1868 3204 ;
1885 3168 1986 3208 Migne
2000 3192 2008 3208 ,

1062 3207 1121 3237 loc.
1141 3207 1189 3236 cit.
