<?xml version="1.0" encoding="UTF-8"?>
<!DOCTYPE html PUBLIC "-//W3C//DTD XHTML 1.0 Transitional//EN"
    "http://www.w3.org/TR/xhtml1/DTD/xhtml1-transitional.dtd">
<html xmlns="http://www.w3.org/1999/xhtml" xml:lang="en" lang="en">
 <head>
  <title>
</title>
<meta http-equiv="Content-Type" content="text/html;charset=utf-8" />
  <meta name='ocr-system' content='tesseract 3.04.00' />
  <meta name='ocr-capabilities' content='ocr_page ocr_carea ocr_par ocr_line ocrx_word'/>
</head>
<body>
  <div class='ocr_page' id='page_1' title='image "./historiaeecclesi01wout_0178.png"; bbox 0 0 2241 3473; ppageno 0'>
   <div class='ocr_carea' id='block_1_1' title="bbox 210 100 285 138">
    <p class='ocr_par' dir='ltr' id='par_1_1' title="bbox 210 100 285 138">
     <span class='ocr_line' id='line_1_1' title="bbox 210 100 285 138; baseline -0.027 0"><span class='ocrx_word' id='word_1_1' title='bbox 210 100 285 138; x_wconf 88' lang='grc'>148</span> 
     </span>
    </p>
   </div>
   <div class='ocr_carea' id='block_1_2' title="bbox 154 163 1122 2438">
    <p class='ocr_par' dir='ltr' id='par_1_2' title="bbox 155 163 1110 277">
     <span class='ocr_line' id='line_1_2' title="bbox 156 163 1110 213; baseline -0.014 0"><span class='ocrx_word' id='word_1_2' title='bbox 156 175 285 213; x_wconf 90' lang='lat' dir='ltr'>fectus</span> <span class='ocrx_word' id='word_1_3' title='bbox 303 172 364 211; x_wconf 79' lang='lat' dir='ltr'>V1⁰</span> <span class='ocrx_word' id='word_1_4' title='bbox 383 172 573 210; x_wconf 77' lang='lat' dir='ltr'>kalendas</span> <span class='ocrx_word' id='word_1_5' title='bbox 601 168 696 206; x_wconf 88' lang='lat' dir='ltr'>iunii</span> <span class='ocrx_word' id='word_1_6' title='bbox 716 180 778 205; x_wconf 88' lang='lat' dir='ltr'>an.</span> <span class='ocrx_word' id='word_1_7' title='bbox 800 166 878 205; x_wconf 84' lang='lat'>526</span> <span class='ocrx_word' id='word_1_8' title='bbox 897 165 1011 202; x_wconf 85' lang='lat' dir='ltr'>beato</span> <span class='ocrx_word' id='word_1_9' title='bbox 1031 163 1110 201; x_wconf 98' lang='lat' dir='ltr'>fine</span> 
     </span>
     <span class='ocr_line' id='line_1_3' title="bbox 155 226 349 277; baseline -0.01 -11"><span class='ocrx_word' id='word_1_10' title='bbox 155 228 307 277; x_wconf 86' lang='lat' dir='ltr'>quievit</span> <span class='ocrx_word' id='word_1_11' title='bbox 324 226 349 264; x_wconf 87' lang='lat'>¹.</span> 
     </span>
    </p>

    <p class='ocr_par' dir='ltr' id='par_1_3' title="bbox 154 270 1114 1381">
     <span class='ocr_line' id='line_1_4' title="bbox 208 270 1111 320; baseline -0.014 -2"><span class='ocrx_word' id='word_1_12' title='bbox 208 281 271 318; x_wconf 90' lang='lat'>20.</span> <span class='ocrx_word' id='word_1_13' title='bbox 289 279 497 317; x_wconf 76' lang='lat' dir='ltr'><em>Ecclesiae</em></span> <span class='ocrx_word' id='word_1_14' title='bbox 510 279 643 312; x_wconf 74' lang='lat' dir='ltr'>status</span> <span class='ocrx_word' id='word_1_15' title='bbox 659 274 705 309; x_wconf 76' lang='lat' dir='ltr'>in</span> <span class='ocrx_word' id='word_1_16' title='bbox 720 272 881 320; x_wconf 79' lang='lat' dir='ltr'>Africa,</span> <span class='ocrx_word' id='word_1_17' title='bbox 897 270 1111 319; x_wconf 74' lang='lat' dir='ltr'>Hispania</span> 
     </span>
     <span class='ocr_line' id='line_1_5' title="bbox 156 322 1111 373; baseline -0.014 -2"><span class='ocrx_word' id='word_1_18' title='bbox 156 339 197 371; x_wconf 81' lang='lat' dir='ltr'>et</span> <span class='ocrx_word' id='word_1_19' title='bbox 218 330 474 370; x_wconf 72' lang='lat' dir='ltr'>Gallia—In</span> <span class='ocrx_word' id='word_1_20' title='bbox 496 327 629 364; x_wconf 83' lang='lat' dir='ltr'>Africa</span> <span class='ocrx_word' id='word_1_21' title='bbox 649 328 690 362; x_wconf 94' lang='lat' dir='ltr'>et</span> <span class='ocrx_word' id='word_1_22' title='bbox 708 324 914 373; x_wconf 78' lang='lat' dir='ltr'>Hispania,</span> <span class='ocrx_word' id='word_1_23' title='bbox 930 322 1111 370; x_wconf 86' lang='lat' dir='ltr'>quamvis</span> 
     </span>
     <span class='ocr_line' id='line_1_6' title="bbox 157 376 1111 431; baseline -0.013 -8"><span class='ocrx_word' id='word_1_24' title='bbox 157 397 291 423; x_wconf 91' lang='lat' dir='ltr'>earum</span> <span class='ocrx_word' id='word_1_25' title='bbox 312 394 423 431; x_wconf 79' lang='lat' dir='ltr'>reges</span> <span class='ocrx_word' id='word_1_26' title='bbox 445 382 576 417; x_wconf 88' lang='lat' dir='ltr'>essent</span> <span class='ocrx_word' id='word_1_27' title='bbox 591 378 729 423; x_wconf 88' lang='lat' dir='ltr'>ariani,</span> <span class='ocrx_word' id='word_1_28' title='bbox 745 389 809 414; x_wconf 91' lang='lat' dir='ltr'>res</span> <span class='ocrx_word' id='word_1_29' title='bbox 826 376 1111 413; x_wconf 89' lang='lat' dir='ltr'>catholicorum</span> 
     </span>
     <span class='ocr_line' id='line_1_7' title="bbox 157 428 1109 475; baseline -0.011 0"><span class='ocrx_word' id='word_1_30' title='bbox 157 438 252 475; x_wconf 87' lang='lat' dir='ltr'>satis</span> <span class='ocrx_word' id='word_1_31' title='bbox 281 438 376 472; x_wconf 89' lang='lat' dir='ltr'>bene</span> <span class='ocrx_word' id='word_1_32' title='bbox 405 445 445 470; x_wconf 89' lang='lat' dir='ltr'>se</span> <span class='ocrx_word' id='word_1_33' title='bbox 471 432 678 469; x_wconf 87' lang='lat' dir='ltr'>habebant.</span> <span class='ocrx_word' id='word_1_34' title='bbox 702 430 927 467; x_wconf 82' lang='lat' dir='ltr'>Hildericus</span> <span class='ocrx_word' id='word_1_35' title='bbox 947 440 1009 465; x_wconf 87' lang='lat' dir='ltr'>an.</span> <span class='ocrx_word' id='word_1_36' title='bbox 1031 428 1109 465; x_wconf 92' lang='lat'>523</span> 
     </span>
     <span class='ocr_line' id='line_1_8' title="bbox 156 483 1110 533; baseline -0.01 -6"><span class='ocrx_word' id='word_1_37' title='bbox 156 486 446 527; x_wconf 87' lang='lat' dir='ltr'>Transamundi</span> <span class='ocrx_word' id='word_1_38' title='bbox 473 486 512 521; x_wconf 90' lang='lat' dir='ltr'>in</span> <span class='ocrx_word' id='word_1_39' title='bbox 534 496 654 533; x_wconf 83' lang='lat' dir='ltr'>regno</span> <span class='ocrx_word' id='word_1_40' title='bbox 676 483 862 520; x_wconf 83' lang='lat' dir='ltr'>Africano</span> <span class='ocrx_word' id='word_1_41' title='bbox 883 493 1085 519; x_wconf 83' lang='lat' dir='ltr'>successor</span> <span class='ocrx_word' id='word_1_42' title='bbox 1101 511 1110 527; x_wconf 89' lang='lat'>,</span> 
     </span>
     <span class='ocr_line' id='line_1_9' title="bbox 156 533 1109 591; baseline -0.009 -12"><span class='ocrx_word' id='word_1_43' title='bbox 156 539 416 591; x_wconf 75' lang='lat' dir='ltr'>persecutioni</span> <span class='ocrx_word' id='word_1_44' title='bbox 435 538 482 574; x_wconf 87' lang='lat' dir='ltr'>ab</span> <span class='ocrx_word' id='word_1_45' title='bbox 499 549 542 574; x_wconf 90' lang='lat' dir='ltr'>eo</span> <span class='ocrx_word' id='word_1_46' title='bbox 555 536 752 574; x_wconf 73' lang='lat' dir='ltr'>excitatae</span> <span class='ocrx_word' id='word_1_47' title='bbox 763 536 879 573; x_wconf 91' lang='lat' dir='ltr'>finem</span> <span class='ocrx_word' id='word_1_48' title='bbox 891 533 1109 579; x_wconf 87' lang='lat' dir='ltr'>constituit,</span> 
     </span>
     <span class='ocr_line' id='line_1_10' title="bbox 156 587 1109 640; baseline -0.009 -8"><span class='ocrx_word' id='word_1_49' title='bbox 156 595 293 632; x_wconf 84' lang='lat' dir='ltr'>exules</span> <span class='ocrx_word' id='word_1_50' title='bbox 315 593 512 640; x_wconf 90' lang='lat' dir='ltr'>episcopos</span> <span class='ocrx_word' id='word_1_51' title='bbox 533 589 748 634; x_wconf 84' lang='lat' dir='ltr'>revocavit,</span> <span class='ocrx_word' id='word_1_52' title='bbox 766 591 806 626; x_wconf 90' lang='lat' dir='ltr'>et</span> <span class='ocrx_word' id='word_1_53' title='bbox 825 587 1035 626; x_wconf 78' lang='lat' dir='ltr'>Catholicis</span> <span class='ocrx_word' id='word_1_54' title='bbox 1051 599 1109 623; x_wconf 90' lang='lat' dir='ltr'>ec-</span> 
     </span>
     <span class='ocr_line' id='line_1_11' title="bbox 154 640 1109 691; baseline -0.008 -7"><span class='ocrx_word' id='word_1_55' title='bbox 154 647 293 684; x_wconf 87' lang='lat' dir='ltr'>clesias</span> <span class='ocrx_word' id='word_1_56' title='bbox 305 645 549 691; x_wconf 86' lang='lat' dir='ltr'>liberumque</span> <span class='ocrx_word' id='word_1_57' title='bbox 562 642 764 691; x_wconf 77' lang='lat' dir='ltr'>religionis</span> <span class='ocrx_word' id='word_1_58' title='bbox 776 654 868 679; x_wconf 82' lang='lat' dir='ltr'>suae</span> <span class='ocrx_word' id='word_1_59' title='bbox 880 640 1109 678; x_wconf 70' lang='lat' dir='ltr'>exercitium</span> 
     </span>
     <span class='ocr_line' id='line_1_12' title="bbox 154 694 1110 743; baseline -0.007 -7"><span class='ocrx_word' id='word_1_60' title='bbox 154 698 335 737; x_wconf 81' lang='lat' dir='ltr'>reddidit.</span> <span class='ocrx_word' id='word_1_61' title='bbox 357 699 430 734; x_wconf 91' lang='lat' dir='ltr'>An.</span> <span class='ocrx_word' id='word_1_62' title='bbox 454 696 532 733; x_wconf 84' lang='lat'>525</span> <span class='ocrx_word' id='word_1_63' title='bbox 552 695 776 732; x_wconf 87' lang='lat' dir='ltr'>Bonifacius</span> <span class='ocrx_word' id='word_1_64' title='bbox 798 695 1000 743; x_wconf 90' lang='lat' dir='ltr'>episcopus</span> <span class='ocrx_word' id='word_1_65' title='bbox 1021 694 1110 730; x_wconf 85' lang='lat' dir='ltr'>Car-</span> 
     </span>
     <span class='ocr_line' id='line_1_13' title="bbox 156 746 1109 798; baseline -0.006 -10"><span class='ocrx_word' id='word_1_66' title='bbox 156 750 412 798; x_wconf 82' lang='lat' dir='ltr'>thaginensis,</span> <span class='ocrx_word' id='word_1_67' title='bbox 428 761 475 787; x_wconf 82' lang='lat' dir='ltr'>ex</span> <span class='ocrx_word' id='word_1_68' title='bbox 493 749 672 786; x_wconf 84' lang='lat' dir='ltr'>omnibus</span> <span class='ocrx_word' id='word_1_69' title='bbox 687 747 900 797; x_wconf 83' lang='lat' dir='ltr'>provinciis</span> <span class='ocrx_word' id='word_1_70' title='bbox 915 746 1109 795; x_wconf 71' lang='lat' dir='ltr'>synodum</span> 
     </span>
     <span class='ocr_line' id='line_1_14' title="bbox 155 799 1112 852; baseline -0.007 -10"><span class='ocrx_word' id='word_1_71' title='bbox 155 804 294 852; x_wconf 74' lang='lat' dir='ltr'>coegit.</span> <span class='ocrx_word' id='word_1_72' title='bbox 321 803 365 839; x_wconf 90' lang='lat' dir='ltr'>In</span> <span class='ocrx_word' id='word_1_73' title='bbox 387 814 448 848; x_wconf 88' lang='lat' dir='ltr'>ea,</span> <span class='ocrx_word' id='word_1_74' title='bbox 468 802 683 850; x_wconf 88' lang='lat' dir='ltr'>praemissa</span> <span class='ocrx_word' id='word_1_75' title='bbox 703 801 903 838; x_wconf 74' lang='lat' dir='ltr'>Nicaenae</span> <span class='ocrx_word' id='word_1_76' title='bbox 919 799 1008 836; x_wconf 88' lang='lat' dir='ltr'>fidei</span> <span class='ocrx_word' id='word_1_77' title='bbox 1029 811 1112 847; x_wconf 88' lang='lat' dir='ltr'>pro-</span> 
     </span>
     <span class='ocr_line' id='line_1_15' title="bbox 156 852 1111 904; baseline -0.007 -9"><span class='ocrx_word' id='word_1_78' title='bbox 156 857 326 895; x_wconf 85' lang='lat' dir='ltr'>fessione</span> <span class='ocrx_word' id='word_1_79' title='bbox 343 885 352 901; x_wconf 93' lang='lat'>,</span> <span class='ocrx_word' id='word_1_80' title='bbox 384 855 512 904; x_wconf 88' lang='lat' dir='ltr'>prisca</span> <span class='ocrx_word' id='word_1_81' title='bbox 533 854 787 891; x_wconf 89' lang='lat' dir='ltr'>conciliorum</span> <span class='ocrx_word' id='word_1_82' title='bbox 809 856 959 891; x_wconf 82' lang='lat' dir='ltr'>statuta</span> <span class='ocrx_word' id='word_1_83' title='bbox 979 852 1024 888; x_wconf 92' lang='lat' dir='ltr'>de</span> <span class='ocrx_word' id='word_1_84' title='bbox 1045 863 1111 888; x_wconf 90' lang='lat' dir='ltr'>ec-</span> 
     </span>
     <span class='ocr_line' id='line_1_16' title="bbox 155 906 1110 957; baseline -0.007 -10"><span class='ocrx_word' id='word_1_85' title='bbox 155 909 380 947; x_wconf 87' lang='lat' dir='ltr'>clesiastica</span> <span class='ocrx_word' id='word_1_86' title='bbox 409 908 548 957; x_wconf 89' lang='lat' dir='ltr'>politia</span> <span class='ocrx_word' id='word_1_87' title='bbox 577 906 811 944; x_wconf 88' lang='lat' dir='ltr'>confirmata</span> <span class='ocrx_word' id='word_1_88' title='bbox 837 910 946 951; x_wconf 91' lang='lat' dir='ltr'>sunt,</span> <span class='ocrx_word' id='word_1_89' title='bbox 967 917 1110 942; x_wconf 85' lang='lat' dir='ltr'>secun—</span> 
     </span>
     <span class='ocr_line' id='line_1_17' title="bbox 155 957 1110 1010; baseline -0.007 -10"><span class='ocrx_word' id='word_1_90' title='bbox 155 964 246 1000; x_wconf 90' lang='lat' dir='ltr'>dum</span> <span class='ocrx_word' id='word_1_91' title='bbox 287 973 390 1010; x_wconf 91' lang='lat' dir='ltr'>quae</span> <span class='ocrx_word' id='word_1_92' title='bbox 420 960 711 1010; x_wconf 86' lang='lat' dir='ltr'>proconsularis</span> <span class='ocrx_word' id='word_1_93' title='bbox 741 959 968 1008; x_wconf 80' lang='lat' dir='ltr'>provincia,</span> <span class='ocrx_word' id='word_1_94' title='bbox 998 957 1110 994; x_wconf 87' lang='lat' dir='ltr'>cuius</span> 
     </span>
     <span class='ocr_line' id='line_1_18' title="bbox 155 1010 1108 1063; baseline -0.007 -10"><span class='ocrx_word' id='word_1_95' title='bbox 155 1015 381 1063; x_wconf 78' lang='lat' dir='ltr'>metropolis</span> <span class='ocrx_word' id='word_1_96' title='bbox 410 1018 496 1051; x_wconf 89' lang='lat' dir='ltr'>erat</span> <span class='ocrx_word' id='word_1_97' title='bbox 526 1014 744 1061; x_wconf 75' lang='lat' dir='ltr'>Carthago,</span> <span class='ocrx_word' id='word_1_98' title='bbox 775 1012 944 1060; x_wconf 88' lang='lat' dir='ltr'>primum</span> <span class='ocrx_word' id='word_1_99' title='bbox 982 1010 1108 1047; x_wconf 83' lang='lat' dir='ltr'>locum</span> 
     </span>
     <span class='ocr_line' id='line_1_19' title="bbox 155 1065 1108 1112; baseline -0.007 -6"><span class='ocrx_word' id='word_1_100' title='bbox 155 1069 377 1112; x_wconf 75' lang='lat' dir='ltr'>obtinebat,</span> <span class='ocrx_word' id='word_1_101' title='bbox 415 1066 606 1104; x_wconf 81' lang='lat' dir='ltr'>Numidia</span> <span class='ocrx_word' id='word_1_102' title='bbox 634 1066 874 1110; x_wconf 88' lang='lat' dir='ltr'>secundum,</span> <span class='ocrx_word' id='word_1_103' title='bbox 903 1065 1108 1112; x_wconf 67' lang='lat' dir='ltr'>Byzacena</span> 
     </span>
     <span class='ocr_line' id='line_1_20' title="bbox 154 1117 1112 1167; baseline -0.008 -8"><span class='ocrx_word' id='word_1_104' title='bbox 154 1123 319 1159; x_wconf 89' lang='lat' dir='ltr'>tertium</span> <span class='ocrx_word' id='word_1_105' title='bbox 342 1124 381 1158; x_wconf 93' lang='lat' dir='ltr'>et</span> <span class='ocrx_word' id='word_1_106' title='bbox 400 1119 638 1157; x_wconf 78' lang='lat' dir='ltr'>Mauritania</span> <span class='ocrx_word' id='word_1_107' title='bbox 658 1120 841 1167; x_wconf 77' lang='lat' dir='ltr'>quartum</span> <span class='ocrx_word' id='word_1_108' title='bbox 858 1118 882 1154; x_wconf 78' lang='lat'>².</span> <span class='ocrx_word' id='word_1_109' title='bbox 905 1118 948 1154; x_wconf 89' lang='lat' dir='ltr'>In</span> <span class='ocrx_word' id='word_1_110' title='bbox 971 1117 1112 1164; x_wconf 84' lang='lat' dir='ltr'>Hispa—</span> 
     </span>
     <span class='ocr_line' id='line_1_21' title="bbox 157 1170 1111 1220; baseline -0.007 -8"><span class='ocrx_word' id='word_1_111' title='bbox 157 1175 223 1212; x_wconf 87' lang='lat' dir='ltr'>nia</span> <span class='ocrx_word' id='word_1_112' title='bbox 248 1186 350 1210; x_wconf 86' lang='lat' dir='ltr'>anno</span> <span class='ocrx_word' id='word_1_113' title='bbox 376 1173 453 1210; x_wconf 89' lang='lat'>524</span> <span class='ocrx_word' id='word_1_114' title='bbox 480 1172 648 1220; x_wconf 82' lang='lat' dir='ltr'>episcopi</span> <span class='ocrx_word' id='word_1_115' title='bbox 673 1173 697 1209; x_wconf 81' lang='lat'>9</span> <span class='ocrx_word' id='word_1_116' title='bbox 718 1174 986 1208; x_wconf 86' lang='lat' dir='ltr'>convenerunt</span> <span class='ocrx_word' id='word_1_117' title='bbox 1009 1170 1111 1206; x_wconf 79' lang='lat' dir='ltr'>Iler-</span> 
     </span>
     <span class='ocr_line' id='line_1_22' title="bbox 159 1223 1112 1273; baseline -0.007 -8"><span class='ocrx_word' id='word_1_118' title='bbox 159 1229 261 1273; x_wconf 87' lang='lat' dir='ltr'>dam,</span> <span class='ocrx_word' id='word_1_119' title='bbox 283 1237 528 1273; x_wconf 82' lang='lat' dir='ltr'>canonesque</span> <span class='ocrx_word' id='word_1_120' title='bbox 550 1225 758 1261; x_wconf 89' lang='lat' dir='ltr'>ediderunt</span> <span class='ocrx_word' id='word_1_121' title='bbox 777 1224 824 1261; x_wconf 83' lang='lat'>16</span> <span class='ocrx_word' id='word_1_122' title='bbox 841 1223 866 1261; x_wconf 79' lang='lat'>³.</span> <span class='ocrx_word' id='word_1_123' title='bbox 885 1223 1032 1261; x_wconf 89' lang='lat' dir='ltr'>Eodem</span> <span class='ocrx_word' id='word_1_124' title='bbox 1049 1234 1112 1258; x_wconf 89' lang='lat' dir='ltr'>an-</span> 
     </span>
     <span class='ocr_line' id='line_1_23' title="bbox 158 1275 1114 1329; baseline -0.007 -11"><span class='ocrx_word' id='word_1_125' title='bbox 158 1293 207 1318; x_wconf 90' lang='lat' dir='ltr'>no</span> <span class='ocrx_word' id='word_1_126' title='bbox 224 1279 393 1329; x_wconf 86' lang='lat' dir='ltr'>episcopi</span> <span class='ocrx_word' id='word_1_127' title='bbox 410 1290 478 1315; x_wconf 77' lang='lat' dir='ltr'>sex</span> <span class='ocrx_word' id='word_1_128' title='bbox 495 1278 687 1326; x_wconf 62' lang='lat' dir='ltr'>synodum</span> <span class='ocrx_word' id='word_1_129' title='bbox 705 1277 958 1314; x_wconf 84' lang='lat' dir='ltr'>celebrarunt</span> <span class='ocrx_word' id='word_1_130' title='bbox 973 1275 1114 1312; x_wconf 87' lang='lat' dir='ltr'>Valen-</span> 
     </span>
     <span class='ocr_line' id='line_1_24' title="bbox 155 1328 950 1381; baseline -0.006 -10"><span class='ocrx_word' id='word_1_131' title='bbox 155 1335 248 1378; x_wconf 81' lang='lat' dir='ltr'>tiae,</span> <span class='ocrx_word' id='word_1_132' title='bbox 269 1333 308 1369; x_wconf 91' lang='lat' dir='ltr'>in</span> <span class='ocrx_word' id='word_1_133' title='bbox 330 1344 406 1381; x_wconf 89' lang='lat' dir='ltr'>qua</span> <span class='ocrx_word' id='word_1_134' title='bbox 425 1331 450 1368; x_wconf 81' lang='lat'>6</span> <span class='ocrx_word' id='word_1_135' title='bbox 471 1342 638 1368; x_wconf 88' lang='lat' dir='ltr'>canones</span> <span class='ocrx_word' id='word_1_136' title='bbox 655 1331 797 1367; x_wconf 90' lang='lat' dir='ltr'>conditi</span> <span class='ocrx_word' id='word_1_137' title='bbox 820 1332 909 1367; x_wconf 85' lang='lat' dir='ltr'>sunt</span> <span class='ocrx_word' id='word_1_138' title='bbox 924 1328 950 1366; x_wconf 81' lang='lat'>⁴.</span> 
     </span>
    </p>

    <p class='ocr_par' dir='ltr' id='par_1_4' title="bbox 159 1381 1122 2438">
     <span class='ocr_line' id='line_1_25' title="bbox 214 1381 1113 1432; baseline -0.007 -9"><span class='ocrx_word' id='word_1_139' title='bbox 214 1387 258 1423; x_wconf 92' lang='lat' dir='ltr'>In</span> <span class='ocrx_word' id='word_1_140' title='bbox 280 1384 409 1422; x_wconf 86' lang='lat' dir='ltr'>Gallia</span> <span class='ocrx_word' id='word_1_141' title='bbox 429 1384 648 1422; x_wconf 73' lang='lat' dir='ltr'>Clodoveus</span> <span class='ocrx_word' id='word_1_142' title='bbox 668 1396 752 1427; x_wconf 82' lang='lat' dir='ltr'>rex,</span> <span class='ocrx_word' id='word_1_143' title='bbox 774 1388 977 1432; x_wconf 76' lang='lat' dir='ltr'>postquam</span> <span class='ocrx_word' id='word_1_144' title='bbox 999 1381 1113 1429; x_wconf 76' lang='lat' dir='ltr'>regni</span> 
     </span>
     <span class='ocr_line' id='line_1_26' title="bbox 161 1435 1112 1485; baseline -0.007 -8"><span class='ocrx_word' id='word_1_145' title='bbox 161 1439 223 1477; x_wconf 87' lang='lat' dir='ltr'>sui</span> <span class='ocrx_word' id='word_1_146' title='bbox 242 1439 340 1475; x_wconf 87' lang='lat' dir='ltr'>fines</span> <span class='ocrx_word' id='word_1_147' title='bbox 360 1437 551 1475; x_wconf 87' lang='lat' dir='ltr'>latissime</span> <span class='ocrx_word' id='word_1_148' title='bbox 571 1436 848 1485; x_wconf 87' lang='lat' dir='ltr'>protendisset,</span> <span class='ocrx_word' id='word_1_149' title='bbox 870 1448 930 1472; x_wconf 88' lang='lat' dir='ltr'>an.</span> <span class='ocrx_word' id='word_1_150' title='bbox 950 1435 1023 1472; x_wconf 92' lang='lat'>511</span> <span class='ocrx_word' id='word_1_151' title='bbox 1043 1446 1112 1470; x_wconf 90' lang='lat' dir='ltr'>oc—</span> 
     </span>
     <span class='ocr_line' id='line_1_27' title="bbox 161 1488 1116 1538; baseline -0.006 -9"><span class='ocrx_word' id='word_1_152' title='bbox 161 1492 307 1529; x_wconf 82' lang='lat' dir='ltr'>cubuit.</span> <span class='ocrx_word' id='word_1_153' title='bbox 326 1491 418 1527; x_wconf 85' lang='lat' dir='ltr'>Post</span> <span class='ocrx_word' id='word_1_154' title='bbox 438 1490 519 1527; x_wconf 84' lang='lat' dir='ltr'>eius</span> <span class='ocrx_word' id='word_1_155' title='bbox 535 1493 701 1526; x_wconf 85' lang='lat' dir='ltr'>mortem</span> <span class='ocrx_word' id='word_1_156' title='bbox 719 1493 889 1538; x_wconf 84' lang='lat' dir='ltr'>quatuor</span> <span class='ocrx_word' id='word_1_157' title='bbox 905 1488 973 1525; x_wconf 83' lang='lat' dir='ltr'>filii</span> <span class='ocrx_word' id='word_1_158' title='bbox 991 1490 1116 1536; x_wconf 86' lang='lat' dir='ltr'>pater-</span> 
     </span>
     <span class='ocr_line' id='line_1_28' title="bbox 161 1540 1115 1592; baseline -0.006 -10"><span class='ocrx_word' id='word_1_159' title='bbox 161 1557 256 1582; x_wconf 90' lang='lat' dir='ltr'>num</span> <span class='ocrx_word' id='word_1_160' title='bbox 278 1555 446 1592; x_wconf 81' lang='lat' dir='ltr'>regnum</span> <span class='ocrx_word' id='word_1_161' title='bbox 468 1543 572 1579; x_wconf 89' lang='lat' dir='ltr'>inter</span> <span class='ocrx_word' id='word_1_162' title='bbox 592 1554 633 1580; x_wconf 92' lang='lat' dir='ltr'>se</span> <span class='ocrx_word' id='word_1_163' title='bbox 654 1542 788 1590; x_wconf 86' lang='lat' dir='ltr'>partiti</span> <span class='ocrx_word' id='word_1_164' title='bbox 805 1545 915 1579; x_wconf 87' lang='lat' dir='ltr'>sunt:</span> <span class='ocrx_word' id='word_1_165' title='bbox 933 1540 1115 1577; x_wconf 91' lang='lat' dir='ltr'>Theodo-</span> 
     </span>
     <span class='ocr_line' id='line_1_29' title="bbox 162 1593 1117 1639; baseline -0.006 -4"><span class='ocrx_word' id='word_1_166' title='bbox 162 1598 267 1635; x_wconf 88' lang='lat' dir='ltr'>ricus</span> <span class='ocrx_word' id='word_1_167' title='bbox 287 1596 365 1634; x_wconf 81' lang='lat' dir='ltr'>fuit</span> <span class='ocrx_word' id='word_1_168' title='bbox 385 1608 455 1632; x_wconf 78' lang='lat' dir='ltr'>rex</span> <span class='ocrx_word' id='word_1_169' title='bbox 477 1595 708 1633; x_wconf 87' lang='lat' dir='ltr'>Austrasiae</span> <span class='ocrx_word' id='word_1_170' title='bbox 724 1607 790 1632; x_wconf 91' lang='lat' dir='ltr'>seu</span> <span class='ocrx_word' id='word_1_171' title='bbox 808 1594 1009 1639; x_wconf 86' lang='lat' dir='ltr'>Metensis,</span> <span class='ocrx_word' id='word_1_172' title='bbox 1026 1593 1117 1630; x_wconf 93' lang='lat' dir='ltr'>Clo-</span> 
     </span>
     <span class='ocr_line' id='line_1_30' title="bbox 159 1647 1119 1691; baseline -0.006 -3"><span class='ocrx_word' id='word_1_173' title='bbox 159 1652 347 1689; x_wconf 86' lang='lat' dir='ltr'>domerus</span> <span class='ocrx_word' id='word_1_174' title='bbox 360 1660 431 1686; x_wconf 78' lang='lat' dir='ltr'>rex</span> <span class='ocrx_word' id='word_1_175' title='bbox 443 1650 502 1685; x_wconf 91' lang='lat' dir='ltr'>Au</span> <span class='ocrx_word' id='word_1_176' title='bbox 510 1648 748 1691; x_wconf 80' lang='lat' dir='ltr'>relianensis,</span> <span class='ocrx_word' id='word_1_177' title='bbox 760 1647 1033 1685; x_wconf 87' lang='lat' dir='ltr'>Childebertus</span> <span class='ocrx_word' id='word_1_178' title='bbox 1048 1657 1119 1683; x_wconf 74' lang='lat' dir='ltr'>rex</span> 
     </span>
     <span class='ocr_line' id='line_1_31' title="bbox 163 1700 1119 1747; baseline -0.006 -6"><span class='ocrx_word' id='word_1_179' title='bbox 163 1703 413 1747; x_wconf 88' lang='lat' dir='ltr'>Parisiensis,</span> <span class='ocrx_word' id='word_1_180' title='bbox 430 1701 626 1739; x_wconf 87' lang='lat' dir='ltr'>Clotarius</span> <span class='ocrx_word' id='word_1_181' title='bbox 647 1713 717 1738; x_wconf 78' lang='lat' dir='ltr'>rex</span> <span class='ocrx_word' id='word_1_182' title='bbox 738 1700 1119 1738; x_wconf 72' lang='lat' dir='ltr'>Stiessiontini.PIaec</span> 
     </span>
     <span class='ocr_line' id='line_1_32' title="bbox 162 1752 1120 1805; baseline -0.006 -11"><span class='ocrx_word' id='word_1_183' title='bbox 162 1759 272 1805; x_wconf 84' lang='lat' dir='ltr'>regni</span> <span class='ocrx_word' id='word_1_184' title='bbox 303 1755 443 1792; x_wconf 87' lang='lat' dir='ltr'>divisio</span> <span class='ocrx_word' id='word_1_185' title='bbox 465 1754 682 1791; x_wconf 87' lang='lat' dir='ltr'>multarum</span> <span class='ocrx_word' id='word_1_186' title='bbox 704 1754 885 1802; x_wconf 73' lang='lat' dir='ltr'>deinceps</span> <span class='ocrx_word' id='word_1_187' title='bbox 906 1752 1120 1790; x_wconf 88' lang='lat' dir='ltr'>dissensio-</span> 
     </span>
     <span class='ocr_line' id='line_1_33' title="bbox 165 1806 1122 1855; baseline -0.005 -9"><span class='ocrx_word' id='word_1_188' title='bbox 165 1821 259 1846; x_wconf 89' lang='lat' dir='ltr'>num</span> <span class='ocrx_word' id='word_1_189' title='bbox 281 1811 319 1845; x_wconf 92' lang='lat' dir='ltr'>et</span> <span class='ocrx_word' id='word_1_190' title='bbox 339 1808 532 1845; x_wconf 85' lang='lat' dir='ltr'>bellorum</span> <span class='ocrx_word' id='word_1_191' title='bbox 550 1807 735 1851; x_wconf 84' lang='lat' dir='ltr'>civilium,</span> <span class='ocrx_word' id='word_1_192' title='bbox 752 1807 890 1855; x_wconf 87' lang='lat' dir='ltr'>quibus</span> <span class='ocrx_word' id='word_1_193' title='bbox 907 1806 1036 1843; x_wconf 85' lang='lat' dir='ltr'>Gallia</span> <span class='ocrx_word' id='word_1_194' title='bbox 1054 1817 1122 1853; x_wconf 89' lang='lat' dir='ltr'>per</span> 
     </span>
     <span class='ocr_line' id='line_1_34' title="bbox 161 1858 1119 1908; baseline -0.005 -9"><span class='ocrx_word' id='word_1_195' title='bbox 161 1861 363 1900; x_wconf 87' lang='lat' dir='ltr'>saeculum</span> <span class='ocrx_word' id='word_1_196' title='bbox 386 1861 581 1908; x_wconf 80' lang='lat' dir='ltr'>integrum</span> <span class='ocrx_word' id='word_1_197' title='bbox 605 1864 792 1908; x_wconf 84' lang='lat' dir='ltr'>quassata</span> <span class='ocrx_word' id='word_1_198' title='bbox 812 1861 883 1903; x_wconf 88' lang='lat' dir='ltr'>est,</span> <span class='ocrx_word' id='word_1_199' title='bbox 905 1859 1012 1907; x_wconf 82' lang='lat' dir='ltr'>origo</span> <span class='ocrx_word' id='word_1_200' title='bbox 1034 1858 1119 1895; x_wconf 83' lang='lat' dir='ltr'>suit.</span> 
     </span>
     <span class='ocr_line' id='line_1_35' title="bbox 161 1911 1121 1963; baseline -0.005 -11"><span class='ocrx_word' id='word_1_201' title='bbox 161 1916 264 1952; x_wconf 88' lang='lat' dir='ltr'>Istae</span> <span class='ocrx_word' id='word_1_202' title='bbox 283 1914 505 1963; x_wconf 81' lang='lat' dir='ltr'>principum</span> <span class='ocrx_word' id='word_1_203' title='bbox 525 1913 782 1950; x_wconf 82' lang='lat' dir='ltr'>dissensiones</span> <span class='ocrx_word' id='word_1_204' title='bbox 794 1911 1049 1961; x_wconf 76' lang='lat' dir='ltr'>prosperitati</span> <span class='ocrx_word' id='word_1_205' title='bbox 1065 1911 1121 1948; x_wconf 88' lang='lat' dir='ltr'>rei</span> 
     </span>
     <span class='ocr_line' id='line_1_36' title="bbox 161 1964 1120 2014; baseline -0.005 -9"><span class='ocrx_word' id='word_1_206' title='bbox 161 1966 454 2006; x_wconf 82' lang='lat' dir='ltr'>ecclesiasticae</span> <span class='ocrx_word' id='word_1_207' title='bbox 484 1966 522 2002; x_wconf 93' lang='lat' dir='ltr'>in</span> <span class='ocrx_word' id='word_1_208' title='bbox 553 1965 689 2002; x_wconf 85' lang='lat' dir='ltr'>Galliis</span> <span class='ocrx_word' id='word_1_209' title='bbox 718 1965 929 2014; x_wconf 87' lang='lat' dir='ltr'>plurimum</span> <span class='ocrx_word' id='word_1_210' title='bbox 955 1964 1120 2001; x_wconf 85' lang='lat' dir='ltr'>obstite-</span> 
     </span>
     <span class='ocr_line' id='line_1_37' title="bbox 166 2017 1121 2064; baseline -0.005 -6"><span class='ocrx_word' id='word_1_211' title='bbox 166 2022 272 2058; x_wconf 89' lang='lat' dir='ltr'>runt.</span> <span class='ocrx_word' id='word_1_212' title='bbox 286 2019 552 2064; x_wconf 86' lang='lat' dir='ltr'>Clodomerus,</span> <span class='ocrx_word' id='word_1_213' title='bbox 574 2018 848 2056; x_wconf 86' lang='lat' dir='ltr'>Childebertus</span> <span class='ocrx_word' id='word_1_214' title='bbox 868 2021 907 2054; x_wconf 88' lang='lat' dir='ltr'>et</span> <span class='ocrx_word' id='word_1_215' title='bbox 927 2017 1121 2054; x_wconf 87' lang='lat' dir='ltr'>Clotarius</span> 
     </span>
     <span class='ocr_line' id='line_1_38' title="bbox 165 2069 1121 2120; baseline -0.006 -9"><span class='ocrx_word' id='word_1_216' title='bbox 165 2073 310 2111; x_wconf 90' lang='lat' dir='ltr'>bellum</span> <span class='ocrx_word' id='word_1_217' title='bbox 339 2072 569 2109; x_wconf 80' lang='lat' dir='ltr'>indixerunt</span> <span class='ocrx_word' id='word_1_218' title='bbox 597 2071 846 2120; x_wconf 81' lang='lat' dir='ltr'>Sigismundo</span> <span class='ocrx_word' id='word_1_219' title='bbox 871 2069 1121 2118; x_wconf 79' lang='lat' dir='ltr'>Burgundio-</span> 
     </span>
     <span class='ocr_line' id='line_1_39' title="bbox 165 2122 1122 2174; baseline -0.006 -10"><span class='ocrx_word' id='word_1_220' title='bbox 165 2138 259 2164; x_wconf 88' lang='lat' dir='ltr'>num</span> <span class='ocrx_word' id='word_1_221' title='bbox 279 2125 376 2174; x_wconf 80' lang='lat' dir='ltr'>regi.</span> <span class='ocrx_word' id='word_1_222' title='bbox 394 2124 669 2173; x_wconf 80' lang='lat' dir='ltr'>Sigismundus</span> <span class='ocrx_word' id='word_1_223' title='bbox 684 2124 767 2160; x_wconf 87' lang='lat' dir='ltr'>acie</span> <span class='ocrx_word' id='word_1_224' title='bbox 788 2124 927 2169; x_wconf 86' lang='lat' dir='ltr'>victus,</span> <span class='ocrx_word' id='word_1_225' title='bbox 948 2122 1122 2159; x_wconf 83' lang='lat' dir='ltr'>Aurelia-</span> 
     </span>
     <span class='ocr_line' id='line_1_40' title="bbox 165 2175 1120 2222; baseline -0.005 -6"><span class='ocrx_word' id='word_1_226' title='bbox 165 2179 204 2216; x_wconf 91' lang='lat' dir='ltr'>ni</span> <span class='ocrx_word' id='word_1_227' title='bbox 225 2180 263 2216; x_wconf 91' lang='lat' dir='ltr'>in</span> <span class='ocrx_word' id='word_1_228' title='bbox 285 2189 481 2215; x_wconf 84' lang='lat' dir='ltr'>carcerem</span> <span class='ocrx_word' id='word_1_229' title='bbox 502 2177 703 2214; x_wconf 86' lang='lat' dir='ltr'>coniectus</span> <span class='ocrx_word' id='word_1_230' title='bbox 724 2181 795 2222; x_wconf 85' lang='lat' dir='ltr'>est,</span> <span class='ocrx_word' id='word_1_231' title='bbox 812 2178 851 2213; x_wconf 93' lang='lat' dir='ltr'>et</span> <span class='ocrx_word' id='word_1_232' title='bbox 867 2188 928 2212; x_wconf 82' lang='lat' dir='ltr'>an.</span> <span class='ocrx_word' id='word_1_233' title='bbox 945 2176 1021 2213; x_wconf 87' lang='lat'>524</span> <span class='ocrx_word' id='word_1_234' title='bbox 1040 2175 1120 2212; x_wconf 89' lang='lat' dir='ltr'>Clo-</span> 
     </span>
     <span class='ocr_line' id='line_1_41' title="bbox 164 2227 1120 2279; baseline -0.005 -10"><span class='ocrx_word' id='word_1_235' title='bbox 164 2232 312 2270; x_wconf 89' lang='lat' dir='ltr'>domeri</span> <span class='ocrx_word' id='word_1_236' title='bbox 333 2231 442 2268; x_wconf 90' lang='lat' dir='ltr'>iussu</span> <span class='ocrx_word' id='word_1_237' title='bbox 463 2230 501 2266; x_wconf 94' lang='lat' dir='ltr'>in</span> <span class='ocrx_word' id='word_1_238' title='bbox 518 2234 679 2279; x_wconf 86' lang='lat' dir='ltr'>puteum</span> <span class='ocrx_word' id='word_1_239' title='bbox 702 2230 900 2266; x_wconf 84' lang='lat' dir='ltr'>demersus</span> <span class='ocrx_word' id='word_1_240' title='bbox 915 2228 1042 2277; x_wconf 84' lang='lat' dir='ltr'>periit.</span> <span class='ocrx_word' id='word_1_241' title='bbox 1056 2227 1120 2263; x_wconf 86' lang='lat' dir='ltr'>Si-</span> 
     </span>
     <span class='ocr_line' id='line_1_42' title="bbox 162 2281 1121 2335; baseline -0.006 -13"><span class='ocrx_word' id='word_1_242' title='bbox 162 2285 392 2335; x_wconf 84' lang='lat' dir='ltr'>gismundus</span> <span class='ocrx_word' id='word_1_243' title='bbox 413 2285 501 2332; x_wconf 86' lang='lat' dir='ltr'>post</span> <span class='ocrx_word' id='word_1_244' title='bbox 520 2283 668 2320; x_wconf 88' lang='lat' dir='ltr'>obitum</span> <span class='ocrx_word' id='word_1_245' title='bbox 690 2282 888 2319; x_wconf 85' lang='lat' dir='ltr'>miraculis</span> <span class='ocrx_word' id='word_1_246' title='bbox 909 2281 1053 2319; x_wconf 89' lang='lat' dir='ltr'>claruit</span> <span class='ocrx_word' id='word_1_247' title='bbox 1082 2282 1121 2317; x_wconf 89' lang='lat' dir='ltr'>et</span> 
     </span>
     <span class='ocr_line' id='line_1_43' title="bbox 162 2334 1121 2384; baseline -0.007 -8"><span class='ocrx_word' id='word_1_248' title='bbox 162 2340 300 2376; x_wconf 88' lang='lat' dir='ltr'>Ssrum</span> <span class='ocrx_word' id='word_1_249' title='bbox 328 2348 490 2373; x_wconf 81' lang='lat' dir='ltr'>numero</span> <span class='ocrx_word' id='word_1_250' title='bbox 518 2336 738 2384; x_wconf 82' lang='lat' dir='ltr'>adscriptus</span> <span class='ocrx_word' id='word_1_251' title='bbox 758 2337 835 2372; x_wconf 88' lang='lat' dir='ltr'>est:</span> <span class='ocrx_word' id='word_1_252' title='bbox 870 2334 1022 2383; x_wconf 88' lang='lat' dir='ltr'>culpam</span> <span class='ocrx_word' id='word_1_253' title='bbox 1050 2345 1121 2370; x_wconf 85' lang='lat' dir='ltr'>ve-</span> 
     </span>
     <span class='ocr_line' id='line_1_44' title="bbox 166 2387 1122 2438; baseline -0.005 -10"><span class='ocrx_word' id='word_1_254' title='bbox 166 2403 228 2436; x_wconf 90' lang='lat' dir='ltr'>ro,</span> <span class='ocrx_word' id='word_1_255' title='bbox 259 2401 375 2438; x_wconf 89' lang='lat' dir='ltr'>quam</span> <span class='ocrx_word' id='word_1_256' title='bbox 410 2389 448 2426; x_wconf 91' lang='lat' dir='ltr'>in</span> <span class='ocrx_word' id='word_1_257' title='bbox 486 2400 579 2426; x_wconf 80' lang='lat' dir='ltr'>nece</span> <span class='ocrx_word' id='word_1_258' title='bbox 600 2388 770 2437; x_wconf 75' lang='lat' dir='ltr'>Segorici</span> <span class='ocrx_word' id='word_1_259' title='bbox 791 2387 860 2424; x_wconf 90' lang='lat' dir='ltr'>filii</span> <span class='ocrx_word' id='word_1_260' title='bbox 876 2418 885 2433; x_wconf 90' lang='lat'>,</span> <span class='ocrx_word' id='word_1_261' title='bbox 906 2400 930 2424; x_wconf 86' lang='lat' dir='ltr'>a</span> <span class='ocrx_word' id='word_1_262' title='bbox 951 2397 1122 2424; x_wconf 88' lang='lat' dir='ltr'>noverca</span> 
     </span>
    </p>
   </div>
   <div class='ocr_carea' id='block_1_3' title="bbox 161 2440 1143 2493">
    <p class='ocr_par' dir='ltr' id='par_1_5' title="bbox 161 2440 1143 2493">
     <span class='ocr_line' id='line_1_45' title="bbox 161 2440 1143 2493; baseline -0.006 -12"><span class='ocrx_word' id='word_1_263' title='bbox 161 2443 448 2493; x_wconf 87' lang='lat' dir='ltr'>perduellionis</span> <span class='ocrx_word' id='word_1_264' title='bbox 486 2441 679 2487; x_wconf 87' lang='lat' dir='ltr'>accusati,</span> <span class='ocrx_word' id='word_1_265' title='bbox 711 2441 889 2486; x_wconf 81' lang='lat' dir='ltr'>admisit,</span> <span class='ocrx_word' id='word_1_266' title='bbox 918 2440 1143 2489; x_wconf 45' lang='lat' dir='ltr'>poenitens.</span> 
     </span>
    </p>
   </div>
   <div class='ocr_carea' id='block_1_4' title="bbox 164 2492 1121 2700">
    <p class='ocr_par' dir='ltr' id='par_1_6' title="bbox 164 2492 1121 2700">
     <span class='ocr_line' id='line_1_46' title="bbox 164 2492 1121 2545; baseline -0.005 -11"><span class='ocrx_word' id='word_1_267' title='bbox 164 2496 340 2545; x_wconf 84' lang='lat' dir='ltr'>expiavit</span> <span class='ocrx_word' id='word_1_268' title='bbox 351 2495 376 2533; x_wconf 90' lang='lat'>⁵.</span> <span class='ocrx_word' id='word_1_269' title='bbox 389 2495 643 2533; x_wconf 87' lang='lat' dir='ltr'>Clodomerus</span> <span class='ocrx_word' id='word_1_270' title='bbox 658 2494 769 2531; x_wconf 81' lang='lat' dir='ltr'>brevi</span> <span class='ocrx_word' id='word_1_271' title='bbox 788 2496 875 2542; x_wconf 86' lang='lat' dir='ltr'>post</span> <span class='ocrx_word' id='word_1_272' title='bbox 891 2492 1047 2530; x_wconf 80' lang='lat' dir='ltr'>sceleris</span> <span class='ocrx_word' id='word_1_273' title='bbox 1063 2492 1121 2529; x_wconf 89' lang='lat' dir='ltr'>sui</span> 
     </span>
     <span class='ocr_line' id='line_1_47' title="bbox 167 2547 1120 2599; baseline -0.005 -13"><span class='ocrx_word' id='word_1_274' title='bbox 167 2561 312 2599; x_wconf 86' lang='lat' dir='ltr'>poenas</span> <span class='ocrx_word' id='word_1_275' title='bbox 332 2549 426 2595; x_wconf 79' lang='lat' dir='ltr'>luit3</span> <span class='ocrx_word' id='word_1_276' title='bbox 448 2559 538 2585; x_wconf 87' lang='lat' dir='ltr'>nam</span> <span class='ocrx_word' id='word_1_277' title='bbox 560 2547 598 2584; x_wconf 91' lang='lat' dir='ltr'>in</span> <span class='ocrx_word' id='word_1_278' title='bbox 619 2547 766 2596; x_wconf 86' lang='lat' dir='ltr'>praelio</span> <span class='ocrx_word' id='word_1_279' title='bbox 782 2549 917 2583; x_wconf 87' lang='lat' dir='ltr'>contra</span> <span class='ocrx_word' id='word_1_280' title='bbox 933 2547 1120 2593; x_wconf 75' lang='lat' dir='ltr'>Burgun-</span> 
     </span>
     <span class='ocr_line' id='line_1_48' title="bbox 168 2598 1121 2648; baseline -0.004 -10"><span class='ocrx_word' id='word_1_281' title='bbox 168 2603 303 2640; x_wconf 87' lang='lat' dir='ltr'>diones</span> <span class='ocrx_word' id='word_1_282' title='bbox 333 2602 403 2639; x_wconf 87' lang='lat' dir='ltr'>sub</span> <span class='ocrx_word' id='word_1_283' title='bbox 434 2601 678 2644; x_wconf 86' lang='lat' dir='ltr'>Godomaro,</span> <span class='ocrx_word' id='word_1_284' title='bbox 707 2599 947 2648; x_wconf 81' lang='lat' dir='ltr'>Sigismundi</span> <span class='ocrx_word' id='word_1_285' title='bbox 978 2598 1121 2643; x_wconf 85' lang='lat' dir='ltr'>fratre,</span> 
     </span>
     <span class='ocr_line' id='line_1_49' title="bbox 166 2652 1121 2700; baseline -0.004 -9"><span class='ocrx_word' id='word_1_286' title='bbox 166 2655 397 2692; x_wconf 84' lang='lat' dir='ltr'>interfectus</span> <span class='ocrx_word' id='word_1_287' title='bbox 426 2656 496 2692; x_wconf 81' lang='lat' dir='ltr'>est.</span> <span class='ocrx_word' id='word_1_288' title='bbox 519 2653 613 2691; x_wconf 89' lang='lat' dir='ltr'>Eius</span> <span class='ocrx_word' id='word_1_289' title='bbox 635 2653 822 2690; x_wconf 77' lang='lat' dir='ltr'>ditionem</span> <span class='ocrx_word' id='word_1_290' title='bbox 846 2652 948 2689; x_wconf 91' lang='lat' dir='ltr'>inter</span> <span class='ocrx_word' id='word_1_291' title='bbox 968 2663 1008 2688; x_wconf 86' lang='lat' dir='ltr'>sc</span> <span class='ocrx_word' id='word_1_292' title='bbox 1028 2662 1121 2700; x_wconf 85' lang='lat' dir='ltr'>par-</span> 
     </span>
    </p>
   </div>
   <div class='ocr_carea' id='block_1_5' title="bbox 1140 1371 1146 2697">
    <p class='ocr_par' dir='ltr' id='par_1_7' title="bbox 1140 1371 1146 2697">
     <span class='ocr_line' id='line_1_50' title="bbox 1140 1371 1146 2697; baseline 0 0"><span class='ocrx_word' id='word_1_293' title='bbox 1140 1371 1146 2697; x_wconf 95' lang='lat' dir='ltr'> </span> 
     </span>
    </p>
   </div>
   <div class='ocr_carea' id='block_1_6' title="bbox 676 99 1602 132">
    <p class='ocr_par' dir='ltr' id='par_1_8' title="bbox 676 99 1602 132">
     <span class='ocr_line' id='line_1_51' title="bbox 676 99 1602 132; baseline -0.003 0"><span class='ocrx_word' id='word_1_294' title='bbox 676 104 831 132; x_wconf 86' lang='lat' dir='ltr'>EPOCHA</span> <span class='ocrx_word' id='word_1_295' title='bbox 860 103 912 130; x_wconf 91' lang='lat' dir='ltr'>1v.</span> <span class='ocrx_word' id='word_1_296' title='bbox 943 103 970 129; x_wconf 80' lang='lat' dir='ltr'>A</span> <span class='ocrx_word' id='word_1_297' title='bbox 998 100 1094 127; x_wconf 86' lang='lat' dir='ltr'><strong>FINE</strong></span> <span class='ocrx_word' id='word_1_298' title='bbox 1123 99 1285 127; x_wconf 87' lang='lat' dir='ltr'>IMPERII</span> <span class='ocrx_word' id='word_1_299' title='bbox 1315 101 1602 129; x_wconf 88' lang='lat' dir='ltr'>OCCIDENTALIS</span> 
     </span>
    </p>
   </div>
   <div class='ocr_carea' id='block_1_7' title="bbox 1153 163 2118 1527">
    <p class='ocr_par' dir='ltr' id='par_1_9' title="bbox 1153 163 2104 256">
     <span class='ocr_line' id='line_1_52' title="bbox 1153 163 2104 222; baseline 0.008 -22"><span class='ocrx_word' id='word_1_300' title='bbox 1153 163 1375 222; x_wconf 56' lang='lat' dir='ltr'>Gtodomaro</span> <span class='ocrx_word' id='word_1_301' title='bbox 1388 194 1397 210; x_wconf 94' lang='lat'>,</span> <span class='ocrx_word' id='word_1_302' title='bbox 1427 176 1593 213; x_wconf 83' lang='lat' dir='ltr'>regnum</span> <span class='ocrx_word' id='word_1_303' title='bbox 1620 166 1917 217; x_wconf 85' lang='lat' dir='ltr'>Burgundicum</span> <span class='ocrx_word' id='word_1_304' title='bbox 1937 168 2043 208; x_wconf 85' lang='lat' dir='ltr'>inter</span> <span class='ocrx_word' id='word_1_305' title='bbox 2061 180 2104 208; x_wconf 84' lang='lat' dir='ltr'>se</span> 
     </span>
     <span class='ocr_line' id='line_1_53' title="bbox 1154 216 1561 256; baseline 0.007 -4"><span class='ocrx_word' id='word_1_306' title='bbox 1154 216 1373 255; x_wconf 81' lang='lat' dir='ltr'>dlviserunt</span> <span class='ocrx_word' id='word_1_307' title='bbox 1393 229 1454 254; x_wconf 89' lang='lat' dir='ltr'>an.</span> <span class='ocrx_word' id='word_1_308' title='bbox 1471 217 1561 256; x_wconf 88' lang='lat'>534.</span> 
     </span>
    </p>

    <p class='ocr_par' dir='ltr' id='par_1_10' title="bbox 1153 271 2118 1527">
     <span class='ocr_line' id='line_1_54' title="bbox 1206 271 2110 324; baseline 0.006 -16"><span class='ocrx_word' id='word_1_309' title='bbox 1206 271 1270 309; x_wconf 93' lang='lat'>21.</span> <span class='ocrx_word' id='word_1_310' title='bbox 1292 271 1331 307; x_wconf 93' lang='lat' dir='ltr'>F</span> <span class='ocrx_word' id='word_1_311' title='bbox 1329 271 1414 307; x_wconf 72' lang='lat' dir='ltr'>elix</span> <span class='ocrx_word' id='word_1_312' title='bbox 1432 271 1461 307; x_wconf 91' lang='lat' dir='ltr'><em>I</em></span> <span class='ocrx_word' id='word_1_313' title='bbox 1469 271 1503 307; x_wconf 89' lang='lat' dir='ltr'><strong><em>V</em></strong></span> <span class='ocrx_word' id='word_1_314' title='bbox 1516 271 1716 320; x_wconf 72' lang='lat' dir='ltr'>Pontifex</span> <span class='ocrx_word' id='word_1_315' title='bbox 1736 272 1823 323; x_wconf 78' lang='lat' dir='ltr'>(an.</span> <span class='ocrx_word' id='word_1_316' title='bbox 1844 275 2110 324; x_wconf 65' lang='lat' dir='ltr'>526)—Post‘</span> 
     </span>
     <span class='ocr_line' id='line_1_55' title="bbox 1154 322 2107 376; baseline 0.005 -15"><span class='ocrx_word' id='word_1_317' title='bbox 1154 324 1361 361; x_wconf 88' lang='lat' dir='ltr'>obitums.</span> <span class='ocrx_word' id='word_1_318' title='bbox 1384 322 1541 360; x_wconf 90' lang='lat' dir='ltr'>Ioannis</span> <span class='ocrx_word' id='word_1_319' title='bbox 1572 324 1642 372; x_wconf 92' lang='lat' dir='ltr'>Pp.</span> <span class='ocrx_word' id='word_1_320' title='bbox 1673 324 1808 376; x_wconf 86' lang='lat'>(526),</span> <span class='ocrx_word' id='word_1_321' title='bbox 1837 328 2107 366; x_wconf 81' lang='lat' dir='ltr'>Theodericus</span> 
     </span>
     <span class='ocr_line' id='line_1_56' title="bbox 1153 375 2107 425; baseline 0.007 -13"><span class='ocrx_word' id='word_1_322' title='bbox 1153 389 1224 414; x_wconf 80' lang='lat' dir='ltr'>rex</span> <span class='ocrx_word' id='word_1_323' title='bbox 1270 376 1438 421; x_wconf 86' lang='lat' dir='ltr'>Italiae,</span> <span class='ocrx_word' id='word_1_324' title='bbox 1468 375 1533 425; x_wconf 81' lang='lat' dir='ltr'>qui</span> <span class='ocrx_word' id='word_1_325' title='bbox 1568 378 1753 424; x_wconf 88' lang='lat' dir='ltr'>quamdiu</span> <span class='ocrx_word' id='word_1_326' title='bbox 1790 380 1917 417; x_wconf 78' lang='lat' dir='ltr'>Boetii</span> <span class='ocrx_word' id='word_1_327' title='bbox 1946 385 1986 418; x_wconf 90' lang='lat' dir='ltr'>et</span> <span class='ocrx_word' id='word_1_328' title='bbox 2014 382 2107 419; x_wconf 87' lang='lat' dir='ltr'>Cas-</span> 
     </span>
     <span class='ocr_line' id='line_1_57' title="bbox 1155 429 2107 481; baseline 0.004 -14"><span class='ocrx_word' id='word_1_329' title='bbox 1155 429 1299 467; x_wconf 86' lang='lat' dir='ltr'>siodori</span> <span class='ocrx_word' id='word_1_330' title='bbox 1329 429 1500 466; x_wconf 88' lang='lat' dir='ltr'>consiliis</span> <span class='ocrx_word' id='word_1_331' title='bbox 1527 441 1621 466; x_wconf 87' lang='lat' dir='ltr'>usus</span> <span class='ocrx_word' id='word_1_332' title='bbox 1641 429 1793 477; x_wconf 87' lang='lat' dir='ltr'>fuerat,</span> <span class='ocrx_word' id='word_1_333' title='bbox 1822 433 2022 481; x_wconf 85' lang='lat' dir='ltr'>sapienter</span> <span class='ocrx_word' id='word_1_334' title='bbox 2039 445 2107 470; x_wconf 87' lang='lat' dir='ltr'>re-</span> 
     </span>
     <span class='ocr_line' id='line_1_58' title="bbox 1156 481 2107 532; baseline 0.004 -13"><span class='ocrx_word' id='word_1_335' title='bbox 1156 484 1310 532; x_wconf 83' lang='lat' dir='ltr'>gnarat,</span> <span class='ocrx_word' id='word_1_336' title='bbox 1341 482 1480 518; x_wconf 89' lang='lat' dir='ltr'>deinde</span> <span class='ocrx_word' id='word_1_337' title='bbox 1508 481 1706 520; x_wconf 80' lang='lat' dir='ltr'>violentus</span> <span class='ocrx_word' id='word_1_338' title='bbox 1725 484 1872 528; x_wconf 86' lang='lat' dir='ltr'>extitit,</span> <span class='ocrx_word' id='word_1_339' title='bbox 1891 486 1965 523; x_wconf 90' lang='lat' dir='ltr'>sibi</span> <span class='ocrx_word' id='word_1_340' title='bbox 1987 497 2107 523; x_wconf 88' lang='lat' dir='ltr'>usur-</span> 
     </span>
     <span class='ocr_line' id='line_1_59' title="bbox 1156 534 2106 585; baseline 0.003 -12"><span class='ocrx_word' id='word_1_341' title='bbox 1156 548 1248 585; x_wconf 88' lang='lat' dir='ltr'>pare</span> <span class='ocrx_word' id='word_1_342' title='bbox 1269 547 1388 572; x_wconf 89' lang='lat' dir='ltr'>ausus</span> <span class='ocrx_word' id='word_1_343' title='bbox 1409 537 1467 572; x_wconf 86' lang='lat' dir='ltr'>est</span> <span class='ocrx_word' id='word_1_344' title='bbox 1484 534 1544 571; x_wconf 90' lang='lat' dir='ltr'>ius</span> <span class='ocrx_word' id='word_1_345' title='bbox 1561 534 1792 583; x_wconf 82' lang='lat' dir='ltr'>designandi</span> <span class='ocrx_word' id='word_1_346' title='bbox 1808 537 2106 584; x_wconf 87' lang='lat' dir='ltr'>R.Pontificem,</span> 
     </span>
     <span class='ocr_line' id='line_1_60' title="bbox 1156 587 2107 637; baseline 0.003 -11"><span class='ocrx_word' id='word_1_347' title='bbox 1156 588 1454 637; x_wconf 79' lang='lat' dir='ltr'>designavitque</span> <span class='ocrx_word' id='word_1_348' title='bbox 1492 587 1686 633; x_wconf 86' lang='lat' dir='ltr'>Felicem,</span> <span class='ocrx_word' id='word_1_349' title='bbox 1719 589 1847 636; x_wconf 89' lang='lat' dir='ltr'>patria</span> <span class='ocrx_word' id='word_1_350' title='bbox 1877 590 2107 629; x_wconf 86' lang='lat' dir='ltr'>Samnitem.</span> 
     </span>
     <span class='ocr_line' id='line_1_61' title="bbox 1155 639 2111 689; baseline 0.002 -10"><span class='ocrx_word' id='word_1_351' title='bbox 1155 642 1256 679; x_wconf 85' lang='lat' dir='ltr'>Huic</span> <span class='ocrx_word' id='word_1_352' title='bbox 1287 639 1556 689; x_wconf 87' lang='lat' dir='ltr'>usurpationi,</span> <span class='ocrx_word' id='word_1_353' title='bbox 1586 640 1764 688; x_wconf 86' lang='lat' dir='ltr'>quamvis</span> <span class='ocrx_word' id='word_1_354' title='bbox 1785 642 1902 680; x_wconf 83' lang='lat' dir='ltr'>Felix</span> <span class='ocrx_word' id='word_1_355' title='bbox 1924 645 2030 681; x_wconf 87' lang='lat' dir='ltr'>esset</span> <span class='ocrx_word' id='word_1_356' title='bbox 2048 643 2111 680; x_wconf 85' lang='lat' dir='ltr'>vir</span> 
     </span>
     <span class='ocr_line' id='line_1_62' title="bbox 1154 693 2109 743; baseline 0.001 -11"><span class='ocrx_word' id='word_1_357' title='bbox 1154 693 1479 743; x_wconf 86' lang='lat' dir='ltr'>spectatissimus,</span> <span class='ocrx_word' id='word_1_358' title='bbox 1500 693 1627 730; x_wconf 87' lang='lat' dir='ltr'>clerus</span> <span class='ocrx_word' id='word_1_359' title='bbox 1647 696 1885 743; x_wconf 87' lang='lat' dir='ltr'>senatusque</span> <span class='ocrx_word' id='word_1_360' title='bbox 1905 696 2109 734; x_wconf 88' lang='lat' dir='ltr'>Romanus</span> 
     </span>
     <span class='ocr_line' id='line_1_63' title="bbox 1153 745 2110 795; baseline 0.002 -10"><span class='ocrx_word' id='word_1_361' title='bbox 1153 748 1407 792; x_wconf 86' lang='lat' dir='ltr'>restiterunt;</span> <span class='ocrx_word' id='word_1_362' title='bbox 1427 745 1564 783; x_wconf 89' lang='lat' dir='ltr'>deinde</span> <span class='ocrx_word' id='word_1_363' title='bbox 1577 745 1797 784; x_wconf 86' lang='lat' dir='ltr'>schismatis</span> <span class='ocrx_word' id='word_1_364' title='bbox 1815 748 1963 785; x_wconf 88' lang='lat' dir='ltr'>vitandi</span> <span class='ocrx_word' id='word_1_365' title='bbox 1980 760 2110 795; x_wconf 85' lang='lat' dir='ltr'>causa,</span> 
     </span>
     <span class='ocr_line' id='line_1_64' title="bbox 1153 800 2112 849; baseline 0 -11"><span class='ocrx_word' id='word_1_366' title='bbox 1153 802 1191 838; x_wconf 92' lang='lat' dir='ltr'>in</span> <span class='ocrx_word' id='word_1_367' title='bbox 1213 800 1386 838; x_wconf 88' lang='lat' dir='ltr'>Felicem</span> <span class='ocrx_word' id='word_1_368' title='bbox 1406 801 1701 845; x_wconf 89' lang='lat' dir='ltr'>consenserunt,</span> <span class='ocrx_word' id='word_1_369' title='bbox 1718 811 1841 848; x_wconf 89' lang='lat' dir='ltr'>eaque</span> <span class='ocrx_word' id='word_1_370' title='bbox 1857 801 1942 849; x_wconf 86' lang='lat' dir='ltr'>lege</span> <span class='ocrx_word' id='word_1_371' title='bbox 1957 813 2020 839; x_wconf 89' lang='lat' dir='ltr'>res</span> <span class='ocrx_word' id='word_1_372' title='bbox 2037 801 2112 839; x_wconf 83' lang='lat' dir='ltr'>fuit</span> 
     </span>
     <span class='ocr_line' id='line_1_65' title="bbox 1154 851 2112 903; baseline 0.002 -13"><span class='ocrx_word' id='word_1_373' title='bbox 1154 853 1382 901; x_wconf 87' lang='lat' dir='ltr'>composita,</span> <span class='ocrx_word' id='word_1_374' title='bbox 1403 854 1446 889; x_wconf 91' lang='lat' dir='ltr'>ut</span> <span class='ocrx_word' id='word_1_375' title='bbox 1467 851 1648 899; x_wconf 85' lang='lat' dir='ltr'>deinceps</span> <span class='ocrx_word' id='word_1_376' title='bbox 1669 864 1776 890; x_wconf 88' lang='lat' dir='ltr'>more</span> <span class='ocrx_word' id='word_1_377' title='bbox 1800 853 1965 903; x_wconf 85' lang='lat' dir='ltr'>pristino</span> <span class='ocrx_word' id='word_1_378' title='bbox 1985 854 2112 892; x_wconf 89' lang='lat' dir='ltr'>clerus</span> 
     </span>
     <span class='ocr_line' id='line_1_66' title="bbox 1155 904 2112 952; baseline 0 -8"><span class='ocrx_word' id='word_1_379' title='bbox 1155 908 1203 944; x_wconf 83' lang='lat' dir='ltr'>R.</span> <span class='ocrx_word' id='word_1_380' title='bbox 1221 905 1457 943; x_wconf 88' lang='lat' dir='ltr'>Pontificem</span> <span class='ocrx_word' id='word_1_381' title='bbox 1473 904 1650 952; x_wconf 82' lang='lat' dir='ltr'>eligeret,</span> <span class='ocrx_word' id='word_1_382' title='bbox 1668 917 1780 952; x_wconf 86' lang='lat' dir='ltr'>quem</span> <span class='ocrx_word' id='word_1_383' title='bbox 1804 918 1875 944; x_wconf 81' lang='lat' dir='ltr'>rex</span> <span class='ocrx_word' id='word_1_384' title='bbox 1890 918 1959 944; x_wconf 91' lang='lat' dir='ltr'>suo</span> <span class='ocrx_word' id='word_1_385' title='bbox 1974 918 2112 944; x_wconf 87' lang='lat' dir='ltr'>assen-</span> 
     </span>
     <span class='ocr_line' id='line_1_67' title="bbox 1154 958 2112 1009; baseline 0.001 -13"><span class='ocrx_word' id='word_1_386' title='bbox 1154 972 1198 997; x_wconf 88' lang='lat' dir='ltr'>su</span> <span class='ocrx_word' id='word_1_387' title='bbox 1229 958 1498 1002; x_wconf 84' lang='lat' dir='ltr'>confirmaret,</span> <span class='ocrx_word' id='word_1_388' title='bbox 1525 959 1632 994; x_wconf 90' lang='lat' dir='ltr'>certa</span> <span class='ocrx_word' id='word_1_389' title='bbox 1660 958 1846 1006; x_wconf 82' lang='lat' dir='ltr'>pecuniae</span> <span class='ocrx_word' id='word_1_390' title='bbox 1867 971 2024 997; x_wconf 90' lang='lat' dir='ltr'>summa</span> <span class='ocrx_word' id='word_1_391' title='bbox 2041 971 2112 1009; x_wconf 88' lang='lat' dir='ltr'>pro</span> 
     </span>
     <span class='ocr_line' id='line_1_68' title="bbox 1155 1009 2115 1061; baseline 0.001 -12"><span class='ocrx_word' id='word_1_392' title='bbox 1155 1011 1452 1050; x_wconf 87' lang='lat' dir='ltr'>confirmatione</span> <span class='ocrx_word' id='word_1_393' title='bbox 1481 1009 1727 1059; x_wconf 88' lang='lat' dir='ltr'>impetrata¹.</span> <span class='ocrx_word' id='word_1_394' title='bbox 1759 1011 1872 1049; x_wconf 81' lang='lat' dir='ltr'>Felix</span> <span class='ocrx_word' id='word_1_395' title='bbox 1902 1013 1972 1061; x_wconf 91' lang='lat' dir='ltr'>Pp.</span> <span class='ocrx_word' id='word_1_396' title='bbox 1998 1013 2115 1050; x_wconf 88' lang='lat' dir='ltr'>huius</span> 
     </span>
     <span class='ocr_line' id='line_1_69' title="bbox 1155 1063 2112 1113; baseline 0 -10"><span class='ocrx_word' id='word_1_397' title='bbox 1155 1065 1322 1103; x_wconf 90' lang='lat' dir='ltr'>nominis</span> <span class='ocrx_word' id='word_1_398' title='bbox 1352 1064 1426 1108; x_wconf 88' lang='lat' dir='ltr'>IV,</span> <span class='ocrx_word' id='word_1_399' title='bbox 1455 1063 1672 1100; x_wconf 86' lang='lat' dir='ltr'>Ecclesiam</span> <span class='ocrx_word' id='word_1_400' title='bbox 1702 1064 1807 1101; x_wconf 81' lang='lat' dir='ltr'>rexit</span> <span class='ocrx_word' id='word_1_401' title='bbox 1833 1076 1955 1113; x_wconf 91' lang='lat' dir='ltr'>usque</span> <span class='ocrx_word' id='word_1_402' title='bbox 1981 1065 2028 1102; x_wconf 89' lang='lat' dir='ltr'>ad</span> <span class='ocrx_word' id='word_1_403' title='bbox 2049 1077 2112 1103; x_wconf 88' lang='lat' dir='ltr'>an.</span> 
     </span>
     <span class='ocr_line' id='line_1_70' title="bbox 1156 1114 2114 1156; baseline -0.001 0"><span class='ocrx_word' id='word_1_404' title='bbox 1156 1119 1244 1156; x_wconf 88' lang='lat'>530:</span> <span class='ocrx_word' id='word_1_405' title='bbox 1266 1116 1434 1154; x_wconf 80' lang='lat' dir='ltr'>excessit</span> <span class='ocrx_word' id='word_1_406' title='bbox 1452 1114 1512 1152; x_wconf 87' lang='lat' dir='ltr'>1v⁰</span> <span class='ocrx_word' id='word_1_407' title='bbox 1527 1115 1615 1152; x_wconf 85' lang='lat' dir='ltr'>idus</span> <span class='ocrx_word' id='word_1_408' title='bbox 1636 1116 1814 1154; x_wconf 82' lang='lat' dir='ltr'>octobris.</span> <span class='ocrx_word' id='word_1_409' title='bbox 1832 1118 1866 1154; x_wconf 90' lang='lat' dir='ltr'>A</span> <span class='ocrx_word' id='word_1_410' title='bbox 1885 1129 1914 1155; x_wconf 90' lang='lat' dir='ltr'>s.</span> <span class='ocrx_word' id='word_1_411' title='bbox 1932 1118 2114 1155; x_wconf 88' lang='lat' dir='ltr'>Caesario</span> 
     </span>
     <span class='ocr_line' id='line_1_71' title="bbox 1155 1168 2113 1221; baseline -0.001 -12"><span class='ocrx_word' id='word_1_412' title='bbox 1155 1173 1332 1221; x_wconf 82' lang='lat' dir='ltr'>episcopo</span> <span class='ocrx_word' id='word_1_413' title='bbox 1344 1168 1578 1213; x_wconf 81' lang='lat' dir='ltr'>Arelatensi,</span> <span class='ocrx_word' id='word_1_414' title='bbox 1590 1169 1779 1206; x_wconf 85' lang='lat' dir='ltr'>adversus</span> <span class='ocrx_word' id='word_1_415' title='bbox 1790 1170 2113 1220; x_wconf 77' lang='lat' dir='ltr'>semipelagianos</span> 
     </span>
     <span class='ocr_line' id='line_1_72' title="bbox 1156 1221 2112 1272; baseline 0.001 -11"><span class='ocrx_word' id='word_1_416' title='bbox 1156 1224 1442 1272; x_wconf 76' lang='lat' dir='ltr'>interpellatus,</span> <span class='ocrx_word' id='word_1_417' title='bbox 1465 1221 1652 1257; x_wconf 84' lang='lat' dir='ltr'>nonnulla</span> <span class='ocrx_word' id='word_1_418' title='bbox 1673 1222 1858 1270; x_wconf 84' lang='lat' dir='ltr'>capitula,</span> <span class='ocrx_word' id='word_1_419' title='bbox 1879 1236 1900 1260; x_wconf 92' lang='lat' dir='ltr'>e</span> <span class='ocrx_word' id='word_1_420' title='bbox 1920 1235 1950 1261; x_wconf 90' lang='lat' dir='ltr'>s.</span> <span class='ocrx_word' id='word_1_421' title='bbox 1971 1227 2112 1272; x_wconf 84' lang='lat' dir='ltr'>Augu-</span> 
     </span>
     <span class='ocr_line' id='line_1_73' title="bbox 1157 1274 2115 1322; baseline -0.002 -8"><span class='ocrx_word' id='word_1_422' title='bbox 1157 1278 1247 1315; x_wconf 84' lang='lat' dir='ltr'>stini</span> <span class='ocrx_word' id='word_1_423' title='bbox 1286 1274 1489 1312; x_wconf 85' lang='lat' dir='ltr'>sententiis</span> <span class='ocrx_word' id='word_1_424' title='bbox 1523 1276 1733 1322; x_wconf 72' lang='lat' dir='ltr'>excerpta,</span> <span class='ocrx_word' id='word_1_425' title='bbox 1763 1276 1811 1312; x_wconf 88' lang='lat' dir='ltr'>ad</span> <span class='ocrx_word' id='word_1_426' title='bbox 1842 1276 2115 1314; x_wconf 88' lang='lat' dir='ltr'>Arelatensem</span> 
     </span>
     <span class='ocr_line' id='line_1_74' title="bbox 1160 1326 2116 1379; baseline 0.001 -14"><span class='ocrx_word' id='word_1_427' title='bbox 1160 1329 1378 1379; x_wconf 82' lang='lat' dir='ltr'>praesulem</span> <span class='ocrx_word' id='word_1_428' title='bbox 1414 1327 1538 1371; x_wconf 83' lang='lat' dir='ltr'>misit3</span> <span class='ocrx_word' id='word_1_429' title='bbox 1572 1326 1825 1366; x_wconf 87' lang='lat' dir='ltr'>aedificandis</span> <span class='ocrx_word' id='word_1_430' title='bbox 1852 1334 1892 1365; x_wconf 89' lang='lat' dir='ltr'>et</span> <span class='ocrx_word' id='word_1_431' title='bbox 1929 1329 2116 1366; x_wconf 88' lang='lat' dir='ltr'>ornandis</span> 
     </span>
     <span class='ocr_line' id='line_1_75' title="bbox 1160 1380 2118 1431; baseline -0.001 -11"><span class='ocrx_word' id='word_1_432' title='bbox 1160 1386 1380 1431; x_wconf 68' lang='lat' dir='ltr'>martyrum</span> <span class='ocrx_word' id='word_1_433' title='bbox 1403 1380 1574 1418; x_wconf 78' lang='lat' dir='ltr'>basilicis</span> <span class='ocrx_word' id='word_1_434' title='bbox 1595 1392 1753 1428; x_wconf 87' lang='lat' dir='ltr'>operam</span> <span class='ocrx_word' id='word_1_435' title='bbox 1772 1382 1879 1419; x_wconf 89' lang='lat' dir='ltr'>dedit</span> <span class='ocrx_word' id='word_1_436' title='bbox 1890 1380 1918 1428; x_wconf 76' lang='lat'>²,</span> <span class='ocrx_word' id='word_1_437' title='bbox 1936 1381 2118 1430; x_wconf 89' lang='lat' dir='ltr'>simplici-</span> 
     </span>
     <span class='ocr_line' id='line_1_76' title="bbox 1160 1433 2115 1485; baseline -0.001 -11"><span class='ocrx_word' id='word_1_438' title='bbox 1160 1439 1260 1478; x_wconf 84' lang='lat' dir='ltr'>tate,</span> <span class='ocrx_word' id='word_1_439' title='bbox 1286 1434 1405 1472; x_wconf 87' lang='lat' dir='ltr'>animi</span> <span class='ocrx_word' id='word_1_440' title='bbox 1434 1433 1665 1470; x_wconf 88' lang='lat' dir='ltr'>demissione</span> <span class='ocrx_word' id='word_1_441' title='bbox 1687 1435 1725 1471; x_wconf 91' lang='lat' dir='ltr'>et</span> <span class='ocrx_word' id='word_1_442' title='bbox 1746 1435 1890 1472; x_wconf 77' lang='lat' dir='ltr'>eximia</span> <span class='ocrx_word' id='word_1_443' title='bbox 1910 1435 1948 1472; x_wconf 92' lang='lat' dir='ltr'>in</span> <span class='ocrx_word' id='word_1_444' title='bbox 1965 1447 2115 1485; x_wconf 88' lang='lat' dir='ltr'>paupe-</span> 
     </span>
     <span class='ocr_line' id='line_1_77' title="bbox 1160 1485 1706 1527; baseline -0.005 0"><span class='ocrx_word' id='word_1_445' title='bbox 1160 1501 1224 1527; x_wconf 88' lang='lat' dir='ltr'>res</span> <span class='ocrx_word' id='word_1_446' title='bbox 1239 1487 1507 1525; x_wconf 86' lang='lat' dir='ltr'>munificentia</span> <span class='ocrx_word' id='word_1_447' title='bbox 1527 1485 1706 1524; x_wconf 72' lang='lat' dir='ltr'>c1a1¹uit,³.</span> 
     </span>
    </p>
   </div>
   <div class='ocr_carea' id='block_1_8' title="bbox 1214 1541 2167 1588">
    <p class='ocr_par' dir='ltr' id='par_1_11' title="bbox 1214 1541 2167 1588">
     <span class='ocr_line' id='line_1_78' title="bbox 1214 1541 2167 1588; baseline -0.001 -8"><span class='ocrx_word' id='word_1_448' title='bbox 1214 1543 1277 1579; x_wconf 82' lang='grc'>22.</span> <span class='ocrx_word' id='word_1_449' title='bbox 1300 1541 1565 1578; x_wconf 69' lang='lat' dir='ltr'>lastinianus</span> <span class='ocrx_word' id='word_1_450' title='bbox 1581 1541 1738 1588; x_wconf 75' lang='lat' dir='ltr'>impera</span> <span class='ocrx_word' id='word_1_451' title='bbox 1745 1545 1807 1577; x_wconf 85' lang='lat' dir='ltr'>tor</span> <span class='ocrx_word' id='word_1_452' title='bbox 1827 1542 1945 1578; x_wconf 78' lang='lat' dir='ltr'>Orien</span> <span class='ocrx_word' id='word_1_453' title='bbox 1952 1543 2002 1578; x_wconf 78' lang='lat' dir='ltr'>tis</span> <span class='ocrx_word' id='word_1_454' title='bbox 2013 1563 2062 1570; x_wconf 97' lang='lat'>—</span> <span class='ocrx_word' id='word_1_455' title='bbox 2072 1541 2118 1578; x_wconf 88' lang='lat' dir='ltr'>In</span> <span class='ocrx_word' id='word_1_456' title='bbox 2164 1553 2167 1557; x_wconf 91' lang='lat'>·</span> 
     </span>
    </p>
   </div>
   <div class='ocr_carea' id='block_1_9' title="bbox 1162 1593 2122 2331">
    <p class='ocr_par' dir='ltr' id='par_1_12' title="bbox 1162 1593 2121 2056">
     <span class='ocr_line' id='line_1_79' title="bbox 1162 1593 2120 1640; baseline -0.001 -8"><span class='ocrx_word' id='word_1_457' title='bbox 1162 1595 1320 1632; x_wconf 87' lang='lat' dir='ltr'>Oriente</span> <span class='ocrx_word' id='word_1_458' title='bbox 1338 1593 1530 1630; x_wconf 85' lang='lat' dir='ltr'>Iustinum</span> <span class='ocrx_word' id='word_1_459' title='bbox 1549 1593 1839 1640; x_wconf 85' lang='lat' dir='ltr'>imperatorem,</span> <span class='ocrx_word' id='word_1_460' title='bbox 1853 1605 1914 1630; x_wconf 87' lang='lat' dir='ltr'>an.</span> <span class='ocrx_word' id='word_1_461' title='bbox 1931 1594 2007 1631; x_wconf 85' lang='lat'>527</span> <span class='ocrx_word' id='word_1_462' title='bbox 2020 1605 2120 1631; x_wconf 90' lang='lat' dir='ltr'>mor·</span> 
     </span>
     <span class='ocr_line' id='line_1_80' title="bbox 1163 1645 2118 1695; baseline 0 -11"><span class='ocrx_word' id='word_1_463' title='bbox 1163 1650 1210 1686; x_wconf 84' lang='lat' dir='ltr'>bo</span> <span class='ocrx_word' id='word_1_464' title='bbox 1240 1650 1279 1684; x_wconf 91' lang='lat' dir='ltr'>et</span> <span class='ocrx_word' id='word_1_465' title='bbox 1299 1646 1406 1684; x_wconf 92' lang='lat' dir='ltr'>senio</span> <span class='ocrx_word' id='word_1_466' title='bbox 1427 1645 1645 1682; x_wconf 80' lang='lat' dir='ltr'>confectum</span> <span class='ocrx_word' id='word_1_467' title='bbox 1661 1675 1670 1691; x_wconf 85' lang='lat'>,</span> <span class='ocrx_word' id='word_1_468' title='bbox 1690 1646 1843 1695; x_wconf 83' lang='lat' dir='ltr'>excepit</span> <span class='ocrx_word' id='word_1_469' title='bbox 1867 1646 2118 1684; x_wconf 89' lang='lat' dir='ltr'>Iustinianus.</span> 
     </span>
     <span class='ocr_line' id='line_1_81' title="bbox 1165 1698 2119 1749; baseline -0.001 -11"><span class='ocrx_word' id='word_1_470' title='bbox 1165 1701 1238 1738; x_wconf 89' lang='lat' dir='ltr'>Hic</span> <span class='ocrx_word' id='word_1_471' title='bbox 1259 1699 1439 1749; x_wconf 84' lang='lat' dir='ltr'>equidem</span> <span class='ocrx_word' id='word_1_472' title='bbox 1455 1699 1624 1736; x_wconf 90' lang='lat' dir='ltr'>multum</span> <span class='ocrx_word' id='word_1_473' title='bbox 1640 1698 1679 1735; x_wconf 93' lang='lat' dir='ltr'>in</span> <span class='ocrx_word' id='word_1_474' title='bbox 1698 1699 1896 1736; x_wconf 89' lang='lat' dir='ltr'>Ecclesiae</span> <span class='ocrx_word' id='word_1_475' title='bbox 1911 1702 1951 1737; x_wconf 90' lang='lat' dir='ltr'>et</span> <span class='ocrx_word' id='word_1_476' title='bbox 1964 1699 2119 1749; x_wconf 86' lang='lat' dir='ltr'>imperii</span> 
     </span>
     <span class='ocr_line' id='line_1_82' title="bbox 1165 1752 2118 1801; baseline -0.001 -10"><span class='ocrx_word' id='word_1_477' title='bbox 1165 1756 1312 1791; x_wconf 87' lang='lat' dir='ltr'>bonum</span> <span class='ocrx_word' id='word_1_478' title='bbox 1333 1752 1517 1797; x_wconf 81' lang='lat' dir='ltr'>contulit3</span> <span class='ocrx_word' id='word_1_479' title='bbox 1533 1752 1600 1789; x_wconf 89' lang='lat' dir='ltr'>sed</span> <span class='ocrx_word' id='word_1_480' title='bbox 1617 1764 1748 1800; x_wconf 86' lang='lat' dir='ltr'>quum,</span> <span class='ocrx_word' id='word_1_481' title='bbox 1764 1752 1977 1801; x_wconf 81' lang='lat' dir='ltr'>instigante</span> <span class='ocrx_word' id='word_1_482' title='bbox 1993 1753 2118 1790; x_wconf 86' lang='lat' dir='ltr'>Theo-</span> 
     </span>
     <span class='ocr_line' id='line_1_83' title="bbox 1165 1804 2120 1855; baseline -0.001 -11"><span class='ocrx_word' id='word_1_483' title='bbox 1165 1809 1258 1844; x_wconf 84' lang='lat' dir='ltr'>dora</span> <span class='ocrx_word' id='word_1_484' title='bbox 1280 1808 1462 1855; x_wconf 82' lang='lat' dir='ltr'>augusta,</span> <span class='ocrx_word' id='word_1_485' title='bbox 1484 1804 1629 1842; x_wconf 84' lang='lat' dir='ltr'>femina</span> <span class='ocrx_word' id='word_1_486' title='bbox 1648 1804 1965 1854; x_wconf 85' lang='lat' dir='ltr'>imperiosissima</span> <span class='ocrx_word' id='word_1_487' title='bbox 1987 1809 2028 1843; x_wconf 87' lang='lat' dir='ltr'>et</span> <span class='ocrx_word' id='word_1_488' title='bbox 2051 1817 2120 1843; x_wconf 87' lang='lat' dir='ltr'>eu-</span> 
     </span>
     <span class='ocr_line' id='line_1_84' title="bbox 1162 1857 2121 1910; baseline -0.001 -13"><span class='ocrx_word' id='word_1_489' title='bbox 1162 1860 1358 1910; x_wconf 70' lang='lat' dir='ltr'>tychianis</span> <span class='ocrx_word' id='word_1_490' title='bbox 1381 1858 1555 1907; x_wconf 88' lang='lat' dir='ltr'>partibus</span> <span class='ocrx_word' id='word_1_491' title='bbox 1577 1857 1719 1903; x_wconf 85' lang='lat' dir='ltr'>dedita,</span> <span class='ocrx_word' id='word_1_492' title='bbox 1741 1859 1946 1906; x_wconf 90' lang='lat' dir='ltr'>potestatis</span> <span class='ocrx_word' id='word_1_493' title='bbox 1967 1870 2061 1897; x_wconf 91' lang='lat' dir='ltr'>suae</span> <span class='ocrx_word' id='word_1_494' title='bbox 2075 1858 2121 1896; x_wconf 84' lang='lat' dir='ltr'>li-</span> 
     </span>
     <span class='ocr_line' id='line_1_85' title="bbox 1163 1911 2120 1958; baseline -0.002 -7"><span class='ocrx_word' id='word_1_495' title='bbox 1163 1914 1278 1951; x_wconf 89' lang='lat' dir='ltr'>mites</span> <span class='ocrx_word' id='word_1_496' title='bbox 1308 1922 1586 1958; x_wconf 85' lang='lat' dir='ltr'>nonnunquam</span> <span class='ocrx_word' id='word_1_497' title='bbox 1615 1911 1850 1958; x_wconf 86' lang='lat' dir='ltr'>transiliret,</span> <span class='ocrx_word' id='word_1_498' title='bbox 1871 1913 1911 1949; x_wconf 93' lang='lat' dir='ltr'>et</span> <span class='ocrx_word' id='word_1_499' title='bbox 1935 1911 2120 1949; x_wconf 87' lang='lat' dir='ltr'>ecclesia-</span> 
     </span>
     <span class='ocr_line' id='line_1_86' title="bbox 1164 1963 2121 2013; baseline -0.001 -10"><span class='ocrx_word' id='word_1_500' title='bbox 1164 1967 1271 2004; x_wconf 87' lang='lat' dir='ltr'>sticis</span> <span class='ocrx_word' id='word_1_501' title='bbox 1300 1963 1591 2013; x_wconf 83' lang='lat' dir='ltr'>quaestionibus</span> <span class='ocrx_word' id='word_1_502' title='bbox 1621 1975 1662 2000; x_wconf 89' lang='lat' dir='ltr'>se</span> <span class='ocrx_word' id='word_1_503' title='bbox 1693 1963 1949 2010; x_wconf 83' lang='lat' dir='ltr'>immisceret,</span> <span class='ocrx_word' id='word_1_504' title='bbox 1969 1976 1993 2002; x_wconf 88' lang='lat' dir='ltr'>a</span> <span class='ocrx_word' id='word_1_505' title='bbox 2011 1967 2121 2003; x_wconf 88' lang='lat' dir='ltr'>recta</span> 
     </span>
     <span class='ocr_line' id='line_1_87' title="bbox 1164 2015 1660 2056; baseline -0.004 0"><span class='ocrx_word' id='word_1_506' title='bbox 1164 2020 1228 2056; x_wconf 82' lang='lat' dir='ltr'>via</span> <span class='ocrx_word' id='word_1_507' title='bbox 1249 2030 1326 2055; x_wconf 88' lang='lat' dir='ltr'>non</span> <span class='ocrx_word' id='word_1_508' title='bbox 1347 2017 1468 2054; x_wconf 86' lang='lat' dir='ltr'>semel</span> <span class='ocrx_word' id='word_1_509' title='bbox 1488 2015 1660 2054; x_wconf 80' lang='lat' dir='ltr'>deflexit.</span> 
     </span>
    </p>

    <p class='ocr_par' dir='ltr' id='par_1_13' title="bbox 1164 2069 2122 2331">
     <span class='ocr_line' id='line_1_88' title="bbox 1216 2069 2119 2118; baseline -0.001 -9"><span class='ocrx_word' id='word_1_510' title='bbox 1216 2072 1279 2109; x_wconf 88' lang='lat'>23.</span> <span class='ocrx_word' id='word_1_511' title='bbox 1310 2070 1559 2113; x_wconf 75' lang='lat' dir='ltr'>Theodorus,</span> <span class='ocrx_word' id='word_1_512' title='bbox 1581 2069 1874 2118; x_wconf 74' lang='lat' dir='ltr'>Epiphanius,</span> <span class='ocrx_word' id='word_1_513' title='bbox 1910 2070 2119 2108; x_wconf 71' lang='lat' dir='ltr'>Cassiodo-</span> 
     </span>
     <span class='ocr_line' id='line_1_89' title="bbox 1164 2122 2119 2170; baseline 0.001 -10"><span class='ocrx_word' id='word_1_514' title='bbox 1164 2137 1252 2168; x_wconf 76' lang='lat' dir='ltr'>rus,</span> <span class='ocrx_word' id='word_1_515' title='bbox 1274 2124 1504 2170; x_wconf 73' lang='lat' dir='ltr'>Dionysius</span> <span class='ocrx_word' id='word_1_516' title='bbox 1524 2122 1720 2169; x_wconf 64' lang='lat' dir='ltr'>Eoezyuus</span> <span class='ocrx_word' id='word_1_517' title='bbox 1737 2143 1786 2150; x_wconf 96' lang='lat'><strong>—</strong></span> <span class='ocrx_word' id='word_1_518' title='bbox 1804 2122 2042 2161; x_wconf 88' lang='lat' dir='ltr'>Floruerunt</span> <span class='ocrx_word' id='word_1_519' title='bbox 2056 2123 2119 2161; x_wconf 91' lang='lat' dir='ltr'>in-</span> 
     </span>
     <span class='ocr_line' id='line_1_90' title="bbox 1165 2175 2119 2226; baseline -0.001 -11"><span class='ocrx_word' id='word_1_520' title='bbox 1165 2177 1281 2215; x_wconf 88' lang='lat' dir='ltr'>terim</span> <span class='ocrx_word' id='word_1_521' title='bbox 1303 2176 1511 2224; x_wconf 84' lang='lat' dir='ltr'>scriptores</span> <span class='ocrx_word' id='word_1_522' title='bbox 1532 2178 1762 2223; x_wconf 86' lang='lat' dir='ltr'>sequentes:</span> <span class='ocrx_word' id='word_1_523' title='bbox 1783 2175 2032 2222; x_wconf 89' lang='lat' dir='ltr'>Theodorus,</span> <span class='ocrx_word' id='word_1_524' title='bbox 2053 2177 2119 2226; x_wconf 88' lang='lat' dir='ltr'>Cp.</span> 
     </span>
     <span class='ocr_line' id='line_1_91' title="bbox 1166 2227 2122 2273; baseline -0.001 -6"><span class='ocrx_word' id='word_1_525' title='bbox 1166 2229 1352 2268; x_wconf 86' lang='lat' dir='ltr'>ecclesiae</span> <span class='ocrx_word' id='word_1_526' title='bbox 1372 2229 1506 2273; x_wconf 89' lang='lat' dir='ltr'>lector;</span> <span class='ocrx_word' id='word_1_527' title='bbox 1525 2227 1720 2265; x_wconf 83' lang='lat' dir='ltr'>Historias</span> <span class='ocrx_word' id='word_1_528' title='bbox 1740 2228 2024 2266; x_wconf 86' lang='lat' dir='ltr'>ecclesiasticas</span> <span class='ocrx_word' id='word_1_529' title='bbox 2045 2229 2122 2266; x_wconf 89' lang='lat' dir='ltr'>So-</span> 
     </span>
     <span class='ocr_line' id='line_1_92' title="bbox 1165 2280 2122 2331; baseline -0.001 -11"><span class='ocrx_word' id='word_1_530' title='bbox 1165 2283 1285 2320; x_wconf 87' lang='lat' dir='ltr'>cratis</span> <span class='ocrx_word' id='word_1_531' title='bbox 1298 2312 1307 2329; x_wconf 91' lang='lat'>,</span> <span class='ocrx_word' id='word_1_532' title='bbox 1329 2280 1534 2319; x_wconf 84' lang='lat' dir='ltr'>Sozomeni</span> <span class='ocrx_word' id='word_1_533' title='bbox 1554 2282 1593 2318; x_wconf 89' lang='lat' dir='ltr'>et</span> <span class='ocrx_word' id='word_1_534' title='bbox 1614 2280 1852 2318; x_wconf 83' lang='lat' dir='ltr'>Theodoreti</span> <span class='ocrx_word' id='word_1_535' title='bbox 1872 2281 1912 2318; x_wconf 93' lang='lat' dir='ltr'>in</span> <span class='ocrx_word' id='word_1_536' title='bbox 1933 2293 2122 2331; x_wconf 90' lang='lat' dir='ltr'>compen-</span> 
     </span>
    </p>
   </div>
   <div class='ocr_carea' id='block_1_10' title="bbox 1164 2404 2124 2687">
    <p class='ocr_par' dir='ltr' id='par_1_14' title="bbox 1164 2404 2124 2605">
     <span class='ocr_line' id='line_1_93' title="bbox 1206 2404 2123 2447; baseline -0.001 -9"><span class='ocrx_word' id='word_1_537' title='bbox 1206 2408 1216 2428; x_wconf 89' lang='lat'>1</span> <span class='ocrx_word' id='word_1_538' title='bbox 1232 2410 1343 2439; x_wconf 75' lang='lat' dir='ltr'>Baron.</span> <span class='ocrx_word' id='word_1_539' title='bbox 1370 2410 1399 2437; x_wconf 85' lang='lat' dir='ltr'>ct</span> <span class='ocrx_word' id='word_1_540' title='bbox 1422 2405 1514 2446; x_wconf 81' lang='lat' dir='ltr'>Pagi,</span> <span class='ocrx_word' id='word_1_541' title='bbox 1532 2404 1570 2436; x_wconf 86' lang='lat' dir='ltr'>ad</span> <span class='ocrx_word' id='word_1_542' title='bbox 1589 2414 1637 2435; x_wconf 84' lang='lat' dir='ltr'>an.</span> <span class='ocrx_word' id='word_1_543' title='bbox 1656 2404 1734 2443; x_wconf 72' lang='lat'>5⁶26,</span> <span class='ocrx_word' id='word_1_544' title='bbox 1754 2404 1770 2446; x_wconf 69' lang='grc' dir='ltr'>ἕ</span> <span class='ocrx_word' id='word_1_545' title='bbox 1787 2404 1828 2436; x_wconf 67' lang='lat'>⁶21</span> <span class='ocrx_word' id='word_1_546' title='bbox 1843 2408 1873 2437; x_wconf 84' lang='lat' dir='ltr'>et</span> <span class='ocrx_word' id='word_1_547' title='bbox 1888 2405 1903 2447; x_wconf 70' lang='grc' dir='ltr'>ἒ</span> <span class='ocrx_word' id='word_1_548' title='bbox 1920 2405 1948 2437; x_wconf 87' lang='grc'>8.</span> <span class='ocrx_word' id='word_1_549' title='bbox 1967 2407 2050 2437; x_wconf 83' lang='lat' dir='ltr'>Haec</span> <span class='ocrx_word' id='word_1_550' title='bbox 2068 2406 2123 2437; x_wconf 85' lang='lat' dir='ltr'>eli-</span> 
     </span>
     <span class='ocr_line' id='line_1_94' title="bbox 1164 2447 2124 2489; baseline -0.003 -8"><span class='ocrx_word' id='word_1_551' title='bbox 1164 2450 1256 2489; x_wconf 69' lang='lat' dir='ltr'>gendi</span> <span class='ocrx_word' id='word_1_552' title='bbox 1282 2447 1440 2479; x_wconf 80' lang='lat' dir='ltr'>Poulifiris</span> <span class='ocrx_word' id='word_1_553' title='bbox 1465 2447 1545 2478; x_wconf 79' lang='lat' dir='ltr'>ratio</span> <span class='ocrx_word' id='word_1_554' title='bbox 1570 2447 1684 2477; x_wconf 78' lang='lat' dir='ltr'>tamdiu</span> <span class='ocrx_word' id='word_1_555' title='bbox 1709 2447 1859 2486; x_wconf 80' lang='lat' dir='ltr'>obtinuit,</span> <span class='ocrx_word' id='word_1_556' title='bbox 1877 2447 2024 2488; x_wconf 85' lang='lat' dir='ltr'>quamdiu</span> <span class='ocrx_word' id='word_1_557' title='bbox 2041 2448 2124 2479; x_wconf 78' lang='lat' dir='ltr'>stelit</span> 
     </span>
     <span class='ocr_line' id='line_1_95' title="bbox 1164 2488 2121 2527; baseline -0.002 -6"><span class='ocrx_word' id='word_1_558' title='bbox 1164 2493 1330 2522; x_wconf 79' lang='lat' dir='ltr'>Gothorum</span> <span class='ocrx_word' id='word_1_559' title='bbox 1348 2497 1478 2527; x_wconf 68' lang='lat' dir='ltr'>regnum</span> <span class='ocrx_word' id='word_1_560' title='bbox 1495 2489 1525 2518; x_wconf 91' lang='lat' dir='ltr'>in</span> <span class='ocrx_word' id='word_1_561' title='bbox 1540 2488 1638 2518; x_wconf 81' lang='lat' dir='ltr'>ltalia.</span> <span class='ocrx_word' id='word_1_562' title='bbox 1657 2490 1727 2519; x_wconf 83' lang='lat' dir='ltr'>Post</span> <span class='ocrx_word' id='word_1_563' title='bbox 1746 2489 1862 2519; x_wconf 78' lang='lat' dir='ltr'>Gothos</span> <span class='ocrx_word' id='word_1_564' title='bbox 1877 2490 1924 2519; x_wconf 86' lang='lat' dir='ltr'>ius</span> <span class='ocrx_word' id='word_1_565' title='bbox 1939 2489 2121 2520; x_wconf 78' lang='lat' dir='ltr'>confirmau-</span> 
     </span>
     <span class='ocr_line' id='line_1_96' title="bbox 1165 2530 2123 2570; baseline -0.003 -7"><span class='ocrx_word' id='word_1_566' title='bbox 1165 2533 1194 2564; x_wconf 78' lang='lat' dir='ltr'>‹li</span> <span class='ocrx_word' id='word_1_567' title='bbox 1212 2533 1392 2563; x_wconf 79' lang='lat' dir='ltr'>electionem</span> <span class='ocrx_word' id='word_1_568' title='bbox 1411 2530 1567 2560; x_wconf 78' lang='lat' dir='ltr'>l&#39;ontilicis</span> <span class='ocrx_word' id='word_1_569' title='bbox 1584 2530 1643 2560; x_wconf 86' lang='lat' dir='ltr'>sibi</span> <span class='ocrx_word' id='word_1_570' title='bbox 1660 2534 1853 2570; x_wconf 82' lang='lat' dir='ltr'>arrogarunt</span> <span class='ocrx_word' id='word_1_571' title='bbox 1870 2530 2003 2562; x_wconf 81' lang='lat' dir='ltr'>Orientis</span> <span class='ocrx_word' id='word_1_572' title='bbox 2021 2531 2123 2570; x_wconf 80' lang='lat' dir='ltr'>Impe-</span> 
     </span>
     <span class='ocr_line' id='line_1_97' title="bbox 1166 2578 1295 2605; baseline -0.016 0"><span class='ocrx_word' id='word_1_573' title='bbox 1166 2578 1295 2605; x_wconf 69' lang='lat' dir='ltr'>ratores.</span> 
     </span>
    </p>

    <p class='ocr_par' dir='ltr' id='par_1_15' title="bbox 1165 2611 2123 2687">
     <span class='ocr_line' id='line_1_98' title="bbox 1209 2611 2123 2652; baseline -0.004 -6"><span class='ocrx_word' id='word_1_574' title='bbox 1209 2615 1223 2636; x_wconf 77' lang='lat'>&#39;2</span> <span class='ocrx_word' id='word_1_575' title='bbox 1240 2615 1324 2646; x_wconf 79' lang='lat' dir='ltr'>Inter</span> <span class='ocrx_word' id='word_1_576' title='bbox 1347 2612 1427 2642; x_wconf 74' lang='lat' dir='ltr'>alins</span> <span class='ocrx_word' id='word_1_577' title='bbox 1444 2612 1527 2642; x_wconf 78' lang='lat' dir='ltr'>iuvat</span> <span class='ocrx_word' id='word_1_578' title='bbox 1552 2612 1692 2643; x_wconf 72' lang='lat' dir='ltr'>recolere</span> <span class='ocrx_word' id='word_1_579' title='bbox 1710 2621 1790 2652; x_wconf 85' lang='lat' dir='ltr'>quae</span> <span class='ocrx_word' id='word_1_580' title='bbox 1806 2621 1846 2643; x_wconf 85' lang='lat' dir='ltr'>ss.</span> <span class='ocrx_word' id='word_1_581' title='bbox 1864 2611 2050 2652; x_wconf 82' lang='lat' dir='ltr'>Marlyribus</span> <span class='ocrx_word' id='word_1_582' title='bbox 2067 2612 2123 2643; x_wconf 88' lang='lat' dir='ltr'>Co-</span> 
     </span>
     <span class='ocr_line' id='line_1_99' title="bbox 1165 2653 2123 2687; baseline -0.003 0"><span class='ocrx_word' id='word_1_583' title='bbox 1165 2666 1249 2687; x_wconf 78' lang='lat' dir='ltr'>smae</span> <span class='ocrx_word' id='word_1_584' title='bbox 1271 2658 1298 2686; x_wconf 87' lang='lat' dir='ltr'>et</span> <span class='ocrx_word' id='word_1_585' title='bbox 1316 2654 1466 2684; x_wconf 74' lang='lat' dir='ltr'>llaniiano</span> <span class='ocrx_word' id='word_1_586' title='bbox 1486 2654 1601 2684; x_wconf 80' lang='lat' dir='ltr'>Romae</span> <span class='ocrx_word' id='word_1_587' title='bbox 1625 2654 1728 2684; x_wconf 81' lang='lat' dir='ltr'>dicata</span> <span class='ocrx_word' id='word_1_588' title='bbox 1744 2653 2020 2684; x_wconf 74' lang='lat' dir='ltr'>est—cardinalis</span> <span class='ocrx_word' id='word_1_589' title='bbox 2036 2653 2123 2684; x_wconf 82' lang='lat' dir='ltr'>Bona</span> 
     </span>
    </p>
   </div>
   <div class='ocr_carea' id='block_1_11' title="bbox 164 2693 2125 2745">
    <p class='ocr_par' dir='ltr' id='par_1_16' title="bbox 164 2693 2125 2745">
     <span class='ocr_line' id='line_1_100' title="bbox 164 2693 2125 2745; baseline -0.005 -2"><span class='ocrx_word' id='word_1_590' title='bbox 164 2707 224 2744; x_wconf 82' lang='lat' dir='ltr'>titi</span> <span class='ocrx_word' id='word_1_591' title='bbox 247 2711 339 2744; x_wconf 81' lang='lat' dir='ltr'>sunt</span> <span class='ocrx_word' id='word_1_592' title='bbox 355 2707 634 2745; x_wconf 75' lang='lat' dir='ltr'>Cliildebertus</span> <span class='ocrx_word' id='word_1_593' title='bbox 651 2717 720 2743; x_wconf 79' lang='lat' dir='ltr'>rex</span> <span class='ocrx_word' id='word_1_594' title='bbox 738 2705 970 2742; x_wconf 87' lang='lat' dir='ltr'>Parisicnsis</span> <span class='ocrx_word' id='word_1_595' title='bbox 987 2707 1027 2741; x_wconf 87' lang='lat' dir='ltr'>et</span> <span class='ocrx_word' id='word_1_596' title='bbox 1041 2704 1124 2741; x_wconf 91' lang='lat' dir='ltr'>Clo·</span> <span class='ocrx_word' id='word_1_597' title='bbox 1142 2706 1144 2730; x_wconf 74' lang='lat' dir='ltr'>l</span> <span class='ocrx_word' id='word_1_598' title='bbox 1166 2695 1465 2745; x_wconf 58' lang='lat' dir='ltr'>(RenLiturqiql.</span> <span class='ocrx_word' id='word_1_599' title='bbox 1484 2695 1516 2731; x_wconf 45' lang='grc' dir='ltr'>Η,</span> <span class='ocrx_word' id='word_1_600' title='bbox 1528 2693 1791 2742; x_wconf 60' lang='lat' dir='ltr'>‘&#39;·¹&#39;2⁷}3)i¹‚¹‘l¹¹st‚</span> <span class='ocrx_word' id='word_1_601' title='bbox 1803 2694 1876 2726; x_wconf 82' lang='lat' dir='ltr'>tria</span> <span class='ocrx_word' id='word_1_602' title='bbox 1889 2694 2002 2734; x_wconf 79' lang='lat' dir='ltr'>fuisse</span> <span class='ocrx_word' id='word_1_603' title='bbox 2012 2694 2125 2734; x_wconf 71' lang='lat' dir='ltr'>Paria</span> 
     </span>
    </p>
   </div>
   <div class='ocr_carea' id='block_1_12' title="bbox 163 2757 1122 2808">
    <p class='ocr_par' dir='ltr' id='par_1_17' title="bbox 163 2757 1122 2808">
     <span class='ocr_line' id='line_1_101' title="bbox 163 2757 1122 2808; baseline -0.004 -10"><span class='ocrx_word' id='word_1_604' title='bbox 163 2761 287 2798; x_wconf 83' lang='lat' dir='ltr'>tarius</span> <span class='ocrx_word' id='word_1_605' title='bbox 310 2772 379 2797; x_wconf 85' lang='lat' dir='ltr'>rex</span> <span class='ocrx_word' id='word_1_606' title='bbox 396 2759 714 2805; x_wconf 83' lang='lat' dir='ltr'>Suessionensis3</span> <span class='ocrx_word' id='word_1_607' title='bbox 730 2758 793 2807; x_wconf 88' lang='lat' dir='ltr'>qui</span> <span class='ocrx_word' id='word_1_608' title='bbox 809 2758 972 2808; x_wconf 83' lang='lat' dir='ltr'>paritcr,</span> <span class='ocrx_word' id='word_1_609' title='bbox 988 2757 1122 2805; x_wconf 81' lang='lat' dir='ltr'>fugato</span> 
     </span>
    </p>
   </div>
   <div class='ocr_carea' id='block_1_13' title="bbox 159 2903 1124 3186">
    <p class='ocr_par' dir='ltr' id='par_1_18' title="bbox 164 2903 1124 3027">
     <span class='ocr_line' id='line_1_102' title="bbox 204 2903 1124 2953; baseline 0 -17"><span class='ocrx_word' id='word_1_610' title='bbox 204 2905 213 2926; x_wconf 86' lang='lat'>¹</span> <span class='ocrx_word' id='word_1_611' title='bbox 234 2906 386 2953; x_wconf 66' lang='lat' dir='ltr'>Baronius</span> <span class='ocrx_word' id='word_1_612' title='bbox 404 2910 435 2936; x_wconf 81' lang='lat' dir='ltr'>et</span> <span class='ocrx_word' id='word_1_613' title='bbox 453 2905 537 2945; x_wconf 81' lang='lat' dir='ltr'>l’agi,</span> <span class='ocrx_word' id='word_1_614' title='bbox 554 2905 592 2935; x_wconf 81' lang='lat' dir='ltr'>ad</span> <span class='ocrx_word' id='word_1_615' title='bbox 611 2914 658 2935; x_wconf 79' lang='lat' dir='ltr'>an.</span> <span class='ocrx_word' id='word_1_616' title='bbox 676 2903 752 2942; x_wconf 68' lang='lat'><strong>5⁹26;</strong></span> <span class='ocrx_word' id='word_1_617' title='bbox 771 2903 912 2935; x_wconf 76' lang='lat' dir='ltr'>Bolland.</span> <span class='ocrx_word' id='word_1_618' title='bbox 929 2904 1012 2936; x_wconf 84' lang='lat' dir='ltr'>Acta</span> <span class='ocrx_word' id='word_1_619' title='bbox 1030 2905 1087 2936; x_wconf 91' lang='lat' dir='ltr'>SS.</span> <span class='ocrx_word' id='word_1_620' title='bbox 1103 2907 1124 2936; x_wconf 85' lang='lat' dir='ltr'>t.</span> 
     </span>
     <span class='ocr_line' id='line_1_103' title="bbox 164 2948 742 3027; baseline -0.002 -9"><span class='ocrx_word' id='word_1_621' title='bbox 164 2948 346 3025; x_wconf 49' lang='grc' dir='ltr'>ἫῆῐῗῘζΙιῖἰω,</span> <span class='ocrx_word' id='word_1_622' title='bbox 366 2987 491 3018; x_wconf 68' lang='lat' dir='ltr'>Concu.</span> <span class='ocrx_word' id='word_1_623' title='bbox 512 2992 528 3018; x_wconf 88' lang='grc' dir='ltr'>ι,</span> <span class='ocrx_word' id='word_1_624' title='bbox 545 2989 590 3027; x_wconf 77' lang='lat' dir='ltr'>iv,</span> <span class='ocrx_word' id='word_1_625' title='bbox 607 2997 634 3027; x_wconf 79' lang='lat' dir='ltr'>p.</span> <span class='ocrx_word' id='word_1_626' title='bbox 654 2987 742 3018; x_wconf 59' lang='lat'><strong>16⁹2&amp;</strong></span> 
     </span>
    </p>

    <p class='ocr_par' dir='ltr' id='par_1_19' title="bbox 202 3029 462 3068">
     <span class='ocr_line' id='line_1_104' title="bbox 202 3029 462 3068; baseline -0.004 -9"><span class='ocrx_word' id='word_1_627' title='bbox 202 3030 216 3051; x_wconf 71' lang='lat'>³</span> <span class='ocrx_word' id='word_1_628' title='bbox 234 3029 308 3059; x_wconf 70' lang='lat' dir='ltr'>thia.</span> <span class='ocrx_word' id='word_1_629' title='bbox 326 3039 353 3068; x_wconf 78' lang='lat' dir='ltr'>p.</span> <span class='ocrx_word' id='word_1_630' title='bbox 374 3029 462 3059; x_wconf 64' lang='lat'>1010.</span> 
     </span>
    </p>

    <p class='ocr_par' dir='ltr' id='par_1_20' title="bbox 159 3070 1124 3186">
     <span class='ocr_line' id='line_1_105' title="bbox 204 3070 464 3109; baseline -0.004 -9"><span class='ocrx_word' id='word_1_631' title='bbox 204 3072 217 3094; x_wconf 81' lang='grc'><strong>4</strong></span> <span class='ocrx_word' id='word_1_632' title='bbox 235 3071 310 3102; x_wconf 75' lang='lat' dir='ltr'>lbitl.</span> <span class='ocrx_word' id='word_1_633' title='bbox 328 3080 357 3109; x_wconf 83' lang='lat' dir='ltr'>p.</span> <span class='ocrx_word' id='word_1_634' title='bbox 374 3070 464 3100; x_wconf 77' lang='lat' dir='ltr'>lssl7.</span> 
     </span>
     <span class='ocr_line' id='line_1_106' title="bbox 159 3110 1124 3186; baseline 0.001 -50"><span class='ocrx_word' id='word_1_635' title='bbox 159 3113 215 3186; x_wconf 62' lang='lat'>,53⁵</span> <span class='ocrx_word' id='word_1_636' title='bbox 236 3113 365 3183; x_wconf 54' lang='grc' dir='ltr'>ἷζιηᾝίἳπ.</span> <span class='ocrx_word' id='word_1_637' title='bbox 383 3112 508 3148; x_wconf 78' lang='grc' dir='ltr'>ΤιιΓοη.,</span> <span class='ocrx_word' id='word_1_638' title='bbox 526 3110 604 3142; x_wconf 75' lang='lat' dir='ltr'>[lise.</span> <span class='ocrx_word' id='word_1_639' title='bbox 623 3111 639 3142; x_wconf 93' lang='lat' dir='ltr'>l.</span> <span class='ocrx_word' id='word_1_640' title='bbox 658 3111 712 3150; x_wconf 85' lang='grc' dir='ltr'>ΙΙΙ,</span> <span class='ocrx_word' id='word_1_641' title='bbox 729 3121 754 3142; x_wconf 86' lang='lat' dir='ltr'>c.</span> <span class='ocrx_word' id='word_1_642' title='bbox 772 3111 846 3153; x_wconf 85' lang='lat'>5-6;</span> <span class='ocrx_word' id='word_1_643' title='bbox 864 3114 1002 3146; x_wconf 74' lang='lat' dir='ltr'>Bolland,</span> <span class='ocrx_word' id='word_1_644' title='bbox 1017 3139 1024 3153; x_wconf 72' lang='lat'>‚</span> <span class='ocrx_word' id='word_1_645' title='bbox 1041 3115 1124 3146; x_wconf 68' lang='lat' dir='ltr'>Acca</span> 
     </span>
    </p>
   </div>
   <div class='ocr_carea' id='block_1_14' title="bbox 1142 2758 1146 2925">
    <p class='ocr_par' dir='ltr' id='par_1_21' title="bbox 1142 2758 1146 2925">
     <span class='ocr_line' id='line_1_107' title="bbox 1142 2758 1146 2925; baseline 0 548"><span class='ocrx_word' id='word_1_646' title='bbox 1142 2758 1146 2925; x_wconf 95' lang='lat' dir='ltr'> </span> 
     </span>
    </p>
   </div>
   <div class='ocr_carea' id='block_1_15' title="bbox 1143 2947 1145 3001">
    <p class='ocr_par' dir='ltr' id='par_1_22' title="bbox 1143 2947 1145 3001">
     <span class='ocr_line' id='line_1_108' title="bbox 1143 2947 1145 3001; baseline 0 0"><span class='ocrx_word' id='word_1_647' title='bbox 1143 2947 1145 3001; x_wconf 77' lang='lat' dir='ltr'>l</span> 
     </span>
    </p>
   </div>
   <div class='ocr_carea' id='block_1_16' title="bbox 1142 3005 1147 3196">
    <p class='ocr_par' dir='ltr' id='par_1_23' title="bbox 1142 3005 1147 3196">
     <span class='ocr_line' id='line_1_109' title="bbox 1142 3005 1147 3196; baseline 0 277"><span class='ocrx_word' id='word_1_648' title='bbox 1142 3005 1147 3196; x_wconf 95' lang='lat' dir='ltr'> </span> 
     </span>
    </p>
   </div>
   <div class='ocr_carea' id='block_1_17' title="bbox 1165 2735 2127 3189">
    <p class='ocr_par' dir='ltr' id='par_1_24' title="bbox 1165 2735 2127 3189">
     <span class='ocr_line' id='line_1_110' title="bbox 1165 2735 2121 2770; baseline 0.001 -4"><span class='ocrx_word' id='word_1_649' title='bbox 1165 2741 1374 2770; x_wconf 59' lang='lat' dir='ltr'>‚sanctorum</span> <span class='ocrx_word' id='word_1_650' title='bbox 1393 2735 1550 2766; x_wconf 74' lang='lat' dir='ltr'>emsdem</span> <span class='ocrx_word' id='word_1_651' title='bbox 1567 2736 1724 2766; x_wconf 71' lang='lat' dir='ltr'>nomims</span> <span class='ocrx_word' id='word_1_652' title='bbox 1741 2736 1882 2767; x_wconf 81' lang='lat' dir='ltr'>Cosmae</span> <span class='ocrx_word' id='word_1_653' title='bbox 1897 2741 1928 2766; x_wconf 78' lang='lat' dir='ltr'>ec</span> <span class='ocrx_word' id='word_1_654' title='bbox 1944 2735 2121 2767; x_wconf 79' lang='lat' dir='ltr'>Damiani.</span> 
     </span>
     <span class='ocr_line' id='line_1_111' title="bbox 1172 2776 2124 2817; baseline -0.002 -7"><span class='ocrx_word' id='word_1_655' title='bbox 1172 2781 1287 2811; x_wconf 57' lang='lat' dir='ltr'>{snum</span> <span class='ocrx_word' id='word_1_656' title='bbox 1312 2779 1519 2817; x_wconf 74' lang='lat' dir='ltr'>Martyrum</span> <span class='ocrx_word' id='word_1_657' title='bbox 1544 2776 1582 2806; x_wconf 74' lang='lat' dir='ltr'>in</span> <span class='ocrx_word' id='word_1_658' title='bbox 1606 2777 1754 2815; x_wconf 75' lang='lat' dir='ltr'>Arabia,</span> <span class='ocrx_word' id='word_1_659' title='bbox 1774 2778 1926 2808; x_wconf 76' lang='lat' dir='ltr'>alterum</span> <span class='ocrx_word' id='word_1_660' title='bbox 1945 2776 2124 2816; x_wconf 65' lang='lat' dir='ltr'>Conse-sso-</span> 
     </span>
     <span class='ocr_line' id='line_1_112' title="bbox 1166 2817 2124 2860; baseline -0.005 -7"><span class='ocrx_word' id='word_1_661' title='bbox 1166 2831 1248 2853; x_wconf 76' lang='lat' dir='ltr'>rum</span> <span class='ocrx_word' id='word_1_662' title='bbox 1262 2821 1301 2850; x_wconf 76' lang='lat' dir='ltr'>in</span> <span class='ocrx_word' id='word_1_663' title='bbox 1315 2819 1413 2855; x_wconf 83' lang='lat' dir='ltr'>Asia,</span> <span class='ocrx_word' id='word_1_664' title='bbox 1432 2818 1574 2849; x_wconf 72' lang='lat' dir='ltr'>tercium</span> <span class='ocrx_word' id='word_1_665' title='bbox 1585 2819 1807 2860; x_wconf 79' lang='lat' dir='ltr'>Martyrum,</span> <span class='ocrx_word' id='word_1_666' title='bbox 1817 2817 1880 2858; x_wconf 81' lang='lat' dir='ltr'>qui</span> <span class='ocrx_word' id='word_1_667' title='bbox 1890 2818 2020 2849; x_wconf 77' lang='lat' dir='ltr'>Romae</span> <span class='ocrx_word' id='word_1_668' title='bbox 2034 2826 2124 2849; x_wconf 88' lang='lat' dir='ltr'>mor-</span> 
     </span>
     <span class='ocr_line' id='line_1_113' title="bbox 1169 2859 2127 2899; baseline -0.004 -5"><span class='ocrx_word' id='word_1_669' title='bbox 1169 2870 1234 2894; x_wconf 78' lang='lat' dir='ltr'>tem</span> <span class='ocrx_word' id='word_1_670' title='bbox 1251 2862 1440 2891; x_wconf 52' lang='lat' dir='ltr'>sabim-emt</span> <span class='ocrx_word' id='word_1_671' title='bbox 1456 2869 1462 2896; x_wconf 70' lang='grc' dir='ltr'><strong>ς</strong></span> <span class='ocrx_word' id='word_1_672' title='bbox 1479 2869 1585 2889; x_wconf 78' lang='lat' dir='ltr'>omncs</span> <span class='ocrx_word' id='word_1_673' title='bbox 1603 2861 1697 2891; x_wconf 75' lang='lat' dir='ltr'>fuiss(-</span> <span class='ocrx_word' id='word_1_674' title='bbox 1714 2860 1909 2899; x_wconf 75' lang='lat' dir='ltr'>professione</span> <span class='ocrx_word' id='word_1_675' title='bbox 1925 2859 2074 2898; x_wconf 83' lang='lat' dir='ltr'>medicos,</span> <span class='ocrx_word' id='word_1_676' title='bbox 2096 2862 2127 2890; x_wconf 80' lang='lat' dir='ltr'>el.</span> 
     </span>
     <span class='ocr_line' id='line_1_114' title="bbox 1166 2901 2124 2944; baseline -0.004 -9"><span class='ocrx_word' id='word_1_677' title='bbox 1166 2913 1364 2944; x_wconf 72' lang='lat' dir='ltr'>auaryyros</span> <span class='ocrx_word' id='word_1_678' title='bbox 1378 2902 1484 2937; x_wconf 72' lang='lat' dir='ltr'>dictus,</span> <span class='ocrx_word' id='word_1_679' title='bbox 1498 2901 1578 2940; x_wconf 86' lang='lat' dir='ltr'>quod</span> <span class='ocrx_word' id='word_1_680' title='bbox 1593 2902 1660 2931; x_wconf 82' lang='lat' dir='ltr'>sine</span> <span class='ocrx_word' id='word_1_681' title='bbox 1675 2902 1794 2940; x_wconf 80' lang='lat' dir='ltr'>praelio</span> <span class='ocrx_word' id='word_1_682' title='bbox 1806 2903 1955 2940; x_wconf 78' lang='lat' dir='ltr'>aegrotos</span> <span class='ocrx_word' id='word_1_683' title='bbox 1969 2903 2124 2939; x_wconf 54' lang='lat' dir='ltr'>cui-arene</span> 
     </span>
     <span class='ocr_line' id='line_1_115' title="bbox 1167 2941 2124 2981; baseline -0.005 -4"><span class='ocrx_word' id='word_1_684' title='bbox 1167 2946 1296 2977; x_wconf 61' lang='lat' dir='ltr'>Felicem</span> <span class='ocrx_word' id='word_1_685' title='bbox 1317 2946 1349 2974; x_wconf 87' lang='lat' dir='ltr'>lv</span> <span class='ocrx_word' id='word_1_686' title='bbox 1368 2945 1496 2973; x_wconf 62' lang='lat' dir='ltr'>(jos-mae.</span> <span class='ocrx_word' id='word_1_687' title='bbox 1524 2946 1551 2973; x_wconf 81' lang='lat' dir='ltr'>ct</span> <span class='ocrx_word' id='word_1_688' title='bbox 1576 2943 1722 2973; x_wconf 73' lang='lat' dir='ltr'>Daniiano</span> <span class='ocrx_word' id='word_1_689' title='bbox 1748 2941 1935 2981; x_wconf 72' lang='lat' dir='ltr'>Martyribus</span> <span class='ocrx_word' id='word_1_690' title='bbox 1959 2941 2124 2979; x_wconf 76' lang='lat' dir='ltr'>Romanis,</span> 
     </span>
     <span class='ocr_line' id='line_1_116' title="bbox 1166 2982 2126 3022; baseline -0.005 -4"><span class='ocrx_word' id='word_1_691' title='bbox 1166 2997 1225 3018; x_wconf 89' lang='lat' dir='ltr'>non</span> <span class='ocrx_word' id='word_1_692' title='bbox 1245 2985 1412 3021; x_wconf 73' lang='lat' dir='ltr'>Ambibus,</span> <span class='ocrx_word' id='word_1_693' title='bbox 1444 2984 1552 3013; x_wconf 66' lang='lat' dir='ltr'>aedem</span> <span class='ocrx_word' id='word_1_694' title='bbox 1571 2984 1756 3014; x_wconf 75' lang='lat' dir='ltr'>aedificasse</span> <span class='ocrx_word' id='word_1_695' title='bbox 1773 3008 1781 3021; x_wconf 95' lang='lat'><em>‚</em></span> <span class='ocrx_word' id='word_1_696' title='bbox 1800 2991 1915 3022; x_wconf 82' lang='lat' dir='ltr'>eosque</span> <span class='ocrx_word' id='word_1_697' title='bbox 1940 2982 1969 3013; x_wconf 88' lang='lat' dir='ltr'>in</span> <span class='ocrx_word' id='word_1_698' title='bbox 2001 2983 2126 3013; x_wconf 82' lang='lat' dir='ltr'>canone</span> 
     </span>
     <span class='ocr_line' id='line_1_117' title="bbox 1166 3023 2126 3060; baseline -0.004 -2"><span class='ocrx_word' id='word_1_699' title='bbox 1166 3030 1278 3060; x_wconf 64' lang='lat' dir='ltr'>Missae</span> <span class='ocrx_word' id='word_1_700' title='bbox 1295 3026 1470 3057; x_wconf 62' lang='lat' dir='ltr'>int-morari.</span> <span class='ocrx_word' id='word_1_701' title='bbox 1487 3025 1567 3055; x_wconf 74' lang='lat' dir='ltr'>ltlcin</span> <span class='ocrx_word' id='word_1_702' title='bbox 1586 3028 1717 3055; x_wconf 78' lang='lat' dir='ltr'>testatur</span> <span class='ocrx_word' id='word_1_703' title='bbox 1733 3024 1940 3055; x_wconf 81' lang='lat' dir='ltr'>Florentinius</span> <span class='ocrx_word' id='word_1_704' title='bbox 1965 3023 1995 3054; x_wconf 90' lang='lat' dir='ltr'>in</span> <span class='ocrx_word' id='word_1_705' title='bbox 2023 3024 2126 3054; x_wconf 89' lang='lat' dir='ltr'>adno—</span> 
     </span>
     <span class='ocr_line' id='line_1_118' title="bbox 1168 3063 2123 3109; baseline -0.004 -9"><span class='ocrx_word' id='word_1_706' title='bbox 1168 3074 1218 3102; x_wconf 79' lang='lat' dir='ltr'>tat.</span> <span class='ocrx_word' id='word_1_707' title='bbox 1245 3067 1468 3109; x_wconf 71' lang='lat' dir='ltr'>Martyroloy.</span> <span class='ocrx_word' id='word_1_708' title='bbox 1497 3066 1767 3108; x_wconf 77' lang='lat' dir='ltr'>Hieronymian.</span> <span class='ocrx_word' id='word_1_709' title='bbox 1791 3065 1829 3097; x_wconf 67' lang='grc' dir='ltr'>νο</span> <span class='ocrx_word' id='word_1_710' title='bbox 1855 3063 1976 3095; x_wconf 74' lang='lat' dir='ltr'>kalend.</span> <span class='ocrx_word' id='word_1_711' title='bbox 2004 3064 2123 3096; x_wconf 85' lang='lat' dir='ltr'>octobr.</span> 
     </span>
     <span class='ocr_line' id='line_1_119' title="bbox 1190 3111 1282 3142; baseline -0.022 0"><span class='ocrx_word' id='word_1_712' title='bbox 1190 3138 1195 3142; x_wconf 97' lang='lat'>.</span> <span class='ocrx_word' id='word_1_713' title='bbox 1214 3111 1282 3141; x_wconf 69' lang='lat'>879.</span> 
     </span>
     <span class='ocr_line' id='line_1_120' title="bbox 1167 3123 1708 3189; baseline -0.004 -7"><span class='ocrx_word' id='word_1_714' title='bbox 1167 3123 1185 3153; x_wconf 66' lang='lat' dir='ltr'>p</span> <span class='ocrx_word' id='word_1_715' title='bbox 1203 3153 1216 3173; x_wconf 75' lang='lat'>²³</span> <span class='ocrx_word' id='word_1_716' title='bbox 1232 3153 1343 3182; x_wconf 72' lang='lat' dir='ltr'>Baron.</span> <span class='ocrx_word' id='word_1_717' title='bbox 1359 3154 1387 3181; x_wconf 87' lang='lat' dir='ltr'>ct</span> <span class='ocrx_word' id='word_1_718' title='bbox 1405 3149 1495 3189; x_wconf 76' lang='lat' dir='ltr'>Pagi,</span> <span class='ocrx_word' id='word_1_719' title='bbox 1514 3149 1552 3180; x_wconf 78' lang='lat' dir='ltr'>ad</span> <span class='ocrx_word' id='word_1_720' title='bbox 1570 3157 1619 3180; x_wconf 85' lang='lat' dir='ltr'>an.</span> <span class='ocrx_word' id='word_1_721' title='bbox 1638 3148 1708 3181; x_wconf 86' lang='lat'>530.</span> 
     </span>
    </p>
   </div>
   <div class='ocr_carea' id='block_1_18' title="bbox 2205 0 2241 427">
    <p class='ocr_par' dir='ltr' id='par_1_25' title="bbox 2205 0 2241 427">
     <span class='ocr_line' id='line_1_121' title="bbox 2205 0 2241 427; textangle 90"><span class='ocrx_word' id='word_1_722' title='bbox 2219 298 2235 427; x_wconf 51' lang='grc' dir='ltr'>’ωυιν</span> <span class='ocrx_word' id='word_1_723' title='bbox 2223 230 2236 278; x_wconf 56' lang='grc' dir='ltr'>«Α</span> <span class='ocrx_word' id='word_1_724' title='bbox 2205 0 2241 217; x_wconf 48' lang='grc' dir='ltr'>«κυῶ-Δ</span> 
     </span>
    </p>
   </div>
   <div class='ocr_carea' id='block_1_19' title="bbox 2176 2709 2219 3473">
    <p class='ocr_par' dir='ltr' id='par_1_26' title="bbox 2176 2709 2219 3473">
     <span class='ocr_line' id='line_1_122' title="bbox 2176 2709 2219 3473; textangle 90"><span class='ocrx_word' id='word_1_725' title='bbox 2176 2892 2219 3473; x_wconf 50' lang='lat' dir='ltr'>mnan-msa</span> <span class='ocrx_word' id='word_1_726' title='bbox 2199 2773 2212 2839; x_wconf 28' lang='lat' dir='ltr'>a*</span> <span class='ocrx_word' id='word_1_727' title='bbox 2206 2740 2213 2753; x_wconf 67' lang='grc'>.,</span> <span class='ocrx_word' id='word_1_728' title='bbox 2204 2709 2210 2716; x_wconf 87' lang='grc'><strong><em>.</em></strong></span> 
     </span>
    </p>
   </div>
  </div>
 </body>
</html>
