2241 3473
273 77 325 119 36

221 155 321 193 lueis
339 151 614 197 restituendas,
629 160 789 187 aeonem
807 148 899 186 Nun
914 159 982 185 seu
997 148 1170 184 mentem

223 220 264 246 se
292 206 540 245 coniunxisse
571 215 658 241 cum
685 201 841 239 homine
870 200 958 237 Iesu
971 229 980 246 ,
1009 200 1103 236 dum
1131 199 1171 235 in

224 262 387 299 Iordane
406 257 687 307 baptizabatur;
707 255 774 291 sed
793 253 964 290 instante
982 251 1171 301 passionis

223 317 262 352 et
281 312 417 351 mortis
435 313 623 358 tempore,
638 305 821 344 derelicto
836 305 990 343 homine
1006 306 1106 352 Iesu,
1125 305 1174 343 ad

223 366 412 416 originem
432 375 541 401 suam
560 360 716 398 rediisse
734 357 758 396 ¹.
819 364 822 367 '

274 419 528 466 Carpocrates
542 444 551 457 ,
568 411 880 458 Alexandrinus,
900 411 1112 449 Saturnino
1133 414 1173 449 et

223 471 384 510 Basilidi
405 466 589 517 aequalis.
606 466 643 503 Is
663 465 783 503 etiam
804 464 940 502 mundi
959 476 1173 514 rerumque

223 532 497 574 corporearum
519 519 755 557 creationem
773 518 1048 556 Gnosticorum
1066 530 1172 556 more

223 577 415 627 exposuit.
450 574 578 611 Iesum
607 571 806 610 Christum
823 601 833 618 ,
862 583 978 621 quem
998 571 1171 620 plerique

222 641 395 674 aeonem,
408 638 568 674 corpore
583 627 742 663 tantum
758 625 941 662 aethereo
955 625 1018 662 vel
1035 626 1173 662 umbra
1208 662 1210 665 ,

223 682 391 731 corporis
411 680 514 717 inter
534 679 708 716 homines
728 678 1021 716 manifestatum
1051 679 1170 716 doce—

223 738 332 780 bant,
348 745 497 771 merum
512 732 721 778 hominem,
736 732 902 770 caeteris
917 734 1048 769 tamen
1065 744 1177 780 prae-

223 788 451 827 stantiorem
465 816 474 833 ,
495 786 606 824 dixit.
630 785 752 822 Omne
772 785 966 822 actionum
983 787 1175 822 externa-

222 854 310 880 rum
331 839 536 878 discrimen
551 839 697 876 morale
713 839 927 885 destruens,
943 842 1084 876 cuneta
1098 840 1177 876 tur-

223 894 408 944 pitudinis
429 904 575 942 genera
603 892 713 929 licita
742 892 922 930 reddidit.
950 892 1044 930 Eius
1074 891 1176 929 filius

223 947 464 998 Epiphanius
477 976 486 993 ,
517 946 722 983 doctrinae
760 945 882 994 patris
911 945 971 983 sui
1001 944 1176 982 fervidus

223 1002 472 1051 propagator,
507 999 678 1044 addidit,
711 999 842 1036 omnia
871 999 910 1035 in
931 999 1002 1036 hoc
1030 999 1175 1036 mundo

222 1053 442 1093 communia
472 1065 556 1091 esse
577 1053 716 1090 debere
730 1081 740 1099 ,
761 1064 810 1090 ne
829 1052 1062 1090 mulieribus
1083 1052 1174 1101 qui-

225 1109 309 1146 dem
331 1106 506 1155 exceptis
525 1106 552 1145 ².
855 1153 857 1155 ι

277 1160 514 1199 Valentinus
530 1189 540 1206 ,
561 1159 782 1210 AEgyptius
795 1189 804 1206 ‚
825 1158 1086 1206 Alexandria,
1109 1159 1174 1196 ubi

225 1216 467 1254 Graecorum
488 1213 704 1262 disciplinis
725 1216 765 1250 et
784 1213 934 1250 artibus
956 1213 1174 1259 studuerat,

225 1281 325 1308 anno
343 1268 418 1305 140
438 1267 636 1317 profectus
656 1268 838 1313 Romam,
854 1278 954 1303 anno
974 1265 1098 1303 lssoin
1119 1265 1173 1302 in-

225 1323 312 1361 sula
323 1322 450 1371 Cypro
463 1322 902 1367 mortuus,commentus
912 1321 971 1357 est
979 1320 1104 1357 Deum
1116 1331 1175 1359 ae-

224 1379 391 1421 ternum,
409 1387 483 1412 non
505 1374 696 1424 genitum,
716 1385 855 1423 nempe
875 1374 1037 1423 Bythos,
1056 1385 1079 1411 e
1100 1385 1174 1422 quo

223 1429 427 1477 utriusque
452 1440 570 1466 sexus
600 1439 739 1465 aeones
768 1427 932 1476 triginta
952 1426 1174 1465 successive

225 1483 455 1521 emanarant·
476 1511 485 1528 ,
513 1481 578 1530 qui
608 1481 782 1530 pleroma
815 1492 886 1518 seu
925 1480 1174 1518 divinitatem

225 1535 524 1574 constituebant.
542 1535 601 1573 Ab
619 1534 755 1572 ultima
770 1545 906 1581 aeone,
921 1534 1078 1584 Sophia,
1095 1545 1176 1582 pro-

225 1591 397 1628 creatam
417 1601 499 1627 esse
519 1588 780 1627 substantiam
800 1587 1020 1634 informem,
1041 1588 1174 1625 Acha-

224 1646 317 1690 mot3
339 1654 439 1692 quae
460 1644 575 1680 extra
593 1642 769 1691 pleroma
789 1642 986 1688 oberrans,
1000 1641 1103 1679 vires
1123 1640 1176 1678 vi-

224 1697 325 1735 tales
346 1696 711 1733 communicaverat
730 1694 932 1741 materiae,
953 1695 1016 1732 cui
1037 1706 1175 1743 praee-

226 1753 289 1788 rat
308 1752 431 1796 satan,
449 1750 553 1788 unde
570 1749 764 1786 elementa
783 1748 1018 1798 spiritualia,
1037 1748 1176 1786 vitalia

225 1807 264 1841 et
281 1802 502 1840 materialia
518 1805 604 1840 orta
620 1804 724 1840 sunt.
737 1803 796 1840 Ex
815 1802 873 1839 his
889 1801 1095 1840 elementis
1110 1813 1178 1850 per

227 1856 496 1905 Demiurgum,
513 1855 638 1892 filium
657 1856 862 1902 Achamot,
881 1855 1078 1892 conditum
1094 1867 1177 1893 esse

228 1910 330 1947 hunc
351 1909 540 1946 mundum
555 1908 747 1946 visibilem
763 1911 803 1945 et
819 1911 1044 1957 procreatos
1059 1908 1179 1945 homi—

229 1975 308 2000 nes.
319 1962 379 1999 Ex
393 1961 571 2006 omnibus
584 1961 769 1999 aeonibus
780 1961 938 2000 missum
952 1973 1037 1998 esse
1050 1962 1177 1998 Iesum

228 2018 482 2060 servatorem,
498 2015 562 2063 qui
573 2015 763 2052 Achamot
778 2018 817 2053 et
832 2015 1056 2062 spirituales
1072 2018 1179 2052 natu-

230 2082 294 2107 ras
320 2069 357 2106 in
385 2069 562 2117 pleroma
584 2069 798 2106 reduceret.
827 2068 939 2105 Hunc
959 2079 1119 2105 aeonem
1138 2068 1176 2105 in

230 2123 420 2172 baptismo
437 2122 537 2170 apud
550 2122 753 2159 Iordanem
769 2133 810 2159 se
827 2121 1073 2158 coniunxisse
1090 2133 1178 2159 cum

227 2177 385 2222 messia,
406 2187 523 2224 quem
553 2175 790 2223 Demiurgus
819 2175 968 2212 naturis
988 2175 1177 2213 vitalibus

229 2229 611 2279 promiserat,sicque
633 2228 810 2266 homines
827 2240 893 2266 seu
915 2230 1075 2265 naturas
1096 2228 1177 2278 spi-

229 2282 393 2321 rituales
415 2294 438 2320 a
459 2284 618 2319 satanae
638 2285 677 2319 et
693 2282 833 2320 vitales
854 2293 876 2318 a
892 2281 1092 2330 Demiurgi
1108 2282 1177 2319 im-

228 2336 335 2386 perio
356 2335 552 2373 liberasso.
575 2336 788 2373 Praeterea
810 2338 997 2373 notantur
1031 2335 1177 2373 Valen-

229 2388 366 2427 tiniani
387 2390 434 2426 ab
456 2388 627 2436 antiquis
647 2389 899 2438 scriptoribus
920 2389 1080 2437 propter
1095 2400 1179 2437 pra-

231 2455 300 2480 vos
320 2446 360 2480 et
380 2446 587 2491 corruptos
607 2454 732 2480 mores
750 2441 775 2480 ³.

282 2496 484 2534 Valentini
506 2498 726 2533 commenta
755 2495 933 2544 discipuli
955 2494 1110 2532 varium
1140 2495 1178 2532 in

229 2550 386 2587 modum
405 2549 649 2595 evolverunt,
670 2553 708 2586 et
729 2551 813 2585 tum
834 2561 856 2586 a
885 2549 1178 2598 pseudo-magi-

229 2608 310 2640 stro
330 2615 399 2641 suo
419 2608 504 2641 tum
525 2602 627 2639 inter
647 2614 686 2640 se
703 2602 988 2648 dissentientes,
1004 2602 1179 2640 diversas

231 2655 418 2694 factiones
447 2668 514 2693 seu
545 2660 670 2693 sectas
698 2656 990 2704 produxerunt,
1012 2667 1176 2704 quarum

231 2721 384 2747 errores
401 2712 605 2747 recensent
621 2712 786 2754 veteres,
797 2722 826 2747 s.
844 2710 1039 2754 Irenaeus,
1051 2720 1079 2746 s.
1093 2709 1179 2757 Epi-

230 2763 414 2812 phanius,
436 2763 717 2809 Theodoretus,
739 2763 894 2810 aliique.
918 2763 1176 2799 Praetermit-

230 2816 348 2854 timus
369 2816 517 2865 pariter
536 2827 689 2854 errores
710 2816 998 2862 Adamitarum,
1019 2816 1177 2853 Sethia-

274 2956 281 2977 ¹
299 2958 327 2987 S.
353 2958 446 2994 lren..
471 2957 488 2988 l.
513 2968 554 2992 e..
573 2967 595 2986 e.
614 2956 669 2993 ⁵253;
686 2957 777 2988 Clcrn.
795 2956 887 2994 Alex,
906 2956 1032 2987 Str-om.
1051 2956 1068 2986 l.
1087 2956 1135 2993 lv;
1153 2967 1175 2987 s.

231 2999 390 3039 Epiphan„
407 2999 550 3031 naeres.
567 2999 619 3035 Qu
637 2999 829 3035 Theodoro-t..
848 2999 904 3029 loc.
921 2999 969 3028 cit.
989 3008 1013 3028 c.
1031 2997 1049 3028 2
1068 3003 1097 3028 et
1114 2997 1141 3028 l.

272 3042 284 3061 ²
300 3042 327 3071 S.
346 3041 435 3077 lren„
463 3042 519 3072 loc.
543 3043 592 3072 cil.
610 3053 633 3070 «n
652 3040 706 3077 *2st
724 3041 813 3070 (Ilvrn.
834 3041 923 3076 Alex„
942 3040 1067 3070 Ser-om,
1085 3039 1102 3070 l.
1122 3041 1176 3078 lll;

231 3082 423 3121 Theodorei„
440 3084 458 3114 l.
471 3093 495 3113 ο.
513 3093 537 3113 c.
555 3084 590 3119 ἴῃ
607 3094 627 3115 s,
648 3083 784 3121 Epiplian
798 3106 805 3119 ,
823 3082 967 3113 Ham-es.
985 3081 1032 3111 27.

271 3125 285 3143 ²³
301 3125 328 3153 S.
353 3125 444 3161 lrcn„
469 3125 524 3155 lov.
550 3126 599 3155 cil.
623 3135 647 3154 c.
671 3124 726 3161 22&
746 3124 835 3154 (lli-n·⁴
854 3125 936 3155 Alvx.
955 3123 1010 3162 Op.
1029 3123 1085 3153 cit.
1103 3124 1119 3153 l.
1139 3124 1174 3161 ll;

716 85 876 114 EPOCHA
903 85 945 112 11.
974 85 1002 112 A
1029 83 1170 111 MORTE
1197 83 1228 109 S.
1257 82 1420 109 IOANNIS
1447 82 1637 110 APOSTOLI

1213 157 1362 192 norum,
1382 145 1647 192 Cainitarum,
1666 145 1897 194 Ophitarum
1914 176 1923 195 ‚
1942 147 2028 185 tum
2056 148 2159 196 quod

1214 198 1361 236 fuerint
1389 198 1543 236 obscuri
1571 198 1736 237 nominis
1764 201 1914 246 sectae,
1943 204 2030 238 tum
2057 201 2162 250 quod

1214 263 1347 290 omnes
1376 264 1397 289 e
1427 251 1712 298 Gnosticorum,
1731 253 1962 301 praesertim
1978 253 2163 292 Valenti-

1216 305 1436 351 nianorum,
1464 304 1605 342 scholis
1633 305 1857 353 prodierint.
1890 308 2099 345 Caeterum
2135 307 2165 345 ii

1214 358 1511 396 haeresiarchae
1531 358 1661 406 potius
1681 358 1783 396 mala
1802 359 1919 406 fama,
1937 372 2054 409 quam
2073 371 2166 409 pra-

1214 411 1274 449 vis
1294 414 1372 449 suis
1391 412 1566 448 moribus
1587 411 1689 459 apud
1709 412 1881 450 ethnicos
1903 413 1950 450 de
1970 413 2164 451 Christia-

1217 465 1274 502 nis
1294 464 1533 510 excitabant,
1553 476 1669 513 quam
1688 465 1989 504 orthodoxorum
2007 467 2056 504 ad
2071 477 2164 505 suas

1215 519 1342 556 sectas
1380 517 1624 556 traductione
1654 517 1853 556 Ecclesiae
1887 519 2066 558 nocuisse
2098 519 2164 558 vi-

1217 571 1370 609 dentur.

1267 625 1302 662 7.
1334 624 1583 663 ludaeorum
1620 629 1754 662 status
1774 645 1824 652 —
1844 625 1949 662 Dum
1989 625 2167 664 Ecclesia

1215 677 1449 724 christiana,
1469 678 1566 715 nihil
1595 678 1840 716 obstantibus
1869 680 2165 726 persecutorum

1216 731 1392 777 saevitia,
1419 730 1735 780 philosophorum
1761 731 1968 778 conviciis,
1987 731 2167 770 ethnico-

1217 796 1303 821 rum
1316 787 1354 822 et
1365 785 1599 822 'Iudaeorum
1614 784 1774 834 invidia,
1787 785 2074 823 haereticorum
2085 797 2170 835 per-

1217 837 1322 883 fidia,
1339 838 1462 887 magis
1477 838 1679 887 magisque
1699 839 1998 885 extendebatur,
2013 839 2168 877 Iudaeo-

1216 902 1304 928 rum
1320 893 1446 928 status
1466 891 1514 928 ad
1529 892 1684 929 ruinam
1701 892 1946 941 properabat.
1957 893 2070 930 Anno
2083 893 2170 940 116,

1216 944 1375 981 Traiani
1395 944 1644 993 imperatoris
1669 946 1737 992 18,
1758 945 1890 983 Iudaei
1907 944 2170 983 Alexandriae

1216 1000 1255 1035 et
1274 1009 1344 1047 per
1366 1000 1491 1035 totam
1512 998 1739 1047 AEgyptum
1768 1011 1813 1036 ac
1833 998 2092 1047 Cyrenaicam
2120 999 2169 1036 ad

1217 1051 1448 1088 seditionem
1463 1054 1738 1100 proruperunt.
1753 1053 1900 1089 Parem
1919 1052 2170 1089 rebellionem

1215 1105 1442 1142 excitarunt
1469 1105 1506 1142 in
1528 1105 1671 1153 Cypro.
1696 1106 1737 1142 In
1767 1105 1906 1154 quibus
1939 1105 2171 1144 tumultibus

1217 1170 1292 1195 non
1321 1160 1476 1195 tantum
1512 1170 1695 1208 magnam
1727 1158 1969 1195 ethnicorum
1997 1161 2170 1208 stragem

1217 1211 1442 1258 ediderunt,
1463 1212 1529 1249 sed
1550 1211 1769 1261 permultos
1790 1212 1909 1249 etiam
1930 1211 2171 1251 Christianos

1215 1264 1508 1302 interfecerunt.
1521 1265 1678 1303 Marcus
1690 1265 1836 1311 Turbo,
1851 1265 2003 1303 romani
2015 1266 2171 1303 exerci-

1216 1321 1281 1356 tus
1314 1319 1411 1364 dux,
1432 1319 1619 1356 consertis
1639 1322 1778 1357 contra
1797 1318 1964 1356 rebelles
1990 1318 2172 1368 praeliis,

1217 1372 1332 1421 plura
1358 1383 1491 1409 eorum
1522 1372 1644 1409 millia
1672 1373 1756 1410 neci
1786 1372 1904 1410 dedit.
1927 1373 1973 1410 In
1992 1372 2170 1422 Mesopo-

1217 1425 1337 1463 tamia
1352 1425 1496 1463 Lucius
1514 1426 1686 1467 Quietus
1700 1425 1902 1476 ingentem
1919 1437 2054 1463 eorum
2071 1425 2172 1463 mul-

1218 1479 1427 1516 titudinem
1456 1479 1575 1516 armis
1602 1479 1827 1528 prostravit.
1848 1479 1978 1521 Quum
1998 1479 2172 1518 Hadria-

1218 1544 1290 1570 nus
1309 1532 1524 1581 imperator
1543 1533 1708 1570 Iudaeos
1729 1545 1888 1571 rursum
1917 1533 2086 1571 rebelles
2105 1545 2173 1570 re-

1218 1585 1446 1635 pressisset,
1467 1586 1760 1624 circumcisione
1779 1586 2058 1633 interdixisset,
2073 1587 2114 1624 et
2130 1585 2172 1624 in

1218 1639 1303 1676 loco
1317 1669 1327 1686 ,
1346 1639 1385 1676 in
1407 1650 1483 1687 quo
1505 1638 1637 1677 fuerat
1655 1639 1844 1688 templum
1866 1640 2050 1685 Iehovae,
2065 1639 2172 1678 aliud

1220 1692 1302 1730 Iovi
1332 1692 1554 1741 Capitolino
1592 1704 1751 1730 sacrum
1781 1692 2173 1740 excitasset,1udaei

1218 1746 1454 1795 exasperati,
1488 1746 1586 1784 duce
1606 1746 1904 1794 Barchocheba‚
1925 1746 1990 1796 qui
2010 1758 2052 1784 se
2073 1758 2172 1796 gen-

1219 1800 1269 1837 tis
1289 1799 1541 1837 liberatorem
1557 1802 1597 1838 et
1615 1801 1848 1849 promissum
1863 1799 2046 1838 messiam
2068 1799 2175 1838 iacti-

1220 1854 1349 1900 tabat,
1369 1853 1538 1891 atrocius
1559 1865 1676 1902 quam
1705 1865 1874 1903 unquam
1901 1853 1941 1890 in
1972 1854 2174 1892 Romanos

1220 1918 1331 1944 arma
1360 1908 1589 1951 verterunt3
1623 1906 1814 1955 simulque
1842 1907 1883 1944 in
1912 1906 2172 1955 Christianos,

1221 1971 1419 1997 armorum
1456 1959 1656 1997 rebellium
1686 1960 1912 1998 societatem
1950 1959 2147 2009 fugientes
2163 1989 2174 2006 ,

1221 2012 1431 2050 crudeliter
1450 2013 1687 2051 saevierunt.
1698 2015 1751 2052 At
1769 2013 1936 2052 rebelles
1957 2016 2042 2062 post
2059 2013 2174 2063 plura

1222 2065 1369 2115 praelia
1385 2066 1477 2103 victi
1493 2069 1533 2103 et
1548 2067 1596 2104 ad
1612 2066 1922 2104 internecionem
1939 2066 2042 2105 caesi
2062 2069 2170 2113 sunt,

1221 2130 1357 2157 eorum
1378 2131 1489 2157 arces
1505 2120 1739 2166 destructae,
1754 2122 1794 2158 et
1812 2120 1877 2169 qui
1898 2120 2038 2169 reliqui
2056 2122 2173 2158 erant

1220 2185 1269 2211 ex
1289 2172 1394 2209 omni
1413 2173 1518 2210 circa
1538 2173 1753 2211 Ierusalem
1774 2174 1932 2223 regione
1958 2174 2083 2220 eiecti,
2102 2185 2172 2223 pa-

1224 2227 1424 2274 triumque
1445 2225 1570 2264 solum
1590 2227 1653 2264 vel
1673 2239 1693 2264 e
1714 2227 1930 2277 longinquo
1951 2228 2175 2277 conspicere

1224 2280 1406 2329 prohibiti
1427 2282 1517 2317 sunt
1535 2279 1560 2318 ¹.

1278 2334 1493 2370 &Marcus
1505 2334 2175 2384 epz'seopust'erosoIymz'tanus—

1223 2386 1335 2423 Tunc
1355 2387 1467 2424 iuxta
1486 2388 1632 2425 rudera
1661 2382 1807 2426 'veteris
1837 2389 1941 2427 urbis
1961 2387 2174 2427 Ierusalem

1225 2451 1365 2477 novam
1397 2440 1531 2477 urbem
1560 2441 1751 2479 excitavit
1779 2442 2028 2489 Hadrianus,
2057 2453 2174 2491 quam

1225 2493 1375 2530 AEliam
1411 2493 1658 2543 capitolinam
1688 2497 1854 2534 vocavit.
1885 2495 2009 2534 Novis
2037 2495 2174 2533 incolis

1226 2547 1484 2596 Evangelium
1502 2548 1770 2596 praedicatum
1791 2548 1881 2597 fuit;
1898 2551 1938 2587 et
1953 2560 2070 2598 quum
2089 2548 2175 2586 bre-

1223 2600 1260 2637 vi
1288 2602 1461 2649 tempore
1485 2601 1627 2639 ibidem
1650 2603 1816 2641 ecelesia
1845 2615 1865 2640 e
1893 2603 2076 2652 gentibus
2105 2614 2173 2640 seu

1221 2653 1387 2691 ethnicis
1416 2655 1612 2692 conversis
1641 2656 1868 2703 coaluisset,
1889 2659 1977 2706 post
2004 2655 2174 2705 quinde-

1221 2707 1295 2744 cim
1315 2708 1510 2756 episcopos
1531 2720 1550 2745 e
1571 2720 1714 2757 genere
1735 2710 1887 2748 iudaice
1905 2739 1915 2756 ,
1944 2709 2010 2759 qui
2041 2709 2173 2747 eccle-

1223 2760 1320 2797 siam
1350 2760 1748 2810 Hierosolymitanam
1776 2765 1980 2810 rexerant,
2001 2762 2175 2810 Marcus,

1223 2813 1371 2863 primus
1392 2826 1412 2851 e
1432 2827 1576 2863 genere
1596 2817 1745 2863 gentili,
1769 2817 1874 2855 illius
1895 2827 2095 2855 summum
2115 2827 2173 2855 sa-

1223 2867 1443 2904 cerdotium
1463 2869 1643 2918 suscepit.
1673 2871 1730 2908 Ea
1761 2869 1894 2908 omnia
1924 2882 1999 2908 non
2030 2870 2174 2920 absque

1221 2920 1376 2958 <livinae
1395 2922 1662 2969 providentiae
1680 2924 1852 2971 consilio,
1865 2926 1906 2961 et
1927 2923 1963 2962 in
1982 2935 2171 2973 magnum

1222 2973 1330 3011 Fidei
1351 2974 1589 3014 christianae
1611 2977 1752 3015 bonum
1774 2977 1915 3016 effecta
1936 2976 2056 3016 fuisse
2070 3006 2080 3025 ,
2099 2977 2172 3015 ob-

1262 3127 1269 3146 ¹
1291 3127 1342 3157 Dio
1361 3129 1387 3158 in
1412 3128 1566 3159 Traiana
1583 3132 1611 3159 et
1624 3127 1830 3165 Ιῖαᾱνίαηος
1843 3128 1965 3166 Euseb.,
1979 3127 2071 3159 Hist.
2090 3128 2168 3160 eccl.

232 3166 419 3206 Tertullian,
434 3168 463 3198 l..
473 3167 547 3199 adv.
575 3166 763 3205 Valentin.;
777 3176 798 3197 s.
810 3165 1175 3206 Eplplian.‚llaeres.3l.
1220 3168 1238 3198 l.
1256 3169 1299 3205 lV,
1317 3179 1341 3199 c.
1359 3169 1376 3201 3
1393 3169 1602 3210 etl··;su1pic.
1621 3172 1736 3208 Seven,
1752 3169 1845 3201 Hisc.
1863 3169 1881 3201 l.
1899 3170 1933 3202 ll.
