2241 3473
261 86 313 124 84

701 96 857 123 EPOCHA
886 96 973 122 VIII.
999 95 1026 121 Α
1055 95 1325 123 PONTIFICATV
1352 97 1588 124 INNOCENTII
1615 98 1663 125 111

210 162 363 201 nomine
392 162 598 210 imperare,
623 173 684 198 an.
710 161 810 199 1296
830 160 1158 199 Constitutionem
1177 162 1182 207 l
1203 173 1380 210 quasque
1408 162 1566 211 scripsit
1593 163 1706 202 nonis
1734 165 1951 204 decembris
1974 165 2091 205 1301.
2111 141 2156 204 In

209 216 331 254 edidit
356 215 521 253 Clerz'cz‘s
545 216 679 259 laicos,
700 214 739 251 in
759 225 837 262 qua
855 215 928 252 sub
949 227 1075 263 poena
1095 227 1160 252 ex·
1178 210 1181 244 l
1202 216 1261 252 his
1282 215 1426 253 litteris
1446 216 1632 254 Pontifex
1652 217 1877 268 Philippum
1902 220 1950 256 ad
1967 219 2156 258 invaden-

208 267 574 307 communicationis
604 267 745 312 vetuit,
774 279 821 304 ne
843 268 1057 316 praesules,
1077 268 1158 305 cle-

207 323 278 361 rici
302 323 369 359 aut
390 320 562 369 religiosi
584 321 806 358 huiusmodi
827 322 1056 359 exactiones
1071 333 1159 370 pen-

211 378 348 414 derent
369 377 437 411 aut
459 374 751 422 promitterent,
771 376 810 412 et
831 387 880 412 ne
902 375 989 423 quis
1010 387 1076 412 eas
1091 375 1160 412 im-

211 430 366 479 peraret
385 428 455 464 aut
475 427 666 475 exigeret,
682 427 765 465 sine
782 428 896 465 Sedis
912 428 1159 476 Apostolicae

209 480 445 521 auctoritate
465 478 489 518 ¹.
521 481 729 519 Eduardus
756 493 828 519 rex
848 482 1014 531 Angliae
1035 482 1159 530 primo

209 536 346 579 iratus,
368 534 436 571 sed
456 545 548 572 mox
568 536 699 572 animo
721 536 910 581 mutatus,
931 548 1065 573 coram
1085 536 1159 573 cle·

210 602 252 627 ro
281 587 377 626 facti
405 587 465 625 sui
494 588 649 626 veniam
679 588 802 637 petiit.
835 589 1039 638 Philippus
1068 601 1161 627 vero

210 654 280 680 rex
310 640 476 688 Galliae,
506 640 735 690 indignatus
765 654 811 680 ac
839 642 870 680 si
897 643 984 680 iura
1004 655 1073 680 sua
1094 655 1163 693 per

211 696 356 734 dictam
389 695 719 733 Constitutionem
751 698 881 734 essent
911 696 1083 742 violata,
1114 698 1161 734 ad

212 748 449 787 reddendam
470 748 653 786 Pontifici
671 749 811 795 vicem,
827 752 1036 788 extraneos
1051 751 1163 799 regni

211 803 273 841 sui
294 803 470 850 ingressu
491 802 712 847 interdixit,
736 804 951 852 vetuitque,
973 817 1020 841 ne
1042 816 1162 853 pecu-

213 857 278 894 nia
298 855 426 893 aliave
447 867 507 894 res
527 856 629 894 bello
650 856 756 894 utilis
777 861 890 895 extra
910 870 1075 907 regnum
1103 857 1163 896 ef-

211 910 382 948 ferretur
402 909 484 947 sine
504 921 572 947 suo
590 922 791 948 consensu.

268 963 398 1005 Quum
426 963 465 1000 id
495 963 712 1001 audivisset
740 964 964 1003 Bonifacius
984 965 1074 1014 Pp..
1095 964 1163 1002 lit-

213 1020 320 1055 teras
348 1017 646 1055 benevolentiae
665 1018 802 1067 plenas
822 1019 870 1056 ad
892 1030 1025 1068 regem
1047 1018 1165 1065 dedit,

213 1072 252 1109 in
273 1071 413 1120 quibus
434 1074 595 1119 questus
612 1074 672 1109 est
688 1072 732 1108 de
744 1072 978 1118 hominibus,
991 1072 1056 1121 qui
1069 1072 1164 1110 Con·

214 1125 460 1163 stitutionem
495 1136 609 1162 suam
643 1125 745 1162 male
774 1125 1164 1175 interpretabantur,

215 1178 519 1226 declaravitque,
541 1189 583 1216 se
603 1178 642 1216 in
665 1191 710 1216 ea
733 1191 809 1216 non
831 1180 1010 1217 absolute
1032 1179 1158 1217 cavis-

215 1245 269 1278 se,
298 1244 347 1269 ne
376 1231 510 1268 clerici
540 1244 609 1280 pro
631 1232 852 1270 defensione
874 1237 912 1271 et
933 1233 1165 1271 necessitate

217 1285 321 1335 regis
341 1287 412 1322 aut
433 1286 545 1334 regni
566 1285 740 1324 subsidia
760 1289 1022 1336 praestarent,
1038 1287 1102 1325 sed
1121 1299 1166 1324 ne

215 1341 253 1378 id
282 1339 395 1377 fieret
423 1338 506 1376 sine
538 1339 785 1388 Apostolicae
814 1340 925 1378 Sedis
954 1353 1165 1387 consensu,

216 1392 416 1443 perpensis
432 1392 748 1431 intolerabilibus
765 1394 1048 1439 exactionibus,
1065 1406 1166 1443 quae

217 1445 391 1485 ecclesiis
425 1449 465 1483 et
494 1446 769 1485 ecclesiasticis
798 1449 974 1496 personis
993 1448 1167 1497 impera-

217 1503 380 1546 bantur3
408 1511 543 1549 regem
574 1504 756 1549 precatus
786 1505 858 1547 est,
881 1504 923 1538 ut
943 1501 1025 1539 sive
1045 1502 1167 1539 tacita

216 1555 300 1593 sive
330 1565 518 1602 expressa
547 1566 668 1603 supra
697 1555 792 1592 dicti
821 1556 966 1592 decreti
989 1555 1168 1604 explica-

217 1609 322 1646 tione
352 1607 537 1653 efficeret,
568 1620 615 1645 ne
637 1608 734 1646 illud
755 1609 802 1646 de
821 1609 994 1646 ecclesiis
1015 1611 1085 1647 aut
1105 1621 1168 1646 ec-

217 1661 442 1700 clesiasticis
454 1661 645 1699 ministris
657 1662 965 1712 intelligeretur,
978 1675 1054 1700 non
1068 1663 1169 1711 quod

219 1728 288 1765 per
308 1715 406 1752 illud
427 1715 655 1764 Apostolica
675 1717 795 1754 Sedes
817 1728 960 1765 magna
980 1717 1170 1765 pecuniae

219 1769 329 1819 copia
361 1768 588 1818 privaretur
610 1800 619 1815 ,
657 1772 699 1807 ut
728 1770 847 1818 aliqui
877 1782 1052 1808 asserere
1082 1771 1167 1808 ausi

220 1826 325 1868 sunt,
353 1823 420 1860 sed
451 1822 555 1872 quod
573 1822 677 1861 istud
698 1824 899 1863 decretum
921 1824 959 1861 in
980 1824 1169 1862 ecclesia-

221 1877 358 1915 sticam
389 1876 610 1915 libertatem
639 1877 877 1927 impingeret
906 1882 946 1916 et
969 1878 1172 1927 negotium

222 1931 370 1968 Terrae
400 1932 575 1977 sanctae,
603 1932 706 1978 quod
737 1931 921 1969 Pontifex
951 1932 1171 1969 meditaba-

222 1988 302 2030 tur,
331 1983 550 2032 impediret.
582 1985 640 2022 Ad
662 1984 809 2022 clerum
832 1986 984 2023 Galliae
1005 1985 1172 2034 scripsit,

222 2037 447 2075 libertatem
469 2037 666 2075 Ecclesiae
695 2039 849 2087 quidem
879 2039 951 2076 sibi
971 2039 1078 2077 cordi
1106 2051 1171 2076 es-

222 2097 285 2137 se,
314 2102 479 2139 eamque
508 2103 548 2128 se
566 2091 681 2129 *tueri
704 2092 822 2138 velle,
842 2096 1012 2131 mentem
1041 2095 1173 2131 tamen

224 2157 334 2183 suam
365 2156 470 2189 esse,
498 2148 540 2182 ut
569 2146 653 2193 regi
675 2148 714 2182 ct
734 2158 854 2195 regno
885 2147 921 2184 in
952 2159 1043 2184 casu
1065 2158 1174 2184 com-

225 2198 350 2236 munis
381 2201 420 2235 et
441 2198 633 2236 evidentis
654 2200 896 2238 necessitatis
916 2200 1132 2238 subsidium
1153 2212 1175 2238 a

225 2252 330 2290 clero
352 2251 470 2289 tribui
494 2251 658 2300 posset?

278 2306 427 2343 Verum
459 2305 661 2355 Philippus
692 2317 760 2344 rex
783 2307 1019 2355 petulantius
1048 2307 1175 2345 eccle-

225 2360 375 2398 siarum
390 2359 480 2397 iura
495 2362 536 2397 ct
549 2359 774 2398 libertatem
792 2361 968 2408 violarim
981 2359 1175 2411 regalium

230 2416 436 2463 praetextu
459 2413 724 2452 ecclesiastica
745 2414 843 2451 bona
865 2417 1085 2463 occupavit,
1110 2416 1175 2451 be-

229 2467 366 2505 neficia
394 2469 434 2504 ct
461 2467 705 2516 episcopatus
728 2478 794 2515 pro
815 2467 925 2505 libitu
948 2481 1016 2506 suo
1038 2470 1176 2506 contu-

228 2522 286 2567 lit,
315 2521 513 2570 episcopos
535 2521 715 2566 Pontifici
736 2521 884 2559 deditos
905 2522 1095 2570 deposuit,
1116 2522 1177 2559 dc-

229 2575 350 2612 cimas
370 2575 418 2612 ad
439 2574 582 2612 bellum
604 2586 757 2612 sacrum
789 2575 1003 2612 destinatas
1026 2576 1065 2612 in
1081 2575 1176 2612 alios

230 2640 321 2667 usus
341 2629 547 2674 convertit3
570 2628 813 2666 Bcruardurn
834 2629 1055 2677 episcopum
1073 2630 1176 2677 Apa·

230 2682 416 2719 miensem
436 2712 445 2727 ,
480 2682 682 2720 Pontificis
716 2683 910 2731 legatum,
945 2682 980 2718 in
1018 2682 1177 2719 vincula

229 2736 403 2773 coniecit.
426 2736 533 2777 Quae
554 2737 685 2774 omnia
705 2748 727 2774 a
748 2748 838 2784 rege
860 2735 920 2772 vel
936 2736 1075 2773 saltem
1093 2735 1176 2773 eius

230 2789 466 2827 auctoritate
487 2794 725 2838 perpetrata,
747 2789 992 2827 Bonifaciuin
1016 2790 1084 2838 Pp.
1104 2801 1175 2826 ne-

230 2843 398 2881 cessario
429 2846 637 2881 moverunt
666 2844 713 2881 ad
736 2846 965 2881 constanter
985 2843 1175 2889 agendam

232 2896 431 2935 Ecclesiae
448 2908 619 2934 causam.
637 2898 745 2935 Inter
763 2898 891 2946 plures
904 2895 1071 2941 litteras,
1083 2909 1177 2945 quas

231 2963 278 2988 ea
305 2952 352 2988 de
381 2962 500 2988 causa
528 2951 575 2988 ad
604 2963 734 2999 regem
757 2951 874 2997 dedit„
895 2951 1067 2988 celebres
1087 2953 1177 2987 sunt

233 3005 343 3050 illae,
373 3016 536 3052 quarum
567 3004 720 3042 initium
752 3008 830 3043 est:
851 3005 1072 3050 Ausculta,
1092 3005 1176 3053 fili,

277 3143 284 3163 ¹
305 3143 487 3175 Decretum.
503 3142 654 3182 v1,c:·p.3
675 3142 717 3173 De
737 3143 936 3175 iniimiiiilal.
953 3143 1176 3175 ecclesiarum.

275 3185 289 3206 ‘2
307 3187 460 3217 l'ontilicis
476 3186 592 3216 litteras
606 3186 712 3216 recitat
727 3186 903 3225 llaynalilus
917 3187 956 3218 ad
971 3195 1020 3217 an.
1035 3186 1174 3217 1296-97.

1203 269 1260 306 dis
1297 269 1548 307 ecclesiarum
1578 270 1727 309 iuribus
1763 275 1803 310 et
1840 273 1950 311 bonis
1994 273 2158 322 aliisque

1203 322 1475 372 iniquitatibus
1505 323 1724 370 deterruit,
1752 327 1792 363 et
1820 327 1868 363 ad
1889 327 2159 376 componenda

1204 375 1361 414 dissidia
1390 388 1526 426 regem
1539 407 1548 423 ,
1578 377 1780 427 episcopos
1800 382 1840 416 et
1859 379 2038 419 doctores
2057 380 2157 418 Gal-

1203 429 1280 467 liae
1301 431 1472 468 Romam
1494 431 1543 468 ad
1563 432 1756 480 synodum
1778 433 1937 472 vocavit
1954 433 1979 472 ¹.

1258 483 1461 522 Pontificis
1478 485 1620 529 hostes,
1638 485 1868 534 praesertim
1886 486 2032 525 Petrus
2046 487 2159 526 Flot-

1205 539 1246 574 ta
1262 537 1372 585 regni
1391 537 1661 584 cancellarius,
1687 538 1880 576 Bonifaeii
1908 539 2061 578 litteras
2077 553 2159 590 per-

1207 590 1282 627 fide
1313 591 1617 640 interpolarunt,
1639 595 1678 629 et
1698 593 1824 631 multa
1843 593 2008 642 superbe
2027 597 2072 631 et
2089 606 2158 632 ar-

1208 647 1394 692 roganter
1427 645 1532 684 dicta
1565 646 1600 682 ei
1632 646 1914 684 attribuerunt.
1944 646 2058 684 Unde
2087 659 2159 685 rex

1207 698 1331 746 magis
1360 702 1598 743 commotus,
1626 699 1778 749 legatos
1807 699 2010 738 Pontificis
2037 711 2158 750 regno

1207 751 1336 794 eiecit,
1356 755 1397 788 et
1427 755 1489 789 1v⁰
1510 752 1598 790 idus
1618 753 1752 802 aprilis
1775 753 1878 791 1302
1898 753 2011 802 regni
2033 754 2159 792 comi-

1207 804 1264 842 tia
1291 805 1454 843 Parisiis
1484 807 1729 844 convocavit.
1760 808 1803 844 In
1834 807 1895 844 his
1917 807 2041 845 multa
2061 807 2162 845 falsa

1209 860 1249 896 et
1268 857 1456 896 iniuriosa
1476 860 1522 897 de
1542 860 1743 898 Bonifacio
1764 861 1859 898 VIII
1878 860 2036 910 prolata
2057 863 2160 905 sunt,

1210 924 1254 949 ac
1283 912 1314 949 si
1335 912 1446 961 regia
1465 913 1552 950 iura
1573 913 1743 951 violaret
1763 917 1804 952 et
1822 926 1959 964 regem
1979 914 2027 952 ad
2047 925 2162 952 reco-

1211 967 1473 1014 gnoscendum
1504 978 1674 1015 regnum
1696 979 1810 1005 suum
1831 968 1878 1005 ab
1901 967 2075 1006 Ecclesia
2094 980 2163 1006 co-

1211 1021 1344 1068 geret3
1365 1020 1581 1057 secundum
1607 1032 1711 1069 quae
1731 1033 1913 1071 proceres
1931 1019 2022 1059 laici
2042 1021 2165 1060 maie-

1210 1073 1302 1110 stati
1324 1074 1458 1122 regiae
1479 1074 1773 1122 applauserunt3
1794 1074 2049 1112 ecclesiastici
2071 1085 2166 1113 vero

1210 1127 1388 1165 inducias
1400 1127 1447 1164 ad
1461 1127 1753 1166 deliberandum
1768 1129 2018 1177 postularunt
2030 1131 2070 1166 et
2078 1140 2164 1166 eon-

1210 1181 1380 1218 cordiam
1410 1181 1512 1218 inter
1540 1181 1805 1229 Apostolicam
1826 1182 1966 1220 Seslem
1982 1193 2163 1231 regnum-

1210 1246 1283 1283 que
1318 1235 1628 1273 conservandam
1666 1238 1899 1282 suaserunt3
1929 1236 1996 1273 sed
2027 1235 2075 1273 ad
2104 1234 2166 1273 di-

1211 1289 1373 1325 cendam
1389 1288 1472 1325 sine
1490 1300 1599 1326 mora
1619 1300 1686 1337 pro
1707 1301 1800 1338 rege
1820 1289 2056 1327 sententiam
2077 1300 2165 1326 coa«

1211 1341 1274 1385 cti,
1295 1342 1329 1379 ei
1350 1341 1387 1378 in
1413 1341 1497 1379 eius
1517 1354 1706 1390 personae
1720 1373 1729 1388 ,
1751 1343 1909 1381 honoris
1940 1343 2163 1392 iuriumque

1211 1394 1432 1433 defensione
1453 1396 1614 1433 consilia
1634 1398 1673 1434 et
1692 1396 1842 1434 auxilia
1862 1396 1998 1434 debita
2018 1396 2167 1445 promi-

1210 1451 1358 1494 serunt,
1389 1449 1581 1498 simulque
1610 1453 1816 1499 rogarunt,
1851 1452 1896 1487 ut
1925 1450 1997 1488 sibi
2019 1461 2166 1487 secun-
2224 1489 2230 1493 ,

1212 1503 1303 1539 dum
1325 1503 1527 1539 Pontificis
1547 1504 1780 1541 mandatum
1801 1504 1849 1541 ad
1868 1504 2091 1541 Romanam
2107 1515 2169 1552 sy-

1214 1555 1358 1593 nodum
1379 1567 1588 1604 properare
1608 1556 1769 1604 liceret,
1789 1557 1891 1606 quod
1912 1568 1985 1595 rex
2000 1556 2048 1595 iis
2062 1567 2169 1594 seve-

1213 1621 1255 1646 re
1276 1609 1485 1656 prohibuit.

1265 1662 1492 1701 Bonifacius
1507 1662 1664 1710 VIII‚in
1687 1662 1925 1701 Consistorio
1953 1663 2024 1701 sub
2051 1662 2168 1700 finem

1215 1717 1376 1763 augusti
1406 1716 1539 1754 habito
1557 1747 1566 1763 ,
1587 1717 1741 1755 litteras
1761 1729 1850 1755 suas
1871 1717 1919 1755 ad
1940 1716 2165 1766 Philippum

1215 1783 1238 1807 a
1270 1770 1379 1809 falsis
1412 1770 1805 1819 interpretationibus
1833 1773 1873 1808 et
1901 1783 1924 1808 a
1943 1769 2167 1821 suppositiis

1215 1825 1285 1862 sub
1308 1824 1463 1862 nomine
1484 1836 1553 1862 suo
1575 1824 1751 1862 confictis
1772 1824 2004 1868 vindicavit,
2025 1826 2066 1862 et
2085 1835 2171 1872 gra-

1215 1878 1374 1916 vamina
1387 1908 1396 1923 ,
1413 1890 1514 1927 quae
1531 1880 1668 1916 contra
1683 1890 1724 1916 se
1742 1878 2022 1927 vulgabantur,
2043 1876 2170 1915 diluit.

1217 1930 1295 1969 ΙΙΙΟ
1312 1931 1494 1969 calendas
1510 1932 1734 1969 novembris
1753 1931 1856 1969 1302
1873 1932 2028 1970 Romae
2048 1942 2170 1980 syno-

1217 1985 1309 2022 dum
1330 1985 1483 2030 habuit,
1506 1986 1553 2022 ad
1574 1997 1693 2033 quam
1714 1984 1845 2033 plures
1865 1985 2033 2034 episcopi
2052 1983 2169 2028 Galli,

1217 2051 1293 2076 non
1325 2039 1506 2077 obstante
1536 2038 1646 2087 regia
1677 2038 1950 2087 prohibitione,
1973 2049 2170 2076 convene-

1218 2094 1324 2130 runt.
1348 2092 1391 2129 In
1411 2104 1458 2130 ea
1479 2093 1657 2139 graviter
1677 2092 1724 2129 de
1747 2091 1925 2141 Philippo
1945 2102 2040 2140 rege
2057 2103 2171 2140 expo-

1216 2146 1406 2194 stulatum
1436 2145 1534 2190 suit,
1564 2148 1604 2183 et
1632 2144 1722 2183 X1v⁰
1742 2144 1926 2183 calendas
1952 2144 2170 2182 decembris

1218 2199 1399 2237 Pontifex
1423 2198 1686 2248 promulgavit
1713 2197 1906 2236 celebrem
1927 2198 2085 2236 Bullam
2108 2198 2171 2236 U-

1218 2265 1318 2290 nam
1346 2258 1557 2297 sanctam,
1578 2264 1654 2301 qua
1675 2252 1879 2301 utriusque
1902 2251 2108 2300 potestatis
2131 2251 2170 2288 in

1219 2318 1296 2343 una
1333 2305 1509 2343 Ecclesia
1539 2306 1710 2344 rationes
1741 2306 1976 2354 explicavit3
2006 2305 2169 2343 eadem-

1217 2372 1290 2408 que
1320 2359 1380 2397 die
1411 2359 1526 2397 aliam
1558 2359 1680 2397 edidit
1708 2359 2061 2404 Constitutionem,
2093 2371 2170 2408 qua

1219 2413 1545 2451 excommunicati
1573 2413 1881 2451 declarabantur
1901 2442 1911 2458 ,
1934 2412 1999 2462 qui
2027 2412 2106 2450 iter
2124 2412 2173 2450 ad

1218 2467 1480 2516 Apostolicam
1501 2466 1642 2504 Sedem
1662 2466 1915 2516 impedirent,
1937 2466 2069 2504 autad
2084 2477 2173 2503 eam

1219 2521 1447 2557 accedentes
1487 2520 1674 2559 molestiis
1719 2520 1923 2558 iniuriisve
1961 2519 2172 2557 afficerent.

1219 2574 1443 2619 Praeterea,
1466 2577 1509 2611 ut
1530 2574 1625 2611 nihil
1647 2574 1850 2611 omitteret
1866 2585 2014 2618 eorum,
2030 2572 2174 2622 quibus

1222 2627 1423 2676 Philippus
1452 2628 1500 2664 ad
1531 2627 1736 2665 meliorem
1762 2631 1936 2665 mentem
1958 2626 2172 2664 reducere-

1219 2684 1293 2725 tur,
1318 2681 1364 2718 ad
1387 2693 1476 2718 cum
1497 2681 1648 2727 legavit
1668 2682 1854 2719 Ioannem
1874 2679 2061 2719 Lemoine
2081 2691 2173 2717 car-

1219 2734 1403 2780 dinalem,
1433 2734 1496 2771 cui
1529 2735 1576 2772 12
1606 2734 1792 2773 articulos
1823 2732 2087 2784 praescripsit,
2107 2745 2173 2771 se-

1219 2788 1387 2825 cundum
1419 2800 1513 2837 quos
1534 2800 1602 2826 rex
1625 2788 1826 2827 Ecclesiae
1849 2786 1997 2826 faceret
2015 2785 2114 2825 satis
2134 2788 2174 2825 et

1220 2853 1241 2878 a
1263 2841 1435 2879 censuris
1456 2842 1746 2880 absolveretur.

1272 2895 1366 2933 Cum
1390 2898 1522 2933 autem
1545 2895 1750 2944 Philippus
1771 2905 1927 2933 omnem
1944 2892 2175 2931 concordiae

1218 2960 1325 2997 spem
1362 2950 1549 2987 abiiceret
1566 2979 1575 2994 ,
1611 2949 1838 2987 Bonifacius
1855 2978 1865 2996 ,
1899 2959 1947 2986 ne
1976 2945 2176 2996 pontificia

1219 3002 1404 3040 maiestas
1434 3002 1471 3040 in
1501 3004 1767 3051 contemptum
1798 3002 1897 3048 iret,
1940 2999 2064 3050 pridie
2103 3011 2174 3038 ca-

1218 3055 1349 3094 lendas
1371 3056 1460 3093 maii
1487 3055 1587 3094 1303
1618 3068 1685 3105 per
1714 3056 1868 3094 litteras
1900 3055 1982 3093 Per
2006 3064 2174 3103 proces-

1259 3186 1266 3207 ¹
1287 3187 1373 3226 Apud
1390 3186 1541 3226 eumdem,
1558 3185 1597 3217 ad
1615 3194 1664 3218 an.
1678 3167 1873 3217 isos-1301.
