2241 3473
169 135 221 172 64

170 212 235 249 71.
257 211 416 249 Norma
432 208 864 248 ss.eleet2·onmn—Ex
880 207 940 244 his
955 218 985 245 s.
997 208 1071 257 Cy-

115 263 244 314 priani
263 264 396 301 verbis
413 273 643 311 expressum
659 260 755 298 satis
770 260 922 306 haberi,
944 261 1071 298 obser-

117 319 187 354 vat
216 316 427 362 Baronius,
457 326 558 362 quae
587 314 679 350 olim
703 315 808 350 esset
828 312 999 361 eligendi
1019 314 1068 351 R.

116 369 320 406 Pontificis
337 369 438 405 ratio
451 367 476 404 ¹.
495 366 693 404 Nimirum
712 365 1070 413 praemittebantur

115 433 250 470 preces
271 422 319 458 ad
344 421 485 464 Deum,
506 418 631 467 plebis
651 418 891 455 christianae
912 429 981 455 seu
1002 430 1069 455 eo-

115 486 219 520 rum,
239 474 305 522 qui
326 473 431 509 illius
453 472 556 508 vices
576 471 941 519 repraesentabant,
962 471 1068 508 desi-

116 526 267 564 derium
282 528 322 563 et.
340 524 608 562 testimonium
630 524 881 569 audiebatur,
896 524 1066 561 Romani

115 578 209 616 cleri
239 582 331 615 vota
359 580 398 615 et
426 588 608 614 assensus
628 576 954 626 postulabantur;
979 577 1067 625 qui-

114 632 187 668 bus
207 631 350 668 auditis
370 633 409 666 et
429 630 610 679 expensis
631 629 812 678 episcopi,
832 630 984 666 Romae
1013 630 1067 667 vi-

115 684 191 720 cini
220 686 259 720 et
288 683 354 720 alii
387 683 451 731 qui
481 683 522 719 in
550 682 659 720 Urbe
680 684 795 720 erant
813 712 822 729 ,
842 683 881 719 in
902 681 1068 721 comitiis

115 736 303 784 suffragia
322 735 514 773 ferebant.

168 789 317 826 Eadem
346 788 427 826 fere
460 790 546 826 erat
573 788 844 837 eligendorum
865 787 1067 837 episcopo-

114 853 202 879 rum
223 841 335 878 ratio.
361 841 659 878 Conveniebant
686 841 870 878 nimirum
896 841 1065 890 episcopi

111 894 352 943 provinciae,
371 895 410 931 in
431 906 508 943 qua
527 894 602 931 sita
621 896 708 931 erat
727 894 892 931 ecclesia
920 894 1041 931 vidua
1057 923 1066 940 ,

110 947 412 996 postulabantur
431 947 555 996 plebis
577 947 814 984 christianae
830 946 1066 992 testimonia,

110 999 204 1037 cleri
221 1002 314 1037 vota
334 1002 375 1037 et
399 1011 601 1047 assensus;
622 1011 721 1048 quae
737 999 905 1048 episcopi
925 999 1066 1037 iudicio

109 1065 179 1090 suo
201 1052 265 1090 vel
287 1052 585 1099 confirmabant,
606 1056 646 1089 et
665 1052 812 1089 electus
833 1064 855 1089 a
874 1054 1065 1101 metropo-

108 1105 181 1143 lita
201 1106 518 1151 consecrabatur,
540 1105 605 1143 vel
624 1105 912 1154 improbabant,
929 1107 969 1142 et
989 1105 1064 1142 ele-

110 1158 188 1195 ctio
218 1159 480 1207 repetebatur.
513 1171 535 1196 «
564 1159 678 1206 Apud
699 1169 767 1195 nos
784 1187 794 1203 ,
815 1157 939 1206 inquit
959 1157 1062 1195 idem

109 1223 139 1249 s.
160 1211 391 1260 Cyprianus,
414 1214 454 1249 et
475 1211 555 1248 fere
576 1223 645 1259 per
666 1210 885 1259 provincias
908 1210 1061 1248 univer-

110 1276 172 1302 sas
187 1266 359 1311 tenetur,
370 1267 411 1302 ut
428 1265 477 1301 ad
494 1264 759 1302 ordinationes
775 1263 852 1300 rite
868 1263 1064 1300 celebran-

111 1318 192 1364 das,
215 1318 262 1354 ad
283 1329 367 1354 eam
384 1317 553 1365 plebem,
570 1317 632 1354 cui
650 1316 896 1365 praepositus
912 1316 1064 1353 ordina-

108 1372 203 1417 tur,
233 1370 400 1419 episcopi
435 1370 609 1408 eiusdem
636 1369 864 1418 provinciae
892 1368 1062 1418 proximi

109 1422 252 1471 quique
265 1423 513 1469 conveniant,
525 1426 565 1460 et
581 1424 782 1472 episcopus
797 1422 970 1470 eligatur
986 1422 1061 1470 ple-

109 1476 156 1512 be
186 1478 405 1523 praesente,
435 1487 536 1524 quae
557 1476 808 1524 singulorum
830 1476 956 1512 vitam
976 1474 1061 1522 ple-

109 1528 266 1565 nissime
282 1529 431 1566 novit...
449 1530 492 1565 ut
507 1529 554 1565 de
573 1528 781 1566 universae
797 1527 1061 1565 fraternitatis

107 1581 294 1630 suffragio
324 1585 364 1619 et
389 1581 434 1618 de
455 1581 726 1630 episcoporum
745 1580 888 1618 iudicio
908 1579 1060 1628 episco-

105 1644 178 1682 pus
198 1634 235 1670 ei
260 1634 545 1672 deferretur²».
567 1634 676 1671 Idem
694 1633 850 1682 scripsit
870 1632 1059 1670 Caelesti-

105 1698 178 1724 nus
198 1687 268 1735 Pp.
291 1687 308 1724 I
328 1687 376 1724 ad
398 1687 596 1736 episcopos
617 1686 842 1735 provinciae
858 1685 1059 1722 Viennen-

104 1739 157 1776 sis
176 1742 216 1776 et
236 1739 512 1777 Narbonensis.
536 1751 559 1776 «
579 1739 737 1785 Nullus,
758 1739 826 1784 ait,
842 1738 978 1775 invitis
994 1738 1058 1775 de-

105 1795 173 1830 tur
201 1793 418 1842 episcopus.
449 1793 565 1838 Cleri,
595 1792 718 1840 plebis
739 1794 779 1829 et
798 1791 944 1828 ordinis
965 1803 1059 1828 con-

104 1856 242 1882 sensus
257 1849 375 1894 atque
393 1845 628 1882 desiderium
646 1842 896 1893 requiratur3
909 1843 1058 1881 »Haec

105 1898 237 1946 populi
259 1901 298 1935 et
317 1899 412 1935 cleri
432 1898 622 1935 ecelesiae
638 1897 818 1935 vacantis
833 1896 1059 1934 testimonia

105 1952 224 1998 atque
242 1950 436 1989 desideria
451 1950 812 2000 requirebantur,ut
828 1950 1059 1987 arcerentur

105 2003 268 2053 indigni,
291 2005 618 2054 dignoscerentur
638 2003 792 2041 facilius
812 2002 947 2051 optimi
967 2002 1057 2051 qui-

105 2068 179 2105 que
206 2057 324 2106 vulgo
346 2057 513 2106 probati,
535 2056 748 2104 maiorique
768 2067 858 2093 cum
877 2055 1057 2104 profectu

105 2109 219 2147 electi
231 2109 492 2159 fungerentur
508 2122 576 2147 suo
594 2109 821 2147 ministerio.
832 2109 976 2146 Postea
988 2120 1057 2145 au—

102 2164 182 2199 tem
203 2163 404 2212 disciplina
422 2164 495 2200 hac
517 2163 556 2200 in
578 2174 618 2200 re
639 2162 752 2200 iustis
772 2174 820 2200 ex
837 2161 963 2199 causis
983 2160 1058 2199 fuit

104 2217 257 2253 mutata
277 2215 302 2253 ⁴¹.

157 2269 220 2306 72.
242 2269 473 2306 Novatz'anz‘
491 2269 668 2307 schisma
688 2273 729 2305 et
746 2267 925 2305 haeresis
935 2266 1058 2304 —Vi-

104 2321 246 2367 dimus,
258 2324 408 2371 quanta
425 2321 632 2371 prudentia
652 2332 772 2359 causa
789 2331 923 2358 eorum
936 2319 1001 2368 qui
1018 2320 1056 2356 in

102 2375 376 2423 persecutione
393 2374 564 2412 Deciana
581 2374 677 2423 lapsi
700 2372 954 2420 erant,fuerit
970 2371 1058 2409 defi-

104 2427 196 2465 nita.
208 2428 496 2465 Verumtamen
517 2427 795 2464 nonnullorum
817 2431 952 2463 contra
967 2425 1056 2473 lap-

102 2491 163 2517 sos
185 2481 395 2527 severitas,
413 2481 460 2518 ab
482 2480 657 2518 Ecclesia
676 2480 815 2517 merito
837 2479 1058 2526 reprobata,

102 2544 261 2570 causam
279 2533 385 2571 dedit
400 2545 525 2571 novae
536 2537 677 2579 sectae,
691 2533 801 2570 cuius
818 2533 967 2580 primus
979 2531 1055 2567 dux

103 2585 178 2623 fuit
198 2585 460 2633 Novatianus,
490 2598 510 2623 e
531 2585 759 2635 philosopho
780 2585 933 2622 ethnico
953 2584 1057 2621 chri-

101 2639 250 2676 stianus
271 2641 309 2676 et
331 2640 532 2676 Romanae
557 2638 744 2676 ecclesiae
761 2638 979 2686 presbyter,
999 2636 1058 2673 vir

102 2691 237 2728 doctus
254 2692 407 2740 quidem
421 2694 460 2730 et
476 2692 673 2740 eloquens,
683 2692 751 2729 sed
772 2691 953 2740 perfidus,
971 2701 1057 2726 arn-

102 2743 264 2781 bitiosus
279 2748 318 2782 et
337 2746 602 2783 turbulentus.
621 2745 657 2782 Is
677 2744 892 2793 aegerrime
909 2742 1012 2788 tulit,
1028 2754 1056 2779 s.

102 2796 323 2835 Cornelium
340 2799 387 2835 ad
405 2810 598 2836 summum
619 2797 890 2848 pontificatum
910 2807 992 2834 esse
1013 2807 1057 2832 e-

142 2940 150 2960 ¹
170 2940 215 2971 Ad
232 2951 279 2972 an.
297 2941 366 2973 ⁶25¹..

141 2981 153 3001 '²
169 2981 267 3031 Epist.
286 2983 334 3020 67,
352 2984 430 3014 alias
449 2984 496 3015 68.

139 3021 153 3041 ³
168 3022 266 3063 Epist.
284 3024 312 3054 2.

141 3063 153 3085 ⁴
171 3066 207 3095 (js
222 3064 461 3097 Caeremonfatae
475 3066 637 3097 electionis
654 3065 687 3097 Il.
704 3065 884 3106 Pontificis;
900 3064 1058 3102 Mabillon,

102 3104 319 3137 Commenlar.
338 3107 369 3137 in
389 3107 540 3139 Ordinem
558 3107 659 3145 Rom.;
681 3109 700 3138 1.
716 3109 745 3139 1..
759 3107 884 3147 Solvag.
903 3106 1057 3146 Antiquit.

99 3146 209 3178 οΙινιζςι.
234 3148 251 3177 Ι.
275 3149 295 3185 Ι,
320 3158 345 3179 c.
362 3148 416 3187 ἐτη
434 3150 462 3180 L.
480 3149 692 3187 Thomassin.,
711 3148 803 3181 Vetus
818 3151 849 3179 et
865 3157 935 3179 nov.
952 3146 1058 3180 Eccle-

99 3189 165 3220 siae
180 3188 359 3228 disciplina.

585 173 588 175 ,
637 145 794 172 EPOCHA
822 145 863 171 11.
893 146 921 172 A
948 144 1087 171 MORTE
1113 144 1144 171 S.
1173 145 1336 173 IOANNIS
1363 146 1558 173 APOSTOLI

1114 209 1271 248 lectum.
1298 211 1517 248 Praeterea
1532 211 1728 249 excitatus
1743 224 1768 250 a
1781 212 1939 251 Novato
1954 223 2071 262 pres-

1113 262 1255 311 bytero
1273 263 1586 312 Carthaginensi,
1606 264 1827 303 schismatis
1841 265 2074 304 Felicissimi

1115 317 1253 352 contra
1271 328 1300 354 s.
1322 315 1567 365 Cyprianum
1581 317 1792 365 praecipuo
1821 319 1983 365 motore,
2004 319 2071 368 qui

1114 368 1282 406 Romam
1303 369 1549 417 confugerat,
1578 369 1768 407 adversus
1794 381 1822 407 s.
1845 371 2069 409 Cornelium

1113 420 1340 467 insurrexit,
1356 422 1458 470 quod
1472 421 1506 458 is
1520 421 1650 469 lapsos
1665 422 1714 458 ad
1729 422 2011 471 poenitentiam
2030 426 2071 462 et

1113 474 1471 511 reconciliationem
1492 474 1741 512 admittebat.
1760 475 1808 511 Ei
1827 487 1903 512 non
1916 476 2028 524 pauci
2044 489 2066 513 e

1109 525 1230 572 laicis,
1251 527 1403 564 clericis
1423 529 1464 564 et
1483 525 1770 564 confessoribus
1791 528 2068 575 adhaeserunt,

1110 578 1308 617 Ecclesiae
1320 580 1559 628 denegantes
1570 581 1802 628 potestatem
1814 579 1942 628 lapsos
1951 581 2001 619 ad
2009 593 2070 619 re-

1111 632 1420 670 conciliationem
1437 636 1478 670 et
1493 633 1653 670 veniam
1668 631 1911 680 admittendi,
1927 635 1968 671 et
1983 646 2069 671 con-

1110 685 1328 732 tendentes,
1350 686 1419 723 hos
1439 686 1488 722 ad
1509 684 1791 734 poenitentiam
1818 684 2014 723 internam
2029 688 2070 724 et

1111 737 1159 774 ad
1175 738 1449 786 postulandam
1460 750 1484 775 a
1499 738 1578 775 solo
1596 738 1676 775 Deo
1688 737 1818 775 delicti
1834 737 1894 775 sui
1909 738 2068 776 veniam

1111 801 1195 827 esse
1211 790 1481 828 demittendos.
1504 791 1749 839 Quapropter
1770 790 1974 828 Cornelius
1993 791 2068 840 Pp.

1112 854 1172 880 an.
1188 843 1265 881 251
1289 844 1486 892 copiosum
1511 843 1718 880 concilium
1743 843 1893 881 Romae
1911 843 2064 890 habuit,

1111 895 1149 931 in
1172 907 1248 944 quo
1260 897 1540 934 confirmatum
1553 898 1624 942 est,
1635 896 1762 945 lapsos
1783 896 1831 933 ad
1851 896 2059 945 poeniten-

1110 948 1224 995 tiam,
1253 950 1402 998 hacque
1432 952 1593 998 peracta
1621 949 1669 986 ad
1698 949 2061 987 reconciliationem

1110 1013 1199 1038 cum
1232 1002 1410 1040 Ecclesia
1429 1004 1468 1039 et
1488 1002 1644 1039 veniam
1662 1013 1747 1039 esse
1768 1001 2033 1040 admittendos
2050 1016 2060 1049 ;

1108 1053 1359 1092 Novatianus
1385 1067 1479 1092 vero
1505 1055 1664 1102 eiusque
1686 1054 1881 1102 asseclae,
1899 1053 2061 1092 'contra-

1109 1106 1212 1143 rium
1230 1110 1460 1154 asserentes,
1472 1107 1801 1145 excommunicati
1817 1109 1922 1145 sunt.
1940 1108 1984 1145 Id
1999 1107 2062 1156 ip-

1108 1171 1195 1196 sum
1216 1160 1255 1197 in
1271 1161 1432 1209 synodis
1445 1162 1484 1197 in
1505 1160 1634 1206 Italia,
1651 1160 1784 1198 Africa
1800 1162 1840 1197 et
1855 1160 1941 1198 aliis
1960 1160 2057 1198 locis

1108 1212 1315 1251 definitum
1331 1213 1536 1251 fuit.Tunc
1553 1213 1804 1251 Novatianus
1819 1213 1982 1262 eiusque
1996 1225 2057 1251 se-

1108 1267 1277 1304 ctatores
1297 1266 1552 1316 gravissimas
1577 1266 1793 1304 calumnias
1813 1267 1951 1303 contra
1970 1266 2061 1304 Cor-

1108 1318 1255 1356 nelium
1283 1322 1528 1368 sparserunt;
1549 1322 1630 1357 tres
1651 1320 1833 1356 obscuros
1853 1319 1993 1357 Italiae
2013 1331 2060 1357 e-

1107 1371 1282 1421 piscopos
1299 1374 1466 1410 Romam
1484 1373 1790 1420 accersitos,qua
1806 1371 1845 1409 vi
1860 1384 1938 1421 qua
1953 1371 2063 1410 frau-

1108 1424 1154 1460 de
1188 1426 1464 1474 compulerunt
1495 1426 1544 1463 ad
1576 1425 1839 1462 ordinandum
1858 1424 2060 1463 Novatia-

1107 1488 1200 1514 num
1221 1479 1444 1527 episcopum
1473 1490 1538 1516 seu
1565 1478 1790 1527 pontificem
1810 1478 2036 1515 Romanum
2055 1491 2065 1524 3

1105 1529 1337 1580 litterasque
1354 1531 1575 1580 encyclicas
1591 1531 1640 1568 ad
1651 1530 1837 1568 ecclesias
1853 1531 2068 1576 dederunt,

1106 1584 1150 1619 ut
1170 1584 1218 1620 ab
1238 1584 1374 1622 iisdem
1396 1585 1584 1633 antipapa
1603 1583 1855 1621 Novatianus
1878 1595 2062 1632 agnosce-

1103 1637 1227 1674 retur.
1264 1637 1341 1674 Sed
1371 1637 1576 1674 Cornelius
1607 1638 1677 1685 Pp.
1709 1635 1898 1674 ecclesias
1920 1636 1966 1674 de
1985 1636 2034 1674 iis
2051 1666 2061 1683 ,

1102 1699 1202 1736 quae
1239 1690 1279 1726 in
1308 1691 1489 1727 Romana
1517 1690 1683 1737 aliisque
1713 1688 1873 1738 synodis
1904 1689 2065 1728 decreta

1101 1740 1272 1789 fuerant,
1293 1742 1479 1780 certiores
1498 1742 1679 1780 reddidit.

1112 1836 1117 1837 ⁷
1160 1795 1481 1834 Efficacissimam
1515 1794 1695 1833 Cornelio
1725 1795 1796 1844 Pp.
1821 1806 1946 1844 opem
1964 1794 2073 1834 tule-

1100 1851 1197 1888 runt
1217 1861 1266 1886 ss.
1288 1849 1499 1898 Dionysius
1519 1847 1812 1887 Alexandrinus
1849 1849 1890 1885 et
1909 1848 2072 1897 Cypria-

1100 1916 1172 1942 nus
1188 1902 1526 1951 Carthaginensis,
1547 1901 1612 1949 qui
1634 1900 1810 1949 pluribus
1841 1900 1985 1938 litteris
2000 1913 2070 1940 ec-

1101 1957 1238 1994 clesias
1259 1955 1406 1992 hortati
1422 1957 1527 2001 sunt,
1546 1956 1588 1992 ut
1603 1952 1829 1991 schismatie
1842 1965 1954 1991 orum
1970 1965 2072 1992 com-

1100 2008 1325 2047 munionem
1360 2007 1534 2045 vitarent
1550 2036 1559 2053 ,
1589 2009 1628 2043 et
1659 2006 1824 2044 unitatis
1863 2006 2068 2045 vinculum

1099 2075 1173 2100 non
1195 2063 1436 2109 rumperent.
1450 2060 1493 2097 In
1510 2060 1692 2097 eumdem
1709 2059 1828 2096 finem
1844 2070 1872 2096 s.
1895 2059 2067 2109 Cypria-

1099 2128 1169 2154 nus
1188 2113 1345 2162 scripsit
1364 2113 1553 2151 eximium
1574 2112 1719 2149 librum
1736 2113 1782 2150 de
1804 2112 1957 2150 unitate
1988 2113 2070 2150 Ec-

1098 2167 1298 2213 clesiae,in
1311 2178 1386 2215 quo
1400 2166 1589 2204 unitatem
1609 2169 1695 2202 tum
1709 2165 1882 2214 corporis
1893 2170 1979 2202 tum
2007 2177 2071 2204 ca-

1099 2223 1187 2271 pitis
1205 2220 1404 2258 Ecclesiae
1420 2219 1685 2256 necessarium
1701 2218 1960 2256 demonstrat.
1986 2218 2070 2257 Fa-

1097 2275 1185 2312 bius
1206 2285 1312 2319 verO,
1333 2272 1533 2322 episcopus
1556 2271 1838 2315 Antiochenus‚
1870 2269 2069 2310 Novatia-

1099 2328 1136 2365 ni
1166 2326 1367 2364 fraudibus
1397 2325 1702 2370 circumventus,
1723 2324 1849 2361 eidem
1868 2323 2031 2362 favebat
2054 2355 2064 2372 ,

1097 2381 1164 2418 sed
1186 2379 1353 2428 acceptis
1373 2390 1422 2416 ss.
1444 2377 1621 2426 Dionysii
1638 2380 1676 2415 et
1689 2377 1874 2427 Cypriani
1891 2377 2054 2424 litteris,

1097 2434 1146 2471 ad
1175 2444 1259 2470 rem
1288 2432 1428 2469 melius
1456 2430 1760 2468 examinandam
1782 2429 2056 2479 episcoporum

1097 2487 1289 2535 synodum
1307 2484 1459 2522 indixit.
1473 2484 1601 2525 Quum
1618 2483 1649 2520 is
1665 2483 1894 2532 priusquam
1911 2483 2055 2532 episco-

1100 2541 1133 2588 pi
1152 2538 1439 2583 convenissent,
1453 2536 1624 2581 obiisset,
1641 2536 1865 2574 Demetrius
1881 2536 1964 2574 eius
1974 2547 2058 2574 suc-

1099 2603 1229 2629 cessor
1248 2603 1309 2628 an.
1332 2591 1410 2628 252
1430 2590 1626 2638 synodum
1646 2589 1798 2635 habuit,
1819 2589 1857 2626 in
1873 2600 1955 2638 qua
1973 2588 2058 2628 No-

1100 2645 1282 2682 vatianus
1303 2644 1512 2680 damnatus
1534 2646 1604 2679 est.

1153 2697 1271 2735 Initio
1293 2696 1447 2744 quidem
1467 2695 1677 2732 Novatiani
1700 2694 1792 2733 solis
1812 2694 1852 2732 in
1873 2704 2057 2743 persecu-

1100 2751 1204 2790 tione
1223 2750 1342 2798 lapsis
1371 2760 1479 2797 spem
1505 2747 1835 2786 reconciliationis
1867 2746 2055 2785 ecclesia-

1099 2804 1218 2842 sticae
1240 2804 1482 2848 ademerunt3
1505 2805 1638 2850 postea
1659 2812 1752 2838 vero
1773 2799 1973 2838 Ecclesiae
1993 2800 2057 2838 de-

1101 2858 1294 2905 negarunt
1327 2857 1562 2904 potestatem
1594 2852 1867 2891 reconciliandi
1898 2852 2062 2902 quosvis

1101 2910 1328 2956 graviorum
1368 2911 1619 2957 peccatorum
1655 2917 1739 2944 reos
1757 2935 1767 2952 ‚
1797 2905 1901 2943 unde
1936 2905 2059 2943 etiam

1100 2962 1360 3012 poenitentiae
1377 2961 1635 3009 discliplinam
1647 2963 1687 2997 et
1702 2958 1952 2996 coniunctam
1970 2970 2059 2996 cum

1101 3028 1147 3053 ea
1176 3014 1529 3052 reconciliationem
1552 3013 1818 3062 abrogarunt,
1838 3008 2062 3050 haeresim-

1100 3080 1173 3117 que
1201 3080 1287 3105 cuin
1309 3067 1520 3105 schismate
1541 3065 1842 3104 coniunxerunt.
1867 3063 1965 3102 Cum
1987 3075 2062 3102 au-

1100 3128 1178 3159 tem
1200 3134 1265 3170 per
1293 3121 1530 3158 severiorem
1550 3120 1652 3157 hanc
1672 3117 1917 3167 disciplinam
1945 3117 2063 3155 maio-

1104 3175 1156 3213 ris
1172 3174 1386 3212 honestatis
1403 3176 1444 3212 et
1460 3171 1672 3223 singularis
1684 3170 1965 3210 sanctimoniae
1981 3182 2064 3221 spe-
