2241 3473
675 128 801 159 VSQVE
820 128 873 155 AD
892 127 1020 155 FINEM
1038 127 1197 155 IMPERII
1215 127 1363 156 GRAECI

1837 117 1909 156 111

14 236 21 243 ,
55 193 261 235 Ecclesiae
279 193 451 240 feudum,
471 193 643 243 privavit
661 195 701 231 et
720 192 900 231 Carolum
919 192 993 230 du·
1037 192 1468 241 principesGermaniae
1488 205 1551 231 an.
1567 192 1966 243 1400inloeumigna-

56 259 142 288 cem
163 247 372 297 Dyrrachii
392 258 437 284 eo
455 247 671 285 investivit.
691 246 854 286 Carolus
873 245 995 283 deiec-

57 306 104 340 ta
139 300 285 339 Ioanna
303 304 341 337 et
361 300 516 349 repulso
531 299 728 338 Ludovico
743 299 994 348 Andegaven—

55 355 104 399 si,
134 364 254 402 regno
293 352 551 402 Neapolitano
591 353 732 402 potitus
765 355 823 390 est
840 382 850 399 ,
867 352 934 390 sed
955 352 993 389 in

56 405 290 446 Pontificem
311 406 488 455 ingratus
507 406 666 452 exstitit,
683 417 767 443 eum
789 404 992 454 Neapolim

54 459 280 498 venientem
302 459 483 497 indecore
503 459 669 508 excepit,
687 463 725 495 et
745 459 948 495 conflatam
971 469 994 495 a

56 523 126 550 sex
156 512 421 550 cardinalibus
441 513 478 549 in
500 511 725 550 Pontificem
755 511 993 548 coniuratio·-

55 576 142 603 nem
166 577 241 602 non
269 565 515 615 compescuit.
549 564 730 602 Urbanus
749 563 912 613 Neapoli
932 564 994 601 di-

53 629 212 668 gressus
232 617 457 664 Nuceriam,
478 618 780 655 coniurationem
803 617 992 654 Cardina-

54 671 153 709 lium
173 672 347 719 detexit,
366 682 432 709 eos
450 670 596 708 carceri
630 670 831 707 mandavit
849 672 889 706 et
909 673 994 718 post

53 724 228 762 habitam
264 725 528 772 quaestionem
560 723 913 761 excommunicatos
933 725 990 760 at-

53 789 130 827 que
151 777 345 827 depositos
364 788 498 815 severe
526 776 676 825 punivit
692 789 702 821 3
717 776 896 813 Carolum
919 788 990 813 ve-

52 842 98 869 ro
130 841 264 880 regem
285 829 468 879 Neapolis
499 832 699 878 tamquam
716 829 991 868 coniurationis

54 885 251 922 conscium
260 882 529 920 communione
540 882 714 920 fidelium
736 885 776 920 et
790 893 908 931 regno
918 883 988 931 pri-

54 940 191 974 vatum
211 936 437 974 declaravit.
449 935 611 973 Carolus
632 935 862 972 Pontificem
883 935 987 973 inse-

53 993 178 1035 cutus,
195 1001 284 1027 eum
303 989 341 1026 in
363 1000 451 1026 arce
472 989 697 1026 Nuceriana
725 989 900 1034 obsedit,
920 990 986 1026 sed

51 1043 113 1080 hic
132 1054 269 1081 manus
288 1043 371 1080 eius
389 1042 525 1079 evasit.
547 1042 710 1079 Demum
727 1041 910 1079 Urbanus
930 1042 986 1080 VI

50 1095 174 1134 idibus
193 1095 359 1133 octobris
382 1094 481 1133 1389
501 1095 650 1132 Romae
670 1095 767 1131 obiit
783 1093 794 1115 ¹
811 1098 897 1144 post
912 1107 987 1133 an-

50 1160 125 1186 nos
147 1149 206 1195 11,
220 1159 346 1186 mens.
363 1159 408 1185 ac
426 1148 510 1186 dies
529 1148 553 1185 6
570 1147 839 1186 Pontificatus.

100 1201 138 1239 6.
158 1201 404 1251 Bom'facz'us
420 1201 487 1238 IX
500 1202 698 1249 Pontz'feoe
710 1201 798 1251 (cm.
815 1199 985 1251 1389)—

50 1255 95 1292 In
111 1255 195 1292 eius
205 1254 344 1300 locum,
357 1254 539 1303 postridie
551 1254 734 1291 calendas
751 1255 985 1301 novembris,

51 1319 202 1345 summo
232 1319 420 1345 consensu
444 1308 491 1344 14
511 1307 773 1345 Cardinalium
790 1337 800 1354 ,
820 1307 885 1356 qui
906 1307 984 1345 Ur-

51 1361 152 1398 bano
185 1361 240 1399 VI
269 1363 493 1398 constanter
526 1361 784 1398 adhaeserant
796 1391 805 1407 ,
839 1361 986 1398 electus

46 1413 127 1451 fuit
146 1413 353 1451 cardinalis
367 1413 510 1451 Petrus
521 1414 747 1459 Tomacelli,
757 1414 985 1463 Neapolita-

51 1478 137 1512 nus,
158 1467 299 1505 aetatis
331 1478 426 1505 suae
446 1479 507 1504 an.
528 1468 578 1505 45
594 1496 603 1512 ,
622 1467 687 1515 qui
707 1469 844 1504 nomen
864 1467 984 1504 Boni-

49 1519 140 1558 facii
157 1519 214 1557 IX
234 1522 441 1568 assumpsit
461 1525 500 1557 et
519 1519 730 1558 Ecclesiam
746 1520 851 1558 rexit
866 1532 986 1568 usque

51 1574 101 1611 ad
122 1585 184 1611 an.
206 1573 320 1611 1404.
340 1573 379 1610 Is
398 1573 610 1610 decessoris
634 1574 695 1610 sui
723 1573 801 1611 tria
829 1574 987 1611 decreta

54 1626 316 1670 confirmavit,
335 1632 375 1663 et
403 1626 593 1663 indictum
625 1627 674 1664 ab
706 1638 750 1663 eo
771 1627 984 1664 Iubilaeum

52 1691 113 1717 an.
139 1679 240 1717 1390
260 1679 501 1725 celebravit,
533 1679 644 1717 cuius
663 1680 839 1716 lucrandi
859 1680 986 1729 gratia

51 1743 217 1782 magnus
237 1733 533 1782 peregrinorum
554 1744 735 1770 numerus
754 1733 903 1770 Romae
922 1733 985 1770 vi—

52 1797 118 1823 sus
147 1785 233 1823 fuit.
261 1784 552 1823 Postulantibus
579 1786 775 1823 nonnullis
800 1786 986 1836 principi-

53 1838 140 1884 bus,
161 1840 203 1876 ut
221 1838 380 1876 eaedem
407 1839 678 1887 indulgentiae
697 1839 736 1875 in
755 1840 887 1888 regnis
906 1840 986 1878 suis

52 1891 371 1937 concederentur,
390 1892 492 1940 quod
511 1892 623 1930 multi
648 1893 815 1929 Romam
834 1893 891 1929 ire
911 1905 984 1931 non

52 1947 219 1992 possent,
238 1944 421 1982 Pontifex
443 1945 580 1982 annuit
595 1974 605 1991 ,
624 1945 805 1993 misitque
824 1946 985 1994 legatos,

49 1997 114 2045 qui
134 1998 173 2035 in
192 2009 324 2035 eorum
345 1998 462 2035 terris
480 1998 747 2046 Indulgentias
769 1998 985 2048 promulga-

49 2053 137 2088 rent
155 2053 196 2088 et
215 2050 564 2100 peregrinationem
585 2052 632 2088 ad
657 2052 791 2088 urbem
817 2052 982 2089 Romam

47 2102 87 2140 in
110 2103 187 2141 alia
205 2103 269 2153 pia
289 2115 407 2152 opera
421 2106 705 2142 commutarent
721 2102 745 2142 ².
763 2105 868 2142 Idem
888 2105 984 2142 Pon-

50 2156 147 2194 tifex
168 2158 238 2194 sub
258 2157 519 2195 anathematis
552 2169 678 2206 poena
708 2158 916 2205 prohibuit,
936 2170 983 2196 ne

50 2209 299 2248 ecclesiarum
315 2211 586 2248 coenobiorum
601 2214 641 2248 et
656 2212 982 2248 xenodochiorum

49 2263 149 2300 bona
169 2262 271 2301 ultra
288 2264 501 2301 triennium
520 2264 746 2302 locarentur
765 2265 886 2302 autin
908 2276 985 2302 em-

51 2315 269 2365 phyteusim
290 2317 488 2363 darentur;
508 2318 678 2355 omnium
705 2317 982 2355 beneficiorum

50 2380 146 2406 suae
164 2368 382 2407 collationis
401 2370 600 2408 dimidiam
633 2373 818 2409 annatam
836 2383 903 2408 seu
924 2372 982 2408 di-

51 2421 211 2459 midiam
232 2426 381 2470 partem
401 2423 602 2461 fructuum
617 2424 732 2473 primi
751 2425 842 2461 anni
863 2436 982 2462 reser-

51 2475 161 2512 vavit
174 2474 359 2513 Gamerae
378 2487 447 2513 seu
462 2476 554 2514 fisco
569 2477 777 2525 apostolico
792 2486 817 2524 33
837 2477 981 2515 confir-

50 2527 173 2565 mavit
204 2527 433 2566 electionem
461 2529 626 2579 Ruperti
642 2530 835 2578 Palatini,
867 2542 979 2579 quem

92 2609 104 2632 ¹
120 2609 268 2649 Raynald.
282 2609 320 2640 ad
338 2618 386 2640 an.
403 2609 545 2643 1378-89.

90 2649 106 2672 2
122 2651 287 2688 Victorell.‚
302 2650 351 2682 De
366 2650 517 2689 lubilaeo,
534 2657 612 2691 part.
627 2654 668 2684 11.

90 2695 106 2719 3
119 2692 182 2722 Van
200 2693 300 2731 Espen
317 2695 396 2732 part.
410 2692 435 2723 11
461 2692 541 2724 luris
565 2694 778 2727 Ecclesiastici
797 2696 946 2736 universi,
962 2701 981 2729 t.

49 2732 100 2771 24,
127 2732 231 2774 c.4,fl
255 2733 302 2764 18.
319 2736 506 2764 Annatarum
531 2735 682 2775 originem
713 2738 817 2774 plures
847 2738 983 2770 referunt

51 2775 88 2804 ad
103 2774 250 2806 loannem
273 2774 358 2805 xxn
375 2775 403 2805 in
420 2774 551 2807 Extrav.
568 2776 603 2807 11
621 2776 659 2808 de
685 2777 877 2810 Praebendis
903 2780 981 2811 iuter

54 2813 255 2854 Communes,
272 2816 322 2846 ubi
346 2820 485 2847 reservat
507 2816 577 2847 Sedi
599 2819 794 2858 Apostolicae
816 2820 931 2851 fructus
953 2826 982 2853 et

51 2862 219 2896 proventus
234 2857 322 2896 primi
339 2856 411 2888 anni
428 2858 645 2889 Beneficiorum
668 2862 840 2892 vacantium
856 2862 981 2893 inferio-

51 2906 116 2928 rum
132 2898 372 2937 Episcopatibus
388 2901 417 2929 et
432 2899 581 2929 Abbatiis.
599 2900 732 2932 Credunt
747 2903 808 2938 alii,
822 2903 892 2933 huic
906 2905 982 2934 Pon-

51 2938 122 2970 tifici
135 2940 284 2981 originem
297 2940 503 2970 Anuatarum
514 2940 649 2972 adscribi
663 2951 721 2973 non
738 2952 848 2982 posse3
861 2944 914 2974 sed
931 2954 981 2974 ea-

50 2989 117 3010 rum
133 2986 291 3012 auctorem
313 2990 383 3011 esse
406 2981 594 3011 Bonit'acium
618 2983 653 3014 lx
676 2984 725 3022 qui
749 2993 798 3015 an.
822 2984 900 3015 1392
923 2986 981 3016 du—

50 3025 138 3052 rante
155 3021 334 3058 schismate,
349 3023 638 3061 ingravescentibus
656 3025 697 3054 rei
714 3026 910 3063 pecuniariae
929 3027 983 3057 dis-

51 3062 246 3100 ficuttatibus‚
262 3063 301 3094 ob
317 3064 478 3094 continuos
495 3072 649 3094 armorum
665 3065 805 3105 fragores
821 3069 930 3103 sanxit,
948 3073 981 3098 ut

53 3102 288 3144 redigendorum
312 3114 347 3135 cx
370 3105 509 3135 omnibus
531 3104 737 3144 sacerdotiis,
763 3116 840 3146 quac
863 3117 881 3138 a
903 3108 980 3140 Sede

53 3144 228 3182 Apostolica
244 3146 473 3182 conferrentur,
490 3145 696 3186 vectigalium,
718 3157 796 3187 qnae
819 3149 916 3187 primo
932 3149 981 3180 la—

53 3183 143 3216 bente
165 3195 245 3217 anno
261 3187 450 3221 obvenirent,
469 3186 595 3217 dimidia
611 3197 684 3227 pars
701 3189 730 3220 in
748 3189 855 3220 fiscum
881 3192 981 3222 Ponti-

1034 246 1073 282 vi
1093 245 1315 295 impurique
1335 246 1582 296 imperatoris
1599 246 1824 286 Wenceslai
1844 246 1966 285 suffe-

1034 302 1181 346 cerant3
1202 310 1363 348 regnum
1398 299 1698 350 Neapolitanum
1719 299 1967 337 confirmavit

1033 351 1224 397 Ladislao,
1246 352 1373 390 Caroli
1393 353 1495 402 regis
1514 353 1605 390 filio:
1635 356 1757 402 utque
1776 352 1966 391 Ludovici

1035 404 1341 452 Andegavensis,
1359 418 1473 455 quem
1511 406 1690 444 Clemens
1727 406 1801 444 VII
1835 417 1966 455 regem

1033 456 1218 506 Neapolis
1237 462 1464 504 creaverat,
1485 459 1744 508 praepediret,
1765 459 1964 508 proprios-

1033 522 1106 558 que
1127 511 1300 548 subditos
1334 511 1373 548 in
1408 512 1532 549 officio
1551 513 1798 559 contineret,
1831 512 1965 550 varias

1033 562 1283 602 ecclesiastici
1299 566 1426 602 status
1441 565 1618 604 civitates
1634 565 1730 603 viris
1744 565 1966 614 potentibus

1032 616 1102 654 sub
1134 627 1261 654 annuo
1293 616 1442 654 tributo
1475 618 1639 656 contulit
1656 647 1666 664 ,
1693 630 1771 667 quo
1799 618 1964 667 aliisque

1033 669 1156 707 modis
1175 669 1417 718 pontificium
1451 670 1654 719 imperium
1675 671 1851 718 restituit
1870 670 1896 709 ¹.
1917 672 1962 710 B.

1032 722 1224 772 Brigittae
1244 726 1466 761 sanctarum
1487 724 1696 761 viduarum
1717 724 1867 762 cultum
1886 724 1963 763 rite

1032 775 1204 813 decrevit
1231 774 1259 813 ².
1280 775 1478 814 Seditione
1506 777 1773 815 affectantium
1806 778 1963 815 trahere

1031 828 1149 866 Urbis
1177 829 1383 877 imperium
1404 829 1453 867 ad
1474 829 1624 878 plebem
1657 831 1786 868 Roma
1817 832 1964 880 pulsus,

1030 893 1076 919 ac
1105 893 1195 919 mox
1223 883 1570 928 revocatus,visus
1599 886 1658 921 est
1685 884 1796 932 quasi
1817 885 1965 933 primus

1030 935 1201 972 omnium
1219 936 1268 973 R.
1290 935 1526 974 Pontificum
1556 948 1708 973 omnem
1742 937 1873 986 populi
1889 938 1963 975 Ro-

1029 988 1134 1026 mani
1167 989 1245 1025 vim
1279 988 1498 1035 sustulisse,
1518 989 1766 1027 Pontificiam
1798 990 1960 1028 auctori-

1027 1044 1148 1078 tatem
1169 1053 1213 1078 eo
1234 1053 1355 1090 usque
1384 1045 1588 1080 nutantem
1620 1042 1867 1081 confirmasse
1882 1073 1892 1090 ,
1916 1055 1962 1081 ac

1027 1096 1184 1133 tandem
1205 1095 1320 1132 Urbis
1339 1106 1530 1133 summum
1551 1095 1758 1144 imperium
1777 1096 1964 1135 obtinuis-

1025 1159 1080 1193 se,
1095 1148 1244 1184 cunctis
1261 1160 1328 1185 suo
1344 1148 1536 1186 arbitratu
1547 1149 1840 1198 magistratibus
1855 1161 1966 1187 crea-

1027 1201 1077 1238 tis
1097 1199 1123 1239 3.
1154 1201 1279 1238 Periit
1317 1213 1378 1239 an.
1402 1201 1504 1239 1404
1542 1202 1690 1240 calend.
1711 1203 1854 1240 octobr.
1877 1203 1960 1240 diro

1027 1254 1270 1291 calculorum
1290 1254 1465 1292 cruciatu
1480 1285 1490 1300 ,
1522 1258 1609 1304 post
1627 1267 1792 1294 annum
1819 1256 1960 1293 Ponti-

1027 1307 1166 1344 ficatus
1196 1307 1389 1344 decimum
1420 1311 1614 1356 quartum,
1630 1320 1675 1346 ac
1691 1321 1864 1347 mensem
1881 1321 1957 1346 un-

1030 1360 1238 1398 decimum.

1079 1414 1116 1451 7.
1153 1413 1394 1451 Schz'smatz’s
1433 1419 1565 1452 status
1585 1436 1633 1443 -
1654 1415 1830 1453 Clemens
1863 1416 1960 1463 VII,

1027 1478 1141 1515 quem
1154 1467 1436 1516 Galli,Hispani
1449 1471 1489 1505 et
1498 1468 1646 1517 aliquot
1661 1468 1727 1506 alii
1744 1471 1787 1507 ut
1796 1469 1963 1507 Pontifi-

1028 1532 1108 1557 cem
1125 1518 1315 1566 colebant,
1332 1532 1447 1569 quum
1464 1521 1632 1570 primum
1647 1522 1890 1560 Bonifacium
1906 1523 1965 1561 IX

1027 1573 1066 1610 in
1086 1573 1214 1610 locum
1249 1573 1399 1611 Urbani
1419 1574 1473 1612 VI
1493 1575 1662 1612 electum
1694 1575 1845 1613 audivit
1860 1605 1870 1622 ,
1890 1588 1963 1613 ex-

1029 1626 1419 1664 communicationem
1465 1633 1505 1664 et
1545 1629 1754 1666 anathema
1794 1628 1834 1666 in
1876 1641 1963 1666 eum

1030 1680 1302 1728 promulgavit.
1320 1679 1543 1718 Bonifacius
1564 1693 1655 1718 vero
1675 1682 1965 1730 competitorem

1029 1745 1142 1770 suum
1163 1733 1285 1780 primo
1305 1733 1445 1771 oblatis
1460 1734 1731 1772 emolumentis
1747 1739 1788 1772 et
1803 1735 1964 1784 dignita·

1028 1787 1132 1824 tibus
1151 1786 1200 1823 ad
1220 1786 1490 1834 deponendum
1522 1787 1796 1826 Pontificatum
1816 1789 1963 1826 adlice-

1028 1851 1071 1876 re
1090 1843 1252 1876 conatus
1271 1841 1351 1886 est3
1371 1840 1407 1877 ei
1435 1840 1698 1889 Apostolicam
1727 1842 1964 1891 legationem

1026 1890 1066 1930 in
1088 1892 1216 1929 Gallia
1236 1896 1276 1930 et
1294 1893 1481 1941 Hispania
1506 1894 1655 1943 totique
1685 1895 1768 1932 eius
1787 1895 1967 1933 obedien-

1026 1946 1104 1984 tiae
1125 1946 1280 1983 veniam
1300 1946 1536 1984 offerendam
1551 1947 1717 1995 curavit3
1745 1948 1964 1986 deindede-

1027 1999 1188 2037 cessoris
1209 1998 1269 2036 sui
1289 2011 1471 2037 censuras
1491 2001 1532 2036 in
1551 2001 1728 2038 eumdem
1747 2002 1964 2040 innovavit.

1027 2052 1189 2090 Interim
1209 2052 1283 2089 viri
1305 2053 1465 2090 unitatis
1487 2056 1525 2090 et
1544 2055 1651 2102 pacis
1680 2055 1965 2093 ecclesiasticae

1026 2105 1202 2151 studiosi,
1223 2117 1354 2142 vocem
1376 2118 1486 2143 suam
1501 2118 1570 2155 pro
1586 2108 1848 2156 extinguendo
1868 2108 1964 2146 schi-

1026 2161 1150 2196 smate
1182 2158 1384 2197 tollebant.
1404 2159 1531 2201 Quum
1548 2160 1652 2198 inter
1672 2161 1860 2210 principes
1881 2162 1964 2199 Cle-

1027 2212 1219 2249 mentinae
1257 2212 1498 2250 obedientiae
1535 2214 1825 2262 potentissimus
1861 2217 1965 2252 esset

1025 2265 1185 2302 Carolus
1205 2265 1260 2302 VI
1285 2277 1356 2303 rex
1385 2266 1556 2313 Galliae,
1575 2267 1800 2305 Bonifacius
1824 2268 1882 2305 IX
1901 2280 1963 2306 an.

1027 2318 1128 2356 1392
1147 2319 1195 2356 ad
1211 2330 1300 2355 eum
1314 2319 1464 2367 legatos
1479 2331 1567 2357 cum
1583 2320 1723 2358 litteris
1739 2321 1965 2366 destinavit,

1025 2371 1165 2421 quibus
1185 2383 1317 2420 regem
1344 2373 1572 2410 hortabatur
1589 2403 1599 2419 ,
1617 2378 1659 2411 ut
1674 2374 1962 2422 exstinguendo

1025 2425 1224 2463 schismati
1263 2428 1303 2462 et
1340 2427 1613 2474 procurandae
1647 2427 1778 2463 unioni
1807 2438 1965 2475 operam

1025 2477 1230 2515 conferret.
1243 2478 1445 2516 Pontificis
1461 2478 1581 2528 legati
1600 2479 1723 2527 primo
1736 2480 1965 2518 accedentes

1024 2531 1278 2576 Avenionem,
1298 2543 1322 2568 a
1341 2531 1540 2569 Clemente
1567 2532 1643 2570 VII
1662 2532 1819 2580 indigne
1839 2532 1964 2570 habiti

1024 2584 1196 2631 fuerunt3
1215 2596 1286 2621 rex
1306 2596 1399 2622 vero
1420 2585 1560 2623 melius
1581 2597 1645 2623 eos
1659 2586 1823 2634 excepit,
1838 2585 1966 2623 lectis-

1025 2699 1126 2730 ficium
1142 2700 1322 2731 inferretur.
1336 2701 1378 2732 De
1394 2710 1453 2740 quo
1469 2701 1584 2741 legesis
1597 2701 1692 2732 Natat.
1707 2702 1869 2733 Alexandr.
1884 2703 1963 2734 Diss.

1027 2742 1064 2771 lx
1080 2740 1156 2772 Hist.
1174 2741 1282 2772 eccles.
1301 2751 1383 2773 saec.
1399 2743 1450 2772 XV
1466 2746 1494 2773 et
1511 2743 1590 2781 XVI}
1603 2743 1796 2774 Thomassin.
1827 2742 1919 2776 Vetus
1934 2747 1967 2777 et

1026 2791 1108 2813 nova
1126 2782 1242 2814 Eccles.
1259 2781 1381 2822 discipl.
1401 2793 1429 2822 p.
1446 2782 1473 2821 3,
1489 2784 1509 2814 l.
1526 2783 1554 2821 ⁶2,
1567 2793 1591 2814 c.
1609 2782 1658 2815 58.

1064 2823 1075 2844 ¹
1089 2823 1265 2863 Raynaldus
1282 2828 1310 2854 et
1327 2825 1467 2862 Bzovius‚
1483 2825 1521 2854 ad
1539 2834 1588 2854 an.
1606 2823 1794 2856 1389-1404.

1063 2865 1077 2886 2
1093 2865 1240 2904 Raynald.
1254 2865 1292 2894 ad
1304 2874 1352 2895 an.
1371 2864 1462 2903 1391,
1479 2864 1638 2905 {iimitem
1655 2869 1775 2906 gestam
1790 2866 1897 2898 ordine
1911 2868 1966 2899 de-

1025 2906 1132 2936 scribit
1147 2907 1253 2936 Petrus
1270 2906 1411 2941 Ametius,
1431 2907 1481 2945 qui
1500 2915 1650 2942 praesens
1666 2907 1772 2946 adsuit,
1789 2909 1819 2938 in
1839 2908 1960 2941 Ordine

1025 2946 1168 2978 Romano
1185 2948 1234 2977 XV
1251 2956 1299 2985 ap.
1319 2947 1432 2977 Mahitl.
1452 2951 1471 2976 t.
1488 2946 1507 2976 ⁶2
1522 2947 1624 2978 Musei
1641 2948 1758 2987 Italici,
1774 2959 1803 2988 p.
1819 2950 1888 2981 535.

1065 2988 1079 3009 3
1095 2987 1245 3027 Raynald.
1277 2987 1314 3017 ad
1343 2997 1392 3018 an.
1422 2987 1519 3024 13993
1547 2989 1660 3020 Abrah.
1693 2991 1823 3021 Bzovius
1847 2991 1885 3021 ad
1909 3000 1963 3023 an.

1028 3028 1114 3065 1394,
1130 3029 1144 3069 Ξ
1162 3030 1195 3066 1;
1211 3027 1357 3068 Aegidius
1374 3029 1467 3060 Card.
1481 3029 1690 3067 viterbiensis,
1702 3041 1752 3070 ap.
1767 3031 1962 3063 victorellum

1023 3071 1053 3100 in
1066 3070 1146 3102 Add.
1159 3070 1196 3099 ad
1214 3069 1389 3100 Ciaconium
1402 3073 1421 3100 t.
1431 3069 1458 3105 ⁶2,
1468 3079 1495 3109 p.
1506 3070 1701 3103 698.Primus
1711 3073 1962 3114 (Bonifaciuslx)

1025 3112 1082 3142 vim
1100 3111 1201 3149 populi
1218 3111 1344 3140 Romani
1363 3111 1392 3140 in
1410 3112 1586 3142 Pontificem
1604 3114 1714 3149 retulit,
1728 3114 1843 3152 primus
1860 3115 1890 3145 in
1909 3116 1963 3145 lla-

1025 3152 1123 3182 driani
1141 3151 1218 3181 inole
1232 3160 1333 3181 arcem
1350 3151 1489 3190 firmavit,
1502 3154 1619 3193 primus
1632 3155 1750 3186 Tiberis
1766 3155 1960 3196 aditus,pon—

1026 3197 1133 3232 tesqua
1149 3193 1335 3223 communiit:
