<?xml version="1.0" encoding="UTF-8"?>
<!DOCTYPE html PUBLIC "-//W3C//DTD XHTML 1.0 Transitional//EN"
    "http://www.w3.org/TR/xhtml1/DTD/xhtml1-transitional.dtd">
<html xmlns="http://www.w3.org/1999/xhtml" xml:lang="en" lang="en">
 <head>
  <title>
</title>
<meta http-equiv="Content-Type" content="text/html;charset=utf-8" />
  <meta name='ocr-system' content='tesseract 3.04.00' />
  <meta name='ocr-capabilities' content='ocr_page ocr_carea ocr_par ocr_line ocrx_word'/>
</head>
<body>
  <div class='ocr_page' id='page_1' title='image "./historiaeecclesi01wout_0205.png"; bbox 0 0 2241 3473; ppageno 0'>
   <div class='ocr_carea' id='block_1_1' title="bbox 718 170 1358 203">
    <p class='ocr_par' dir='ltr' id='par_1_1' title="bbox 718 170 1358 203">
     <span class='ocr_line' id='line_1_1' title="bbox 718 170 1358 203; baseline -0.005 -3"><span class='ocrx_word' id='word_1_1' title='bbox 718 172 844 203; x_wconf 72' lang='lat' dir='ltr'><strong>vSQVE</strong></span> <span class='ocrx_word' id='word_1_2' title='bbox 863 172 917 199; x_wconf 75' lang='lat' dir='ltr'>AD</span> <span class='ocrx_word' id='word_1_3' title='bbox 938 171 1129 198; x_wconf 73' lang='lat' dir='ltr'><strong>AETATEM</strong></span> <span class='ocrx_word' id='word_1_4' title='bbox 1149 170 1294 198; x_wconf 72' lang='lat' dir='ltr'>CAROLI</span> <span class='ocrx_word' id='word_1_5' title='bbox 1314 170 1358 197; x_wconf 89' lang='lat' dir='ltr'>M.</span> 
     </span>
    </p>
   </div>
   <div class='ocr_carea' id='block_1_2' title="bbox 1888 155 1964 193">
    <p class='ocr_par' dir='ltr' id='par_1_2' title="bbox 1888 155 1964 193">
     <span class='ocr_line' id='line_1_2' title="bbox 1888 155 1964 193; baseline 0 0"><span class='ocrx_word' id='word_1_6' title='bbox 1888 155 1964 193; x_wconf 82' lang='lat'>175</span> 
     </span>
    </p>
   </div>
   <div class='ocr_carea' id='block_1_3' title="bbox 68 229 2017 393">
    <p class='ocr_par' dir='ltr' id='par_1_3' title="bbox 68 229 2017 393">
     <span class='ocr_line' id='line_1_3' title="bbox 70 229 2015 284; baseline -0.005 -6"><span class='ocrx_word' id='word_1_7' title='bbox 70 239 223 280; x_wconf 88' lang='lat' dir='ltr'>haeresi</span> <span class='ocrx_word' id='word_1_8' title='bbox 243 238 422 283; x_wconf 78' lang='lat' dir='ltr'>infectus,</span> <span class='ocrx_word' id='word_1_9' title='bbox 444 238 558 276; x_wconf 90' lang='lat' dir='ltr'>initio</span> <span class='ocrx_word' id='word_1_10' title='bbox 577 249 618 276; x_wconf 86' lang='lat' dir='ltr'>se</span> <span class='ocrx_word' id='word_1_11' title='bbox 639 237 872 276; x_wconf 85' lang='lat' dir='ltr'>catholicum</span> <span class='ocrx_word' id='word_1_12' title='bbox 895 235 1020 273; x_wconf 88' lang='lat' dir='ltr'>simu-</span> <span class='ocrx_word' id='word_1_13' title='bbox 1064 235 1246 284; x_wconf 78' lang='lat' dir='ltr'>Sergius,</span> <span class='ocrx_word' id='word_1_14' title='bbox 1268 234 1429 280; x_wconf 86' lang='lat' dir='ltr'>Paulus,</span> <span class='ocrx_word' id='word_1_15' title='bbox 1452 233 1641 283; x_wconf 85' lang='lat' dir='ltr'>Pyrrhus,</span> <span class='ocrx_word' id='word_1_16' title='bbox 1661 230 1726 280; x_wconf 90' lang='lat' dir='ltr'>Cp.</span> <span class='ocrx_word' id='word_1_17' title='bbox 1750 229 2015 276; x_wconf 74' lang='lat' dir='ltr'>patriarchae,</span> 
     </span>
     <span class='ocr_line' id='line_1_4' title="bbox 68 284 2017 338; baseline -0.007 -6"><span class='ocrx_word' id='word_1_18' title='bbox 68 293 167 332; x_wconf 80' lang='lat' dir='ltr'>lavit</span> <span class='ocrx_word' id='word_1_19' title='bbox 181 292 217 330; x_wconf 89' lang='lat' dir='ltr'>in</span> <span class='ocrx_word' id='word_1_20' title='bbox 237 291 381 329; x_wconf 82' lang='lat' dir='ltr'>litteris</span> <span class='ocrx_word' id='word_1_21' title='bbox 398 291 446 329; x_wconf 91' lang='lat' dir='ltr'>ad</span> <span class='ocrx_word' id='word_1_22' title='bbox 461 291 708 329; x_wconf 77' lang='lat' dir='ltr'>&#39;I&#39;lieodorum</span> <span class='ocrx_word' id='word_1_23' title='bbox 728 291 796 338; x_wconf 88' lang='lat' dir='ltr'>Pp.</span> <span class='ocrx_word' id='word_1_24' title='bbox 812 288 913 326; x_wconf 87' lang='lat' dir='ltr'>datis</span> <span class='ocrx_word' id='word_1_25' title='bbox 925 290 1023 326; x_wconf 90' lang='lat' dir='ltr'>Pon-</span> <span class='ocrx_word' id='word_1_26' title='bbox 1067 299 1142 325; x_wconf 88' lang='lat' dir='ltr'>una</span> <span class='ocrx_word' id='word_1_27' title='bbox 1163 300 1251 325; x_wconf 87' lang='lat' dir='ltr'>cum</span> <span class='ocrx_word' id='word_1_28' title='bbox 1275 288 1441 326; x_wconf 66' lang='lat' dir='ltr'>Ectleesz·</span> <span class='ocrx_word' id='word_1_29' title='bbox 1459 285 1629 324; x_wconf 89' lang='lat' dir='ltr'>Heraclii</span> <span class='ocrx_word' id='word_1_30' title='bbox 1647 287 1687 322; x_wconf 89' lang='lat' dir='ltr'>et</span> <span class='ocrx_word' id='word_1_31' title='bbox 1707 284 1817 334; x_wconf 78' lang='lat' dir='ltr'>Typo</span> <span class='ocrx_word' id='word_1_32' title='bbox 1833 284 2017 320; x_wconf 85' lang='lat' dir='ltr'>Constan-</span> 
     </span>
     <span class='ocr_line' id='line_1_5' title="bbox 69 335 2016 393; baseline -0.005 -10"><span class='ocrx_word' id='word_1_33' title='bbox 69 346 166 384; x_wconf 66' lang='lat' dir='ltr'>tifex</span> <span class='ocrx_word' id='word_1_34' title='bbox 189 344 360 383; x_wconf 85' lang='lat' dir='ltr'>Paulum</span> <span class='ocrx_word' id='word_1_35' title='bbox 383 348 422 382; x_wconf 88' lang='lat' dir='ltr'>ct</span> <span class='ocrx_word' id='word_1_36' title='bbox 444 345 656 393; x_wconf 84' lang='lat' dir='ltr'>episcopos,</span> <span class='ocrx_word' id='word_1_37' title='bbox 676 343 741 391; x_wconf 90' lang='lat' dir='ltr'>qui</span> <span class='ocrx_word' id='word_1_38' title='bbox 763 353 851 379; x_wconf 90' lang='lat' dir='ltr'>eum</span> <span class='ocrx_word' id='word_1_39' title='bbox 873 341 1024 378; x_wconf 87' lang='lat' dir='ltr'>ordina·</span> <span class='ocrx_word' id='word_1_40' title='bbox 1067 341 1115 378; x_wconf 88' lang='lat' dir='ltr'>tis</span> <span class='ocrx_word' id='word_1_41' title='bbox 1145 341 1316 378; x_wconf 86' lang='lat' dir='ltr'>damnati</span> <span class='ocrx_word' id='word_1_42' title='bbox 1334 339 1460 377; x_wconf 89' lang='lat' dir='ltr'>snnt¹.</span> <span class='ocrx_word' id='word_1_43' title='bbox 1475 338 1657 376; x_wconf 75' lang='lat' dir='ltr'>Pontifex</span> <span class='ocrx_word' id='word_1_44' title='bbox 1687 335 1838 374; x_wconf 88' lang='lat' dir='ltr'>concilii</span> <span class='ocrx_word' id='word_1_45' title='bbox 1859 335 2016 373; x_wconf 86' lang='lat' dir='ltr'>decreta</span> 
     </span>
    </p>
   </div>
   <div class='ocr_carea' id='block_1_4' title="bbox 67 394 1043 3033">
    <p class='ocr_par' dir='ltr' id='par_1_4' title="bbox 67 394 1025 1658">
     <span class='ocr_line' id='line_1_6' title="bbox 71 394 1022 447; baseline -0.008 -10"><span class='ocrx_word' id='word_1_46' title='bbox 71 402 173 443; x_wconf 87' lang='lat' dir='ltr'>runt,</span> <span class='ocrx_word' id='word_1_47' title='bbox 194 397 336 435; x_wconf 83' lang='lat' dir='ltr'>litteris</span> <span class='ocrx_word' id='word_1_48' title='bbox 351 397 532 447; x_wconf 65' lang='lat' dir='ltr'>hortatus</span> <span class='ocrx_word' id='word_1_49' title='bbox 548 399 620 442; x_wconf 84' lang='lat' dir='ltr'>est,</span> <span class='ocrx_word' id='word_1_50' title='bbox 637 395 874 442; x_wconf 77' lang='lat' dir='ltr'>monuitque,</span> <span class='ocrx_word' id='word_1_51' title='bbox 893 396 934 431; x_wconf 88' lang='lat' dir='ltr'>ut</span> <span class='ocrx_word' id='word_1_52' title='bbox 951 394 1022 430; x_wconf 86' lang='lat' dir='ltr'>He-</span> 
     </span>
     <span class='ocr_line' id='line_1_7' title="bbox 68 448 1021 497; baseline -0.006 -9"><span class='ocrx_word' id='word_1_53' title='bbox 68 450 179 489; x_wconf 85' lang='lat' dir='ltr'>raclii</span> <span class='ocrx_word' id='word_1_54' title='bbox 208 450 408 487; x_wconf 69' lang='lat' dir='ltr'>Ectliese&#39;n</span> <span class='ocrx_word' id='word_1_55' title='bbox 430 452 468 486; x_wconf 82' lang='lat' dir='ltr'>et</span> <span class='ocrx_word' id='word_1_56' title='bbox 489 461 590 497; x_wconf 90' lang='lat' dir='ltr'>quae</span> <span class='ocrx_word' id='word_1_57' title='bbox 613 448 790 497; x_wconf 60' lang='lat' dir='ltr'>Pyrrhus</span> <span class='ocrx_word' id='word_1_58' title='bbox 811 449 945 484; x_wconf 86' lang='lat' dir='ltr'>contra</span> <span class='ocrx_word' id='word_1_59' title='bbox 961 458 1021 483; x_wconf 92' lang='lat' dir='ltr'>or-</span> 
     </span>
     <span class='ocr_line' id='line_1_8' title="bbox 69 499 1021 545; baseline -0.006 -5"><span class='ocrx_word' id='word_1_60' title='bbox 69 503 278 541; x_wconf 78' lang='lat' dir='ltr'>thodoxam</span> <span class='ocrx_word' id='word_1_61' title='bbox 296 502 514 539; x_wconf 76' lang='lat' dir='ltr'>doctrinam</span> <span class='ocrx_word' id='word_1_62' title='bbox 532 501 784 545; x_wconf 74' lang='lat' dir='ltr'>sustinuerat,</span> <span class='ocrx_word' id='word_1_63' title='bbox 797 499 1021 543; x_wconf 83' lang='lat' dir='ltr'>abiicerent,</span> 
     </span>
     <span class='ocr_line' id='line_1_9' title="bbox 67 552 1019 604; baseline -0.005 -11"><span class='ocrx_word' id='word_1_64' title='bbox 67 567 229 604; x_wconf 87' lang='lat' dir='ltr'>eamque</span> <span class='ocrx_word' id='word_1_65' title='bbox 249 558 497 592; x_wconf 73' lang='lat' dir='ltr'>sectarentur</span> <span class='ocrx_word' id='word_1_66' title='bbox 517 554 653 591; x_wconf 80' lang='lat' dir='ltr'>Fidem</span> <span class='ocrx_word' id='word_1_67' title='bbox 668 582 677 598; x_wconf 95' lang='lat'>,</span> <span class='ocrx_word' id='word_1_68' title='bbox 699 563 814 600; x_wconf 91' lang='lat' dir='ltr'>qnam</span> <span class='ocrx_word' id='word_1_69' title='bbox 846 552 1019 600; x_wconf 75' lang='lat' dir='ltr'>Apostoli</span> 
     </span>
     <span class='ocr_line' id='line_1_10' title="bbox 68 604 1018 658; baseline -0.006 -12"><span class='ocrx_word' id='word_1_70' title='bbox 68 608 338 658; x_wconf 79' lang='lat' dir='ltr'>praedicarant</span> <span class='ocrx_word' id='word_1_71' title='bbox 361 611 398 644; x_wconf 89' lang='lat' dir='ltr'>et</span> <span class='ocrx_word' id='word_1_72' title='bbox 424 608 560 644; x_wconf 83' lang='lat' dir='ltr'>Patres</span> <span class='ocrx_word' id='word_1_73' title='bbox 581 606 618 642; x_wconf 91' lang='lat' dir='ltr'>in</span> <span class='ocrx_word' id='word_1_74' title='bbox 635 605 660 643; x_wconf 78' lang='lat'>5</span> <span class='ocrx_word' id='word_1_75' title='bbox 681 604 852 642; x_wconf 83' lang='lat' dir='ltr'>conciliis</span> <span class='ocrx_word' id='word_1_76' title='bbox 874 604 1018 641; x_wconf 86' lang='lat' dir='ltr'>confir-</span> 
     </span>
     <span class='ocr_line' id='line_1_11' title="bbox 69 657 1022 699; baseline -0.006 -1"><span class='ocrx_word' id='word_1_77' title='bbox 69 662 235 699; x_wconf 71' lang='lat' dir='ltr'>mai-ant.</span> <span class='ocrx_word' id='word_1_78' title='bbox 258 662 311 698; x_wconf 84' lang='lat' dir='ltr'>At</span> <span class='ocrx_word' id='word_1_79' title='bbox 332 659 478 697; x_wconf 85' lang='lat' dir='ltr'>Paulus</span> <span class='ocrx_word' id='word_1_80' title='bbox 497 658 694 696; x_wconf 79' lang='lat' dir='ltr'>Peiititicis</span> <span class='ocrx_word' id='word_1_81' title='bbox 715 657 874 694; x_wconf 86' lang='lat' dir='ltr'>consilia</span> <span class='ocrx_word' id='word_1_82' title='bbox 890 659 929 693; x_wconf 91' lang='lat' dir='ltr'>ct</span> <span class='ocrx_word' id='word_1_83' title='bbox 946 668 1022 693; x_wconf 88' lang='lat' dir='ltr'>mo-</span> 
     </span>
     <span class='ocr_line' id='line_1_12' title="bbox 69 709 1023 762; baseline -0.006 -11"><span class='ocrx_word' id='word_1_84' title='bbox 69 715 152 751; x_wconf 85' lang='lat' dir='ltr'>nita</span> <span class='ocrx_word' id='word_1_85' title='bbox 172 712 563 762; x_wconf 71' lang='lat' dir='ltr'>sprevit.&#39;l‘heodorus</span> <span class='ocrx_word' id='word_1_86' title='bbox 580 724 602 747; x_wconf 90' lang='lat' dir='ltr'>a</span> <span class='ocrx_word' id='word_1_87' title='bbox 617 710 756 759; x_wconf 82' lang='lat' dir='ltr'>Sergio</span> <span class='ocrx_word' id='word_1_88' title='bbox 775 709 1023 757; x_wconf 80' lang='lat' dir='ltr'>metropolita</span> 
     </span>
     <span class='ocr_line' id='line_1_13' title="bbox 69 761 1022 814; baseline -0.005 -11"><span class='ocrx_word' id='word_1_89' title='bbox 69 766 220 804; x_wconf 88' lang='lat' dir='ltr'>insulae</span> <span class='ocrx_word' id='word_1_90' title='bbox 247 764 379 814; x_wconf 67' lang='lat' dir='ltr'>Cypri,</span> <span class='ocrx_word' id='word_1_91' title='bbox 402 776 423 800; x_wconf 91' lang='lat' dir='ltr'>a</span> <span class='ocrx_word' id='word_1_92' title='bbox 442 764 638 812; x_wconf 85' lang='lat' dir='ltr'>Stephano</span> <span class='ocrx_word' id='word_1_93' title='bbox 659 764 838 811; x_wconf 86' lang='lat' dir='ltr'>episcopo</span> <span class='ocrx_word' id='word_1_94' title='bbox 859 761 1022 799; x_wconf 89' lang='lat' dir='ltr'>Dorensi</span> 
     </span>
     <span class='ocr_line' id='line_1_14' title="bbox 70 816 1023 866; baseline -0.007 -9"><span class='ocrx_word' id='word_1_95' title='bbox 70 822 189 866; x_wconf 85' lang='lat' dir='ltr'>atque</span> <span class='ocrx_word' id='word_1_96' title='bbox 210 819 258 855; x_wconf 88' lang='lat' dir='ltr'>ab</span> <span class='ocrx_word' id='word_1_97' title='bbox 288 817 476 865; x_wconf 88' lang='lat' dir='ltr'>episcopis</span> <span class='ocrx_word' id='word_1_98' title='bbox 507 816 702 853; x_wconf 79' lang='lat' dir='ltr'>Africanis</span> <span class='ocrx_word' id='word_1_99' title='bbox 732 818 870 852; x_wconf 86' lang='lat' dir='ltr'>contra</span> <span class='ocrx_word' id='word_1_100' title='bbox 900 826 1023 863; x_wconf 79' lang='lat' dir='ltr'>prava</span> 
     </span>
     <span class='ocr_line' id='line_1_15' title="bbox 72 867 1022 919; baseline -0.004 -10"><span class='ocrx_word' id='word_1_101' title='bbox 72 870 184 909; x_wconf 87' lang='lat' dir='ltr'>Pauli</span> <span class='ocrx_word' id='word_1_102' title='bbox 206 871 271 919; x_wconf 87' lang='lat' dir='ltr'>Cp.</span> <span class='ocrx_word' id='word_1_103' title='bbox 293 869 422 907; x_wconf 86' lang='lat' dir='ltr'>studia</span> <span class='ocrx_word' id='word_1_104' title='bbox 442 869 737 918; x_wconf 80' lang='lat' dir='ltr'>interpellatus,</span> <span class='ocrx_word' id='word_1_105' title='bbox 758 870 843 905; x_wconf 88' lang='lat' dir='ltr'>tum</span> <span class='ocrx_word' id='word_1_106' title='bbox 866 879 934 916; x_wconf 89' lang='lat' dir='ltr'>per</span> <span class='ocrx_word' id='word_1_107' title='bbox 954 867 1022 905; x_wconf 90' lang='lat' dir='ltr'>lit-</span> 
     </span>
     <span class='ocr_line' id='line_1_16' title="bbox 71 920 1023 970; baseline -0.006 -8"><span class='ocrx_word' id='word_1_108' title='bbox 71 927 178 962; x_wconf 84' lang='lat' dir='ltr'>teras</span> <span class='ocrx_word' id='word_1_109' title='bbox 198 927 282 960; x_wconf 89' lang='lat' dir='ltr'>tum</span> <span class='ocrx_word' id='word_1_110' title='bbox 305 934 372 970; x_wconf 86' lang='lat' dir='ltr'>per</span> <span class='ocrx_word' id='word_1_111' title='bbox 392 922 665 970; x_wconf 78' lang='lat' dir='ltr'>apocrisiarios</span> <span class='ocrx_word' id='word_1_112' title='bbox 685 933 774 958; x_wconf 86' lang='lat' dir='ltr'>suos</span> <span class='ocrx_word' id='word_1_113' title='bbox 794 920 904 957; x_wconf 90' lang='lat' dir='ltr'>illum</span> <span class='ocrx_word' id='word_1_114' title='bbox 924 931 1023 957; x_wconf 86' lang='lat' dir='ltr'>com-</span> 
     </span>
     <span class='ocr_line' id='line_1_17' title="bbox 74 973 1024 1026; baseline -0.004 -12"><span class='ocrx_word' id='word_1_115' title='bbox 74 976 182 1026; x_wconf 86' lang='lat' dir='ltr'>pulit,</span> <span class='ocrx_word' id='word_1_116' title='bbox 200 978 242 1013; x_wconf 89' lang='lat' dir='ltr'>ut</span> <span class='ocrx_word' id='word_1_117' title='bbox 258 975 344 1012; x_wconf 82' lang='lat' dir='ltr'>fidei</span> <span class='ocrx_word' id='word_1_118' title='bbox 360 986 452 1012; x_wconf 88' lang='lat' dir='ltr'>suae</span> <span class='ocrx_word' id='word_1_119' title='bbox 470 974 745 1023; x_wconf 81' lang='lat' dir='ltr'>professionem</span> <span class='ocrx_word' id='word_1_120' title='bbox 762 974 927 1011; x_wconf 84' lang='lat' dir='ltr'>Romam</span> <span class='ocrx_word' id='word_1_121' title='bbox 942 973 1024 1010; x_wconf 87' lang='lat' dir='ltr'>mit-</span> 
     </span>
     <span class='ocr_line' id='line_1_18' title="bbox 72 1026 1023 1076; baseline -0.005 -9"><span class='ocrx_word' id='word_1_122' title='bbox 72 1031 187 1067; x_wconf 87' lang='lat' dir='ltr'>teret.</span> <span class='ocrx_word' id='word_1_123' title='bbox 210 1028 356 1066; x_wconf 83' lang='lat' dir='ltr'>Paulus</span> <span class='ocrx_word' id='word_1_124' title='bbox 371 1028 516 1076; x_wconf 84' lang='lat' dir='ltr'>scripta</span> <span class='ocrx_word' id='word_1_125' title='bbox 533 1028 581 1064; x_wconf 90' lang='lat' dir='ltr'>ad</span> <span class='ocrx_word' id='word_1_126' title='bbox 599 1027 829 1064; x_wconf 85' lang='lat' dir='ltr'>Pontificem</span> <span class='ocrx_word' id='word_1_127' title='bbox 847 1026 1023 1073; x_wconf 84' lang='lat' dir='ltr'>epistola,</span> 
     </span>
     <span class='ocr_line' id='line_1_19' title="bbox 73 1079 1023 1129; baseline -0.005 -9"><span class='ocrx_word' id='word_1_128' title='bbox 73 1082 277 1126; x_wconf 87' lang='lat' dir='ltr'>haeresim,</span> <span class='ocrx_word' id='word_1_129' title='bbox 299 1091 417 1129; x_wconf 89' lang='lat' dir='ltr'>quam</span> <span class='ocrx_word' id='word_1_130' title='bbox 439 1080 503 1117; x_wconf 93' lang='lat' dir='ltr'>diu</span> <span class='ocrx_word' id='word_1_131' title='bbox 527 1080 804 1125; x_wconf 89' lang='lat' dir='ltr'>dissimularat,</span> <span class='ocrx_word' id='word_1_132' title='bbox 834 1079 1023 1128; x_wconf 77' lang='lat' dir='ltr'>prodidit,</span> 
     </span>
     <span class='ocr_line' id='line_1_20' title="bbox 71 1132 1022 1183; baseline -0.003 -11"><span class='ocrx_word' id='word_1_133' title='bbox 71 1135 118 1172; x_wconf 86' lang='lat' dir='ltr'>ad</span> <span class='ocrx_word' id='word_1_134' title='bbox 140 1134 362 1183; x_wconf 76' lang='lat' dir='ltr'>exemplum</span> <span class='ocrx_word' id='word_1_135' title='bbox 385 1133 512 1182; x_wconf 83' lang='lat' dir='ltr'>Sergii</span> <span class='ocrx_word' id='word_1_136' title='bbox 535 1145 652 1170; x_wconf 90' lang='lat' dir='ltr'>unam</span> <span class='ocrx_word' id='word_1_137' title='bbox 673 1132 814 1170; x_wconf 82' lang='lat' dir='ltr'>Christi</span> <span class='ocrx_word' id='word_1_138' title='bbox 836 1132 1022 1169; x_wconf 82' lang='lat' dir='ltr'>volunta-</span> 
     </span>
     <span class='ocr_line' id='line_1_21' title="bbox 72 1185 1022 1234; baseline -0.003 -10"><span class='ocrx_word' id='word_1_139' title='bbox 72 1191 152 1225; x_wconf 86' lang='lat' dir='ltr'>tem</span> <span class='ocrx_word' id='word_1_140' title='bbox 173 1187 315 1224; x_wconf 88' lang='lat' dir='ltr'>diserte</span> <span class='ocrx_word' id='word_1_141' title='bbox 335 1198 533 1231; x_wconf 85' lang='lat' dir='ltr'>asserens,</span> <span class='ocrx_word' id='word_1_142' title='bbox 553 1187 624 1223; x_wconf 90' lang='lat' dir='ltr'>sub</span> <span class='ocrx_word' id='word_1_143' title='bbox 650 1185 776 1234; x_wconf 89' lang='lat' dir='ltr'>specie</span> <span class='ocrx_word' id='word_1_144' title='bbox 805 1185 1022 1222; x_wconf 80' lang='lat' dir='ltr'>excluden-</span> 
     </span>
     <span class='ocr_line' id='line_1_22' title="bbox 72 1238 1022 1278; baseline -0.004 0"><span class='ocrx_word' id='word_1_145' title='bbox 72 1241 144 1278; x_wconf 86' lang='lat' dir='ltr'>dae</span> <span class='ocrx_word' id='word_1_146' title='bbox 174 1240 212 1277; x_wconf 90' lang='lat' dir='ltr'>in</span> <span class='ocrx_word' id='word_1_147' title='bbox 247 1239 400 1278; x_wconf 84' lang='lat' dir='ltr'>Chi-isto</span> <span class='ocrx_word' id='word_1_148' title='bbox 437 1239 685 1276; x_wconf 79' lang='lat' dir='ltr'>voluntatum</span> <span class='ocrx_word' id='word_1_149' title='bbox 719 1238 1022 1275; x_wconf 80' lang='lat' dir='ltr'>contrarietatis.</span> 
     </span>
     <span class='ocr_line' id='line_1_23' title="bbox 73 1292 1023 1340; baseline -0.004 -9"><span class='ocrx_word' id='word_1_150' title='bbox 73 1294 311 1338; x_wconf 88' lang='lat' dir='ltr'>Theodorus,</span> <span class='ocrx_word' id='word_1_151' title='bbox 332 1303 451 1340; x_wconf 90' lang='lat' dir='ltr'>quum</span> <span class='ocrx_word' id='word_1_152' title='bbox 472 1292 640 1329; x_wconf 89' lang='lat' dir='ltr'>Paulum</span> <span class='ocrx_word' id='word_1_153' title='bbox 661 1292 807 1329; x_wconf 85' lang='lat' dir='ltr'>frustra</span> <span class='ocrx_word' id='word_1_154' title='bbox 824 1292 872 1328; x_wconf 88' lang='lat' dir='ltr'>ab</span> <span class='ocrx_word' id='word_1_155' title='bbox 893 1302 1023 1328; x_wconf 83' lang='lat' dir='ltr'>errore</span> 
     </span>
     <span class='ocr_line' id='line_1_24' title="bbox 74 1344 1022 1393; baseline -0.003 -10"><span class='ocrx_word' id='word_1_156' title='bbox 74 1357 257 1384; x_wconf 88' lang='lat' dir='ltr'>revocare</span> <span class='ocrx_word' id='word_1_157' title='bbox 279 1347 482 1390; x_wconf 79' lang='lat' dir='ltr'>tentasset,</span> <span class='ocrx_word' id='word_1_158' title='bbox 498 1357 590 1382; x_wconf 89' lang='lat' dir='ltr'>eum</span> <span class='ocrx_word' id='word_1_159' title='bbox 609 1344 789 1393; x_wconf 84' lang='lat' dir='ltr'>deposuit</span> <span class='ocrx_word' id='word_1_160' title='bbox 807 1347 846 1381; x_wconf 91' lang='lat' dir='ltr'>et</span> <span class='ocrx_word' id='word_1_161' title='bbox 861 1344 1022 1381; x_wconf 88' lang='lat' dir='ltr'>anathe-</span> 
     </span>
     <span class='ocr_line' id='line_1_25' title="bbox 75 1397 1024 1448; baseline -0.003 -12"><span class='ocrx_word' id='word_1_162' title='bbox 75 1400 178 1437; x_wconf 86' lang='lat' dir='ltr'>mate</span> <span class='ocrx_word' id='word_1_163' title='bbox 195 1398 369 1448; x_wconf 85' lang='lat' dir='ltr'>perculit.</span> <span class='ocrx_word' id='word_1_164' title='bbox 388 1398 533 1435; x_wconf 90' lang='lat' dir='ltr'>Paulus</span> <span class='ocrx_word' id='word_1_165' title='bbox 549 1398 588 1434; x_wconf 92' lang='lat' dir='ltr'>in</span> <span class='ocrx_word' id='word_1_166' title='bbox 605 1398 777 1435; x_wconf 85' lang='lat' dir='ltr'>furorem</span> <span class='ocrx_word' id='word_1_167' title='bbox 791 1400 916 1443; x_wconf 89' lang='lat' dir='ltr'>actus,</span> <span class='ocrx_word' id='word_1_168' title='bbox 928 1397 1024 1445; x_wconf 86' lang='lat' dir='ltr'>Apo-</span> 
     </span>
     <span class='ocr_line' id='line_1_26' title="bbox 73 1449 1024 1500; baseline -0.003 -11"><span class='ocrx_word' id='word_1_169' title='bbox 73 1451 232 1490; x_wconf 83' lang='lat' dir='ltr'>stolicae</span> <span class='ocrx_word' id='word_1_170' title='bbox 258 1451 369 1488; x_wconf 87' lang='lat' dir='ltr'>Sedis</span> <span class='ocrx_word' id='word_1_171' title='bbox 389 1450 660 1500; x_wconf 84' lang='lat' dir='ltr'>apocrisiarios</span> <span class='ocrx_word' id='word_1_172' title='bbox 689 1461 902 1498; x_wconf 86' lang='lat' dir='ltr'>eorumque</span> <span class='ocrx_word' id='word_1_173' title='bbox 923 1449 1024 1486; x_wconf 89' lang='lat' dir='ltr'>ami-</span> 
     </span>
     <span class='ocr_line' id='line_1_27' title="bbox 73 1503 1023 1553; baseline -0.003 -11"><span class='ocrx_word' id='word_1_174' title='bbox 73 1517 138 1542; x_wconf 88' lang='lat' dir='ltr'>cos</span> <span class='ocrx_word' id='word_1_175' title='bbox 158 1507 389 1553; x_wconf 89' lang='lat' dir='ltr'>persecutus</span> <span class='ocrx_word' id='word_1_176' title='bbox 406 1507 477 1550; x_wconf 89' lang='lat' dir='ltr'>est,</span> <span class='ocrx_word' id='word_1_177' title='bbox 499 1503 594 1541; x_wconf 90' lang='lat' dir='ltr'>alios</span> <span class='ocrx_word' id='word_1_178' title='bbox 615 1503 746 1548; x_wconf 84' lang='lat' dir='ltr'>exilio,</span> <span class='ocrx_word' id='word_1_179' title='bbox 767 1503 861 1540; x_wconf 88' lang='lat' dir='ltr'>alios</span> <span class='ocrx_word' id='word_1_180' title='bbox 882 1503 1023 1540; x_wconf 85' lang='lat' dir='ltr'>verbe-</span> 
     </span>
     <span class='ocr_line' id='line_1_28' title="bbox 74 1555 1025 1595; baseline -0.004 0"><span class='ocrx_word' id='word_1_181' title='bbox 74 1558 180 1595; x_wconf 82' lang='lat' dir='ltr'>ribus</span> <span class='ocrx_word' id='word_1_182' title='bbox 199 1560 269 1594; x_wconf 86' lang='lat' dir='ltr'>aut</span> <span class='ocrx_word' id='word_1_183' title='bbox 289 1557 513 1594; x_wconf 83' lang='lat' dir='ltr'>carceribus</span> <span class='ocrx_word' id='word_1_184' title='bbox 534 1556 635 1594; x_wconf 79' lang='lat' dir='ltr'>attici</span> <span class='ocrx_word' id='word_1_185' title='bbox 651 1557 775 1594; x_wconf 89' lang='lat' dir='ltr'>iussit.</span> <span class='ocrx_word' id='word_1_186' title='bbox 792 1557 838 1593; x_wconf 87' lang='lat' dir='ltr'>Ei</span> <span class='ocrx_word' id='word_1_187' title='bbox 853 1556 890 1592; x_wconf 91' lang='lat' dir='ltr'>in</span> <span class='ocrx_word' id='word_1_188' title='bbox 907 1555 1025 1593; x_wconf 89' lang='lat' dir='ltr'>omni-</span> 
     </span>
     <span class='ocr_line' id='line_1_29' title="bbox 75 1609 920 1658; baseline -0.002 -10"><span class='ocrx_word' id='word_1_189' title='bbox 75 1611 148 1648; x_wconf 89' lang='lat' dir='ltr'>bus</span> <span class='ocrx_word' id='word_1_190' title='bbox 166 1611 455 1658; x_wconf 86' lang='lat' dir='ltr'>obsequebatur</span> <span class='ocrx_word' id='word_1_191' title='bbox 475 1611 666 1648; x_wconf 84' lang='lat' dir='ltr'>Constans</span> <span class='ocrx_word' id='word_1_192' title='bbox 695 1609 920 1657; x_wconf 89' lang='lat' dir='ltr'>imperator.</span> 
     </span>
    </p>

    <p class='ocr_par' dir='ltr' id='par_1_5' title="bbox 75 1662 1034 2495">
     <span class='ocr_line' id='line_1_30' title="bbox 129 1662 1028 1711; baseline -0.002 -11"><span class='ocrx_word' id='word_1_193' title='bbox 129 1663 236 1700; x_wconf 89' lang='lat' dir='ltr'>Idem</span> <span class='ocrx_word' id='word_1_194' title='bbox 258 1663 419 1708; x_wconf 86' lang='lat' dir='ltr'>Paulus,</span> <span class='ocrx_word' id='word_1_195' title='bbox 438 1666 480 1700; x_wconf 94' lang='lat' dir='ltr'>ut</span> <span class='ocrx_word' id='word_1_196' title='bbox 496 1662 796 1711; x_wconf 86' lang='lat' dir='ltr'>simplicioribus</span> <span class='ocrx_word' id='word_1_197' title='bbox 812 1662 1028 1710; x_wconf 88' lang='lat' dir='ltr'>imponeret</span> 
     </span>
     <span class='ocr_line' id='line_1_31' title="bbox 75 1715 1025 1765; baseline -0.004 -11"><span class='ocrx_word' id='word_1_198' title='bbox 75 1719 115 1754; x_wconf 91' lang='lat' dir='ltr'>et</span> <span class='ocrx_word' id='word_1_199' title='bbox 130 1716 233 1765; x_wconf 85' lang='lat' dir='ltr'>pacis</span> <span class='ocrx_word' id='word_1_200' title='bbox 253 1727 388 1753; x_wconf 88' lang='lat' dir='ltr'>amans</span> <span class='ocrx_word' id='word_1_201' title='bbox 410 1716 622 1761; x_wconf 89' lang='lat' dir='ltr'>videretur,</span> <span class='ocrx_word' id='word_1_202' title='bbox 634 1716 833 1753; x_wconf 90' lang='lat' dir='ltr'>Constanti</span> <span class='ocrx_word' id='word_1_203' title='bbox 852 1715 1025 1763; x_wconf 86' lang='lat' dir='ltr'>impera-</span> 
     </span>
     <span class='ocr_line' id='line_1_32' title="bbox 76 1769 1025 1817; baseline -0.003 -11"><span class='ocrx_word' id='word_1_204' title='bbox 76 1769 152 1807; x_wconf 93' lang='lat' dir='ltr'>tori</span> <span class='ocrx_word' id='word_1_205' title='bbox 175 1769 308 1806; x_wconf 73' lang='lat' dir='ltr'>suasit</span> <span class='ocrx_word' id='word_1_206' title='bbox 325 1798 334 1815; x_wconf 94' lang='lat'>,</span> <span class='ocrx_word' id='word_1_207' title='bbox 362 1771 403 1805; x_wconf 92' lang='lat' dir='ltr'>ut</span> <span class='ocrx_word' id='word_1_208' title='bbox 432 1770 622 1817; x_wconf 79' lang='lat' dir='ltr'>abrogat-a</span> <span class='ocrx_word' id='word_1_209' title='bbox 655 1769 847 1814; x_wconf 69' lang='lat' dir='ltr'>Eetleesz&#39;,</span> <span class='ocrx_word' id='word_1_210' title='bbox 880 1779 1025 1804; x_wconf 88' lang='lat' dir='ltr'>novum</span> 
     </span>
     <span class='ocr_line' id='line_1_33' title="bbox 76 1821 1024 1870; baseline -0.003 -11"><span class='ocrx_word' id='word_1_211' title='bbox 76 1821 246 1859; x_wconf 89' lang='lat' dir='ltr'>edictum</span> <span class='ocrx_word' id='word_1_212' title='bbox 267 1821 313 1858; x_wconf 92' lang='lat' dir='ltr'>de</span> <span class='ocrx_word' id='word_1_213' title='bbox 335 1821 529 1870; x_wconf 86' lang='lat' dir='ltr'>praesenti</span> <span class='ocrx_word' id='word_1_214' title='bbox 549 1821 816 1859; x_wconf 85' lang='lat' dir='ltr'>controversia</span> <span class='ocrx_word' id='word_1_215' title='bbox 842 1821 1024 1858; x_wconf 85' lang='lat' dir='ltr'>sanciret.</span> 
     </span>
     <span class='ocr_line' id='line_1_34' title="bbox 78 1873 1027 1923; baseline -0.003 -11"><span class='ocrx_word' id='word_1_216' title='bbox 78 1876 298 1923; x_wconf 85' lang='lat' dir='ltr'>Imperator</span> <span class='ocrx_word' id='word_1_217' title='bbox 325 1875 530 1912; x_wconf 90' lang='lat' dir='ltr'>consilium</span> <span class='ocrx_word' id='word_1_218' title='bbox 553 1874 668 1912; x_wconf 84' lang='lat' dir='ltr'>Pauli</span> <span class='ocrx_word' id='word_1_219' title='bbox 688 1876 846 1912; x_wconf 88' lang='lat' dir='ltr'>secutus</span> <span class='ocrx_word' id='word_1_220' title='bbox 866 1886 928 1911; x_wconf 88' lang='lat' dir='ltr'>an.</span> <span class='ocrx_word' id='word_1_221' title='bbox 949 1873 1027 1910; x_wconf 83' lang='grc'>648</span> 
     </span>
     <span class='ocr_line' id='line_1_35' title="bbox 77 1927 1026 1977; baseline -0.002 -12"><span class='ocrx_word' id='word_1_222' title='bbox 77 1927 196 1966; x_wconf 89' lang='lat' dir='ltr'>edidit</span> <span class='ocrx_word' id='word_1_223' title='bbox 223 1927 404 1977; x_wconf 76' lang='lat' dir='ltr'>Typum,</span> <span class='ocrx_word' id='word_1_224' title='bbox 425 1939 499 1976; x_wconf 92' lang='lat' dir='ltr'>quo</span> <span class='ocrx_word' id='word_1_225' title='bbox 520 1930 606 1976; x_wconf 88' lang='lat' dir='ltr'>post</span> <span class='ocrx_word' id='word_1_226' title='bbox 625 1927 846 1976; x_wconf 78' lang='lat' dir='ltr'>expositum</span> <span class='ocrx_word' id='word_1_227' title='bbox 867 1928 1026 1964; x_wconf 90' lang='lat' dir='ltr'>contro-</span> 
     </span>
     <span class='ocr_line' id='line_1_36' title="bbox 78 1980 1026 2029; baseline -0.002 -11"><span class='ocrx_word' id='word_1_228' title='bbox 78 1980 231 2018; x_wconf 85' lang='lat' dir='ltr'>versiae</span> <span class='ocrx_word' id='word_1_229' title='bbox 252 1986 292 2018; x_wconf 87' lang='lat' dir='ltr'>et</span> <span class='ocrx_word' id='word_1_230' title='bbox 311 1981 562 2018; x_wconf 88' lang='lat' dir='ltr'>dissensionis</span> <span class='ocrx_word' id='word_1_231' title='bbox 576 1982 724 2018; x_wconf 88' lang='lat' dir='ltr'>statum</span> <span class='ocrx_word' id='word_1_232' title='bbox 739 1982 778 2017; x_wconf 91' lang='lat' dir='ltr'>et</span> <span class='ocrx_word' id='word_1_233' title='bbox 794 1981 1026 2029; x_wconf 77' lang='lat' dir='ltr'>abrogatam</span> 
     </span>
     <span class='ocr_line' id='line_1_37' title="bbox 79 2032 1028 2082; baseline -0.004 -10"><span class='ocrx_word' id='word_1_234' title='bbox 79 2033 251 2072; x_wconf 86' lang='lat' dir='ltr'>Heraclii</span> <span class='ocrx_word' id='word_1_235' title='bbox 279 2034 486 2078; x_wconf 77' lang='lat' dir='ltr'>Ectlzese&#39;n,</span> <span class='ocrx_word' id='word_1_236' title='bbox 510 2033 663 2081; x_wconf 85' lang='lat' dir='ltr'>utrique</span> <span class='ocrx_word' id='word_1_237' title='bbox 689 2033 791 2081; x_wconf 88' lang='lat' dir='ltr'>parti</span> <span class='ocrx_word' id='word_1_238' title='bbox 811 2034 880 2071; x_wconf 89' lang='lat' dir='ltr'>sub</span> <span class='ocrx_word' id='word_1_239' title='bbox 902 2032 1028 2082; x_wconf 82' lang='lat' dir='ltr'>gravi-</span> 
     </span>
     <span class='ocr_line' id='line_1_38' title="bbox 79 2085 1028 2135; baseline -0.003 -11"><span class='ocrx_word' id='word_1_240' title='bbox 79 2087 150 2124; x_wconf 92' lang='lat' dir='ltr'>bus</span> <span class='ocrx_word' id='word_1_241' title='bbox 168 2086 301 2135; x_wconf 82' lang='lat' dir='ltr'>poenis</span> <span class='ocrx_word' id='word_1_242' title='bbox 320 2087 368 2124; x_wconf 88' lang='lat' dir='ltr'>de</span> <span class='ocrx_word' id='word_1_243' title='bbox 390 2098 467 2124; x_wconf 87' lang='lat' dir='ltr'>una</span> <span class='ocrx_word' id='word_1_244' title='bbox 487 2089 557 2124; x_wconf 88' lang='lat' dir='ltr'>aut</span> <span class='ocrx_word' id='word_1_245' title='bbox 572 2087 724 2124; x_wconf 89' lang='lat' dir='ltr'>duabus</span> <span class='ocrx_word' id='word_1_246' title='bbox 740 2086 884 2124; x_wconf 83' lang='lat' dir='ltr'>Christi</span> <span class='ocrx_word' id='word_1_247' title='bbox 898 2085 1028 2123; x_wconf 88' lang='lat' dir='ltr'>volun-</span> 
     </span>
     <span class='ocr_line' id='line_1_39' title="bbox 80 2138 1028 2189; baseline -0.002 -12"><span class='ocrx_word' id='word_1_248' title='bbox 80 2140 226 2178; x_wconf 87' lang='lat' dir='ltr'>tatibus</span> <span class='ocrx_word' id='word_1_249' title='bbox 245 2142 285 2177; x_wconf 91' lang='lat' dir='ltr'>et</span> <span class='ocrx_word' id='word_1_250' title='bbox 304 2139 591 2187; x_wconf 89' lang='lat' dir='ltr'>operationibus</span> <span class='ocrx_word' id='word_1_251' title='bbox 611 2139 811 2176; x_wconf 87' lang='lat' dir='ltr'>silentium</span> <span class='ocrx_word' id='word_1_252' title='bbox 833 2138 1028 2189; x_wconf 84' lang='lat' dir='ltr'>praescri-</span> 
     </span>
     <span class='ocr_line' id='line_1_40' title="bbox 82 2191 1030 2230; baseline -0.002 -1"><span class='ocrx_word' id='word_1_253' title='bbox 82 2193 245 2230; x_wconf 91' lang='lat' dir='ltr'>bebatur</span> <span class='ocrx_word' id='word_1_254' title='bbox 267 2191 291 2230; x_wconf 91' lang='lat'>¹.</span> <span class='ocrx_word' id='word_1_255' title='bbox 314 2192 395 2230; x_wconf 90' lang='lat' dir='ltr'>Hoc</span> <span class='ocrx_word' id='word_1_256' title='bbox 416 2192 590 2230; x_wconf 88' lang='lat' dir='ltr'>edictum</span> <span class='ocrx_word' id='word_1_257' title='bbox 609 2192 748 2229; x_wconf 87' lang='lat' dir='ltr'>merito</span> <span class='ocrx_word' id='word_1_258' title='bbox 778 2204 802 2230; x_wconf 90' lang='lat' dir='ltr'>a</span> <span class='ocrx_word' id='word_1_259' title='bbox 830 2191 1030 2229; x_wconf 86' lang='lat' dir='ltr'>catholicis</span> 
     </span>
     <span class='ocr_line' id='line_1_41' title="bbox 83 2245 1032 2294; baseline -0.001 -12"><span class='ocrx_word' id='word_1_260' title='bbox 83 2246 334 2294; x_wconf 83' lang='lat' dir='ltr'>reprobatum</span> <span class='ocrx_word' id='word_1_261' title='bbox 350 2245 438 2291; x_wconf 85' lang='lat' dir='ltr'>fuit,</span> <span class='ocrx_word' id='word_1_262' title='bbox 454 2246 554 2294; x_wconf 91' lang='lat' dir='ltr'>quod</span> <span class='ocrx_word' id='word_1_263' title='bbox 573 2245 823 2294; x_wconf 88' lang='lat' dir='ltr'>imperatoris</span> <span class='ocrx_word' id='word_1_264' title='bbox 839 2258 911 2282; x_wconf 90' lang='lat' dir='ltr'>non</span> <span class='ocrx_word' id='word_1_265' title='bbox 930 2245 1032 2282; x_wconf 87' lang='lat' dir='ltr'>esset</span> 
     </span>
     <span class='ocr_line' id='line_1_42' title="bbox 83 2297 1033 2347; baseline -0.002 -12"><span class='ocrx_word' id='word_1_266' title='bbox 83 2299 129 2335; x_wconf 91' lang='lat' dir='ltr'>de</span> <span class='ocrx_word' id='word_1_267' title='bbox 151 2297 259 2336; x_wconf 84' lang='lat' dir='ltr'>Fidei</span> <span class='ocrx_word' id='word_1_268' title='bbox 281 2299 474 2347; x_wconf 79' lang='lat' dir='ltr'>dogmatis</span> <span class='ocrx_word' id='word_1_269' title='bbox 499 2300 728 2344; x_wconf 86' lang='lat' dir='ltr'>decernere,</span> <span class='ocrx_word' id='word_1_270' title='bbox 758 2299 934 2347; x_wconf 89' lang='lat' dir='ltr'>quodque</span> <span class='ocrx_word' id='word_1_271' title='bbox 965 2308 1033 2346; x_wconf 86' lang='lat' dir='ltr'>per</span> 
     </span>
     <span class='ocr_line' id='line_1_43' title="bbox 84 2350 1031 2389; baseline 0 -1"><span class='ocrx_word' id='word_1_272' title='bbox 84 2351 186 2388; x_wconf 90' lang='lat' dir='ltr'>istud</span> <span class='ocrx_word' id='word_1_273' title='bbox 205 2351 376 2389; x_wconf 90' lang='lat' dir='ltr'>edictum</span> <span class='ocrx_word' id='word_1_274' title='bbox 398 2351 557 2389; x_wconf 88' lang='lat' dir='ltr'>veritati</span> <span class='ocrx_word' id='word_1_275' title='bbox 578 2352 636 2389; x_wconf 88' lang='lat' dir='ltr'>vis</span> <span class='ocrx_word' id='word_1_276' title='bbox 656 2350 871 2388; x_wconf 85' lang='lat' dir='ltr'>inferretur</span> <span class='ocrx_word' id='word_1_277' title='bbox 896 2354 935 2388; x_wconf 91' lang='lat' dir='ltr'>et</span> <span class='ocrx_word' id='word_1_278' title='bbox 963 2363 1031 2388; x_wconf 90' lang='lat' dir='ltr'>ca-</span> 
     </span>
     <span class='ocr_line' id='line_1_44' title="bbox 85 2403 1034 2453; baseline 0.002 -13"><span class='ocrx_word' id='word_1_279' title='bbox 85 2403 269 2441; x_wconf 87' lang='lat' dir='ltr'>tholicum</span> <span class='ocrx_word' id='word_1_280' title='bbox 289 2405 431 2453; x_wconf 86' lang='lat' dir='ltr'>dogma</span> <span class='ocrx_word' id='word_1_281' title='bbox 452 2405 586 2442; x_wconf 88' lang='lat' dir='ltr'>eadem</span> <span class='ocrx_word' id='word_1_282' title='bbox 607 2416 653 2442; x_wconf 88' lang='lat' dir='ltr'>ac</span> <span class='ocrx_word' id='word_1_283' title='bbox 673 2404 913 2442; x_wconf 87' lang='lat' dir='ltr'>haereticum</span> <span class='ocrx_word' id='word_1_284' title='bbox 931 2406 1034 2442; x_wconf 87' lang='lat' dir='ltr'>sorte</span> 
     </span>
     <span class='ocr_line' id='line_1_45' title="bbox 86 2456 364 2495; baseline 0.004 -2"><span class='ocrx_word' id='word_1_285' title='bbox 86 2456 364 2495; x_wconf 89' lang='lat' dir='ltr'>involveretur.</span> 
     </span>
    </p>

    <p class='ocr_par' dir='ltr' id='par_1_6' title="bbox 87 2509 1043 3033">
     <span class='ocr_line' id='line_1_46' title="bbox 141 2509 1034 2561; baseline 0.001 -15"><span class='ocrx_word' id='word_1_286' title='bbox 141 2509 201 2547; x_wconf 84' lang='lat'>15.</span> <span class='ocrx_word' id='word_1_287' title='bbox 223 2510 263 2547; x_wconf 80' lang='lat' dir='ltr'>S.</span> <span class='ocrx_word' id='word_1_288' title='bbox 287 2511 501 2547; x_wconf 76' lang='lat' dir='ltr'>Martinus</span> <span class='ocrx_word' id='word_1_289' title='bbox 535 2511 736 2559; x_wconf 64' lang='lat' dir='ltr'>Pontifex</span> <span class='ocrx_word' id='word_1_290' title='bbox 764 2509 851 2561; x_wconf 79' lang='lat' dir='ltr'>(an.</span> <span class='ocrx_word' id='word_1_291' title='bbox 873 2509 968 2559; x_wconf 70' lang='lat'>649)</span> <span class='ocrx_word' id='word_1_292' title='bbox 984 2532 1034 2537; x_wconf 92' lang='lat'>—-</span> 
     </span>
     <span class='ocr_line' id='line_1_47' title="bbox 88 2562 1035 2612; baseline 0.002 -14"><span class='ocrx_word' id='word_1_293' title='bbox 88 2562 251 2599; x_wconf 89' lang='lat' dir='ltr'>Interim</span> <span class='ocrx_word' id='word_1_294' title='bbox 266 2563 492 2600; x_wconf 90' lang='lat' dir='ltr'>Theodorus</span> <span class='ocrx_word' id='word_1_295' title='bbox 511 2564 579 2612; x_wconf 87' lang='lat' dir='ltr'>Pp.</span> <span class='ocrx_word' id='word_1_296' title='bbox 598 2575 658 2601; x_wconf 89' lang='lat' dir='ltr'>an.</span> <span class='ocrx_word' id='word_1_297' title='bbox 675 2563 766 2609; x_wconf 75' lang='lat'>649,</span> <span class='ocrx_word' id='word_1_298' title='bbox 783 2563 1035 2612; x_wconf 87' lang='lat' dir='ltr'>pontificatus</span> 
     </span>
     <span class='ocr_line' id='line_1_48' title="bbox 87 2614 1038 2660; baseline -0.001 -7"><span class='ocrx_word' id='word_1_299' title='bbox 87 2615 148 2653; x_wconf 90' lang='lat' dir='ltr'>sui</span> <span class='ocrx_word' id='word_1_300' title='bbox 169 2614 265 2660; x_wconf 86' lang='lat' dir='ltr'>VII,</span> <span class='ocrx_word' id='word_1_301' title='bbox 286 2616 394 2653; x_wconf 86' lang='lat' dir='ltr'>obiit.</span> <span class='ocrx_word' id='word_1_302' title='bbox 420 2616 463 2653; x_wconf 92' lang='lat' dir='ltr'>In</span> <span class='ocrx_word' id='word_1_303' title='bbox 493 2617 574 2654; x_wconf 89' lang='lat' dir='ltr'>eius</span> <span class='ocrx_word' id='word_1_304' title='bbox 600 2615 728 2654; x_wconf 89' lang='lat' dir='ltr'>locum</span> <span class='ocrx_word' id='word_1_305' title='bbox 761 2616 945 2654; x_wconf 84' lang='lat' dir='ltr'>suffectus</span> <span class='ocrx_word' id='word_1_306' title='bbox 979 2618 1038 2653; x_wconf 89' lang='lat' dir='ltr'>est</span> 
     </span>
     <span class='ocr_line' id='line_1_49' title="bbox 87 2667 1037 2714; baseline 0.001 -10"><span class='ocrx_word' id='word_1_307' title='bbox 87 2679 118 2705; x_wconf 88' lang='lat' dir='ltr'>s.</span> <span class='ocrx_word' id='word_1_308' title='bbox 145 2667 360 2714; x_wconf 89' lang='lat' dir='ltr'>Martinus,</span> <span class='ocrx_word' id='word_1_309' title='bbox 380 2680 400 2705; x_wconf 91' lang='lat' dir='ltr'>e</span> <span class='ocrx_word' id='word_1_310' title='bbox 421 2669 635 2706; x_wconf 88' lang='lat' dir='ltr'>Tudertina</span> <span class='ocrx_word' id='word_1_311' title='bbox 655 2669 816 2707; x_wconf 88' lang='lat' dir='ltr'>civitate</span> <span class='ocrx_word' id='word_1_312' title='bbox 837 2669 1037 2713; x_wconf 86' lang='lat' dir='ltr'>oriundus,</span> 
     </span>
     <span class='ocr_line' id='line_1_50' title="bbox 90 2721 1041 2770; baseline 0.002 -14"><span class='ocrx_word' id='word_1_313' title='bbox 90 2721 156 2769; x_wconf 87' lang='lat' dir='ltr'>qui</span> <span class='ocrx_word' id='word_1_314' title='bbox 178 2723 430 2758; x_wconf 85' lang='lat' dir='ltr'>consecratus</span> <span class='ocrx_word' id='word_1_315' title='bbox 452 2721 608 2758; x_wconf 89' lang='lat' dir='ltr'>videtur</span> <span class='ocrx_word' id='word_1_316' title='bbox 624 2723 726 2759; x_wconf 86' lang='lat' dir='ltr'>haud</span> <span class='ocrx_word' id='word_1_317' title='bbox 744 2723 952 2770; x_wconf 84' lang='lat' dir='ltr'>expectato</span> <span class='ocrx_word' id='word_1_318' title='bbox 969 2722 1041 2758; x_wconf 90' lang='lat' dir='ltr'>Im-</span> 
     </span>
     <span class='ocr_line' id='line_1_51' title="bbox 91 2773 1038 2823; baseline 0 -13"><span class='ocrx_word' id='word_1_319' title='bbox 91 2773 282 2822; x_wconf 89' lang='lat' dir='ltr'>peratoris</span> <span class='ocrx_word' id='word_1_320' title='bbox 311 2785 503 2811; x_wconf 85' lang='lat' dir='ltr'>consensu</span> <span class='ocrx_word' id='word_1_321' title='bbox 524 2773 550 2811; x_wconf 77' lang='lat'>².</span> <span class='ocrx_word' id='word_1_322' title='bbox 568 2775 641 2812; x_wconf 89' lang='lat' dir='ltr'>Hic</span> <span class='ocrx_word' id='word_1_323' title='bbox 671 2778 756 2823; x_wconf 88' lang='lat' dir='ltr'>post</span> <span class='ocrx_word' id='word_1_324' title='bbox 783 2786 936 2812; x_wconf 88' lang='lat' dir='ltr'>menses</span> <span class='ocrx_word' id='word_1_325' title='bbox 955 2775 978 2811; x_wconf 77' lang='lat'>4</span> <span class='ocrx_word' id='word_1_326' title='bbox 1001 2774 1038 2810; x_wconf 93' lang='lat' dir='ltr'>in</span> 
     </span>
     <span class='ocr_line' id='line_1_52' title="bbox 92 2826 1038 2875; baseline 0 -12"><span class='ocrx_word' id='word_1_327' title='bbox 92 2826 186 2863; x_wconf 86' lang='lat' dir='ltr'>aede</span> <span class='ocrx_word' id='word_1_328' title='bbox 208 2826 460 2864; x_wconf 75' lang='lat' dir='ltr'>Lateranensi</span> <span class='ocrx_word' id='word_1_329' title='bbox 491 2827 693 2864; x_wconf 87' lang='lat' dir='ltr'>concilium</span> <span class='ocrx_word' id='word_1_330' title='bbox 734 2828 806 2865; x_wconf 80' lang='lat'>105</span> <span class='ocrx_word' id='word_1_331' title='bbox 838 2828 1038 2875; x_wconf 83' lang='lat' dir='ltr'>episcopo-</span> 
     </span>
     <span class='ocr_line' id='line_1_53' title="bbox 92 2879 1038 2927; baseline 0 -11"><span class='ocrx_word' id='word_1_332' title='bbox 92 2890 176 2916; x_wconf 84' lang='lat' dir='ltr'>rum</span> <span class='ocrx_word' id='word_1_333' title='bbox 198 2879 349 2925; x_wconf 88' lang='lat' dir='ltr'>habuit,</span> <span class='ocrx_word' id='word_1_334' title='bbox 369 2880 408 2916; x_wconf 88' lang='lat' dir='ltr'>in</span> <span class='ocrx_word' id='word_1_335' title='bbox 431 2891 506 2927; x_wconf 91' lang='lat' dir='ltr'>quo</span> <span class='ocrx_word' id='word_1_336' title='bbox 528 2879 817 2918; x_wconf 88' lang='lat' dir='ltr'>monothelitica</span> <span class='ocrx_word' id='word_1_337' title='bbox 846 2880 1038 2925; x_wconf 85' lang='lat' dir='ltr'>haeresis,</span> 
     </span>
     <span class='ocr_line' id='line_1_54' title="bbox 93 2932 1041 2981; baseline -0.001 -12"><span class='ocrx_word' id='word_1_338' title='bbox 93 2932 251 2980; x_wconf 84' lang='lat' dir='ltr'>eiusque</span> <span class='ocrx_word' id='word_1_339' title='bbox 267 2933 465 2981; x_wconf 86' lang='lat' dir='ltr'>praecipui</span> <span class='ocrx_word' id='word_1_340' title='bbox 481 2935 661 2969; x_wconf 86' lang='lat' dir='ltr'>auctores</span> <span class='ocrx_word' id='word_1_341' title='bbox 670 2934 709 2970; x_wconf 91' lang='lat' dir='ltr'>et</span> <span class='ocrx_word' id='word_1_342' title='bbox 722 2933 906 2978; x_wconf 86' lang='lat' dir='ltr'>fautores,</span> <span class='ocrx_word' id='word_1_343' title='bbox 920 2933 1041 2969; x_wconf 88' lang='lat' dir='ltr'>Theo-</span> 
     </span>
     <span class='ocr_line' id='line_1_55' title="bbox 94 2984 1043 3033; baseline 0 -11"><span class='ocrx_word' id='word_1_344' title='bbox 94 2984 210 3022; x_wconf 86' lang='lat' dir='ltr'>dorus</span> <span class='ocrx_word' id='word_1_345' title='bbox 241 2985 549 3029; x_wconf 73' lang='lat' dir='ltr'>pharanitanus,</span> <span class='ocrx_word' id='word_1_346' title='bbox 579 2986 705 3033; x_wconf 75' lang='lat' dir='ltr'>Cyrus</span> <span class='ocrx_word' id='word_1_347' title='bbox 732 2985 1043 3029; x_wconf 82' lang='lat' dir='ltr'>Alexandrinus,</span> 
     </span>
    </p>
   </div>
   <div class='ocr_carea' id='block_1_5' title="bbox 96 3099 1046 3264">
    <p class='ocr_par' dir='ltr' id='par_1_7' title="bbox 137 3099 647 3139">
     <span class='ocr_line' id='line_1_56' title="bbox 137 3099 647 3139; baseline -0.008 -6"><span class='ocrx_word' id='word_1_348' title='bbox 137 3102 146 3124; x_wconf 82' lang='lat'><strong>¹</strong></span> <span class='ocrx_word' id='word_1_349' title='bbox 164 3102 276 3139; x_wconf 80' lang='lat' dir='ltr'>Labbe,</span> <span class='ocrx_word' id='word_1_350' title='bbox 294 3101 417 3135; x_wconf 81' lang='lat' dir='ltr'>Concil.</span> <span class='ocrx_word' id='word_1_351' title='bbox 433 3104 450 3131; x_wconf 85' lang='lat' dir='ltr'>t.</span> <span class='ocrx_word' id='word_1_352' title='bbox 467 3102 517 3137; x_wconf 76' lang='lat' dir='ltr'>vi,</span> <span class='ocrx_word' id='word_1_353' title='bbox 537 3109 562 3139; x_wconf 75' lang='lat' dir='ltr'>p.</span> <span class='ocrx_word' id='word_1_354' title='bbox 578 3099 647 3131; x_wconf 70' lang='lat'>231.</span> 
     </span>
    </p>

    <p class='ocr_par' dir='ltr' id='par_1_8' title="bbox 96 3138 1046 3264">
     <span class='ocr_line' id='line_1_57' title="bbox 138 3138 1046 3181; baseline -0.003 -7"><span class='ocrx_word' id='word_1_355' title='bbox 138 3143 152 3164; x_wconf 72' lang='lat'>‘²</span> <span class='ocrx_word' id='word_1_356' title='bbox 169 3143 282 3174; x_wconf 86' lang='lat' dir='ltr'>Deinde</span> <span class='ocrx_word' id='word_1_357' title='bbox 305 3138 481 3178; x_wconf 80' lang='lat' dir='ltr'>accusatus‘,</span> <span class='ocrx_word' id='word_1_358' title='bbox 507 3142 588 3181; x_wconf 80' lang='lat' dir='ltr'>qnod</span> <span class='ocrx_word' id='word_1_359' title='bbox 607 3139 833 3179; x_wconf 69' lang='lat' dir='ltr'>irrequlariler</span> <span class='ocrx_word' id='word_1_360' title='bbox 849 3142 879 3170; x_wconf 82' lang='lat' dir='ltr'>et</span> <span class='ocrx_word' id='word_1_361' title='bbox 893 3139 962 3170; x_wconf 76' lang='lat' dir='ltr'>sine</span> <span class='ocrx_word' id='word_1_362' title='bbox 979 3140 1046 3178; x_wconf 66' lang='lat' dir='ltr'>lene</span> 
     </span>
     <span class='ocr_line' id='line_1_58' title="bbox 97 3180 1044 3224; baseline -0.004 -8"><span class='ocrx_word' id='word_1_363' title='bbox 97 3183 323 3224; x_wconf 75' lang='lat' dir='ltr'>Episcopalum</span> <span class='ocrx_word' id='word_1_364' title='bbox 338 3184 553 3223; x_wconf 74' lang='lat' dir='ltr'>surripuisset.</span> <span class='ocrx_word' id='word_1_365' title='bbox 570 3182 632 3212; x_wconf 72' lang='lat' dir='ltr'>Vid.</span> <span class='ocrx_word' id='word_1_366' title='bbox 651 3182 716 3212; x_wconf 84' lang='lat' dir='ltr'>cius</span> <span class='ocrx_word' id='word_1_367' title='bbox 734 3180 832 3220; x_wconf 70' lang='lat' dir='ltr'>Epist.</span> <span class='ocrx_word' id='word_1_368' title='bbox 852 3180 888 3211; x_wconf 86' lang='lat'>15</span> <span class='ocrx_word' id='word_1_369' title='bbox 909 3190 959 3220; x_wconf 89' lang='lat' dir='ltr'>ap.</span> <span class='ocrx_word' id='word_1_370' title='bbox 972 3182 1044 3212; x_wconf 86' lang='lat' dir='ltr'>Lab-</span> 
     </span>
     <span class='ocr_line' id='line_1_59' title="bbox 96 3224 487 3264; baseline -0.003 -9"><span class='ocrx_word' id='word_1_371' title='bbox 96 3224 144 3264; x_wconf 90' lang='lat' dir='ltr'>be,</span> <span class='ocrx_word' id='word_1_372' title='bbox 162 3224 278 3258; x_wconf 76' lang='lat' dir='ltr'>Concae&#39;l.</span> <span class='ocrx_word' id='word_1_373' title='bbox 296 3229 314 3256; x_wconf 91' lang='lat' dir='ltr'>t.</span> <span class='ocrx_word' id='word_1_374' title='bbox 332 3226 377 3263; x_wconf 87' lang='lat' dir='ltr'>Vl,</span> <span class='ocrx_word' id='word_1_375' title='bbox 393 3234 422 3264; x_wconf 89' lang='lat' dir='ltr'>p.</span> <span class='ocrx_word' id='word_1_376' title='bbox 438 3224 487 3255; x_wconf 79' lang='grc'>65.</span> 
     </span>
    </p>
   </div>
   <div class='ocr_carea' id='block_1_6' title="bbox 1064 388 2026 2134">
    <p class='ocr_par' dir='ltr' id='par_1_9' title="bbox 1064 388 2016 588">
     <span class='ocr_line' id='line_1_60' title="bbox 1064 388 2016 441; baseline -0.003 -13"><span class='ocrx_word' id='word_1_377' title='bbox 1064 392 1102 429; x_wconf 90' lang='lat' dir='ltr'>in</span> <span class='ocrx_word' id='word_1_378' title='bbox 1136 394 1335 441; x_wconf 85' lang='lat' dir='ltr'>utriusque</span> <span class='ocrx_word' id='word_1_379' title='bbox 1365 393 1468 430; x_wconf 86' lang='lat' dir='ltr'>orbis</span> <span class='ocrx_word' id='word_1_380' title='bbox 1498 390 1708 441; x_wconf 87' lang='lat' dir='ltr'>provinciis</span> <span class='ocrx_word' id='word_1_381' title='bbox 1734 388 2016 438; x_wconf 80' lang='lat' dir='ltr'>promulganda</span> 
     </span>
     <span class='ocr_line' id='line_1_61' title="bbox 1065 441 2015 493; baseline -0.004 -12"><span class='ocrx_word' id='word_1_382' title='bbox 1065 446 1233 492; x_wconf 84' lang='lat' dir='ltr'>curavit,</span> <span class='ocrx_word' id='word_1_383' title='bbox 1263 446 1477 493; x_wconf 81' lang='lat' dir='ltr'>litterisque</span> <span class='ocrx_word' id='word_1_384' title='bbox 1505 443 1712 492; x_wconf 76' lang='lat' dir='ltr'>encyclicis</span> <span class='ocrx_word' id='word_1_385' title='bbox 1732 453 1862 479; x_wconf 90' lang='lat' dir='ltr'>omnes</span> <span class='ocrx_word' id='word_1_386' title='bbox 1882 441 2015 478; x_wconf 85' lang='lat' dir='ltr'>fideles</span> 
     </span>
     <span class='ocr_line' id='line_1_62' title="bbox 1068 494 2012 545; baseline -0.003 -12"><span class='ocrx_word' id='word_1_387' title='bbox 1068 498 1236 545; x_wconf 90' lang='lat' dir='ltr'>monuit,</span> <span class='ocrx_word' id='word_1_388' title='bbox 1266 502 1309 535; x_wconf 89' lang='lat' dir='ltr'>ut</span> <span class='ocrx_word' id='word_1_389' title='bbox 1334 498 1405 536; x_wconf 84' lang='lat' dir='ltr'>sibi</span> <span class='ocrx_word' id='word_1_390' title='bbox 1431 510 1454 535; x_wconf 89' lang='lat' dir='ltr'>a</span> <span class='ocrx_word' id='word_1_391' title='bbox 1474 498 1660 535; x_wconf 85' lang='lat' dir='ltr'>damnata</span> <span class='ocrx_word' id='word_1_392' title='bbox 1688 494 1864 533; x_wconf 87' lang='lat' dir='ltr'>doctrina</span> <span class='ocrx_word' id='word_1_393' title='bbox 1893 505 2012 531; x_wconf 88' lang='lat' dir='ltr'>cave-</span> 
     </span>
     <span class='ocr_line' id='line_1_63' title="bbox 1066 549 1198 588; baseline 0.015 -2"><span class='ocrx_word' id='word_1_394' title='bbox 1066 552 1152 587; x_wconf 84' lang='lat' dir='ltr'>rent</span> <span class='ocrx_word' id='word_1_395' title='bbox 1172 549 1198 588; x_wconf 74' lang='lat'>².</span> 
     </span>
    </p>

    <p class='ocr_par' dir='ltr' id='par_1_10' title="bbox 1066 600 2021 1487">
     <span class='ocr_line' id='line_1_64' title="bbox 1120 600 2015 651; baseline -0.004 -12"><span class='ocrx_word' id='word_1_396' title='bbox 1120 602 1194 639; x_wconf 88' lang='lat' dir='ltr'>Ubi</span> <span class='ocrx_word' id='word_1_397' title='bbox 1223 602 1319 640; x_wconf 84' lang='lat' dir='ltr'>haec</span> <span class='ocrx_word' id='word_1_398' title='bbox 1349 603 1530 651; x_wconf 73' lang='lat' dir='ltr'>cognovit</span> <span class='ocrx_word' id='word_1_399' title='bbox 1559 602 1748 639; x_wconf 85' lang='lat' dir='ltr'>Constans</span> <span class='ocrx_word' id='word_1_400' title='bbox 1777 600 2015 649; x_wconf 88' lang='lat' dir='ltr'>imperator,</span> 
     </span>
     <span class='ocr_line' id='line_1_65' title="bbox 1066 653 2017 704; baseline -0.002 -13"><span class='ocrx_word' id='word_1_401' title='bbox 1066 656 1269 693; x_wconf 88' lang='lat' dir='ltr'>mandavit</span> <span class='ocrx_word' id='word_1_402' title='bbox 1288 655 1484 704; x_wconf 85' lang='lat' dir='ltr'>Calliopae</span> <span class='ocrx_word' id='word_1_403' title='bbox 1505 654 1748 692; x_wconf 82' lang='lat' dir='ltr'>Ravennatis</span> <span class='ocrx_word' id='word_1_404' title='bbox 1769 653 1950 699; x_wconf 78' lang='lat' dir='ltr'>exarcho,</span> <span class='ocrx_word' id='word_1_405' title='bbox 1973 654 2017 689; x_wconf 89' lang='lat' dir='ltr'>ut</span> 
     </span>
     <span class='ocr_line' id='line_1_66' title="bbox 1069 705 2016 756; baseline -0.002 -12"><span class='ocrx_word' id='word_1_406' title='bbox 1069 708 1283 745; x_wconf 78' lang='lat' dir='ltr'>Martinam</span> <span class='ocrx_word' id='word_1_407' title='bbox 1304 707 1676 756; x_wconf 88' lang='lat' dir='ltr'>Constantinopolim</span> <span class='ocrx_word' id='word_1_408' title='bbox 1705 707 1949 755; x_wconf 89' lang='lat' dir='ltr'>perduceret.</span> <span class='ocrx_word' id='word_1_409' title='bbox 1981 705 2016 742; x_wconf 79' lang='lat' dir='ltr'>Is</span> 
     </span>
     <span class='ocr_line' id='line_1_67' title="bbox 1067 758 2016 798; baseline -0.002 -1"><span class='ocrx_word' id='word_1_410' title='bbox 1067 772 1152 797; x_wconf 89' lang='lat' dir='ltr'>cum</span> <span class='ocrx_word' id='word_1_411' title='bbox 1176 761 1336 798; x_wconf 89' lang='lat' dir='ltr'>militari</span> <span class='ocrx_word' id='word_1_412' title='bbox 1362 772 1479 798; x_wconf 89' lang='lat' dir='ltr'>manu</span> <span class='ocrx_word' id='word_1_413' title='bbox 1501 759 1860 797; x_wconf 85' lang='lat' dir='ltr'>Constantinianam</span> <span class='ocrx_word' id='word_1_414' title='bbox 1881 758 2016 795; x_wconf 85' lang='lat' dir='ltr'>aedem</span> 
     </span>
     <span class='ocr_line' id='line_1_68' title="bbox 1066 811 2015 861; baseline -0.002 -12"><span class='ocrx_word' id='word_1_415' title='bbox 1066 813 1278 861; x_wconf 82' lang='lat' dir='ltr'>ingressus,</span> <span class='ocrx_word' id='word_1_416' title='bbox 1300 815 1481 850; x_wconf 84' lang='lat' dir='ltr'>sanctum</span> <span class='ocrx_word' id='word_1_417' title='bbox 1504 812 1734 850; x_wconf 84' lang='lat' dir='ltr'>Pontificem</span> <span class='ocrx_word' id='word_1_418' title='bbox 1756 811 1844 849; x_wconf 88' lang='lat' dir='ltr'>inde</span> <span class='ocrx_word' id='word_1_419' title='bbox 1865 812 2015 848; x_wconf 84' lang='lat' dir='ltr'>abstra-</span> 
     </span>
     <span class='ocr_line' id='line_1_69' title="bbox 1068 864 2016 915; baseline -0.002 -13"><span class='ocrx_word' id='word_1_420' title='bbox 1068 866 1137 911; x_wconf 84' lang='lat' dir='ltr'>xit,</span> <span class='ocrx_word' id='word_1_421' title='bbox 1160 867 1327 915; x_wconf 81' lang='lat' dir='ltr'>navique</span> <span class='ocrx_word' id='word_1_422' title='bbox 1347 866 1570 914; x_wconf 88' lang='lat' dir='ltr'>impositum</span> <span class='ocrx_word' id='word_1_423' title='bbox 1593 865 1630 901; x_wconf 92' lang='lat' dir='ltr'>in</span> <span class='ocrx_word' id='word_1_424' title='bbox 1661 865 1828 901; x_wconf 87' lang='lat' dir='ltr'>insulam</span> <span class='ocrx_word' id='word_1_425' title='bbox 1858 864 2016 901; x_wconf 84' lang='lat' dir='ltr'>Naxum</span> 
     </span>
     <span class='ocr_line' id='line_1_70' title="bbox 1066 916 2016 965; baseline -0.003 -9"><span class='ocrx_word' id='word_1_426' title='bbox 1066 920 1243 965; x_wconf 77' lang='lat' dir='ltr'>abduxit,</span> <span class='ocrx_word' id='word_1_427' title='bbox 1262 919 1325 956; x_wconf 91' lang='lat' dir='ltr'>ubi</span> <span class='ocrx_word' id='word_1_428' title='bbox 1342 918 1551 963; x_wconf 83' lang='lat' dir='ltr'>Martinus,</span> <span class='ocrx_word' id='word_1_429' title='bbox 1569 917 1752 955; x_wconf 84' lang='lat' dir='ltr'>continua</span> <span class='ocrx_word' id='word_1_430' title='bbox 1770 916 2016 965; x_wconf 82' lang='lat' dir='ltr'>aegritudine</span> 
     </span>
     <span class='ocr_line' id='line_1_71' title="bbox 1066 971 2017 1018; baseline -0.004 -9"><span class='ocrx_word' id='word_1_431' title='bbox 1066 972 1246 1018; x_wconf 81' lang='lat' dir='ltr'>afflictus,</span> <span class='ocrx_word' id='word_1_432' title='bbox 1266 983 1368 1009; x_wconf 88' lang='lat' dir='ltr'>anno</span> <span class='ocrx_word' id='word_1_433' title='bbox 1388 971 1510 1009; x_wconf 87' lang='lat' dir='ltr'>solido</span> <span class='ocrx_word' id='word_1_434' title='bbox 1532 971 1714 1008; x_wconf 89' lang='lat' dir='ltr'>detentus</span> <span class='ocrx_word' id='word_1_435' title='bbox 1735 971 1804 1006; x_wconf 90' lang='lat' dir='ltr'>est.</span> <span class='ocrx_word' id='word_1_436' title='bbox 1823 971 2017 1007; x_wconf 91' lang='lat' dir='ltr'>Constan-</span> 
     </span>
     <span class='ocr_line' id='line_1_72' title="bbox 1067 1022 2018 1074; baseline -0.003 -13"><span class='ocrx_word' id='word_1_437' title='bbox 1067 1025 1268 1074; x_wconf 90' lang='lat' dir='ltr'>tinopolim</span> <span class='ocrx_word' id='word_1_438' title='bbox 1296 1025 1500 1073; x_wconf 88' lang='lat' dir='ltr'>perductus</span> <span class='ocrx_word' id='word_1_439' title='bbox 1518 1053 1527 1070; x_wconf 86' lang='lat'>,</span> <span class='ocrx_word' id='word_1_440' title='bbox 1556 1023 1594 1060; x_wconf 91' lang='lat' dir='ltr'>in</span> <span class='ocrx_word' id='word_1_441' title='bbox 1626 1022 1785 1059; x_wconf 82' lang='lat' dir='ltr'>vincula</span> <span class='ocrx_word' id='word_1_442' title='bbox 1818 1022 2018 1059; x_wconf 80' lang='lat' dir='ltr'>coniectus</span> 
     </span>
     <span class='ocr_line' id='line_1_73' title="bbox 1067 1074 2018 1125; baseline -0.004 -10"><span class='ocrx_word' id='word_1_443' title='bbox 1067 1077 1153 1115; x_wconf 88' lang='lat' dir='ltr'>fuit.</span> <span class='ocrx_word' id='word_1_444' title='bbox 1176 1078 1273 1115; x_wconf 91' lang='lat' dir='ltr'>Dein</span> <span class='ocrx_word' id='word_1_445' title='bbox 1296 1078 1334 1114; x_wconf 90' lang='lat' dir='ltr'>in</span> <span class='ocrx_word' id='word_1_446' title='bbox 1355 1077 1416 1114; x_wconf 87' lang='lat' dir='ltr'>ius</span> <span class='ocrx_word' id='word_1_447' title='bbox 1438 1080 1572 1125; x_wconf 87' lang='lat' dir='ltr'>raptus</span> <span class='ocrx_word' id='word_1_448' title='bbox 1592 1078 1632 1113; x_wconf 91' lang='lat' dir='ltr'>et</span> <span class='ocrx_word' id='word_1_449' title='bbox 1652 1075 1780 1112; x_wconf 88' lang='lat' dir='ltr'>laesae</span> <span class='ocrx_word' id='word_1_450' title='bbox 1802 1074 2018 1112; x_wconf 88' lang='lat' dir='ltr'>maiestatis</span> 
     </span>
     <span class='ocr_line' id='line_1_74' title="bbox 1067 1127 2017 1175; baseline -0.005 -7"><span class='ocrx_word' id='word_1_451' title='bbox 1067 1131 1166 1168; x_wconf 84' lang='lat' dir='ltr'>falso</span> <span class='ocrx_word' id='word_1_452' title='bbox 1188 1133 1413 1175; x_wconf 88' lang='lat' dir='ltr'>accusatus,</span> <span class='ocrx_word' id='word_1_453' title='bbox 1434 1129 1539 1166; x_wconf 87' lang='lat' dir='ltr'>omni</span> <span class='ocrx_word' id='word_1_454' title='bbox 1560 1127 1795 1166; x_wconf 88' lang='lat' dir='ltr'>calamitatis</span> <span class='ocrx_word' id='word_1_455' title='bbox 1817 1132 1857 1165; x_wconf 88' lang='lat' dir='ltr'>et</span> <span class='ocrx_word' id='word_1_456' title='bbox 1876 1130 2017 1164; x_wconf 89' lang='lat' dir='ltr'>contu-</span> 
     </span>
     <span class='ocr_line' id='line_1_75' title="bbox 1069 1179 2017 1233; baseline -0.004 -12"><span class='ocrx_word' id='word_1_457' title='bbox 1069 1184 1206 1221; x_wconf 90' lang='lat' dir='ltr'>meliae</span> <span class='ocrx_word' id='word_1_458' title='bbox 1216 1195 1361 1233; x_wconf 78' lang='lat' dir='ltr'>genere</span> <span class='ocrx_word' id='word_1_459' title='bbox 1373 1183 1536 1220; x_wconf 87' lang='lat' dir='ltr'>affectus</span> <span class='ocrx_word' id='word_1_460' title='bbox 1548 1184 1617 1219; x_wconf 88' lang='lat' dir='ltr'>est.</span> <span class='ocrx_word' id='word_1_461' title='bbox 1633 1180 1806 1228; x_wconf 89' lang='lat' dir='ltr'>Denique</span> <span class='ocrx_word' id='word_1_462' title='bbox 1821 1192 1891 1229; x_wconf 87' lang='lat' dir='ltr'>ope</span> <span class='ocrx_word' id='word_1_463' title='bbox 1902 1179 2017 1217; x_wconf 90' lang='lat' dir='ltr'>Pauli</span> 
     </span>
     <span class='ocr_line' id='line_1_76' title="bbox 1069 1233 2019 1285; baseline -0.005 -11"><span class='ocrx_word' id='word_1_464' title='bbox 1069 1237 1149 1285; x_wconf 90' lang='lat' dir='ltr'>Cp.,</span> <span class='ocrx_word' id='word_1_465' title='bbox 1170 1249 1287 1285; x_wconf 87' lang='lat' dir='ltr'>quem</span> <span class='ocrx_word' id='word_1_466' title='bbox 1310 1238 1396 1273; x_wconf 90' lang='lat' dir='ltr'>utut</span> <span class='ocrx_word' id='word_1_467' title='bbox 1417 1234 1712 1273; x_wconf 88' lang='lat' dir='ltr'>monothelitam</span> <span class='ocrx_word' id='word_1_468' title='bbox 1731 1233 1931 1271; x_wconf 87' lang='lat' dir='ltr'>Pontificis</span> <span class='ocrx_word' id='word_1_469' title='bbox 1946 1233 2019 1270; x_wconf 87' lang='lat' dir='ltr'>mi-</span> 
     </span>
     <span class='ocr_line' id='line_1_77' title="bbox 1068 1286 2019 1338; baseline -0.005 -11"><span class='ocrx_word' id='word_1_470' title='bbox 1068 1290 1241 1336; x_wconf 81' lang='lat' dir='ltr'>serebat,</span> <span class='ocrx_word' id='word_1_471' title='bbox 1263 1289 1366 1327; x_wconf 88' lang='lat' dir='ltr'>necis</span> <span class='ocrx_word' id='word_1_472' title='bbox 1387 1288 1560 1338; x_wconf 89' lang='lat' dir='ltr'>periculo</span> <span class='ocrx_word' id='word_1_473' title='bbox 1581 1289 1762 1336; x_wconf 89' lang='lat' dir='ltr'>ereptus,</span> <span class='ocrx_word' id='word_1_474' title='bbox 1786 1286 1825 1323; x_wconf 90' lang='lat' dir='ltr'>in</span> <span class='ocrx_word' id='word_1_475' title='bbox 1850 1286 2019 1323; x_wconf 88' lang='lat' dir='ltr'>Cherso-</span> 
     </span>
     <span class='ocr_line' id='line_1_78' title="bbox 1070 1338 2019 1389; baseline -0.006 -9"><span class='ocrx_word' id='word_1_476' title='bbox 1070 1355 1204 1380; x_wconf 90' lang='lat' dir='ltr'>nesum</span> <span class='ocrx_word' id='word_1_477' title='bbox 1233 1342 1425 1380; x_wconf 85' lang='lat' dir='ltr'>Thraciae</span> <span class='ocrx_word' id='word_1_478' title='bbox 1455 1342 1655 1389; x_wconf 82' lang='lat' dir='ltr'>relegatus</span> <span class='ocrx_word' id='word_1_479' title='bbox 1676 1339 1772 1384; x_wconf 88' lang='lat' dir='ltr'>fuit,</span> <span class='ocrx_word' id='word_1_480' title='bbox 1796 1338 1858 1376; x_wconf 91' lang='lat' dir='ltr'>ubi</span> <span class='ocrx_word' id='word_1_481' title='bbox 1878 1338 2019 1375; x_wconf 82' lang='lat' dir='ltr'>Eccle-</span> 
     </span>
     <span class='ocr_line' id='line_1_79' title="bbox 1067 1391 2021 1445; baseline -0.006 -12"><span class='ocrx_word' id='word_1_482' title='bbox 1067 1396 1146 1433; x_wconf 87' lang='lat' dir='ltr'>siae</span> <span class='ocrx_word' id='word_1_483' title='bbox 1169 1396 1423 1445; x_wconf 87' lang='lat' dir='ltr'>periclitantis</span> <span class='ocrx_word' id='word_1_484' title='bbox 1443 1395 1574 1432; x_wconf 83' lang='lat' dir='ltr'>dolose</span> <span class='ocrx_word' id='word_1_485' title='bbox 1595 1395 1634 1431; x_wconf 88' lang='lat' dir='ltr'>et</span> <span class='ocrx_word' id='word_1_486' title='bbox 1655 1392 1850 1430; x_wconf 89' lang='lat' dir='ltr'>aerumnis</span> <span class='ocrx_word' id='word_1_487' title='bbox 1867 1391 2021 1428; x_wconf 86' lang='lat' dir='ltr'>confec-</span> 
     </span>
     <span class='ocr_line' id='line_1_80' title="bbox 1067 1443 2019 1487; baseline -0.004 -1"><span class='ocrx_word' id='word_1_488' title='bbox 1067 1451 1132 1486; x_wconf 92' lang='lat' dir='ltr'>tus</span> <span class='ocrx_word' id='word_1_489' title='bbox 1149 1461 1210 1486; x_wconf 90' lang='lat' dir='ltr'>an.</span> <span class='ocrx_word' id='word_1_490' title='bbox 1223 1450 1301 1487; x_wconf 79' lang='lat'>655</span> <span class='ocrx_word' id='word_1_491' title='bbox 1317 1448 1404 1486; x_wconf 77' lang='lat' dir='ltr'>xvi⁰</span> <span class='ocrx_word' id='word_1_492' title='bbox 1416 1448 1570 1485; x_wconf 85' lang='lat' dir='ltr'>kalend.</span> <span class='ocrx_word' id='word_1_493' title='bbox 1584 1447 1729 1484; x_wconf 84' lang='lat' dir='ltr'>octobr.</span> <span class='ocrx_word' id='word_1_494' title='bbox 1743 1458 1763 1482; x_wconf 91' lang='lat' dir='ltr'>e</span> <span class='ocrx_word' id='word_1_495' title='bbox 1785 1445 1869 1482; x_wconf 88' lang='lat' dir='ltr'>vita</span> <span class='ocrx_word' id='word_1_496' title='bbox 1884 1444 1981 1481; x_wconf 79' lang='lat' dir='ltr'>exiit</span> <span class='ocrx_word' id='word_1_497' title='bbox 1993 1443 2019 1482; x_wconf 81' lang='lat'>³.</span> 
     </span>
    </p>

    <p class='ocr_par' dir='ltr' id='par_1_11' title="bbox 1068 1498 2026 2134">
     <span class='ocr_line' id='line_1_81' title="bbox 1125 1498 2020 1550; baseline -0.008 -10"><span class='ocrx_word' id='word_1_498' title='bbox 1125 1502 1183 1539; x_wconf 81' lang='grc'>16.</span> <span class='ocrx_word' id='word_1_499' title='bbox 1207 1503 1245 1540; x_wconf 83' lang='lat' dir='ltr'>S.</span> <span class='ocrx_word' id='word_1_500' title='bbox 1263 1502 1482 1550; x_wconf 68' lang='lat' dir='ltr'>anenms</span> <span class='ocrx_word' id='word_1_501' title='bbox 1502 1501 1525 1539; x_wconf 89' lang='lat' dir='ltr'><em>l</em></span> <span class='ocrx_word' id='word_1_502' title='bbox 1545 1498 1937 1548; x_wconf 71' lang='lat' dir='ltr'>Pontc&#39;feoe——Clerus</span> <span class='ocrx_word' id='word_1_503' title='bbox 1954 1509 2020 1534; x_wconf 87' lang='lat' dir='ltr'>ro-</span> 
     </span>
     <span class='ocr_line' id='line_1_82' title="bbox 1068 1549 2022 1604; baseline -0.007 -11"><span class='ocrx_word' id='word_1_504' title='bbox 1068 1567 1205 1593; x_wconf 87' lang='lat' dir='ltr'>manus</span> <span class='ocrx_word' id='word_1_505' title='bbox 1227 1556 1274 1592; x_wconf 85' lang='lat' dir='ltr'>ad</span> <span class='ocrx_word' id='word_1_506' title='bbox 1295 1555 1516 1604; x_wconf 79' lang='lat' dir='ltr'>eligendum</span> <span class='ocrx_word' id='word_1_507' title='bbox 1533 1553 1652 1590; x_wconf 89' lang='lat' dir='ltr'>alium</span> <span class='ocrx_word' id='word_1_508' title='bbox 1671 1551 1891 1600; x_wconf 86' lang='lat' dir='ltr'>pontificem</span> <span class='ocrx_word' id='word_1_509' title='bbox 1912 1549 1951 1587; x_wconf 90' lang='lat' dir='ltr'>in</span> <span class='ocrx_word' id='word_1_510' title='bbox 1968 1551 2022 1587; x_wconf 92' lang='lat' dir='ltr'>lo-</span> 
     </span>
     <span class='ocr_line' id='line_1_83' title="bbox 1072 1603 2021 1653; baseline -0.006 -8"><span class='ocrx_word' id='word_1_511' title='bbox 1072 1620 1158 1645; x_wconf 87' lang='lat' dir='ltr'>cum</span> <span class='ocrx_word' id='word_1_512' title='bbox 1180 1608 1375 1646; x_wconf 82' lang='lat' dir='ltr'>exulantis</span> <span class='ocrx_word' id='word_1_513' title='bbox 1396 1606 1558 1644; x_wconf 85' lang='lat' dir='ltr'>Martini</span> <span class='ocrx_word' id='word_1_514' title='bbox 1581 1620 1604 1643; x_wconf 84' lang='lat' dir='ltr'>a</span> <span class='ocrx_word' id='word_1_515' title='bbox 1636 1604 1812 1653; x_wconf 74' lang='lat' dir='ltr'>Calliope.</span> <span class='ocrx_word' id='word_1_516' title='bbox 1844 1603 2021 1652; x_wconf 86' lang='lat' dir='ltr'>compul-</span> 
     </span>
     <span class='ocr_line' id='line_1_84' title="bbox 1073 1658 2021 1708; baseline -0.005 -10"><span class='ocrx_word' id='word_1_517' title='bbox 1073 1673 1152 1706; x_wconf 88' lang='lat' dir='ltr'>sus,</span> <span class='ocrx_word' id='word_1_518' title='bbox 1173 1664 1351 1699; x_wconf 89' lang='lat' dir='ltr'>metuens</span> <span class='ocrx_word' id='word_1_519' title='bbox 1371 1672 1418 1698; x_wconf 90' lang='lat' dir='ltr'>ne</span> <span class='ocrx_word' id='word_1_520' title='bbox 1440 1660 1531 1708; x_wconf 90' lang='lat' dir='ltr'>ipsis</span> <span class='ocrx_word' id='word_1_521' title='bbox 1553 1658 1685 1696; x_wconf 86' lang='lat' dir='ltr'>invitis</span> <span class='ocrx_word' id='word_1_522' title='bbox 1705 1658 1866 1695; x_wconf 86' lang='lat' dir='ltr'>daretur</span> <span class='ocrx_word' id='word_1_523' title='bbox 1883 1668 2021 1693; x_wconf 87' lang='lat' dir='ltr'>mono-</span> 
     </span>
     <span class='ocr_line' id='line_1_85' title="bbox 1072 1710 2022 1759; baseline -0.005 -9"><span class='ocrx_word' id='word_1_524' title='bbox 1072 1714 1232 1751; x_wconf 87' lang='lat' dir='ltr'>thelitae</span> <span class='ocrx_word' id='word_1_525' title='bbox 1253 1725 1450 1752; x_wconf 88' lang='lat' dir='ltr'>summum</span> <span class='ocrx_word' id='word_1_526' title='bbox 1473 1712 1670 1750; x_wconf 87' lang='lat' dir='ltr'>Ecclesiae</span> <span class='ocrx_word' id='word_1_527' title='bbox 1691 1711 1880 1759; x_wconf 78' lang='lat' dir='ltr'>regimen,</span> <span class='ocrx_word' id='word_1_528' title='bbox 1901 1710 2022 1758; x_wconf 90' lang='lat' dir='ltr'>quod,</span> 
     </span>
     <span class='ocr_line' id='line_1_86' title="bbox 1071 1763 2023 1811; baseline -0.006 -7"><span class='ocrx_word' id='word_1_529' title='bbox 1071 1767 1232 1804; x_wconf 87' lang='lat' dir='ltr'>absente</span> <span class='ocrx_word' id='word_1_530' title='bbox 1254 1767 1315 1804; x_wconf 85' lang='lat' dir='ltr'>vel</span> <span class='ocrx_word' id='word_1_531' title='bbox 1331 1766 1512 1804; x_wconf 83' lang='lat' dir='ltr'>defuncto</span> <span class='ocrx_word' id='word_1_532' title='bbox 1529 1763 1735 1809; x_wconf 87' lang='lat' dir='ltr'>Pontifice,</span> <span class='ocrx_word' id='word_1_533' title='bbox 1750 1763 2023 1811; x_wconf 83' lang='lat' dir='ltr'>archipresby-</span> 
     </span>
     <span class='ocr_line' id='line_1_87' title="bbox 1075 1816 2023 1866; baseline -0.006 -9"><span class='ocrx_word' id='word_1_534' title='bbox 1075 1827 1149 1866; x_wconf 88' lang='lat' dir='ltr'>ter,</span> <span class='ocrx_word' id='word_1_535' title='bbox 1171 1820 1467 1857; x_wconf 81' lang='lat' dir='ltr'>archidiaconus</span> <span class='ocrx_word' id='word_1_536' title='bbox 1488 1821 1528 1856; x_wconf 91' lang='lat' dir='ltr'>et</span> <span class='ocrx_word' id='word_1_537' title='bbox 1549 1817 1792 1866; x_wconf 88' lang='lat' dir='ltr'>primicerius</span> <span class='ocrx_word' id='word_1_538' title='bbox 1811 1816 2023 1864; x_wconf 82' lang='lat' dir='ltr'>gerebant,</span> 
     </span>
     <span class='ocr_line' id='line_1_88' title="bbox 1072 1868 2023 1922; baseline -0.006 -12"><span class='ocrx_word' id='word_1_539' title='bbox 1072 1873 1269 1922; x_wconf 81' lang='lat' dir='ltr'>delegavit</span> <span class='ocrx_word' id='word_1_540' title='bbox 1289 1872 1477 1921; x_wconf 81' lang='lat' dir='ltr'>Eugenio,</span> <span class='ocrx_word' id='word_1_541' title='bbox 1497 1870 1616 1908; x_wconf 86' lang='lat' dir='ltr'>inscio</span> <span class='ocrx_word' id='word_1_542' title='bbox 1637 1868 1816 1918; x_wconf 87' lang='lat' dir='ltr'>primum,</span> <span class='ocrx_word' id='word_1_543' title='bbox 1845 1869 1912 1906; x_wconf 90' lang='lat' dir='ltr'>sed</span> <span class='ocrx_word' id='word_1_544' title='bbox 1933 1880 2023 1905; x_wconf 80' lang='lat' dir='ltr'>mox</span> 
     </span>
     <span class='ocr_line' id='line_1_89' title="bbox 1072 1921 2026 1970; baseline -0.006 -8"><span class='ocrx_word' id='word_1_545' title='bbox 1072 1926 1338 1963; x_wconf 88' lang='lat' dir='ltr'>consentiente</span> <span class='ocrx_word' id='word_1_546' title='bbox 1351 1924 1520 1963; x_wconf 85' lang='lat' dir='ltr'>Martino</span> <span class='ocrx_word' id='word_1_547' title='bbox 1530 1921 1911 1970; x_wconf 74' lang='lat' dir='ltr'>⁴.Dig1uisfuitquis.</span> <span class='ocrx_word' id='word_1_548' title='bbox 1924 1921 2026 1958; x_wconf 84' lang='lat' dir='ltr'>Mar-</span> 
     </span>
     <span class='ocr_line' id='line_1_90' title="bbox 1072 1973 2024 2027; baseline -0.006 -11"><span class='ocrx_word' id='word_1_549' title='bbox 1072 1979 1143 2016; x_wconf 87' lang='lat' dir='ltr'>tini</span> <span class='ocrx_word' id='word_1_550' title='bbox 1164 1979 1291 2016; x_wconf 90' lang='lat' dir='ltr'>locum</span> <span class='ocrx_word' id='word_1_551' title='bbox 1312 1980 1534 2027; x_wconf 87' lang='lat' dir='ltr'>occuparet,</span> <span class='ocrx_word' id='word_1_552' title='bbox 1555 1989 1584 2014; x_wconf 92' lang='lat' dir='ltr'>s.</span> <span class='ocrx_word' id='word_1_553' title='bbox 1609 1975 1807 2023; x_wconf 81' lang='lat' dir='ltr'>Eugenius</span> <span class='ocrx_word' id='word_1_554' title='bbox 1828 1974 1864 2020; x_wconf 92' lang='lat' dir='ltr'>I,</span> <span class='ocrx_word' id='word_1_555' title='bbox 1885 1974 1932 2011; x_wconf 89' lang='lat' dir='ltr'>ab</span> <span class='ocrx_word' id='word_1_556' title='bbox 1962 1973 2024 2010; x_wconf 89' lang='lat' dir='ltr'>in-</span> 
     </span>
     <span class='ocr_line' id='line_1_91' title="bbox 1072 2026 2026 2076; baseline -0.006 -7"><span class='ocrx_word' id='word_1_557' title='bbox 1072 2031 1274 2069; x_wconf 89' lang='lat' dir='ltr'>cunabulis</span> <span class='ocrx_word' id='word_1_558' title='bbox 1294 2043 1454 2068; x_wconf 87' lang='lat' dir='ltr'>romano</span> <span class='ocrx_word' id='word_1_559' title='bbox 1472 2030 1582 2068; x_wconf 90' lang='lat' dir='ltr'>Clero</span> <span class='ocrx_word' id='word_1_560' title='bbox 1602 2028 1821 2076; x_wconf 88' lang='lat' dir='ltr'>adscriptus</span> <span class='ocrx_word' id='word_1_561' title='bbox 1836 2026 1863 2073; x_wconf 77' lang='lat'>⁵3</span> <span class='ocrx_word' id='word_1_562' title='bbox 1879 2027 1946 2064; x_wconf 86' lang='lat' dir='ltr'>sed</span> <span class='ocrx_word' id='word_1_563' title='bbox 1962 2039 2026 2063; x_wconf 87' lang='lat' dir='ltr'>an-</span> 
     </span>
     <span class='ocr_line' id='line_1_92' title="bbox 1074 2081 2026 2134; baseline -0.006 -12"><span class='ocrx_word' id='word_1_564' title='bbox 1074 2096 1123 2121; x_wconf 92' lang='lat' dir='ltr'>no</span> <span class='ocrx_word' id='word_1_565' title='bbox 1142 2085 1310 2122; x_wconf 88' lang='lat' dir='ltr'>secundo</span> <span class='ocrx_word' id='word_1_566' title='bbox 1331 2086 1418 2134; x_wconf 90' lang='lat' dir='ltr'>post</span> <span class='ocrx_word' id='word_1_567' title='bbox 1439 2085 1483 2121; x_wconf 89' lang='lat' dir='ltr'>D.</span> <span class='ocrx_word' id='word_1_568' title='bbox 1506 2081 1665 2121; x_wconf 84' lang='lat' dir='ltr'>Martini</span> <span class='ocrx_word' id='word_1_569' title='bbox 1687 2082 1835 2118; x_wconf 88' lang='lat' dir='ltr'>obitum</span> <span class='ocrx_word' id='word_1_570' title='bbox 1856 2081 2026 2117; x_wconf 88' lang='lat' dir='ltr'>nondum</span> 
     </span>
    </p>
   </div>
   <div class='ocr_carea' id='block_1_7' title="bbox 1075 2229 2039 3260">
    <p class='ocr_par' dir='ltr' id='par_1_12' title="bbox 1075 2229 2030 2520">
     <span class='ocr_line' id='line_1_93' title="bbox 1117 2229 2027 2268; baseline -0.01 -1"><span class='ocrx_word' id='word_1_571' title='bbox 1117 2235 1125 2257; x_wconf 94' lang='lat'><strong>¹</strong></span> <span class='ocrx_word' id='word_1_572' title='bbox 1146 2236 1207 2266; x_wconf 86' lang='lat' dir='ltr'>Hoc</span> <span class='ocrx_word' id='word_1_573' title='bbox 1232 2236 1360 2266; x_wconf 82' lang='lat' dir='ltr'>interest</span> <span class='ocrx_word' id='word_1_574' title='bbox 1383 2234 1462 2264; x_wconf 79' lang='lat' dir='ltr'>inter</span> <span class='ocrx_word' id='word_1_575' title='bbox 1485 2231 1633 2264; x_wconf 76' lang='lat' dir='ltr'>Ecthesin</span> <span class='ocrx_word' id='word_1_576' title='bbox 1657 2229 1810 2268; x_wconf 85' lang='lat' dir='ltr'>Heraclii,</span> <span class='ocrx_word' id='word_1_577' title='bbox 1834 2238 1870 2260; x_wconf 89' lang='lat' dir='ltr'>ac</span> <span class='ocrx_word' id='word_1_578' title='bbox 1899 2229 2027 2268; x_wconf 69' lang='lat' dir='ltr'>Typum</span> 
     </span>
     <span class='ocr_line' id='line_1_94' title="bbox 1075 2270 2025 2316; baseline -0.011 -8"><span class='ocrx_word' id='word_1_579' title='bbox 1075 2277 1261 2312; x_wconf 83' lang='lat' dir='ltr'>Constantis,</span> <span class='ocrx_word' id='word_1_580' title='bbox 1287 2276 1368 2316; x_wconf 86' lang='lat' dir='ltr'>qnod</span> <span class='ocrx_word' id='word_1_581' title='bbox 1396 2274 1540 2305; x_wconf 58' lang='lat' dir='ltr'>Ectliesis</span> <span class='ocrx_word' id='word_1_582' title='bbox 1566 2277 1626 2304; x_wconf 84' lang='lat' dir='ltr'>tam</span> <span class='ocrx_word' id='word_1_583' title='bbox 1654 2281 1758 2308; x_wconf 87' lang='lat' dir='ltr'>unam,</span> <span class='ocrx_word' id='word_1_584' title='bbox 1784 2280 1875 2310; x_wconf 80' lang='lat' dir='ltr'>quam</span> <span class='ocrx_word' id='word_1_585' title='bbox 1902 2271 1980 2300; x_wconf 78' lang='lat' dir='ltr'>duas</span> <span class='ocrx_word' id='word_1_586' title='bbox 1997 2270 2025 2299; x_wconf 93' lang='lat' dir='ltr'>in</span> 
     </span>
     <span class='ocr_line' id='line_1_95' title="bbox 1076 2314 2027 2357; baseline -0.009 -8"><span class='ocrx_word' id='word_1_587' title='bbox 1076 2318 1196 2349; x_wconf 84' lang='lat' dir='ltr'>Christo</span> <span class='ocrx_word' id='word_1_588' title='bbox 1214 2318 1409 2357; x_wconf 83' lang='lat' dir='ltr'>operationes</span> <span class='ocrx_word' id='word_1_589' title='bbox 1426 2315 1486 2346; x_wconf 85' lang='lat' dir='ltr'>dici</span> <span class='ocrx_word' id='word_1_590' title='bbox 1501 2318 1592 2350; x_wconf 84' lang='lat' dir='ltr'>vetat,</span> <span class='ocrx_word' id='word_1_591' title='bbox 1610 2314 1801 2344; x_wconf 86' lang='lat' dir='ltr'>voluntatem</span> <span class='ocrx_word' id='word_1_592' title='bbox 1824 2316 1922 2342; x_wconf 83' lang='lat' dir='ltr'>tamen</span> <span class='ocrx_word' id='word_1_593' title='bbox 1937 2320 2027 2341; x_wconf 84' lang='lat' dir='ltr'>unam</span> 
     </span>
     <span class='ocr_line' id='line_1_96' title="bbox 1076 2352 2030 2399; baseline -0.009 -9"><span class='ocrx_word' id='word_1_594' title='bbox 1076 2360 1251 2399; x_wconf 83' lang='lat' dir='ltr'>profitetur:</span> <span class='ocrx_word' id='word_1_595' title='bbox 1287 2359 1398 2399; x_wconf 75' lang='lat' dir='ltr'>Typus</span> <span class='ocrx_word' id='word_1_596' title='bbox 1422 2366 1493 2387; x_wconf 87' lang='lat' dir='ltr'>vero</span> <span class='ocrx_word' id='word_1_597' title='bbox 1518 2365 1573 2386; x_wconf 85' lang='lat' dir='ltr'>nec</span> <span class='ocrx_word' id='word_1_598' title='bbox 1606 2355 1789 2385; x_wconf 80' lang='lat' dir='ltr'>voluntatem</span> <span class='ocrx_word' id='word_1_599' title='bbox 1807 2362 1865 2384; x_wconf 85' lang='lat' dir='ltr'>nec</span> <span class='ocrx_word' id='word_1_600' title='bbox 1881 2352 2030 2397; x_wconf 83' lang='lat' dir='ltr'>operatio-</span> 
     </span>
     <span class='ocr_line' id='line_1_97' title="bbox 1077 2392 2026 2432; baseline -0.009 -1"><span class='ocrx_word' id='word_1_601' title='bbox 1077 2409 1145 2432; x_wconf 88' lang='lat' dir='ltr'>nem</span> <span class='ocrx_word' id='word_1_602' title='bbox 1169 2409 1261 2431; x_wconf 88' lang='lat' dir='ltr'>unam</span> <span class='ocrx_word' id='word_1_603' title='bbox 1286 2404 1337 2430; x_wconf 86' lang='lat' dir='ltr'>aut</span> <span class='ocrx_word' id='word_1_604' title='bbox 1361 2400 1439 2429; x_wconf 79' lang='lat' dir='ltr'>duas</span> <span class='ocrx_word' id='word_1_605' title='bbox 1463 2397 1493 2428; x_wconf 91' lang='lat' dir='ltr'>in</span> <span class='ocrx_word' id='word_1_606' title='bbox 1513 2397 1634 2428; x_wconf 85' lang='lat' dir='ltr'>Christo</span> <span class='ocrx_word' id='word_1_607' title='bbox 1661 2395 1811 2426; x_wconf 83' lang='lat' dir='ltr'>nominari</span> <span class='ocrx_word' id='word_1_608' title='bbox 1829 2395 1951 2432; x_wconf 84' lang='lat' dir='ltr'>patitur.</span> <span class='ocrx_word' id='word_1_609' title='bbox 1964 2392 2026 2423; x_wconf 83' lang='lat' dir='ltr'>Vid.</span> 
     </span>
     <span class='ocr_line' id='line_1_98' title="bbox 1079 2434 2030 2479; baseline -0.009 -7"><span class='ocrx_word' id='word_1_610' title='bbox 1079 2443 1231 2479; x_wconf 82' lang='lat' dir='ltr'>Petavius,</span> <span class='ocrx_word' id='word_1_611' title='bbox 1248 2444 1318 2471; x_wconf 89' lang='lat' dir='ltr'>tom.</span> <span class='ocrx_word' id='word_1_612' title='bbox 1336 2441 1372 2471; x_wconf 94' lang='lat' dir='ltr'>IV</span> <span class='ocrx_word' id='word_1_613' title='bbox 1394 2439 1539 2478; x_wconf 70' lang='lat' dir='ltr'>Theoloq.</span> <span class='ocrx_word' id='word_1_614' title='bbox 1557 2438 1702 2478; x_wconf 67' lang='lat' dir='ltr'>Doymat.</span> <span class='ocrx_word' id='word_1_615' title='bbox 1717 2437 1769 2468; x_wconf 85' lang='lat' dir='ltr'>lib.</span> <span class='ocrx_word' id='word_1_616' title='bbox 1786 2437 1795 2466; x_wconf 95' lang='lat' dir='ltr'>l</span> <span class='ocrx_word' id='word_1_617' title='bbox 1823 2434 1860 2465; x_wconf 82' lang='lat' dir='ltr'>de</span> <span class='ocrx_word' id='word_1_618' title='bbox 1873 2434 2030 2465; x_wconf 72' lang='lat' dir='ltr'>lucarna-</span> 
     </span>
     <span class='ocr_line' id='line_1_99' title="bbox 1080 2482 1275 2520; baseline -0.005 -7"><span class='ocrx_word' id='word_1_619' title='bbox 1080 2483 1173 2520; x_wconf 76' lang='lat' dir='ltr'>lione‚</span> <span class='ocrx_word' id='word_1_620' title='bbox 1186 2492 1211 2513; x_wconf 86' lang='lat' dir='ltr'>c.</span> <span class='ocrx_word' id='word_1_621' title='bbox 1226 2482 1275 2512; x_wconf 65' lang='lat'>⁹31.</span> 
     </span>
    </p>

    <p class='ocr_par' dir='ltr' id='par_1_13' title="bbox 1119 2521 1539 2561">
     <span class='ocr_line' id='line_1_100' title="bbox 1119 2521 1539 2561; baseline -0.007 -6"><span class='ocrx_word' id='word_1_622' title='bbox 1119 2523 1134 2545; x_wconf 69' lang='lat'><strong>2</strong></span> <span class='ocrx_word' id='word_1_623' title='bbox 1151 2525 1265 2560; x_wconf 67' lang='lat' dir='ltr'>Lablm,</span> <span class='ocrx_word' id='word_1_624' title='bbox 1279 2528 1301 2554; x_wconf 90' lang='lat' dir='ltr'>t.</span> <span class='ocrx_word' id='word_1_625' title='bbox 1317 2523 1363 2558; x_wconf 86' lang='lat' dir='ltr'>VI,</span> <span class='ocrx_word' id='word_1_626' title='bbox 1383 2532 1409 2561; x_wconf 91' lang='lat' dir='ltr'>p.</span> <span class='ocrx_word' id='word_1_627' title='bbox 1434 2521 1539 2553; x_wconf 68' lang='lat'>6-382.</span> 
     </span>
    </p>

    <p class='ocr_par' dir='ltr' id='par_1_14' title="bbox 1120 2561 1679 2602">
     <span class='ocr_line' id='line_1_101' title="bbox 1120 2561 1679 2602; baseline -0.009 -6"><span class='ocrx_word' id='word_1_628' title='bbox 1120 2565 1134 2586; x_wconf 79' lang='grc'>3</span> <span class='ocrx_word' id='word_1_629' title='bbox 1149 2566 1185 2596; x_wconf 89' lang='lat' dir='ltr'>Ct&#39;</span> <span class='ocrx_word' id='word_1_630' title='bbox 1199 2565 1311 2602; x_wconf 84' lang='lat' dir='ltr'>Butler,</span> <span class='ocrx_word' id='word_1_631' title='bbox 1333 2563 1399 2595; x_wconf 66' lang='lat' dir='ltr'>vies</span> <span class='ocrx_word' id='word_1_632' title='bbox 1415 2563 1468 2593; x_wconf 68' lang='lat' dir='ltr'>des</span> <span class='ocrx_word' id='word_1_633' title='bbox 1484 2562 1536 2593; x_wconf 80' lang='lat' dir='ltr'>SS.</span> <span class='ocrx_word' id='word_1_634' title='bbox 1561 2561 1594 2592; x_wconf 71' lang='lat'>12</span> <span class='ocrx_word' id='word_1_635' title='bbox 1613 2570 1679 2591; x_wconf 90' lang='lat' dir='ltr'>nov.</span> 
     </span>
    </p>

    <p class='ocr_par' dir='ltr' id='par_1_15' title="bbox 1081 2598 2034 3009">
     <span class='ocr_line' id='line_1_102' title="bbox 1121 2598 2030 2644; baseline -0.01 -7"><span class='ocrx_word' id='word_1_636' title='bbox 1121 2607 1134 2629; x_wconf 73' lang='lat'>4</span> <span class='ocrx_word' id='word_1_637' title='bbox 1150 2607 1237 2644; x_wconf 77' lang='lat' dir='ltr'>Quod</span> <span class='ocrx_word' id='word_1_638' title='bbox 1255 2615 1280 2636; x_wconf 79' lang='lat' dir='ltr'>S.</span> <span class='ocrx_word' id='word_1_639' title='bbox 1297 2605 1445 2636; x_wconf 83' lang='lat' dir='ltr'>Martinus</span> <span class='ocrx_word' id='word_1_640' title='bbox 1459 2604 1489 2634; x_wconf 89' lang='lat' dir='ltr'>in</span> <span class='ocrx_word' id='word_1_641' title='bbox 1503 2604 1589 2634; x_wconf 83' lang='lat' dir='ltr'>initio</span> <span class='ocrx_word' id='word_1_642' title='bbox 1603 2602 1730 2642; x_wconf 84' lang='lat' dir='ltr'>Eugenii</span> <span class='ocrx_word' id='word_1_643' title='bbox 1745 2600 1929 2631; x_wconf 85' lang='lat' dir='ltr'>electionem</span> <span class='ocrx_word' id='word_1_644' title='bbox 1945 2598 2030 2639; x_wconf 83' lang='lat' dir='ltr'>igno-</span> 
     </span>
     <span class='ocr_line' id='line_1_103' title="bbox 1081 2640 2026 2687; baseline -0.011 -8"><span class='ocrx_word' id='word_1_645' title='bbox 1081 2649 1167 2685; x_wconf 83' lang='lat' dir='ltr'>rarit,</span> <span class='ocrx_word' id='word_1_646' title='bbox 1191 2651 1274 2687; x_wconf 86' lang='lat' dir='ltr'>patet</span> <span class='ocrx_word' id='word_1_647' title='bbox 1297 2656 1333 2676; x_wconf 76' lang='lat' dir='ltr'>ex</span> <span class='ocrx_word' id='word_1_648' title='bbox 1355 2646 1419 2676; x_wconf 87' lang='lat' dir='ltr'>eius</span> <span class='ocrx_word' id='word_1_649' title='bbox 1436 2646 1572 2684; x_wconf 84' lang='lat' dir='ltr'>Epistola</span> <span class='ocrx_word' id='word_1_650' title='bbox 1590 2644 1647 2673; x_wconf 80' lang='lat' dir='ltr'>xV.</span> <span class='ocrx_word' id='word_1_651' title='bbox 1666 2643 1725 2673; x_wconf 83' lang='lat' dir='ltr'>Sed</span> <span class='ocrx_word' id='word_1_652' title='bbox 1744 2642 1794 2673; x_wconf 89' lang='lat' dir='ltr'>ubi</span> <span class='ocrx_word' id='word_1_653' title='bbox 1811 2640 1929 2672; x_wconf 87' lang='lat' dir='ltr'>audivit</span> <span class='ocrx_word' id='word_1_654' title='bbox 1945 2649 2026 2679; x_wconf 81' lang='lat' dir='ltr'>quae</span> 
     </span>
     <span class='ocr_line' id='line_1_104' title="bbox 1082 2681 2032 2723; baseline -0.009 -4"><span class='ocrx_word' id='word_1_655' title='bbox 1082 2690 1187 2720; x_wconf 71' lang='lat' dir='ltr'>clerus</span> <span class='ocrx_word' id='word_1_656' title='bbox 1205 2697 1351 2718; x_wconf 82' lang='lat' dir='ltr'>romanus</span> <span class='ocrx_word' id='word_1_657' title='bbox 1367 2687 1404 2716; x_wconf 86' lang='lat' dir='ltr'>de</span> <span class='ocrx_word' id='word_1_658' title='bbox 1423 2687 1608 2716; x_wconf 82' lang='lat' dir='ltr'>necessitate</span> <span class='ocrx_word' id='word_1_659' title='bbox 1626 2687 1743 2723; x_wconf 78' lang='lat' dir='ltr'>egerat,</span> <span class='ocrx_word' id='word_1_660' title='bbox 1761 2683 1890 2720; x_wconf 73' lang='lat' dir='ltr'>Eugenii</span> <span class='ocrx_word' id='word_1_661' title='bbox 1908 2681 2032 2712; x_wconf 83' lang='lat' dir='ltr'>electio-</span> 
     </span>
     <span class='ocr_line' id='line_1_105' title="bbox 1082 2723 2030 2767; baseline -0.008 -7"><span class='ocrx_word' id='word_1_662' title='bbox 1082 2731 1111 2760; x_wconf 90' lang='lat' dir='ltr'>ni</span> <span class='ocrx_word' id='word_1_663' title='bbox 1129 2730 1272 2767; x_wconf 77' lang='lat' dir='ltr'>assensit,</span> <span class='ocrx_word' id='word_1_664' title='bbox 1290 2733 1321 2758; x_wconf 90' lang='lat' dir='ltr'>ut</span> <span class='ocrx_word' id='word_1_665' title='bbox 1336 2731 1456 2759; x_wconf 87' lang='lat' dir='ltr'>constat</span> <span class='ocrx_word' id='word_1_666' title='bbox 1472 2737 1507 2757; x_wconf 83' lang='lat' dir='ltr'>ex</span> <span class='ocrx_word' id='word_1_667' title='bbox 1524 2727 1589 2756; x_wconf 86' lang='lat' dir='ltr'>eius</span> <span class='ocrx_word' id='word_1_668' title='bbox 1608 2725 1743 2763; x_wconf 86' lang='lat' dir='ltr'>Epistola</span> <span class='ocrx_word' id='word_1_669' title='bbox 1761 2724 1847 2754; x_wconf 76' lang='lat' dir='ltr'>xvti.</span> <span class='ocrx_word' id='word_1_670' title='bbox 1867 2723 1944 2753; x_wconf 82' lang='lat' dir='ltr'>Hinc</span> <span class='ocrx_word' id='word_1_671' title='bbox 1957 2731 2030 2752; x_wconf 91' lang='lat' dir='ltr'>non-</span> 
     </span>
     <span class='ocr_line' id='line_1_106' title="bbox 1083 2764 2031 2810; baseline -0.009 -8"><span class='ocrx_word' id='word_1_672' title='bbox 1083 2771 1156 2802; x_wconf 91' lang='lat' dir='ltr'>nulli</span> <span class='ocrx_word' id='word_1_673' title='bbox 1182 2771 1342 2810; x_wconf 81' lang='lat' dir='ltr'>colligunt‚</span> <span class='ocrx_word' id='word_1_674' title='bbox 1362 2769 1544 2808; x_wconf 80' lang='lat' dir='ltr'>Eugenium,</span> <span class='ocrx_word' id='word_1_675' title='bbox 1569 2767 1660 2797; x_wconf 85' lang='lat' dir='ltr'>etiam</span> <span class='ocrx_word' id='word_1_676' title='bbox 1685 2765 1807 2795; x_wconf 82' lang='lat' dir='ltr'>vivente</span> <span class='ocrx_word' id='word_1_677' title='bbox 1831 2764 1971 2801; x_wconf 74' lang='lat' dir='ltr'>Mai-tino,</span> <span class='ocrx_word' id='word_1_678' title='bbox 1999 2766 2031 2794; x_wconf 87' lang='lat' dir='ltr'>ut.</span> 
     </span>
     <span class='ocr_line' id='line_1_107' title="bbox 1085 2806 2031 2852; baseline -0.011 -8"><span class='ocrx_word' id='word_1_679' title='bbox 1085 2812 1259 2852; x_wconf 80' lang='lat' dir='ltr'>pontificem</span> <span class='ocrx_word' id='word_1_680' title='bbox 1277 2811 1433 2841; x_wconf 81' lang='lat' dir='ltr'>Ecclesiae</span> <span class='ocrx_word' id='word_1_681' title='bbox 1450 2808 1643 2848; x_wconf 66' lang='lat' dir='ltr'>praefuisse,</span> <span class='ocrx_word' id='word_1_682' title='bbox 1662 2807 1711 2836; x_wconf 85' lang='lat' dir='ltr'>alii</span> <span class='ocrx_word' id='word_1_683' title='bbox 1730 2807 1914 2843; x_wconf 79' lang='lat' dir='ltr'>existimant,</span> <span class='ocrx_word' id='word_1_684' title='bbox 1931 2806 2031 2843; x_wconf 69' lang='lat' dir='ltr'>Euge-</span> 
     </span>
     <span class='ocr_line' id='line_1_108' title="bbox 1086 2847 2032 2886; baseline -0.01 -2"><span class='ocrx_word' id='word_1_685' title='bbox 1086 2855 1168 2884; x_wconf 86' lang='lat' dir='ltr'>nium</span> <span class='ocrx_word' id='word_1_686' title='bbox 1192 2863 1217 2883; x_wconf 88' lang='lat' dir='ltr'>s.</span> <span class='ocrx_word' id='word_1_687' title='bbox 1234 2853 1363 2883; x_wconf 83' lang='lat' dir='ltr'>Martino</span> <span class='ocrx_word' id='word_1_688' title='bbox 1377 2851 1517 2886; x_wconf 70' lang='lat' dir='ltr'>‘vivente,</span> <span class='ocrx_word' id='word_1_689' title='bbox 1536 2848 1650 2878; x_wconf 71' lang='lat' dir='ltr'>vicaria</span> <span class='ocrx_word' id='word_1_690' title='bbox 1669 2851 1783 2878; x_wconf 84' lang='lat' dir='ltr'>tantum</span> <span class='ocrx_word' id='word_1_691' title='bbox 1802 2849 1954 2886; x_wconf 86' lang='lat' dir='ltr'>potestate</span> <span class='ocrx_word' id='word_1_692' title='bbox 1971 2847 2032 2876; x_wconf 82' lang='lat' dir='ltr'>Ec-</span> 
     </span>
     <span class='ocr_line' id='line_1_109' title="bbox 1085 2887 2031 2929; baseline -0.011 -3"><span class='ocrx_word' id='word_1_693' title='bbox 1085 2896 1212 2926; x_wconf 85' lang='lat' dir='ltr'>clesiam</span> <span class='ocrx_word' id='word_1_694' title='bbox 1236 2894 1362 2928; x_wconf 82' lang='lat' dir='ltr'>rexisse,</span> <span class='ocrx_word' id='word_1_695' title='bbox 1386 2895 1416 2920; x_wconf 84' lang='lat' dir='ltr'>et</span> <span class='ocrx_word' id='word_1_696' title='bbox 1438 2893 1506 2929; x_wconf 87' lang='lat' dir='ltr'>post</span> <span class='ocrx_word' id='word_1_697' title='bbox 1524 2894 1653 2919; x_wconf 78' lang='lat' dir='ltr'>mortem</span> <span class='ocrx_word' id='word_1_698' title='bbox 1669 2898 1694 2920; x_wconf 86' lang='lat' dir='ltr'>s.</span> <span class='ocrx_word' id='word_1_699' title='bbox 1711 2888 1842 2925; x_wconf 85' lang='lat' dir='ltr'>Martini,</span> <span class='ocrx_word' id='word_1_700' title='bbox 1860 2896 1939 2917; x_wconf 91' lang='lat' dir='ltr'>novo</span> <span class='ocrx_word' id='word_1_701' title='bbox 1957 2887 2031 2918; x_wconf 83' lang='lat' dir='ltr'>cleri</span> 
     </span>
     <span class='ocr_line' id='line_1_110' title="bbox 1087 2928 2034 2970; baseline -0.011 -3"><span class='ocrx_word' id='word_1_702' title='bbox 1087 2943 1240 2967; x_wconf 81' lang='lat' dir='ltr'>consensu</span> <span class='ocrx_word' id='word_1_703' title='bbox 1257 2933 1433 2968; x_wconf 80' lang='lat' dir='ltr'>accedente,</span> <span class='ocrx_word' id='word_1_704' title='bbox 1452 2930 1624 2970; x_wconf 86' lang='lat' dir='ltr'>pontiticem</span> <span class='ocrx_word' id='word_1_705' title='bbox 1642 2930 1756 2960; x_wconf 83' lang='lat' dir='ltr'>sactum</span> <span class='ocrx_word' id='word_1_706' title='bbox 1772 2938 1850 2960; x_wconf 78' lang='lat' dir='ltr'>esse.</span> <span class='ocrx_word' id='word_1_707' title='bbox 1869 2928 1906 2959; x_wconf 83' lang='lat' dir='ltr'>Cf</span> <span class='ocrx_word' id='word_1_708' title='bbox 1922 2929 2034 2958; x_wconf 74' lang='lat' dir='ltr'>Bai-on.</span> 
     </span>
     <span class='ocr_line' id='line_1_111' title="bbox 1088 2968 2034 3009; baseline -0.011 -1"><span class='ocrx_word' id='word_1_709' title='bbox 1088 2978 1125 3007; x_wconf 84' lang='lat' dir='ltr'>ad</span> <span class='ocrx_word' id='word_1_710' title='bbox 1140 2974 1255 3006; x_wconf 67' lang='lat' dir='ltr'>an.t)&#39;5&#39;2</span> <span class='ocrx_word' id='word_1_711' title='bbox 1268 2970 1620 3009; x_wconf 69' lang='lat' dir='ltr'>et05t;s·.211di11i,t&#39;ieae</span> <span class='ocrx_word' id='word_1_712' title='bbox 1633 2970 1867 3008; x_wconf 71' lang='lat' dir='ltr'>RR.120nuf.in</span> <span class='ocrx_word' id='word_1_713' title='bbox 1877 2979 1899 3000; x_wconf 87' lang='lat' dir='ltr'>s.</span> <span class='ocrx_word' id='word_1_714' title='bbox 1915 2968 2034 3008; x_wconf 70' lang='lat' dir='ltr'>Enyen.</span> 
     </span>
    </p>

    <p class='ocr_par' dir='ltr' id='par_1_16' title="bbox 1088 3010 2039 3260">
     <span class='ocr_line' id='line_1_112' title="bbox 1128 3010 2032 3051; baseline -0.009 -4"><span class='ocrx_word' id='word_1_715' title='bbox 1128 3019 1141 3040; x_wconf 79' lang='lat'><em>⁵</em></span> <span class='ocrx_word' id='word_1_716' title='bbox 1157 3016 1335 3047; x_wconf 81' lang='lat' dir='ltr'>Edmundns</span> <span class='ocrx_word' id='word_1_717' title='bbox 1353 3016 1498 3049; x_wconf 68' lang='lat' dir='ltr'>Mai-tene,</span> <span class='ocrx_word' id='word_1_718' title='bbox 1517 3012 1559 3042; x_wconf 79' lang='lat' dir='ltr'>De</span> <span class='ocrx_word' id='word_1_719' title='bbox 1575 3012 1713 3051; x_wconf 76' lang='lat' dir='ltr'>antiquis</span> <span class='ocrx_word' id='word_1_720' title='bbox 1730 3011 1890 3043; x_wconf 71' lang='lat' dir='ltr'>Ecclesiae</span> <span class='ocrx_word' id='word_1_721' title='bbox 1907 3010 2032 3047; x_wconf 72' lang='lat' dir='ltr'>ritibus,</span> 
     </span>
     <span class='ocr_line' id='line_1_113' title="bbox 1088 3051 2035 3095; baseline -0.01 -6"><span class='ocrx_word' id='word_1_722' title='bbox 1088 3059 1107 3089; x_wconf 94' lang='grc'>1.</span> <span class='ocrx_word' id='word_1_723' title='bbox 1125 3059 1153 3095; x_wconf 92' lang='lat' dir='ltr'>l,</span> <span class='ocrx_word' id='word_1_724' title='bbox 1171 3068 1195 3088; x_wconf 86' lang='lat' dir='ltr'>c.</span> <span class='ocrx_word' id='word_1_725' title='bbox 1214 3057 1248 3093; x_wconf 89' lang='lat'>8,</span> <span class='ocrx_word' id='word_1_726' title='bbox 1266 3066 1292 3085; x_wconf 80' lang='lat' dir='ltr'>a.</span> <span class='ocrx_word' id='word_1_727' title='bbox 1310 3056 1327 3085; x_wconf 78' lang='lat'><strong>3</strong></span> <span class='ocrx_word' id='word_1_728' title='bbox 1343 3079 1349 3091; x_wconf 85' lang='lat'>,</span> <span class='ocrx_word' id='word_1_729' title='bbox 1367 3064 1393 3084; x_wconf 92' lang='lat' dir='ltr'>n.</span> <span class='ocrx_word' id='word_1_730' title='bbox 1412 3054 1430 3083; x_wconf 70' lang='lat'><strong>2</strong></span> <span class='ocrx_word' id='word_1_731' title='bbox 1445 3079 1451 3090; x_wconf 88' lang='lat'>,</span> <span class='ocrx_word' id='word_1_732' title='bbox 1468 3053 1580 3092; x_wconf 84' lang='lat' dir='ltr'>inquit:</span> <span class='ocrx_word' id='word_1_733' title='bbox 1604 3064 1615 3080; x_wconf 75' lang='lat' dir='ltr'>a</span> <span class='ocrx_word' id='word_1_734' title='bbox 1633 3053 1766 3084; x_wconf 83' lang='lat' dir='ltr'>Minores</span> <span class='ocrx_word' id='word_1_735' title='bbox 1783 3053 1914 3083; x_wconf 87' lang='lat' dir='ltr'>Ordines</span> <span class='ocrx_word' id='word_1_736' title='bbox 1932 3051 2035 3081; x_wconf 81' lang='lat' dir='ltr'>insan-</span> 
     </span>
     <span class='ocr_line' id='line_1_114' title="bbox 1089 3092 2038 3136; baseline -0.008 -7"><span class='ocrx_word' id='word_1_737' title='bbox 1089 3100 1170 3130; x_wconf 71' lang='lat' dir='ltr'>tilius</span> <span class='ocrx_word' id='word_1_738' title='bbox 1193 3098 1271 3136; x_wconf 78' lang='lat' dir='ltr'>ipsis</span> <span class='ocrx_word' id='word_1_739' title='bbox 1289 3095 1422 3126; x_wconf 80' lang='lat' dir='ltr'>conferri</span> <span class='ocrx_word' id='word_1_740' title='bbox 1441 3096 1579 3133; x_wconf 81' lang='lat' dir='ltr'>potuisse</span> <span class='ocrx_word' id='word_1_741' title='bbox 1592 3117 1600 3131; x_wconf 83' lang='lat'>,</span> <span class='ocrx_word' id='word_1_742' title='bbox 1617 3097 1769 3124; x_wconf 87' lang='lat' dir='ltr'>testantur</span> <span class='ocrx_word' id='word_1_743' title='bbox 1785 3093 1884 3123; x_wconf 88' lang='lat' dir='ltr'>Siricii</span> <span class='ocrx_word' id='word_1_744' title='bbox 1903 3093 1954 3130; x_wconf 83' lang='lat' dir='ltr'>Pp.</span> <span class='ocrx_word' id='word_1_745' title='bbox 1972 3092 2038 3131; x_wconf 85' lang='lat' dir='ltr'>epi-</span> 
     </span>
     <span class='ocr_line' id='line_1_115' title="bbox 1090 3133 2039 3174; baseline -0.008 -3"><span class='ocrx_word' id='word_1_746' title='bbox 1090 3141 1168 3171; x_wconf 78' lang='lat' dir='ltr'>stola</span> <span class='ocrx_word' id='word_1_747' title='bbox 1193 3140 1200 3168; x_wconf 96' lang='lat' dir='ltr'>l</span> <span class='ocrx_word' id='word_1_748' title='bbox 1219 3141 1247 3167; x_wconf 82' lang='lat' dir='ltr'>et</span> <span class='ocrx_word' id='word_1_749' title='bbox 1264 3137 1372 3167; x_wconf 80' lang='lat' dir='ltr'>Zosimi</span> <span class='ocrx_word' id='word_1_750' title='bbox 1388 3137 1458 3166; x_wconf 82' lang='lat' dir='ltr'>item</span> <span class='ocrx_word' id='word_1_751' title='bbox 1472 3137 1524 3174; x_wconf 84' lang='lat' dir='ltr'>Pp.</span> <span class='ocrx_word' id='word_1_752' title='bbox 1539 3133 1672 3173; x_wconf 77' lang='lat' dir='ltr'>epistola</span> <span class='ocrx_word' id='word_1_753' title='bbox 1688 3136 1708 3166; x_wconf 91' lang='lat' dir='ltr'>l.</span> <span class='ocrx_word' id='word_1_754' title='bbox 1724 3137 1842 3165; x_wconf 81' lang='lat' dir='ltr'>Revera</span> <span class='ocrx_word' id='word_1_755' title='bbox 1858 3137 1961 3164; x_wconf 85' lang='lat' dir='ltr'>autem</span> <span class='ocrx_word' id='word_1_756' title='bbox 1980 3133 2039 3163; x_wconf 89' lang='lat' dir='ltr'>col-</span> 
     </span>
     <span class='ocr_line' id='line_1_116' title="bbox 1090 3175 2039 3215; baseline -0.007 -4"><span class='ocrx_word' id='word_1_757' title='bbox 1090 3182 1168 3211; x_wconf 79' lang='lat' dir='ltr'>latos</span> <span class='ocrx_word' id='word_1_758' title='bbox 1186 3180 1278 3209; x_wconf 78' lang='lat' dir='ltr'>fuisse</span> <span class='ocrx_word' id='word_1_759' title='bbox 1295 3181 1415 3207; x_wconf 81' lang='lat' dir='ltr'>constat</span> <span class='ocrx_word' id='word_1_760' title='bbox 1436 3185 1471 3206; x_wconf 80' lang='lat' dir='ltr'>ex</span> <span class='ocrx_word' id='word_1_761' title='bbox 1489 3175 1580 3207; x_wconf 79' lang='lat' dir='ltr'>Libro</span> <span class='ocrx_word' id='word_1_762' title='bbox 1600 3175 1791 3214; x_wconf 76' lang='lat' dir='ltr'>Pontificalt&#39;,</span> <span class='ocrx_word' id='word_1_763' title='bbox 1808 3176 1838 3206; x_wconf 94' lang='lat' dir='ltr'>in</span> <span class='ocrx_word' id='word_1_764' title='bbox 1863 3184 1924 3215; x_wconf 88' lang='lat' dir='ltr'>quo</span> <span class='ocrx_word' id='word_1_765' title='bbox 1943 3176 2039 3214; x_wconf 83' lang='lat' dir='ltr'>Euge-</span> 
     </span>
     <span class='ocr_line' id='line_1_117' title="bbox 1091 3217 1791 3260; baseline -0.007 -8"><span class='ocrx_word' id='word_1_766' title='bbox 1091 3223 1158 3252; x_wconf 89' lang='lat' dir='ltr'>nius</span> <span class='ocrx_word' id='word_1_767' title='bbox 1175 3222 1226 3260; x_wconf 87' lang='lat' dir='ltr'>Pp.</span> <span class='ocrx_word' id='word_1_768' title='bbox 1245 3219 1256 3250; x_wconf 88' lang='lat'>1</span> <span class='ocrx_word' id='word_1_769' title='bbox 1272 3219 1403 3250; x_wconf 81' lang='lat' dir='ltr'>clericus</span> <span class='ocrx_word' id='word_1_770' title='bbox 1420 3227 1439 3248; x_wconf 87' lang='lat' dir='ltr'>a</span> <span class='ocrx_word' id='word_1_771' title='bbox 1455 3217 1618 3249; x_wconf 81' lang='lat' dir='ltr'>cunabulis</span> <span class='ocrx_word' id='word_1_772' title='bbox 1634 3217 1747 3258; x_wconf 83' lang='lat' dir='ltr'>legitur</span> <span class='ocrx_word' id='word_1_773' title='bbox 1763 3228 1791 3247; x_wconf 78' lang='grc' dir='ltr'>ι).</span> 
     </span>
    </p>
   </div>
  </div>
 </body>
</html>
