2241 3473
200 126 280 166 304

149 209 191 241 et
221 205 451 251 integritate
486 206 614 239 textus
647 201 854 248 originalis
879 201 930 234 V.
958 200 1099 236 Testa-

148 260 286 295 menti.
317 259 483 294 Ioannes
510 257 624 303 Bapt·
652 255 868 297 Ladvocat,
896 254 1033 289 doctor
1059 259 1100 291 et

149 314 251 361 prof.
281 312 533 353 Sorbonicus,
554 309 773 356 composuit
792 309 1098 354 grammaticam

145 366 377 403 hebraicam
396 393 404 408 ,
431 362 733 399 dissertationes
765 361 908 397 latinas
933 361 973 396 in
1000 361 1100 397 Pen-

150 420 374 457 tateuchum
394 447 402 462 ,
430 418 467 453 in
496 417 561 452 Iob
588 421 628 452 et
654 416 693 451 in
719 415 914 451 Psalmos.
945 415 1102 451 Guiliel-

147 486 235 510 mus
261 473 381 509 Smits
407 476 447 507 et
466 470 608 506 Petrus
625 470 716 505 Van
735 470 864 513 Hove,
885 469 1100 505 Minoritae

147 528 296 574 Belgae
319 554 327 569 ,
366 524 543 561 edendae
583 528 846 570 susceperunt
882 523 1100 558 Bibliorum

147 581 372 616 versionem
398 578 632 614 flandricam
653 588 741 612 cum
761 576 1103 613 dissertationibus

146 633 326 680 notisque
361 631 726 678 grammaticalibus
757 634 798 666 et
832 630 1005 672 criticis,
1035 630 1102 666 sed

147 692 236 735 post
261 687 387 723 editos
415 684 744 728 pentateuchum,
762 684 942 726 Tobiam,
964 683 1101 728 Iudith,

146 741 305 783 Esther,
326 740 407 783 Iob,
426 739 608 775 psalmos
627 743 667 775 et
685 738 949 786 Sapientiales
967 738 1102 781 libros,

147 807 244 843 opus
285 795 554 841 interruptum
593 798 669 829 est.
710 794 877 828 Ioannes
916 793 1103 838 Iosephus

147 850 329 897 Guyaux,
357 848 494 884 doctor
521 847 796 891 Lovaniensis‚
824 846 982 893 reliquit
1000 857 1104 881 corn-

147 903 389 939 mentarium
417 902 456 937 in
482 901 780 948 Apocalypsim‚
806 906 846 937 et
873 899 1104 947 praelectio-

146 968 220 993 nes
247 956 418 993 ineditas
443 956 490 992 de
510 955 744 1002 Evangelio,
764 955 811 991 de
830 954 939 990 Actis
957 959 997 990 et
1015 954 1104 1001 Epi-

146 1012 259 1048 stolis
273 1011 570 1059 Apostolorum.
588 1010 694 1045 ioan.
712 1009 940 1045 Dominicus
957 1009 1101 1053 Mansi,

148 1065 324 1112 archiep.
354 1065 558 1108 Lucensis,
585 1063 745 1110 scripsit
762 1063 1047 1110 prolegomena
1065 1069 1105 1098 et

147 1118 446 1154 dissertationes
473 1118 511 1153 in
538 1118 676 1153 Libros
695 1117 855 1160 Sacros;
881 1116 921 1152 in
940 1116 1102 1152 latinum

145 1173 267 1208 vertit
303 1172 590 1209 Dictionarium
629 1176 669 1208 et
707 1171 1015 1206 commentarios
1053 1171 1100 1205 A.

146 1226 301 1263 Calmet
318 1227 357 1262 in
376 1227 414 1262 S.
434 1227 698 1273 Scripturam‚
720 1230 836 1272 atque
856 1224 1103 1272 disciplinam

147 1281 462 1316 ecclesiasticam
490 1281 533 1315 L.
563 1279 826 1323 Thomassini;
857 1278 977 1315 edidit
994 1289 1106 1326 prae-

150 1339 263 1371 terea
296 1335 573 1371 collectionem
600 1333 867 1370 Conciliorum
901 1344 990 1368 cum
1017 1344 1109 1379 sup-

149 1389 348 1436 plemento
368 1417 376 1432 ,
405 1388 581 1424 Annales
608 1387 792 1430 Baronii,
820 1386 1020 1422 Historias
1046 1397 1105 1422 ec-

148 1443 392 1479 clesiasticas
417 1443 572 1478 Natalis
598 1440 818 1477 Alexandri
845 1445 885 1477 et
903 1441 1025 1476 Amat
1043 1440 1108 1476 de-

148 1498 355 1533 Graveson
394 1508 483 1533 curn
522 1497 638 1533 notis.
678 1496 786 1532 Ioan.
830 1495 1107 1531 Martianaeus

148 1552 309 1599 scripsit
334 1551 540 1587 Vindicias
559 1556 689 1587 textus
707 1549 884 1586 hebraici
903 1560 949 1585 ac
963 1559 1106 1585 sacrae

150 1605 442 1652 Chronologiae
470 1605 686 1641 secundum
715 1604 931 1650 Vulgatam
968 1603 1107 1639 adver-

149 1672 216 1696 sus
242 1659 493 1703 Pezronium,
512 1663 552 1696 et
570 1659 778 1695 Isaachum
797 1658 998 1693 Vossium.
1019 1658 1108 1693 Ale-

149 1714 236 1750 xius
275 1713 536 1762 Symmachus
575 1712 806 1748 Mazochius
855 1723 905 1747 ex
944 1711 1106 1747 Decano

151 1768 361 1815 Metropol.
385 1768 495 1805 Eccl.
515 1768 748 1815 Campanae
764 1766 989 1803 Canonicus
1003 1766 1106 1802 Nea-

152 1824 347 1870 politanus
365 1852 373 1867 ,
401 1834 447 1858 ac
475 1822 514 1857 in
540 1822 808 1868 Neapolitana
831 1820 1106 1856 Universitate

151 1877 190 1913 S.
207 1877 663 1924 Scripturaeinterpres,
676 1875 890 1922 omnigena
906 1875 1107 1921 praeditus

150 1931 344 1974 doctrina,
373 1936 534 1978 praeter
561 1930 642 1966 alia
668 1929 827 1976 scripsit
851 1929 1107 1975 Spicilegium

152 1985 345 2021 Biblicum
374 1986 413 2020 in
439 1985 578 2020 Libros
604 1984 653 2018 V.
683 1994 729 2019 ac
755 1982 805 2018 N.
835 1983 1095 2019 Testamenti.

200 2039 433 2075 Eruditione
461 2039 684 2085 theologica
703 2037 947 2073 claruerunt:
970 2037 1110 2073 Marti-

152 2105 226 2129 nus
257 2093 454 2137 Gerbert,
483 2092 576 2128 Ord.
608 2104 638 2128 s.
668 2090 902 2134 Benedicti,
929 2090 1049 2126 abbas
1075 2104 1105 2127 s.

153 2147 276 2183 Blasii
302 2147 339 2182 in
368 2147 476 2182 Silva
501 2146 649 2192 Nigra3
677 2145 758 2193 ipse
785 2144 907 2180 edidit
936 2146 1110 2191 Appara-

154 2207 235 2237 tum
263 2202 311 2237 ad
330 2201 589 2238 eruditionem
616 2200 894 2246 theologicam,
916 2199 1109 2246 principia

156 2255 378 2303 theologiae
405 2255 652 2302 exegeticae,
674 2253 936 2301 dogmaticae,
957 2254 1110 2299 symbo-

155 2310 272 2354 licae,
302 2311 509 2359 mysticae,
530 2309 707 2352 moralis,
729 2307 958 2349 canonicae,
979 2318 1111 2343 sacra-

156 2365 355 2408 mentalis,
374 2364 597 2411 liturgicae;
612 2362 773 2409 scripsit
791 2362 911 2398 etiam
931 2361 978 2397 de
1000 2371 1108 2398 recto

156 2424 195 2455 et
222 2430 414 2466 perverso
433 2430 506 2455 usu
526 2417 750 2464 theologiae
769 2415 1046 2458 scholasticae,
1063 2416 1109 2452 de

157 2473 310 2509 ratione
330 2473 613 2509 exercitiorum
634 2469 980 2513 scholasticorum,
1001 2469 1047 2506 de
1067 2481 1108 2505 re

158 2527 368 2574 liturgica3
398 2527 553 2574 reliquit
580 2530 791 2573 praeterea
820 2523 934 2570 plura
961 2524 1110 2570 scripta

158 2581 353 2628 polemica
379 2587 520 2617 contra
547 2578 758 2621 sectarios,
785 2581 925 2613 contra
944 2577 1113 2613 Gallica—

159 2647 241 2677 nos,
268 2635 522 2678 Iaiisenistas,
542 2632 829 2673 FebronianOS,
852 2631 1111 2678 pseudo-poli-

160 2690 255 2726 ticos
281 2695 321 2726 et
349 2690 585 2726 incredulos.
616 2689 723 2724 loan.
754 2688 943 2722 Laui-ent.
975 2686 1110 2729 Bel-ti,

160 2745 394 2788 Hetruscus,
411 2744 506 2780 Ord.
529 2756 560 2779 s.
580 2741 808 2789 Augustini,
828 2739 988 2786 scripsit
1007 2739 1111 2775 theo-

161 2798 305 2845 logiam
350 2793 1111 2843 historico-dogmatico-scholasticam,

159 2864 227 2888 seu
258 2853 378 2888 libros
405 2852 449 2887 37
478 2851 525 2888 de
546 2849 778 2897 theologicis
799 2847 1026 2894 disciplinis.
1045 2847 1114 2882 l‘e-

162 2911 244 2941 trus
272 2907 330 2941 Μ.
349 2905 588 2952 Gazzaniga,
607 2903 704 2940 Ord.
727 2901 870 2938 Praed.
893 2901 930 2936 in
948 2900 1116 2936 Univer-

160 2960 277 2996 sitate
313 2959 609 2995 Vindobonensi
642 2957 759 2994 theol.
790 2956 906 3004 profi,
935 2955 1117 2991 exaravit

162 3012 458 3050 praelectiones
498 3012 756 3059 theologicas.
796 3010 961 3045 Ioannes
998 3009 1113 3055 Bapt-

161 3067 306 3111 Gener‚
334 3068 547 3115 Hispanus,
577 3068 616 3103 S.
647 3066 690 3110 1.‚
719 3063 939 3112 composuit
969 3063 1111 3099 theolo-

162 3121 267 3167 giam
294 3121 576 3168 dogmaticam,
603 3121 841 3157 illustratam
868 3117 1114 3154 dissertatio—

163 3174 275 3210 nibus
311 3175 509 3211 hisloricis
548 3180 589 3211 et
626 3172 893 3210 monumentis
933 3171 1116 3218 antiquis.

165 3227 337 3266 Thomas
363 3241 410 3266 ex
437 3230 643 3272 Chai-mes,
669 3226 933 3273 Capuccinus,
963 3224 1120 3272 reliquit

685 133 690 139 '
712 135 878 162 EPOCHA
897 134 970 162 XII.
994 137 1021 162 Α
1040 134 1208 162 LITIBVS
1227 133 1537 162 IANSENJSTlcis

1150 202 1317 239 Cursum
1343 213 1373 236 s.
1395 200 1652 247 Theologiae.
1676 199 1819 236 Petrus
1836 200 1980 243 Collet‚
1999 200 2098 238 Con·

1151 253 1617 301 greg-Missionis,edidit
1635 253 1892 301 Theologiam
1911 253 2105 290 moralem

1150 309 1380 344 universam
1388 308 1670 352 ,institutiones
1678 307 1920 355 theologicas
1931 307 1980 344 ad
1990 318 2106 344 usum

1153 363 1482 399 Seminariorum:
1501 362 1660 409 scripsit
1675 365 1887 408 praeterea
1901 362 2042 409 gallice
2058 361 2106 397 de

1160 416 1284 453 sacris
1310 417 1511 464 mysteriis
1528 445 1536 459 ,
1564 416 1611 452 de
1638 415 1766 451 officio
1793 416 1922 452 divino
1940 445 1949 461 ,
1975 416 2024 453 de
2051 415 2106 451 di-

1153 470 1541 517 spensationibus,de
1567 469 1839 516 Indulgentiis,
1859 469 2106 513 exorcismis,

1154 523 1331 571 aliisque.
1353 523 1584 560 Edmundus
1608 523 1716 566 Voit,
1737 523 1778 558 S.
1795 523 1843 565 I.,
1857 522 2107 558 concinnavit

1154 577 1413 624 Theologiam
1440 577 1649 613 moralem.
1677 577 1782 612 Ioan.
1815 576 2004 612 Vincent.‘
2033 575 2106 612 Pa-

1154 632 1253 667 tuzzi
1277 661 1285 675 ‚
1313 632 1516 668 Veronen.
1558 630 1656 666 Ord.
1695 629 1861 674 Praed.,
1888 629 2109 667 elaboravit

1154 685 1338 721 Ethicam
1367 685 1625 721 christianam
1653 683 1736 720 sive
1763 684 2003 731 theologiam
2029 694 2108 718 mo-

1154 738 1297 782 ralem,
1319 739 1528 786 pluresque
1544 741 1740 775 tractatus
1756 736 2109 785 theologicos-Vin-

1156 793 1308 829 centius
1334 793 1451 830 Card.
1480 793 1618 837 Petra,
1645 793 1934 840 Neapolitanus
1951 820 1960 836 ,
1987 788 2109 828 e'didit

1154 846 1311 883 erudita
1337 847 1637 884 Commentaria
1662 846 1710 882 ad
1729 845 2040 883 Constitutiones
2057 846 2109 880 A-

1156 901 1379 946 postolicas,
1392 906 1431 937 et
1446 902 1682 937 Tractatum
1696 900 1743 937 de
1759 898 2110 937 s Poenitentiaria

1155 955 1395 1001 Apostolica.
1424 955 1568 991 Petrus
1601 955 1708 991 Dens
1729 983 1737 997 ,
1766 955 1806 990 in
1835 953 2109 991 Universitate

1156 1008 1394 1044 Lovaniensi
1408 1021 1440 1044 s.
1452 1008 1694 1055 Theologiae
1705 1008 1942 1052 licentiatus,
1953 1005 2111 1054 reliquit

1157 1066 1352 1098 tractatus
1380 1063 1621 1110 theologicos
1648 1062 1696 1098 ad
1722 1074 1837 1099 usum
1868 1061 2109 1109 Seminario-

1156 1117 1457 1154 rum-Eusebius
1471 1114 2107 1162 Amort,CanonicusRegul.Ord.

1155 1182 1185 1206 s.
1215 1171 1458 1216 Augustini,
1493 1171 1699 1218 Pollingae
1737 1170 1776 1206 in
1816 1169 1992 1205 Bavaria
2022 1180 2111 1216 pro-

1156 1225 1294 1267 fessor,
1314 1225 1419 1261 dedit
1437 1225 1764 1273 Supplementum
1781 1224 1829 1260 ad
1845 1224 2021 1259 Lexicon
2039 1224 2112 1261 Ca-

1155 1290 1268 1314 suum
1287 1280 1564 1316 Conscientiae
1579 1279 1687 1315 Ioan.
1706 1279 1870 1323 Pontas,
1896 1281 2111 1314 tractat-um

1156 1332 1631 1380 historico-theologicum
1649 1332 1696 1369 de
1717 1331 2111 1379 indulgentiis‚regu-

1157 1387 1216 1422 las
1243 1386 1290 1422 de
1318 1387 1866 1430 revelationibus,visionibus
1890 1385 2112 1433 etappari-

1158 1441 1328 1477 tionibus
1348 1441 1525 1488 privatis.
1552 1440 1738 1488 Iosephus
1757 1439 2113 1487 Maugis,Namur-

1158 1496 1312 1538 censis,
1341 1495 1437 1531 Ord.
1466 1507 1496 1530 s.
1527 1494 1754 1541 Augustini,
1783 1495 1820 1530 in
1839 1493 2112 1530 Universitate

1157 1551 1396 1587 Lovaniensi
1416 1550 1534 1586 theol.
1564 1550 1781 1597 professor,
1798 1549 1956 1597 reliquit
1981 1549 2115 1596 plures

1158 1605 1460 1642 dissertationes
1485 1605 1612 1641 editas
1639 1609 1677 1641 et
1704 1608 1902 1641 tractatus
1927 1601 2115 1650 theologi-

1160 1671 1225 1695 cos
1252 1659 1437 1696 ineditos.
1466 1659 1603 1707 Ioseph
1633 1659 1799 1701 Simioli,
1823 1657 2115 1704 Neapolitanae

1159 1714 1316 1749 Eccles.
1344 1714 1591 1753 Canonicus,
1619 1717 1658 1749 et
1684 1713 1723 1747 in
1748 1713 1798 1748 R.
1826 1711 2045 1748 studiorum
2063 1709 2115 1746 U-

1160 1767 1394 1803 niversitate
1423 1765 1595 1814 primum
1622 1765 1878 1812 Theologiae,
1907 1768 2047 1812 postea
2059 1763 2117 1799 hi-

1161 1822 1308 1857 storiae
1335 1821 1603 1859 Conciliorum
1624 1821 1840 1868 professor,
1867 1818 1988 1856 edidit
2004 1817 2116 1854 Insti-

1161 1875 1334 1911 tutiones
1351 1875 1613 1922 Theologicas
1630 1875 1653 1910 5
1666 1874 1758 1910 voll.
1773 1885 1847 1911 nec
1863 1884 1941 1909 non
1955 1872 2115 1921 perbre-

1161 1940 1249 1965 vem
1268 1929 1473 1965 historiam
1493 1928 1775 1966 Conciliorum.

1210 1983 1316 2019 Inter
1335 1983 1551 2030 polemicos
1567 1987 1605 2018 et
1623 1981 1880 2030 apologistas,
1895 1980 1960 2029 qui
1975 1983 2116 2017 contra

1162 2037 1399 2079 haereticos,
1418 2036 1543 2072 dictos
1562 2036 1855 2079 protestantes,
1875 2038 2017 2071 contra
2032 2035 2117 2070 Ian-

1162 2091 1346 2135 senistas,
1374 2091 1650 2127 Febronianos
1676 2095 1715 2126 et
1740 2089 1965 2126 incredulos
1991 2089 2117 2136 scrip-

1162 2149 1310 2189 serunt,
1340 2144 1599 2192 praenotandi
1626 2148 1728 2180 sunt:
1758 2144 1814 2179 M.
1837 2143 2008 2179 Gerbert
2034 2142 2112 2179 iam

1163 2200 1562 2236 laudatus-Hubertus
1575 2198 2006 2247 Hayer‚Lotharingus,
2017 2197 2115 2234 Ord.

1164 2253 1549 2300 Minorum,scripsit
1567 2253 1710 2298 gallice
1732 2253 1864 2298 plures
1883 2252 2115 2296 Tractatus‚

1161 2309 1345 2344 nimirum
1366 2306 1414 2343 de
1442 2307 1582 2354 regula
1610 2306 1720 2343 Fidei
1737 2311 1877 2342 contra
1895 2305 2116 2342 calumnias

1160 2361 1488 2402 Protestantium,
1517 2360 1564 2396 de
1591 2360 1884 2407 apostolicitate
1903 2360 2017 2396 Rom.
2041 2360 2117 2396 Ec-

1161 2416 1333 2459 clesiae,
1365 2414 1412 2450 de
1446 2415 1618 2450 utilitate
1658 2415 1869 2462 temporali
1911 2413 2115 2462 religionis

1161 2469 1416 2512 christianae,
1444 2468 1491 2504 de
1519 2468 1738 2517 existentia*
1759 2468 1845 2513 Dei,
1865 2467 1912 2505 dc
1931 2468 2115 2515 spiritua·

1162 2524 1269 2559 litate
1297 2528 1337 2559 et
1364 2522 1663 2558 immortalitate
1692 2522 1871 2566 animae,
1899 2521 1946 2558 de
1975 2521 2113 2558 nundi-

1162 2577 1300 2613 natitia
1326 2575 1622 2612 incredulorum
1651 2576 1873 2623 sapientiae
1893 2575 2110 2621 iactantia3

1163 2632 1377 2667 maximam
1406 2641 1556 2677 qnoque
1588 2636 1741 2676 partem
1768 2629 1903 2666 habuit
1932 2629 1972 2665 in
1991 2640 2114 2677 opere

1165 2685 1360 2732 periodico
1377 2684 1438 2720 cui
1454 2683 1600 2719 titulus:
1617 2683 1776 2729 Reliyio
1791 2682 2012 2719 vindicata.
2027 2682 2117 2719 phi-

1165 2739 1288 2785 lippus
1321 2736 1508 2780 Vicaire‚
1537 2736 1673 2772 doctor
1700 2736 1957 2773 Cadomensis
1975 2764 1983 2780 ‚
2009 2735 2116 2773 dedit

1164 2793 1305 2839 gallice
1327 2791 1614 2838 expositionem
1636 2790 1791 2827 fidelem
1811 2794 1850 2827 et
1868 2789 2113 2826 demonstra-

1164 2847 1308 2883 tionem
1325 2845 1488 2882 solidam
1505 2845 1710 2881 doctrinae
1727 2844 1944 2881 catholicae
1956 2843 2005 2880 ad
2017 2843 2111 2880 Pro-

1166 2906 1367 2937 tcstantes.
1406 2899 1640 2936 Guilielmus
1667 2899 1889 2936 Bachuisen
1908 2926 1916 2942 ,
1943 2909 1965 2934 e
1992 2897 2117 2935 lanse-

1166 2955 1265 2990 nista
1300 2953 1518 2990 catholicus
1545 2958 1584 2989 et
1612 2957 1751 3000 postea
1777 2951 1991 2988 canonicus
2016 2951 2116 2987 Bru-

1165 3009 1312 3054 gensis‚
1342 3007 1503 3056 scripsit
1523 3007 1749 3054 apologiam
1768 3017 1863 3043 suae
1882 3005 2118 3042 secessionis

1165 3074 1187 3097 a
1214 3062 1441 3105 schismate,
1468 3066 1506 3097 et
1534 3066 1623 3097 acta
1650 3060 1793 3108 Zegeri
1813 3058 2007 3096 Bernardi
2025 3058 2117 3094 Van

1167 3117 1324 3163 Espen,
1358 3115 1559 3156 Quesnelli
1593 3121 1633 3152 et
1666 3115 1829 3151 Erkelii.
1866 3113 2010 3150 Petrus
2040 3111 2116 3149 Go-

1167 3174 1298 3206 vacrts
1317 3199 1325 3213 ,
1361 3170 1547 3205 Vicarius
1581 3169 1748 3217 apostol.
1778 3166 2089 3205 Buscoduccnsis
2107 3195 2116 3212 ‚

1166 3224 1324 3271 scripsit
1359 3222 1562 3270 Opuscula
1596 3223 1786 3260 adversus
1821 3221 2000 3260 eumdem
2027 3220 2118 3257 Van
