2241 3473
760 124 886 156 VSQVE
914 125 966 152 ΑΙ)
994 123 1165 151 ΞΟΗῙΞΜΛ
1194 124 1421 153 OCCIDENTIS

103 191 249 231 sionem
268 200 354 226 cum
375 188 563 239 episcopis
578 190 618 227 ct
633 190 836 228 abbatibus
855 189 1038 227 convenit

104 245 153 283 de
190 243 351 281 decimis
388 242 582 280 redituum
617 243 971 281 ecclesiastieorum
999 243 1038 279 in

104 297 314 337 subsidium
346 296 492 333 Terrae
529 300 686 334 sanctae
715 308 783 345 per
808 297 1038 335 sexennium

104 349 356 390 conferendis.
368 350 458 386 Post
469 350 535 386 II·n
546 350 761 388 Sessionem
779 350 932 387 adlatae
948 352 1040 387 sunt

103 404 256 443 litterae
279 403 505 452 Hieronymi
527 406 566 440 et.
585 403 844 452 Bonagratiae
865 403 940 441 FF.
959 403 1037 440 Mi-

105 468 269 502 norum,
303 457 370 506 qui
399 456 766 505 Constantinopolim
800 456 919 504 legati
941 457 1039 493 scri-

100 510 257 555 bebant,
276 521 316 547 se
337 522 452 559 quam
472 510 638 559 primum
660 510 707 546 ad
725 509 930 546 concilium
952 521 1040 546 ven-

101 568 209 601 turos
229 575 317 601 cum
345 563 489 600 nuntiis
510 563 764 608 Graecorum,
785 562 848 610 qui
870 563 1040 611 impera-

100 617 198 655 toris
210 621 250 655 et
266 617 532 666 episcoporum
549 616 699 653 nomine
716 615 975 653 obedientiam
994 615 1040 652 R.

104 670 299 708 Ecclesiae
320 670 606 720 profiterentur.
630 667 706 707 IlIa
726 669 902 706 Sessione
917 668 1040 705 lectae

102 728 193 762 sunt
212 724 359 773 aliquot
378 722 688 760 constitutiones.
701 723 794 760 Post
805 722 900 759 baec
920 723 1041 759 adve-

104 782 244 815 nerunt
262 778 499 814 Graecorum
521 776 652 824 legati,
666 777 728 824 qui
745 775 951 812 honorifico
968 786 1040 812 ex-

104 831 205 880 cepti
237 835 341 875 sunt,
373 833 412 867 et
431 830 468 866 in
489 829 607 867 missa
625 829 784 866 solemni
807 840 830 866 a
850 828 1041 865 Pontificc

103 885 317 929 celebrata,
337 884 426 920 dum
456 882 682 932 Symbolum
712 883 956 928 cantabatur,
982 884 1043 918 ter

103 939 383 986 repetiverunt:
417 935 497 978 Qua·
524 948 550 972 a
584 936 710 974 Patre
743 937 926 985 Filioque
941 947 1040 985 pro-

102 991 215 1029 cedit.
245 990 495 1028 Advenerunt
522 990 639 1027 etiam
659 989 778 1039 legati
799 990 957 1038 Abagae
976 1001 1042 1026 re-

102 1045 161 1093 gis
195 1044 463 1089 Tartarorum,
493 1043 556 1091 qui
576 1055 665 1080 cum
685 1042 920 1092 principibus
941 1043 1044 1079 chri-

101 1097 237 1135 stianis
256 1096 391 1135 foedus
424 1100 557 1133 contra
576 1096 724 1134 'Furcas
754 1096 853 1133 inire
873 1097 1044 1145 optabat.

102 1151 210 1189 Unus
229 1162 278 1188 ex
310 1150 370 1187 his
397 1149 536 1199 legatis
554 1150 805 1188 christianam
827 1149 942 1186 sidem
963 1161 1044 1186 am-

100 1204 250 1253 plexus,
269 1216 292 1242 a
312 1204 430 1241 Petro
449 1203 626 1253 episcopo
647 1203 815 1242 Ostiensi
830 1203 1047 1251 baptizatus

100 1260 168 1296 est.
190 1256 266 1295 1Ῡο
279 1257 453 1295 Sessione
473 1257 596 1294 lectae
616 1260 706 1295 sunt
721 1257 857 1294 literae
875 1256 1044 1294 Michae-

101 1311 147 1348 lis
175 1310 418 1360 imperatoris
447 1315 487 1348 et
507 1311 774 1360 episcoporum
798 1311 1046 1355 Graecorum,

101 1365 141 1402 in
162 1365 304 1413 quibus
337 1366 551 1402 secundum
572 1364 849 1414 praescriptam
870 1363 943 1401 sibi
962 1362 1044 1401 for—

101 1418 250 1456 mulam
266 1417 550 1467 profitebantur
561 1418 676 1456 fidem
687 1418 928 1463 catholicam,
939 1429 1047 1466 prae-

101 1472 240 1509 sertim
261 1471 543 1520 processionem
573 1471 742 1520 Spiritus
770 1471 808 1509 S.
830 1483 850 1507 e
871 1472 990 1508 Patre
1007 1472 1045 1508 et

101 1524 202 1563 Filio
230 1529 347 1573 atque
373 1525 582 1574 primatum
605 1525 654 1562 R.
676 1524 874 1562 Pontificis
893 1524 932 1560 in
954 1524 1042 1561 uni-

102 1589 258 1616 versam
277 1578 504 1625 Ecclesiam3
519 1578 636 1616 simul
652 1578 912 1627 postulabant,
936 1579 980 1614 ut
999 1577 1044 1614 si-

102 1632 153 1679 bi,
169 1632 271 1669 sicut
285 1635 375 1669 ante
391 1632 571 1677 schisma,
587 1631 720 1668 liceret
734 1631 962 1680 Symbolum
978 1642 1042 1668 10-

102 1685 237 1731 citare,
270 1696 412 1734 eosque
437 1685 536 1722 ritus
566 1696 812 1730 conservare,
833 1684 899 1733 qui
919 1696 1043 1732 neque

103 1738 211 1776 Fidei
235 1742 304 1776 aut
329 1749 358 1775 s,
380 1738 606 1788 Scripturae
627 1750 750 1787 neque
772 1738 911 1775 divinis
926 1749 1042 1787 prae-

103 1792 224 1841 ceptis
256 1793 325 1829 aut
353 1803 401 1830 ss.
423 1792 586 1830 Patrum
611 1791 673 1829 vel
693 1791 952 1830 Conciliorum
972 1791 1043 1828 de-

102 1846 220 1883 cretis
248 1849 375 1883 essent
406 1845 612 1893 contrarii,
633 1848 673 1883 et
690 1848 894 1894 postquam
916 1845 1042 1882 Grae-

102 1909 234 1937 corum
262 1898 410 1947 legati,
439 1899 588 1937 abiecto
617 1899 844 1945 schismate,
870 1898 1042 1935 eamdem

102 1952 211 1990 Fidei
243 1952 522 2001 professionem
541 1953 579 1990 in
596 1952 754 1990 concilio
783 1950 978 1998 fecissent,
997 1963 1044 1988 u-

103 2005 277 2054 triusque
294 2005 495 2044 Ecclesiae
519 2006 608 2043 unio
628 2005 870 2043 conclamata
892 2007 963 2042 est.
986 2003 1045 2042 Va

105 2061 146 2097 et
164 2058 242 2097 VIa
261 2058 507 2097 Sessionibus
539 2059 663 2097 lectae
691 2062 781 2096 sunt
799 2059 931 2108 plures
951 2070 1045 2095 con-

104 2112 342 2160 stitutiones,
374 2115 415 2150 et
433 2112 614 2151 Pontifex
634 2113 749 2150 finem
771 2112 931 2150 concilio
951 2123 1044 2149 con-

103 2166 239 2204 stituit.

156 2221 325 2258 Exstant
360 2219 476 2257 huius
513 2219 684 2265 concilii,
712 2220 813 2268 quod
851 2221 909 2256 est
944 2218 1047 2255 inter

106 2273 351 2311 oecumenica
370 2273 560 2311 decimum
581 2275 764 2321 quartum
778 2302 787 2318 ,
810 2273 859 2310 31
881 2283 1046 2309 canones

105 2338 174 2364 seu
186 2326 485 2374 constitutiones3
494 2338 659 2376 quorum
670 2325 710 2364 1⁰
721 2326 919 2371 definitur,
931 2325 1047 2374 Spiri-

107 2381 191 2418 tum
210 2379 249 2416 S.
270 2380 477 2429 procedere
496 2392 546 2418 ex
566 2381 684 2418 Patre
704 2382 744 2417 et
754 2380 864 2427 Filio,
879 2391 955 2416 non
967 2382 1046 2416 tan-

108 2443 224 2482 quam
244 2442 294 2470 ex
311 2432 459 2470 duobus
474 2433 670 2483 principiis
690 2436 729 2471 et
748 2433 899 2470 duabus
919 2432 1046 2481 spira-

108 2486 290 2531 tionibus,
312 2485 380 2523 sed
412 2489 593 2534 tanquam
628 2499 676 2525 ex
703 2499 778 2524 uno
797 2485 987 2535 principio
1009 2487 1048 2522 et

109 2539 222 2577 unica
241 2539 465 2588 spiratione3
484 2539 527 2577 2⁰
543 2539 862 2590 praescribuntur
880 2540 983 2587 leges
1003 2539 1048 2575 de

111 2592 285 2631 conclavi
299 2603 368 2641 pro
383 2592 571 2630 electione
586 2594 634 2631 R.
652 2592 853 2631 Pontificis
870 2590 894 2640 1;
909 2590 1049 2629 30-110

110 2647 240 2696 agitur
273 2646 320 2683 de
352 2645 630 2694 electionibus,
659 2646 981 2695 postulationibus
1011 2646 1050 2682 et

151 2738 162 2759 ¹
181 2739 257 2768 Prae
273 2736 343 2768 aliis
360 2741 507 2769 statutum
521 2741 582 2775 est,
595 2741 636 2776 ut,
650 2738 737 2769 sicuti
751 2738 808 2768 sub
818 2737 992 2769 Alexandro
1005 2739 1051 2775 lll,

114 2791 127 2809 ι
145 2780 175 2810 111
193 2788 384 2819 quacumque
407 2780 481 2810 urbe
504 2780 667 2819 contigerit
694 2781 772 2810 mori
795 2779 990 2816 Pontificem,
1021 2780 1049 2810 in

111 2830 148 2853 ea
163 2822 301 2861 erigatur
316 2822 476 2859 conclave,
494 2824 523 2851 et
544 2821 661 2851 decimo
684 2821 723 2851 ab
752 2821 834 2851 obitu
852 2822 916 2851 eius
940 2822 987 2852 die
1004 2821 1051 2851 in-

110 2862 293 2935 grediantur
313 2862 491 2893 cardinales
507 2862 631 2902 singuli,
647 2862 775 2902 singulis
793 2863 926 2892 contenti
952 2863 1052 2893 samu-

124 2905 149 2935 is
161 2903 288 2934 Clericis
301 2927 308 2942 ‚
321 2912 374 2935 scu
392 2905 488 2942 laicis,
512 2904 719 2943 incipiantque
736 2904 805 2933 novi
819 2904 973 2934 Pontificis
989 2904 1050 2934 ele-

111 2944 334 2984 ctionioperam
348 2945 433 2984 dare,
443 2945 560 2976 nemine
571 2944 927 2984 expectato.Cardinalcs
943 2945 1050 2975 inclusi

109 2987 140 3018 in
149 2986 289 3018 conclavi
302 2986 391 3017 nullo
406 2985 597 3017 intermedio
609 2985 798 3025 variamen
811 2985 873 3016 alio
887 2985 1051 3023 velamine,

112 3036 222 3059 omnes
239 3026 382 3059 habitent
397 3029 429 3058 in
446 3027 618 3059 communi.
635 3027 740 3057 Nullus
757 3026 795 3056 ad
810 3035 864 3057 eos
876 3028 1052 3066 [1310313111-

110 3072 173 3107 tus,
186 3069 300 3100 nullum
319 3070 364 3100 eis
381 3070 471 3100 liceat
488 3069 625 3100 nuntium
644 3069 761 3106 audire,
780 3068 893 3098 nullam
910 3067 1053 3107 accipere

1921 112 1973 151 75

1080 190 1365 239 provisionibus
1399 188 1663 236 ecclesiarum,
1684 187 1912 238 praesertim
1941 189 2025 238 epi-

1080 244 1309 293 scopalium3
1342 243 1407 282 12⁰
1435 242 1827 281 excommunicantur
1846 241 2026 290 quicum-

1081 309 1155 346 que
1174 298 1338 347 regalia,
1355 297 1567 335 custodiam
1584 298 1666 334 sive
1682 295 1896 344 guardiam,
1913 295 2028 333 advo-

1081 351 1244 388 cationis
1265 352 1325 388 vel
1345 350 1580 388 defensionis
1606 349 1762 387 titulum
1784 348 1820 385 in
1841 347 2027 394 ecclesiis,

1082 404 1326 442 monasteriis
1343 405 1403 441 vel
1423 403 1509 441 aliis
1530 403 1601 451 piis
1623 403 1715 440 locis
1733 403 1778 440 de
1798 413 1898 439 novo
1920 413 2029 439 usur-

1082 469 1172 506 pare
1193 459 1405 504 tentantes,
1422 456 1686 501 ecclesiarum,
1703 454 2026 493 monasteriorum

1082 513 1150 548 aut
1171 511 1323 560 piorum
1352 511 1523 548 locorum
1547 509 1769 547 vacantium
1790 509 1891 546 bona
1910 520 2026 546 occu-

1085 566 1241 612 parent3
1258 564 1416 613 reliquis
1436 563 1644 600 canonibus
1666 562 1886 600 decernitur
1901 562 1948 599 de
1968 562 2028 607 iis,

1083 618 1146 665 qui
1168 618 1387 655 assumendi
1410 616 1561 655 suntad
1578 615 1759 653 ccclesias
1775 615 2027 665 parochiales,

1083 672 1128 708 de
1162 672 1403 720 temporibus
1434 680 1632 709 sacrarum
1668 669 1955 707 ordinationum
1989 671 2029 706 et

1083 725 1388 762 ordinandorum
1410 725 1576 768 dotibus,
1591 722 1637 759 dc
1652 723 1827 771 bigamis,
1844 724 1889 760 (10
1905 721 2028 760 officio

1083 778 1220 815 iudicis
1236 778 1434 824 ordinarii,
1450 778 1496 815 dc
1514 775 1744 826 praebendis
1764 778 1804 814 et
1823 775 2029 826 dignitati-

1083 833 1168 876 bus,
1188 832 1234 869 (10
1255 831 1445 880 religiosis
1466 830 1620 868 familiis
1641 828 1801 878 aliisque
1823 829 1846 867 ¹.

1136 885 1324 924 Absoluto
1337 885 1498 922 concilio
1514 882 1727 932 Gregorius
1744 883 1813 932 Pp.
1834 884 1871 921 X
1888 885 1925 921 in
1943 885 2028 922 Ita-

1084 939 1176 976 liam
1196 939 1370 984 rediens,
1391 938 1570 976 eumdem
1591 935 1840 985 Rodulphum
1870 938 2029 976 obvium

1085 993 1221 1030 habuit
1232 993 1449 1038 Lausanae,
1461 991 1706 1040 pollicentem
1723 991 1970 1029 iureiurando
1990 1003 2030 1028 30

1086 1048 1301 1084 Ravennae
1331 1045 1597 1084 Exarchatum
1627 1046 1667 1082 et
1695 1044 1791 1082 alias
1829 1045 2028 1083 Ecclesiae

1085 1102 1212 1138 terras
1227 1099 1480 1137 defensurum
1497 1097 1523 1136 ².
1541 1099 1823 1147 Transgressus
1837 1098 1956 1147 Alpes
1971 1110 2031 1136 ac-

1088 1154 1206 1191 cessit
1225 1153 1505 1198 Mediolanum,
1525 1152 1614 1189 inde
1634 1151 1891 1197 Placentiam,
1912 1153 2030 1200 atque

1088 1208 1190 1253 inde,
1211 1206 1504 1256 praetervolans
1523 1205 1776 1250 Florentiam,
1797 1205 1859 1242 cui
1889 1206 1935 1242 ob
1955 1217 2029 1242 non

1087 1264 1262 1299 servatas
1281 1260 1387 1310 leges
1408 1259 1514 1308 pacis
1542 1271 1630 1296 cum
1650 1258 1836 1296 Gibelinis
1863 1258 2030 1296 interdi-

1090 1318 1202 1353 xerat
1222 1326 1353 1361 sacra3
1374 1325 1460 1351 cum
1472 1312 1714 1362 pervenisset
1726 1312 1917 1358 Aretium,
1937 1313 2031 1350 mul-

1086 1373 1202 1418 taque
1218 1369 1264 1405 de
1280 1366 1544 1416 recuperanda
1557 1365 1783 1404 Palaestina
1798 1365 1926 1403 animo
1947 1366 2031 1403 vol-

1087 1426 1288 1468 veret,1v⁰
1310 1421 1398 1458 idus
1425 1419 1593 1457 ianuarii
1626 1419 1724 1456 1276
1753 1421 1878 1457 morte
1906 1419 2030 1457 inter-

1087 1478 1222 1525 ceptus
1238 1474 1322 1512 fuit.
1336 1473 1518 1523 Sepultus
1531 1475 1591 1510 est
1606 1484 1759 1510 summa
1774 1485 1861 1510 00111
1873 1484 2031 1510 venera-

1082 1530 1190 1567 tione
1218 1528 1363 1566 Aretii:
1394 1527 1596 1574 multaque
1625 1526 1730 1563 circa
1759 1525 1861 1564 illius
1891 1537 2031 1576 corpus

1086 1582 1275 1620 miracula
1303 1581 1547 1630 postmodum
1575 1580 1784 1618 subsecuta
1810 1579 1927 1618 fidem
1947 1580 2031 1617 eius

1085 1637 1304 1674 sanctitatis
1324 1635 1524 1672 indubiam
1542 1634 1756 1683 praebuere
1775 1631 1801 1672 ³.

1138 1690 1199 1727 42.
1213 1689 1480 1726 Innocentius
1502 1687 1744 1734 VPontz'feae
1761 1687 1844 1735 (an.
1860 1687 2031 1737 1276)—
2083 1687 2090 1699 '

1087 1744 1183 1781 Post
1202 1741 1380 1791 Gregorii
1397 1741 1543 1779 obitum
1567 1740 1813 1787 Cardinales,
1834 1752 1882 1778 ex
1912 1744 2039 1789 prae-‘
2074 1747 2077 1751 ’

1086 1797 1228 1845 scripto
1248 1795 1346 1844 legis
1373 1795 1421 1832 ab
1442 1794 1522 1843 ipso
1541 1793 1665 1840 latae,
1686 1792 1778 1832 x111⁰
1803 1794 1949 1832 calend.
1971 1793 2031 1831 fe-

1085 1851 1217 1888 bruar.
1238 1849 1277 1886 in
1306 1847 1481 1886 conclavi
1509 1847 1677 1884 conclusi
1695 1846 1932 1897 ⁴,postriduo
1950 1847 2032 1884 010-

1087 1905 1228 1953 gerunt
1240 1901 1507 1939 Innocentium
1517 1901 1566 1947 V,
1578 1903 1694 1938 antea
1706 1900 1940 1950 appellatum
1951 1900 2032 1938 Pe-

1086 1960 1190 1995 trum
1203 1956 1249 1994 de
1258 1954 1503 2000 Tarantasia3
1518 1954 1596 2003 qui,
1607 1955 1754 2003 primus
1769 1966 1816 1992 ex
1826 1954 2033 1992 FFPrae·

1087 2011 1302 2048 dicatorum
1322 2007 1470 2046 familia
1480 2006 1507 2054 ⁵,
1527 2020 1700 2046 summus
1717 2007 1899 2045 Pontifex
1919 2019 2033 2046 crea-

1088 2067 1150 2102 tus
1171 2067 1250 2110 est,
1279 2065 1318 2099 et
1347 2061 1480 2099 Aretio
1523 2060 1718 2110 profectus
1746 2062 1913 2098 Romam
1940 2062 2033 2098 17111ο

1089 2117 1239 2155 calend:
1254 2115 1416 2153 martias
1437 2114 1474 2151 in
1495 2115 1591 2152 aede
1619 2114 1812 2164 Principis
1826 2114 2033 2164 Apostolo-

1088 2183 1175 2209 rum
1210 2170 1480 2218 inauguratur.
1515 2168 1551 2205 Is
1584 2167 1743 2206 dissidia
1771 2167 2034 2205 Genuensium

1088 2234 1315 2273 componere
1336 2221 1498 2260 conatus
1519 2223 1590 2268 est,
1610 2221 1773 2260 Pisanos
1791 2221 2033 2259 Lucensibus

1128 2362 1139 2383 ¹
1159 2362 1269 2400 Lal)l)e,
1289 2359 1406 2393 Concil.
1430 2363 1449 2390 t.
1466 2359 1519 2397 XI,
1535 2368 1563 2398 p.
1578 2357 1637 2390 938
1655 2367 1700 2398 sq.
1723 2358 1757 2388 In
1775 2357 1882 2388 codem
1898 2355 2032 2387 Concilio

1089 2405 1287 2436 constitutum
1312 2406 1378 2439 est,
1403 2405 1433 2432 ut
1465 2401 1599 2441 singuli,
1622 2400 1792 2440 gloriosum
1816 2398 1884 2429 Iesu
1912 2396 2034 2429 Christi

1088 2455 1199 2477 nomen
1217 2444 1473 2485 quandocumque
1489 2441 1643 2479 recolitur,
1660 2440 1783 2472 flectant
1806 2448 1907 2480 genua
1931 2439 2034 2470 cordis

1089 2488 1147 2524 sui,
1167 2487 1247 2527 quod
1264 2486 1374 2525 capitis
1389 2484 1589 2515 inclinatione
1605 2486 1761 2513 testentur.

1129 2528 1143 2551 2
1159 2531 1212 2567 Ap.
1228 2527 1377 2567 Raynald.
1396 2526 1435 2556 ad
1451 2535 1500 2556 an.
1518 2524 1606 2561 1275,
1623 2523 1638 2564 Ξ
1654 2523 1703 2560 37,
1721 2523 1770 2554 38.

1131 2570 1146 2593 3
1163 2569 1226 2600 Vid.
1240 2569 1353 2600 Bened.
1369 2568 1443 2606 XIV,
1460 2566 1503 2598 De
1519 2565 1643 2597 Servor.
1661 2565 1718 2596 Dei
1740 2564 1827 2595 Reae.
1846 2567 1902 2595 etc.
1920 2563 1938 2595 1.
1957 2563 1989 2601 11,
2007 2571 2033 2593 c.

1089 2611 1139 2650 at,
1153 2611 1169 2652 ξ
1185 2610 1234 2649 37,
1250 2620 1279 2642 11.
1296 2609 1363 2641 135.

1130 2653 1144 2675 ⁴
1167 2652 1347 2688 Panvinius,
1370 2651 1401 2681 in
1430 2652 1530 2680 annot.
1551 2649 1588 2678 ad
1617 2649 1781 2684 platinam,
1806 2657 1834 2686 p.
1861 2646 1936 2685 179,
1959 2647 2035 2678 haec

1090 2695 1199 2725 habet:
1232 2704 1245 2721 α
1270 2695 1314 2724 Eo
1339 2697 1477 2731 tempore
1504 2697 1716 2729 nequaquam,
1734 2692 1766 2719 ut
1791 2697 1872 2719 nunc
1904 2697 2036 2719 consue·

1092 2736 1165 2767 tudo
1191 2740 1249 2774 est,
1273 2729 1453 2765 Cat-ilinales
1479 2733 1508 2762 in
1533 2731 1675 2760 Conclavi
1697 2730 1957 2766 recludebantur,
1983 2729 2038 2760 sed

1093 2786 1212 2808 summo
1234 2786 1323 2807 mane
1351 2775 1483 2815 singulis
1512 2772 1632 2807 diebus,
1649 2772 1673 2801 si
1693 2772 1806 2802 Rornae
1822 2776 1927 2810 crant,
1944 2772 2036 2801 Late-

1093 2819 1177 2857 rani,
1193 2819 1240 2849 v<=l
1256 2819 1284 2848 in
1304 2816 1440 2848 Basilica
1463 2824 1485 2845 s.
1508 2814 1604 2850 Petri,
1621 2816 1673 2842 aut
1695 2813 1778 2850 alibi,
1798 2816 1889 2851 prout
1910 2812 2035 2843 occasio

1093 2870 1126 2891 se
1141 2869 1174 2890 sc
1193 2860 1356 2890 offerebat:
1373 2859 1420 2888 sin
1437 2858 1536 2886 aulem
1554 2859 1638 2884 extra
1652 2854 1773 2891 Urbem,
1788 2855 1816 2884 in
1827 2854 1969 2885 Ecclesia
1986 2855 2039 2884 Ca-

1099 2902 1229 2933 11101113Ιί
1254 2901 1333 2931 illius
1353 2898 1506 2932 Civitatis,
1523 2897 1550 2925 in
1577 2904 1636 2934 qua
1659 2900 1730 2926 tunc
1754 2895 2039 2933 commorabantur,

1096 2952 1157 2975 una
1181 2941 1414 2977 conveniebant,
1432 2937 1556 2978 perinde
1573 2946 1608 2967 ac
1625 2940 1730 2967 nostro
1748 2940 1886 2974 tempore
1909 2937 2036 2973 faciunt,

1095 2994 1161 3016 cum
1190 2982 1463 3023 congregationem
1492 2981 1562 3008 sunt
1578 2978 1731 3017 habituri,
1747 2979 1784 3010 de
1804 2979 1934 3010 Romani
1957 2979 2036 3009 Pon-

1096 3025 1185 3057 tificis
1202 3025 1349 3055 electione
1364 3022 1533 3052 tractantes
1547 3031 1574 3050 ».

1136 3068 1150 3089 5
1166 3067 1201 3097 In
1216 3065 1330 3096 Ordine
1347 3063 1595 3094 Praedicatorum
1620 3061 1673 3091 suit
1695 3061 1844 3101 magister
1859 3061 1890 3091 in
1906 3059 2038 3090 Theolo-

112 3114 165 3141 aut
180 3110 255 3142 dare
271 3111 449 3150 epistolam,
464 3110 615 3141 neminem
634 3109 747 3150 alloqui
772 3108 831 3139 sub
847 3110 1050 3140 anathematis
1096 3109 1151 3148 gia
1168 3110 1198 3138 et
1214 3114 1346 3145 magnac
1363 3102 1649 3140 litteraturae‚undc
1662 3102 1786 3141 scripsit
1798 3111 1891 3141 super
1906 3101 2034 3132 Senten-

112 3152 355 3190 poenam—sed
372 3153 457 3193 leges
474 3152 630 3184 conclavis
647 3159 796 3192 processu
814 3151 961 3191 temporis
976 3160 1053 3192 pau·
1098 3150 1158 3181 tias
1179 3152 1208 3179 et
1224 3156 1318 3186 super
1345 3144 1504 3186 Epis-lotas
1527 3144 1628 3182 Pauli}
1654 3152 1678 3175 S.
1704 3145 1886 3180 Antoninus,
1901 3146 1982 3184 part.
2004 3141 2032 3181 3,

112 3193 205 3225 lulum
227 3194 364 3226 variatae
385 3197 462 3226 sunt.

1101 3190 1219 3224 Clu-on.
1236 3190 1280 3221 tit.
1303 3186 1352 3227 ΞΟ,
1369 3197 1394 3219 0.
1411 3185 1440 3218 3.
