2241 3473
257 149 298 174 vl

207 211 318 253 dium
349 210 576 251 maximum
610 205 736 250 offert
769 205 820 247 ad
848 202 1148 257 acquirendam

207 272 382 312 Patruin
413 269 606 309 notitiam
637 278 710 307 seu
747 264 859 304 illam
892 262 1148 317 Theologiae

207 332 381 384 partem,
405 327 446 367 in
465 339 546 380 qua
566 326 706 379 agitur
728 322 777 363 de
800 322 902 369 vita,
922 322 1084 376 scriptis
1107 324 1150 364 et

206 387 394 429 doctrina
411 386 600 427 Patr-um.
621 382 735 424 Haec
753 393 1009 435 cognoscere
1022 381 1151 421 maxi·

206 447 261 488 mi
282 444 476 500 ponderis
510 445 573 485 est
604 440 815 495 theologo,
838 452 964 493 quum
997 440 1151 483 Patres

207 506 288 546 sint
309 502 616 557 locupletissimi
637 502 770 542 testes
792 498 1031 547 doctrinae,
1055 512 1150 540 mo-

207 577 298 605 rum
330 566 372 604 et
403 561 690 603 institutorum
730 557 889 601 veteris
924 558 1150 602 Ecclesiae.

264 622 404 663 Tertio
451 619 628 662 historia
681 617 966 660 ecclesiastica
1014 617 1152 659 adfert

207 680 426 736 praeclara
447 677 688 720 adiumenta
712 676 763 718 ad
781 675 1038 732 Theologiae
1056 676 1152 731 dog-

208 740 386 782 maticae
405 740 446 779 et
464 737 692 792 polemicae
707 736 893 778 studium
905 736 1033 777 solide
1048 740 1152 778 trac-

207 797 391 841 tandum.
425 796 540 838 Illius
572 809 647 850 ope
679 795 901 850 theologus
932 808 1151 837 sacrorum

205 857 449 912 dogmatum
471 856 702 903 historiam,
722 857 985 897 constantem
1003 854 1151 896 Eccle-

203 917 290 958 siae
322 915 607 965 traditionem,
642 914 916 956 conciliorum
949 912 1154 955 definitio-

203 989 277 1017 nes
299 977 528 1023 scrutatum
553 978 595 1016 et
617 973 714 1028 quid
736 973 900 1027 ubique,
925 985 1089 1026 semper
1110 975 1153 1014 et

205 1034 256 1076 ab
279 1033 469 1076 omnibus
493 1032 739 1076 Christianis
762 1032 968 1075 creditum
991 1032 1058 1080 sit,
1083 1030 1153 1072 ad-

206 1093 340 1135 discit.
359 1094 435 1135 Illa
453 1093 556 1135 duce
574 1093 777 1147 originem
793 1096 835 1134 et
852 1091 941 1133 fata
959 1103 1150 1133 errorum

205 1155 402 1195 veterum
423 1166 474 1195 ac
497 1153 778 1195 recentiorum
799 1151 970 1206 detegit;
990 1163 1072 1205 qua
1089 1163 1153 1191 ra-

204 1213 320 1255 tione
352 1211 510 1254 fuerint
540 1211 754 1267 propositi,
779 1211 983 1265 quibusve
1016 1222 1151 1264 argu-

204 1272 355 1314 mentis
387 1270 616 1319 confutati‚
648 1270 834 1326 indagat.
868 1270 1053 1323 Denique
1085 1268 1153 1310 ad-

205 1344 355 1374 versus
376 1343 468 1379 eos,
492 1331 560 1384 qui
584 1330 846 1385 Religionem
879 1329 1152 1371 christianam

204 1390 257 1433 ab
279 1390 471 1431 humanis
494 1389 807 1438 additamentis,
831 1402 1011 1447 quorum
1034 1401 1152 1429 accu-

205 1453 301 1492 sant
333 1449 583 1498 catholicos,
609 1449 869 1504 purgandam
903 1451 944 1490 et
975 1447 1151 1502 pristino

204 1510 331 1552 nitori
350 1508 653 1551 restituendam
671 1522 762 1550 esse
782 1508 1014 1557 clamitant,
1027 1507 1154 1549 histo-

204 1569 292 1610 riae
323 1567 634 1610 ecclesiasticae
672 1581 748 1623 ope
784 1569 941 1611 invicte
974 1568 1152 1610 demon-

205 1630 325 1678 strat,
350 1627 564 1669 Ecclesiae
582 1627 1042 1670 Romano—catholicae
1061 1626 1155 1668 doc-

204 1688 358 1730 trinam
380 1700 472 1729 esse
503 1687 693 1728 eamdem
726 1687 861 1736 illam,
886 1700 1011 1741 quam
1040 1686 1153 1729 Chri·

206 1749 295 1789 stus
319 1746 545 1802 Apostolis,
569 1746 611 1788 hi
633 1746 817 1788 ecclesiis
840 1760 865 1787 a
887 1760 931 1788 se
953 1745 1152 1794 fundatis,

205 1806 368 1860 haeque
390 1805 442 1847 ad
464 1806 568 1847 haec
591 1819 722 1859 usque
756 1808 946 1861 tempora
968 1806 1154 1860 legitima

206 1865 469 1908 successione
492 1864 771 1907 tradiderunt.

266 1925 312 1966 In
330 1924 478 1966 morali
497 1924 623 1965 etiam
641 1929 682 1966 et
705 1924 907 1978 pastorali
925 1923 1155 1978 Theologia

208 1985 343 2026 locum
371 1983 482 2025 haud
504 1981 690 2025 infimum
713 1983 873 2026 obtinet
895 1983 1073 2026 historia
1093 1996 1155 2025 ec·

209 2044 456 2086 clesiastica.
477 2044 606 2084 Docet
623 2044 771 2097 quippe
785 2055 867 2096 qua
880 2044 1044 2084 ratione
1058 2055 1157 2096 qua-

210 2104 275 2145 vis
298 2105 441 2144 aetate
465 2101 622 2144 ethices
656 2103 909 2144 christianae
933 2104 1157 2156 praecepta

209 2162 365 2204 fuerint
397 2162 607 2211 exercita,
642 2174 723 2215 qua
755 2161 953 2204 methodo
985 2161 1155 2210 tradita;

210 2235 316 2276 quae
349 2219 505 2263 fuerint
536 2221 706 2262 moralis
739 2221 1019 2275 corruptionis
1043 2233 1159 2274 prae-

210 2282 357 2336 cipuae
388 2293 560 2330 causae,
585 2293 690 2334 quae
713 2280 1011 2323 instaurandae
1043 2279 1159 2321 disci-

210 2341 348 2398 plinae
370 2341 555 2382 rationes
578 2340 718 2382 initae.

268 2400 453 2454 Denique
475 2400 577 2441 iuris
595 2399 866 2442 ecclesiastici
889 2399 1017 2448 notio,
1036 2411 1161 2453 quae-

213 2473 390 2514 cumque
412 2458 550 2507 fuerit,
574 2459 663 2500 sine
685 2459 884 2501 historiae
908 2458 1160 2500 ecclesiasti-

213 2533 286 2562 cae
319 2520 488 2561 notione
521 2518 667 2560 mutila
697 2519 788 2561 erit.
813 2517 904 2560 Hac
921 2519 989 2572 qui
1012 2531 1161 2560 carue-

213 2581 291 2629 rit,
322 2578 534 2633 regiminis
567 2577 840 2619 ecclesiastici
873 2577 1071 2626 formam,
1094 2591 1159 2632 ap-

214 2638 477 2693 plicationem
500 2639 543 2680 et
573 2650 668 2679 cum
701 2637 813 2679 civili
845 2637 932 2679 iure
965 2638 1158 2680 relatio-

215 2710 319 2740 nem
351 2697 461 2739 haud
492 2697 716 2752 percipiet;
749 2697 850 2738 iuris
882 2699 969 2740 tam
1003 2697 1160 2750 antiqui

214 2770 338 2811 quam
352 2757 451 2798 novi
465 2756 687 2812 originem,
701 2756 880 2798 indolem
892 2760 934 2799 et
945 2756 1034 2798 fata
1046 2756 1160 2811 igno-

214 2816 336 2864 rabit;
360 2816 531 2869 ipsaque
564 2817 665 2858 iuris
687 2816 958 2858 ecclesiastici
982 2815 1157 2858 sontium

213 2877 281 2929 qui
304 2878 399 2929 post
419 2888 450 2916 s.
475 2875 735 2930 Scripturam
759 2878 856 2917 sunt
879 2875 1063 2923 traditio,
1084 2876 1160 2916 Pa-

215 2938 327 2977 trum
349 2935 600 2983 sententiae,
625 2934 873 2977 Pontificum
897 2939 939 2977 et
962 2934 1161 2977 concilio-

216 3007 308 3035 rum
331 2993 514 3042 decreta,
540 2994 709 3035 notione
734 2994 893 3037 carebit
918 2994 942 3035 ¹.

261 3105 267 3124 ¹
285 3105 321 3135 (21‘
333 3104 594 3141 nantensu-auch,
612 3106 780 3143 l’rolrgoin.
793 3105 888 3137 lnstit.
908 3106 968 3137 iar.
978 3106 1049 3138 eccl.
1064 3111 1081 3141 ἐξ
1095 3105 1160 3143 165;

220 3146 352 3181 (mileum,
376 3146 476 3177 Theoi.
494 3146 609 3178 moral.
634 3151 712 3185 part.
729 3149 754 3183 Ι,
772 3151 788 3177 ῑ,
808 3149 833 3185 Ι,
858 3151 931 3180 sect.
948 3148 982 3186 ⁹2;
1006 3148 1161 3187 Mabillon,

219 3189 348 3218 Tractat.
366 3187 409 3219 De
423 3187 505 3218 stud.
528 3191 661 3219 monast.
681 3192 757 3228 part.
777 3190 804 3220 ΙΙ.

693 143 958 171 INTRODVCTIO
989 142 1032 168 IN
1061 140 1283 168 HISTORIAM
1310 138 1647 166 ECCLESIASTICAM

1214 205 1242 258 ἓ
1259 202 1300 245 3.
1325 203 1558 245 Historiae
1582 200 1929 244 Ecclesz‘astz'cae
1953 199 2121 241 Fontes

1251 322 1464 366 Historica
1505 321 1665 364 veritas
1705 318 1853 361 nititur
1890 318 2141 362 testimoniis

1194 396 1362 431 eorum,
1396 382 1466 435 qui
1495 380 1609 422 facta
1636 378 1835 421 referunt.
1861 379 1968 422 Sunt
1998 381 2141 421 autem

1193 445 1325 484 testes
1358 441 1446 490 alii,
1470 440 1539 494 qui
1571 439 1781 482 rationem
1813 439 2002 481 ultimam
2033 439 2075 480 in
2096 450 2142 478 se

1195 502 1431 548 continent,
1454 502 1627 554 propter
1648 511 1774 552 quam
1801 498 1959 540 factum
1991 499 2143 542 habea-

1194 563 1265 602 tur
1286 573 1450 606 verum‚
1470 571 1546 599 seu
1563 558 1631 612 qui
1653 571 1676 600 e
1698 557 1810 600 nullo
1834 557 1915 599 alio
1939 556 2142 601 anteriori

1194 620 1329 662 adhuc
1362 618 1570 659 existente
1603 617 1849 666 hauserunt,
1873 619 1915 659 et
1936 616 1979 658 hi
2009 619 2141 673 vulgo

1197 680 1404 721 vocantur
1426 675 1565 718 fontes
1587 690 1662 718 seu
1683 679 1813 719 testes
1830 677 1950 731 primi
1972 677 2143 720 ordinis.

1197 737 1277 779 Alii
1299 740 1411 784 sunt,
1435 736 1507 789 qui
1527 736 1721 778 notitiam
1743 735 1858 786 facti,
1881 735 1992 791 quod
2008 736 2143 791 perhi-

1195 797 1314 845 bent,
1349 809 1403 837 ex
1435 795 1720 837 anterioribus
1752 795 2003 845 hauserunt,
2038 798 2082 838 et
2101 795 2144 837 hi

1197 857 1408 898 vocantur
1429 857 1561 897 testes
1583 855 1756 897 secundi
1777 855 1945 906 ordinis;
1967 858 2145 910 possunt

1195 918 1334 957 tamen
1357 927 1448 955 esse
1471 914 1606 956 instar
1626 913 1801 957 fontium
1824 916 1865 956 in
1886 915 1947 964 iis,
1965 926 2073 969 quae
2088 928 2143 956 ex

1195 975 1295 1029 ipsis
1319 972 1503 1016 fontibus
1537 974 1793 1024 hauserunt,
1818 973 1916 1016 dum
1936 973 1979 1015 hi
1999 974 2067 1016 vel
2087 974 2145 1016 in·

1194 1034 1400 1075 terierunt
1432 1033 1502 1075 vel
1532 1033 1640 1075 adiri
1680 1035 1916 1088 nequeunt:
1948 1033 2047 1075 talis
2079 1036 2146 1076 est

1194 1092 1398 1135 Eusebius
1411 1092 1708 1135 Caesareensis
1725 1093 1765 1134 in
1783 1093 1924 1136 multis
1943 1094 2144 1147 quantum

1194 1152 1247 1194 ad
1269 1153 1351 1195 tria
1373 1153 1515 1207 priora
1536 1152 1749 1194 Ecclesiae
1781 1151 1950 1195 saecula
1978 1153 2144 1194 attinet.

1194 1211 1274 1260 Qui
1291 1215 1435 1254 autem
1456 1212 1652 1254 relationi
1673 1213 1844 1254 testium
1875 1210 2047 1254 secundi
2068 1223 2143 1253 or-

1194 1272 1300 1313 dinis
1322 1272 1574 1321 innituntur,
1597 1271 1797 1327 appellari
1814 1274 1990 1326 possunt
2009 1273 2143 1314 testes

1193 1331 1309 1374 tertii
1332 1330 1503 1373 ordinis.

1252 1391 1410 1433 Fontes
1432 1391 1633 1433 historiae
1655 1390 1967 1440 ecclesiasticae
1985 1391 2145 1445 specta-

1195 1452 1241 1493 ta
1258 1450 1421 1505 origine
1442 1450 1686 1493 dividuntur
1702 1451 1743 1491 in
1763 1450 1926 1492 divinos
1944 1453 1987 1492 et
2003 1450 2146 1492 huma·

1195 1522 1287 1559 nos,
1309 1509 1454 1552 habita
1474 1510 1640 1552 ratione
1658 1509 1818 1551 formae
1835 1510 1877 1550 in
1894 1509 2084 1564 publicos
2101 1510 2146 1551 et

1195 1570 1398 1625 privatos,
1421 1570 1463 1610 in
1484 1570 1662 1624 scriptos
1695 1570 1737 1611 et
1759 1582 1841 1611 non
1864 1569 2057 1623 scriptos.
2081 1568 2148 1610 Di·

1196 1630 1280 1672 vini
1294 1632 1406 1678 sunt,
1417 1642 1594 1683 quorum
1604 1633 1799 1670 auctores
1810 1642 1833 1670 a
1847 1628 1999 1682 Spiritu
2013 1627 2053 1670 S.
2065 1626 2149 1669 fue-

1197 1690 1297 1731 runt
1318 1689 1510 1743 inspirati
1529 1687 1555 1738 ¹;
1575 1688 1722 1742 reliqui
1745 1689 1842 1729 sunt
1860 1687 2044 1729 humani.
2064 1687 2150 1728 Pu-

1196 1748 1289 1790 blici
1323 1748 1521 1790 dicuntur
1547 1747 1617 1790 illa
1649 1749 1935 1795 monumenta,
1958 1759 2064 1800 quae
2095 1744 2148 1787 ab

1197 1809 1367 1863 integra
1398 1808 1536 1862 aliqua
1567 1807 1770 1849 societate
1813 1805 2005 1848 confecta
2035 1807 2146 1853 sunt,

1198 1867 1268 1909 vel
1300 1881 1325 1909 a
1357 1867 1535 1921 privatis
1578 1865 1771 1908 confecta
1804 1866 1937 1908 eidem
1969 1864 2150 1920 probata

1196 1928 1319 1975 sunt,
1353 1939 1394 1968 v.
1418 1939 1458 1981 g.
1492 1927 1589 1967 acta
1619 1925 1913 1974 conciliorum,
1947 1923 2149 1979 epistolae

1197 1984 1436 2041 synodales,
1456 1985 1626 2026 decreta
1644 1984 1911 2034 Pontificum,
1929 1986 2027 2026 acta
2049 1982 2151 2024 iudi·

1197 2045 1339 2093 cialia,
1363 2043 1613 2099 diplomata,
1637 2044 1897 2086 matriculae.
1919 2042 1987 2085 Ad
2014 2042 2151 2085 fontes

1198 2105 1389 2159 privatos
1430 2103 1642 2158 pertinent
1678 2104 1817 2145 omnia
1850 2105 2149 2151 monumenta,

1199 2177 1305 2218 quae
1327 2177 1352 2204 a
1381 2163 1558 2217 privatis
1588 2162 1812 2205 dumtaxat
1834 2165 1950 2206 motu
1982 2162 2151 2217 proprio

1201 2222 1395 2265 confecta
1418 2225 1530 2269 sunt,
1555 2235 1597 2264 v.
1620 2235 1661 2277 g.
1686 2224 1965 2271 testamenta,
1990 2220 2152 2263 codicil-

1200 2282 1239 2330 li,
1265 2282 1480 2336 epistohze,
1505 2281 1670 2336 aliaque
1703 2283 1860 2336 scripta
1885 2282 2152 2335 privatorum

1200 2342 1427 2383 hominum.
1453 2341 1612 2383 Fontes
1636 2341 1780 2396 scripti
1802 2343 1915 2390 sunt,
1938 2341 2007 2395 qui
2028 2340 2150 2382 litte-

1201 2401 1258 2442 ris
1277 2401 1460 2456 signisve
1477 2400 1592 2442 facta
1609 2399 1821 2449 exhibent,
1843 2401 1889 2442 ut
1906 2402 2004 2442 sunt
2021 2399 2153 2454 scrip-

1200 2464 1244 2503 ta
1277 2461 1465 2514 quaevis,
1500 2459 1841 2515 hieroglyphica,
1874 2471 2150 2514 monogram-

1201 2522 1327 2561 mata.
1353 2520 1419 2561 Ad
1452 2518 1590 2561 fontes
1613 2532 1696 2560 non
1728 2519 1907 2574 scriptos
1940 2519 2152 2573 pertinent

1201 2581 1471 2620 monumenta
1503 2591 1690 2633 operum,
1714 2581 1897 2627 statuae,
1921 2589 2148 2623 marmora,

1201 2640 1476 2687 numismata,
1502 2638 1658 2692 sigilla,
1682 2638 1909 2687 mausolea,
1933 2639 2031 2680 item
2054 2639 2150 2679 tra-

1202 2698 1379 2741 ditiones
1402 2711 1483 2740 non
1506 2698 1702 2752 scriptae.

1202 2790 1229 2844 g
1239 2790 1277 2831 4.
1292 2789 1526 2832 Histoi-iae
1535 2785 1882 2833 Ecclesz‘astz'cae
1892 2788 2150 2842 Scriptores

1260 2868 1323 2911 Ad
1338 2868 1537 2912 historiae
1550 2870 1858 2914 ecclesiasticae
1870 2868 2054 2913 studium
2065 2867 2155 2923 plu-

1244 2983 1251 3003 ¹
1271 2983 1359 3013 'l'alrs
1378 2986 1446 3012 sinit
1475 2982 1632 3022 utriusque
1654 2981 1841 3014 Testamenti
1857 2981 1946 3019 libri,
1968 2979 2005 3012 de
2023 2988 2153 3020 quornm

1201 3024 1302 3054 divina
1321 3024 1524 3063 inspiratione
1540 3028 1568 3053 et
1585 3024 1731 3055 historica
1749 3023 1930 3054 auctoritate
1949 3021 2063 3052 videsis
2081 3021 2154 3051 Bel-

1201 3066 1373 3101 larminuni,
1395 3064 1696 3096 Gontroversiarum
1715 3069 1732 3096 t.
1750 3066 1771 3100 I,
1785 3065 1803 3096 Ι.
1820 3063 1882 3101 i-¹:’.;
1900 3064 2005 3095 Melch.
2025 3064 2154 3100 Canum,

1202 3107 1244 3138 Ila
1261 3107 1337 3139 locis
1354 3107 1544 3147 !lw‹›lnyire's‚
1569 3108 1586 3137 Ι.
1604 3107 1641 3141 ΙΙ;
1660 3108 1744 3143 lluet,
1763 3105 1998 3137 Demonstratio
2014 3113 2152 3142 evanne-

1202 3149 1285 3183 lira:
1314 3150 1455 3189 Brrgirr,
1488 3149 1591 3180 Tralli}
1614 3149 1686 3180 hist.
1709 3150 1740 3179 et
1768 3146 1921 3188 dogmat,
1941 3151 1959 3178 t.
1980 3147 2024 3185 lV,
2042 3147 2075 3184 V,
2092 3146 2154 3184 vu,

1205 3191 1353 3231 aliosque.
