2241 3473
257 131 331 170 116

257 204 318 242 62.
339 203 541 241 Ecclesiae
561 203 693 236 status
711 197 785 233 sub
804 195 980 232 Arcadio
1000 199 1041 232 et
1057 194 1145 231 Ho-

667 135 822 162 EPOCHA
849 133 906 160 111.
939 133 967 159 A
995 130 1272 159 CONVERSIONE
1302 129 1570 157 CONSTANTINI
1596 131 1639 158 M.

1240 193 1504 230 Barbarorum
1533 192 1800 231 invasionibus
1821 195 2066 232 accesserunt
2078 193 2132 232 in·

203 258 319 296 norio
336 256 421 306 (an.
437 251 740 302 395)-Mo1·tu0
761 247 978 285 Theodosio
998 247 1050 291 M,⁸
1067 258 1147 284 suc·
1187 246 1355 283 testinae
1381 247 1639 294 tyrannorum
1667 247 1905 285 rebelliones.
1925 248 1969 284 In
1998 247 2134 287 Africa

203 312 402 348 cesserunt
421 308 496 344 duo
517 305 597 341 eius
617 303 709 348 filii,
733 301 926 339 Arcadius
946 300 983 336 in
1005 299 1146 337 Orien-

203 358 266 408 tis,
285 361 478 400 Honorius
497 358 535 394 in
552 354 772 394 Occidentis
791 353 964 403 imperio.
983 354 1078 391 Cum
1095 364 1149 390 es-

206 418 292 454 sent
310 414 420 451 ambo
439 409 682 449 moderandis
703 408 816 444 rebus
836 406 975 455 inepti,
995 406 1150 454 regimi-

206 468 264 506 nis
296 476 444 505 summa
472 475 588 512 penes
622 460 818 498 ministros
846 459 932 497 fuit.
962 460 1148 496 Attamen

205 534 228 558 a
246 519 391 557 teneris
419 517 480 566 pie
499 514 687 560 instituti,
712 514 843 551 varias
863 513 970 562 leges
1000 511 1039 549 in
1068 512 1147 549 Ec-

206 573 345 611 clesiae
377 571 551 608 favorem
583 567 785 612 tulerunt,
813 569 896 603 tum
926 566 972 603 ad
1003 577 1147 614 augen-

206 627 292 663 dam
321 626 359 661 et
385 621 669 661 defendendam
695 619 926 658 christianae
952 618 1149 667 religionis

204 676 496 729 professionem,
510 677 593 713 tum
610 674 657 713 ad
675 673 952 711 exscindendas
972 672 1149 709 ethnicae

205 728 490 780 superstitionis
526 727 728 776 reliquias,
758 729 796 763 et
834 725 1147 774 compescendam

204 783 486 823 haereticorum
516 781 773 830 petulantiam
790 778 814 817 ¹.
836 779 935 816 Hinc
961 779 1148 816 orthodo-

205 850 279 876 xae
298 836 386 874 fidei
408 834 591 884 professio
610 833 735 882 magis
768 835 883 871 aucta
909 835 988 878 est3
1016 832 1149 869 catho-

203 891 279 929 lica
299 889 443 927 veritas
463 889 503 925 in
524 887 629 925 omni
648 886 810 936 imperio
831 885 1069 935 praevaluit3
1098 886 1150 923 A-

205 944 405 982 rianorum
434 953 528 978 vero
547 942 674 979 sectae
688 970 696 986 ‚
717 952 816 989 quae
844 940 956 976 tanta
976 938 1066 975 olim
1086 939 1148 975 in-

203 996 407 1035 commoda
439 994 637 1032 Ecclesiae
666 993 908 1038 intulerant,
931 991 1150 1041 principum

202 1050 442 1100 protectione
463 1049 645 1093 orbatae,
665 1049 704 1084 et
724 1045 918 1084 intestinis
948 1045 1149 1102 discordiis

203 1103 391 1148 divulsae,
411 1102 448 1139 in
470 1101 549 1138 dies
571 1112 720 1150 pessum
741 1099 862 1136 ibant.

254 1156 405 1194 Verum
426 1155 622 1193 Ecclesiae
643 1156 768 1191 status
788 1151 1001 1202 plurimum
1021 1152 1151 1189 turba-

203 1213 265 1248 tus
294 1211 367 1248 fuit
390 1209 645 1246 barbarorum
671 1207 711 1244 in
730 1206 935 1255 imperium
955 1205 1149 1242 incursio-

204 1264 325 1302 nibus.
342 1261 582 1300 Theodosius
611 1260 777 1298 moriens
798 1259 898 1296 filios
917 1270 1009 1296 suos
1029 1262 1068 1296 et
1085 1259 1149 1296 im-

204 1317 355 1368 perium
374 1315 665 1353 commendarat
683 1312 876 1358 Stiliconi,
899 1312 1082 1361 probatae
1102 1313 1149 1350 fi-

204 1371 264 1408 dei
286 1370 370 1407 viro
388 1371 426 1407 et
446 1369 648 1416 utriusque
668 1366 820 1415 imperii
839 1365 1002 1403 militiae
1031 1366 1148 1415 magi-

204 1426 296 1462 stro.
314 1423 494 1468 Rufinus,
509 1421 664 1459 Arcadii
682 1419 873 1466 minister,
885 1431 1004 1468 aegre
1020 1418 1148 1458 ferens

205 1477 436 1515 Stiliconem
451 1475 521 1512 sibi
536 1474 769 1524 praelatum,
781 1475 820 1511 et
833 1473 1056 1520 Arcadium,
1072 1485 1147 1510 non

203 1530 324 1568 filiam
354 1529 490 1578 ipsius,
522 1528 586 1566 sed
616 1526 831 1565 Eudoxiam
863 1526 1021 1565 duxisse
1049 1538 1148 1564 uxo-

202 1595 298 1630 rem,
325 1582 523 1621 Alaricum
552 1582 766 1620 Gothorum
797 1581 933 1618 ducem
963 1580 1002 1617 in
1022 1579 1148 1629 impe-

202 1637 304 1674 rium
325 1636 514 1673 evocavit.
540 1636 615 1672 Hic
634 1634 924 1680 Macedoniam,
945 1634 1148 1672 Graeciam

204 1692 244 1728 et
263 1690 463 1738 Illyricum
483 1688 639 1735 invasit,
650 1688 801 1733 omnia,
821 1699 891 1737 per
910 1699 1008 1736 quae
1027 1691 1150 1726 trans-

203 1744 296 1789 ibat,
325 1743 426 1780 ferro
454 1745 494 1780 et
512 1742 601 1792 igne
623 1743 841 1780 devastans.
863 1741 1147 1779 Verumtamen

203 1797 384 1835 Alaricus
413 1808 436 1833 a
456 1796 582 1833 Gaina
611 1796 707 1832 duce
735 1794 917 1832 bellicoso
947 1806 1147 1843 repressus

204 1850 289 1895 fuit,
307 1852 345 1887 et
365 1849 531 1887 Rufinus
553 1861 576 1886 a
596 1848 783 1886 militibus
803 1847 1021 1885 trucidatus
1040 1849 1152 1898 perfi-

206 1903 292 1941 diae
320 1914 412 1940 suae
436 1914 578 1952 poenas
605 1902 688 1939 luit.
719 1901 863 1939 Gainas
891 1901 1010 1938 etiam
1038 1902 1148 1939 brevi

206 1959 291 2006 post
305 1953 345 1993 in'
357 1956 567 1994 Arcadium
583 1955 752 2004 perfidus
768 1954 919 2000 extitit,
944 1954 1149 2004 imperium

207 2009 428 2055 affectavit,
448 2011 486 2046 et
508 2020 585 2046 una
612 2020 698 2046 cum
719 2008 953 2057 Tribigildo,
979 2008 1149 2046 militum

205 2063 359 2100 tribuno
374 2062 413 2099 in
430 2062 618 2111 Phrygia,
634 2061 798 2100 Arcadio
819 2062 1044 2110 imperatori
1060 2061 1149 2099 insi-

206 2117 288 2154 dias
309 2116 476 2163 struxit3
497 2117 562 2153 sed
583 2127 606 2152 a
625 2115 787 2153 Fravito
817 2115 913 2152 duce
935 2114 1150 2153 debellatus

206 2172 245 2207 et
264 2169 302 2206 in
315 2169 521 2207 Thraciam
539 2168 738 2218 profugus,
761 2179 861 2205 anno
890 2168 967 2206 400
987 2168 1149 2206 interfe-

205 2226 291 2260 ctus
303 2225 371 2260 est.
383 2222 593 2271 Imperavit
604 2222 793 2259 Arcadius
806 2221 980 2270 usquead
993 2222 1147 2260 an.408.

257 2277 300 2314 In
323 2276 534 2313 Occidente
556 2276 625 2312 sub
647 2275 832 2321 Honorio,
853 2275 1087 2324 imperatore
1112 2275 1148 2312 i-

207 2329 308 2367 nerti
331 2333 369 2367 et
389 2341 412 2366 a
428 2341 468 2366 re
485 2328 623 2366 bellica
643 2328 780 2374 alieno,
797 2328 1041 2366 foedissimus
1065 2332 1149 2367 erat

205 2383 355 2432 imperii
382 2385 521 2428 status,
548 2382 708 2419 internis
730 2383 874 2430 pariter
902 2393 947 2419 ac
977 2382 1149 2420 externis

205 2436 374 2474 motibus
407 2435 571 2473 assiduis
606 2436 867 2484 perturbatus.
898 2434 1097 2482 Alaricus,
1128 2447 1150 2473 a

205 2489 420 2539 visigothis
449 2500 519 2526 rex
541 2488 744 2535 salutatus,
774 2500 862 2525 cum
884 2489 1059 2525 exercitu
1090 2489 1150 2526 in-

205 2543 309 2593 genti
340 2544 377 2580 in
399 2543 553 2580 Italiam
573 2542 734 2591 irrupit3
755 2542 819 2579 sed
841 2553 901 2579 an.
924 2541 1001 2579 403
1021 2554 1043 2579 a
1065 2542 1148 2579 Sti-

204 2597 354 2642 licone,
385 2595 419 2633 ei
446 2607 534 2633 cum
563 2595 731 2633 romanis
761 2595 879 2644 copiis
908 2598 1149 2641 occurrente,

206 2649 420 2687 Pollentiae
437 2649 474 2686 in
488 2649 650 2696 Liguria
668 2649 898 2698 profligatus
918 2652 986 2686 est.
1005 2649 1148 2686 Eodem

205 2706 378 2752 tempore
406 2702 593 2749 Vandali,
613 2701 741 2748 Alani,
771 2706 809 2740 et
830 2702 960 2748 Suevi,
985 2703 1150 2740 traiecto

206 2757 356 2801 Rheno,
373 2756 410 2793 in
433 2756 579 2794 Gallias
600 2768 644 2793 ac
662 2755 843 2805 Belgium
865 2757 1073 2802 irruerunt,
1090 2768 1151 2793 ur-

203 2809 347 2856 besque
381 2814 420 2846 et
453 2821 567 2857 agros
602 2809 706 2847 ferro
736 2812 775 2847 et
802 2809 892 2858 igne
929 2810 1078 2846 tristem
1108 2809 1146 2846 in

206 2863 360 2899 modum
388 2863 561 2911 populati
581 2865 694 2910 sunt3
715 2864 851 2900 eadem
881 2863 1018 2900 deindo
1040 2875 1148 2901 com-

204 2915 393 2953 miserunt
413 2915 450 2952 in
475 2916 675 2965 Hispania.
698 2916 834 2954 Stilico
855 2917 957 2966 apud
979 2916 1148 2966 impera-

204 2972 327 3006 torem
345 2969 557 3016 incusatus,
571 2971 671 3019 quod
690 2971 874 3008 barbaros
891 2971 927 3007 in
944 2970 1148 3019 imperium

205 3025 426 3067 evocasset,
449 3023 609 3060 Honorii
630 3024 814 3062 mandato
844 3035 905 3062 an.
926 3025 1003 3062 408
1022 3024 1147 3061 inter-

207 3075 332 3113 fectus
356 3075 440 3113 fuit.

247 3211 255 3232 ¹
276 3211 346 3243 le.
369 3211 516 3245 Theodos.
533 3211 550 3243 l.
567 3213 652 3243 XXV.

1188 299 1437 347 tyrannidem
1466 298 1642 336 exercuit
1661 299 1791 346 Gildo,
1810 301 1874 349 qui
1904 312 1927 337 a
1945 300 2134 339 Mascezel

1190 355 1285 389 duce
1304 352 1518 389 debellatus
1531 381 1541 398 ,
1571 352 1687 389 rebus
1706 352 1917 401 desperatis
1936 365 2037 391 anno
2056 354 2133 393 398

1190 405 1260 442 sibi
1283 408 1452 443 mortem
1485 404 1662 442 adscivit.
1684 405 1826 443 Postea
1852 405 1932 443 illic
1951 407 2133 446 rebellio-

1190 470 1278 495 nem
1298 459 1487 496 excitavit
1516 457 1774 496 Heraclianus
1804 470 1952 506 comes,
1973 460 2040 508 qui
2067 459 2133 497 in-

1191 513 1340 549 structa
1363 511 1629 560 potentissima
1648 510 1784 557 classe,
1803 511 1842 548 in
1865 512 2018 551 Italiam
2039 525 2134 550 con-

1189 566 1253 602 tra
1267 565 1482 602 Honorium
1498 564 1783 611 transfretavit3
1799 564 1866 601 sed
1877 576 1900 602 a
1914 565 2064 604 Marino
2076 578 2136 604 co-

1191 618 1283 655 mite
1316 622 1543 667 superatus,
1573 629 1634 655 an.
1664 618 1741 655 413
1768 617 1968 666 iugulatus
1992 621 2062 657 est.
2091 619 2135 657 In

1189 671 1396 709 Britannia
1424 673 1509 720 post
1538 670 1792 718 Gratianum,
1813 671 2018 709 rebellavit
2036 672 2136 710 Con-

1190 724 1398 770 stantinus,
1419 724 1486 773 qui
1515 736 1537 761 a
1565 724 1783 773 legionibus
1810 723 2044 763 Britannicis
2061 724 2136 763 im-

1191 779 1348 826 perator
1377 777 1591 824 salutatus,
1622 777 1789 814 Galliam
1823 776 1988 824 invasit,
2015 778 2137 816 inito-

1191 842 1263 879 que
1284 843 1369 867 cum
1390 831 1567 868 barbaris
1591 833 1716 880 pacto,
1736 831 1774 868 in
1795 830 2019 878 Britannia,
2038 831 2136 869 Gal-

1191 884 1243 921 lia
1267 885 1307 921 et
1331 883 1520 933 Hispania
1554 884 1760 933 imperium
1786 884 1992 933 occupavit
2020 896 2140 934 usque

1193 937 1241 974 ad
1262 948 1321 974 an.
1340 937 1437 983 4113
1467 949 1540 986 quo
1563 949 1586 975 a
1607 937 1831 976 Constantio
1851 937 2012 976 Honorii
2042 938 2140 976 duce

1193 990 1408 1028 debellatus
1430 993 1500 1029 est.

1245 1044 1400 1081 Interea
1429 1044 1609 1082 Alaricus
1642 1043 1936 1093 Visigothorum
1964 1055 2035 1082 rex
2053 1045 2140 1083 Ro-

1193 1108 1298 1135 mam
1326 1097 1562 1146 properavit.
1583 1098 1655 1135 An.
1692 1097 1769 1134 408
1799 1098 1936 1135 urbem
1966 1098 2141 1146 obsedit,

1194 1150 1375 1200 civesque
1396 1151 1443 1188 ad
1464 1151 1731 1188 redimendam
1752 1162 1892 1199 magno
1913 1151 2000 1188 auri
2018 1152 2058 1189 et
2077 1163 2141 1188 ar-

1194 1203 1314 1253 genti,
1334 1205 1502 1252 pondere
1521 1216 1656 1253 pacem
1682 1204 1830 1252 coegit3
1850 1204 2035 1251 Honorio,
2054 1205 2140 1242 Ra-
2195 1243 2202 1249 ,

1194 1269 1342 1294 vennae
1364 1257 1632 1303 commoranti,
1653 1257 1758 1306 pacis
1778 1257 2018 1296 conditiones
2033 1258 2142 1296 obtu-

1191 1310 1259 1357 lit,
1279 1322 1374 1359 quas
1394 1322 1478 1347 cum
1500 1310 1697 1348 reiecisset
1718 1310 1943 1360 imperator,
1962 1310 2142 1349 Alaricus

1192 1376 1293 1401 anno
1313 1366 1499 1412 sequente
1519 1365 1686 1401 Romam
1710 1364 1955 1414 expugnavit
1975 1367 2015 1402 et
2034 1363 2141 1402 mili-

1191 1419 1275 1455 tum
1295 1417 1503 1467 direptioni
1523 1417 1642 1464 dedit,
1661 1417 1840 1455 basilicas
1859 1420 1991 1455 tamen
2008 1420 2049 1456 et
2063 1429 2141 1463 eos,

1192 1470 1258 1520 qui
1277 1470 1315 1507 in
1333 1470 1419 1508 illas
1447 1470 1715 1519 confugerant,
1747 1471 1962 1509 incolumes
1990 1471 2142 1509 servari

1192 1523 1320 1562 iussit:
1340 1523 1515 1561 Placidia
1535 1527 1681 1570 autem,
1708 1524 1869 1562 Honorii
1889 1536 2012 1572 soror,
2028 1526 2143 1574 capta

1193 1580 1263 1615 est.
1281 1577 1450 1623 Alarico,
1469 1577 1577 1614 brevi
1599 1579 1684 1626 post
1708 1580 1875 1624 mortuo,
1895 1579 2081 1616 successit
2095 1578 2142 1616 A·

1190 1630 1412 1679 thaulphus,
1427 1630 1493 1679 qui
1527 1630 1666 1669 relicta
1685 1630 1812 1677 Italia,
1826 1630 1982 1669 transiit
2001 1631 2040 1668 in
2057 1631 2145 1669 Gal-

1192 1684 1301 1730 liam,
1321 1683 1382 1721 cui
1412 1684 1539 1722 clades
1566 1684 1710 1721 multas
1744 1683 1900 1731 intulit3
1928 1684 2144 1723 Placidiam

1193 1737 1352 1775 Honorii
1375 1748 1546 1775 sororem
1567 1737 1772 1786 coniugem
1796 1737 1922 1783 duxit,
1937 1739 2144 1787 sedemque

1191 1790 1279 1828 fixit
1306 1790 1513 1838 Narbone;
1533 1803 1633 1828 anno
1654 1791 1730 1829 415
1750 1803 1773 1828 a
1800 1791 2026 1830 Constantio
2045 1791 2143 1829 duce

1192 1844 1319 1881 victus
1332 1874 1341 1891 ,
1359 1845 1498 1882 relicta
1526 1844 1654 1882 Gallia
1673 1844 1831 1882 transiit
1861 1844 1901 1882 in
1920 1844 2144 1894 Hispanias,

1193 1897 1255 1934 ubi
1289 1897 1420 1935 eodem
1455 1909 1555 1935 anno
1585 1897 1734 1935 occisus
1768 1900 1836 1936 est.
1870 1898 1916 1936 Ei
1956 1897 2145 1937 successit

1191 1950 1365 1997 Wallia,
1396 1951 1459 2000 qui
1494 1962 1581 1987 cum
1609 1950 1779 1988 Honorio
1815 1962 1952 2000 pacem
1985 1951 2144 2001 pepigit,

1192 2003 1406 2041 Placidiam
1427 2003 1461 2041 ei
1485 2003 1669 2050 reddidit,
1690 2015 1809 2052 quam
1834 2004 2031 2043 Honorius
2051 2005 2145 2044 Con·

1191 2057 1334 2094 stantio
1364 2057 1452 2094 duci
1474 2057 1676 2105 coniugem
1706 2057 1831 2105 dedit,
1851 2060 1890 2095 et
1915 2058 2062 2096 bellum
2082 2057 2144 2095 in-

1191 2109 1283 2147 tulit
1303 2109 1456 2156 Suevis,
1475 2109 1663 2147 Vandalis
1683 2112 1721 2147 et
1742 2110 1890 2158 Alanis,
1917 2111 1983 2161 qui
2003 2111 2146 2162 Hispa-

1192 2163 1278 2200 niae
1296 2163 1515 2212 provincias
1537 2166 1788 2212 occuparant.

1244 2216 1303 2253 Ex
1320 2216 1378 2254 his
1392 2216 1566 2254 breviter
1581 2216 1761 2254 delibatis
1776 2218 1837 2255 sat
1871 2217 2054 2267 colligere
2075 2218 2146 2265 est,

1192 2270 1396 2307 admodum
1430 2270 1630 2307 turbatum
1664 2269 1781 2308 fuisse
1815 2269 1873 2308 his
1908 2271 2145 2321 temporibus

1192 2323 1454 2361 Ecclesiarum
1484 2325 1631 2360 statum
1661 2324 1841 2373 malaque
1874 2323 2080 2363 innumera
2098 2324 2146 2364 iis

1192 2376 1302 2413 illata
1320 2374 1343 2414 ¹.

1244 2429 1305 2467 63.
1331 2429 1390 2467 Ss.
1404 2429 1636 2475 Vz'ctriez'us‚
1650 2431 1815 2468 Nz‘cetas
1827 2435 1866 2468 et
1880 2431 2145 2469 Nz'm'anus—

1192 2482 1423 2520 Sanctorum
1445 2483 1621 2520 virorum
1642 2483 1838 2522 laboribus
1867 2496 1912 2522 ac
1938 2485 2144 2524 sudoribus

1192 2535 1320 2585 populi
1360 2536 1535 2573 nonnulli
1574 2537 1621 2574 ad
1650 2537 1902 2576 christianam
1929 2537 2044 2576 fidem
2072 2538 2145 2577 hoe

1192 2595 1365 2638 tempore
1378 2589 1551 2627 conversi
1564 2591 1754 2628 sunt.Hac
1765 2591 1810 2629 de
1826 2602 1868 2629 re
1881 2594 2037 2641 praeter
2048 2591 2143 2630 alios

1191 2643 1391 2692 praeclare
1425 2643 1568 2680 meruit
1602 2655 1630 2681 s.
1665 2644 1878 2683 Victricius
1901 2675 1911 2692 ,
1943 2645 2144 2695 episcopus

1192 2696 1532 2742 Rothomagensis,
1557 2697 1619 2745 qui
1637 2698 1684 2735 ad
1705 2698 1879 2736 Morinos
1900 2700 1940 2736 et
1957 2698 2139 2745 Nervios,

1193 2749 1455 2799 Gallo-Belgii
1485 2754 1634 2799 partem
1664 2751 1900 2798 incolentes,
1933 2750 2144 2801 profectus,

1191 2805 1300 2840 tanto
1335 2815 1422 2840 cum
1452 2815 1633 2842 successu
1664 2804 1709 2843 iis
1739 2805 1993 2843 christianam
2028 2804 2144 2843 fidem

1192 2856 1455 2903 annuntiavit,
1469 2860 1510 2895 ut
1526 2858 1633 2895 brevi
1651 2860 1823 2907 tempore
1839 2857 2029 2896 idolorum
2051 2870 2144 2896 arae

1193 2913 1322 2947 essent
1342 2922 1515 2956 eversae,
1536 2923 1628 2949 vero
1649 2912 1729 2949 Deo
1751 2911 1940 2950 ecclesiae
1977 2914 2144 2959 erectae,

1195 2963 1396 3012 utriusque
1424 2976 1537 3001 sexus
1559 2965 1795 3004 monasteria
1828 2967 2076 3013 constructa,
2104 2967 2145 3004 et

1234 3134 1242 3155 ¹
1263 3135 1348 3165 Oros.
1368 3134 1446 3166 Ilist.
1464 3134 1481 3166 l.
1502 3135 1565 3172 Vll;
1580 3136 1709 3208 Gregor.
1725 3134 1928 3167 Turon.Hist.
1943 3134 2142 3174 Franc.l.11;

1193 3177 1309 3207 Socrat.
1327 3177 1344 3207 l.
1362 3177 1412 3213 Vl;
1430 3177 1588 3208 sozomen.
1606 3177 1623 3207 l.
1665 3178 1707 3216 ll;
1725 3177 1880 3209 claudian.
1897 3178 1916 3209 l.
1930 3177 1959 3210 11
1974 3177 2006 3210 in
2021 3177 2137 3220 Rufin.;

1195 3218 1316 3249 lordan.
1332 3218 1381 3250 De
1397 3217 1489 3250 rebus
1509 3217 1628 3251 Geticis.
