2241 3473
710 158 849 187 VSQVE
872 159 925 185 AD
947 157 1231 186 PRAESENTEM
1255 158 1460 184 ΑΕΤΑΤΕΜ

117 230 169 267 rit
207 230 488 266 consalutatus.
534 230 571 266 ln
609 242 774 278 quorum
813 232 1056 268 commodum

1925 145 2004 184 443

1110 232 1208 267 sium
1221 233 1247 263 1.
1268 228 1510 276 Adprobavit
1527 228 1646 264 etiarn
1665 227 1778 262 varia
1791 225 1975 262 Instituta
1991 236 2059 261 seu

115 294 293 320 museum
315 283 568 320 christianum
589 285 624 319 in
645 285 803 321 aedibus
818 287 1059 322 Lateranen-
1111 283 1451 331 Congregationes
1477 282 1708 328 religiosas3
1734 279 1825 327 quid
1844 289 1938 315 vero
1957 279 2058 324 egis-

113 336 218 372 sibus
244 335 436 372 dedicavit
453 349 461 379 ;
480 341 519 373 et
547 338 582 372 in
609 339 732 384 ipsum
760 351 809 374 ex
835 339 1058 374 christianis

112 389 411 437 hypogaeis,ubi
431 391 711 428 Christilideles
737 392 823 427 odio
852 392 1057 439 impiorum

113 442 151 478 in
167 442 306 490 capitis
320 443 529 480 discrimen
545 444 823 484 adducti.inter
839 449 1057 492 martyrum

114 494 262 531 loculos
282 497 374 532 olim
393 496 694 540 delitescebant,
717 498 853 534 inferri
872 497 983 533 iussit
1002 509 1059 533 rc-

114 548 254 597 liquias
280 551 498 598 priscarum
527 552 669 587 artium
697 552 774 587 suis
799 552 982 598 expensis
1009 551 1060 588 es-

112 602 253 648 fossas;
265 605 359 641 item
374 604 628 640 Academiam
646 604 963 651 archcologsicam
981 605 1059 639 fun-

113 655 234 694 davit.
270 658 452 695 Museum
486 659 777 695 anathomicum
806 670 876 706 pro
907 659 1060 694 cultori-

116 710 187 746 bus
225 711 367 747 artium
408 713 646 748 naturalium
687 712 793 749 laute
828 712 1064 755 adornavit3

113 774 292 800 museum
336 776 468 801 rerum
519 765 758 801 naturalium
810 765 1061 801 conclavibus

113 817 220 852 omni
246 818 351 853 cultu
379 819 596 862 exornatis,
615 823 654 854 et
674 829 775 854 nova
794 818 1060 862 metallorum,

114 869 285 916 lapidum
311 875 351 907 et
378 871 566 907 fossilium
595 872 709 919 copia
735 883 805 919 per
831 871 983 918 pluteos
1008 871 1061 907 di-

112 928 225 969 gesta
250 924 288 958 in
314 924 598 972 elegantiorem
625 925 795 960 formam
822 925 975 961 refecit.
996 925 1060 961 Se-

112 976 323 1013 minarium
345 1007 353 1021 ,
386 978 486 1025 quod
519 990 567 1014 ex
591 989 660 1014 suo
696 978 854 1014 nomine
890 978 1061 1013 Planum

113 1031 305 1077 appellari
332 1043 468 1078 passus
494 1038 574 1075 est,
594 1032 641 1068 ad
668 1032 793 1068 sancti
821 1032 1061 1079 Apollinaris

112 1084 150 1119 in
177 1084 284 1121 Urbe
312 1085 501 1129 fundavit,
520 1097 568 1122 ea
593 1087 681 1132 lege
708 1090 751 1121 ut
776 1085 918 1131 singuli
945 1086 1060 1132 ephe-

112 1138 161 1181 bi,
181 1150 230 1175 ex
255 1150 485 1187 unaquaque
512 1140 681 1176 dioecesi
711 1141 823 1186 regni
852 1139 1059 1183 l'ontificii,

112 1191 188 1228 bini
221 1204 271 1229 ex
305 1194 592 1241 Senogalliensi
613 1222 621 1236 ,
658 1194 850 1239 religiosis
885 1193 1060 1229 moribus

111 1246 374 1292 probatissimi
393 1248 543 1294 publice
563 1247 764 1283 alerentur
788 1248 810 1279 ¹.
835 1247 1057 1282 Romanum

110 1299 475 1347 archigymnasium
502 1301 704 1347 ampliavit
724 1300 850 1335 auctis
876 1299 1060 1345 magiste-

111 1351 192 1396 riis,
212 1354 398 1399 praemiis
426 1354 644 1389 studiorum
672 1354 864 1390 iuventuti
884 1353 1060 1400 proposi-

110 1405 186 1449 tis,
213 1411 395 1443 veterum
423 1414 770 1443 monumentorum
798 1417 898 1453 gaza
928 1406 1059 1442 biblio-

111 1458 250 1496 thecae
278 1460 481 1504 attributa,
501 1461 677 1497 sacrario
697 1462 736 1496 in
757 1460 1058 1508 splendidiorem

109 1511 278 1548 formam
315 1515 495 1550 restituto
513 1543 521 1556 ‚
549 1515 664 1550 scalis
691 1520 731 1550 et
761 1514 973 1560 porticibus
1006 1514 1058 1549 iu-

109 1561 310 1597 stauratis.
333 1561 484 1597 Ludum
511 1562 667 1609 aperuit
694 1563 732 1597 in
759 1562 922 1608 regione
942 1561 1061 1598 Urbis

110 1612 279 1657 adiecta,
293 1615 358 1651 ubi
378 1615 551 1662 religiosi
570 1615 725 1651 sodales
745 1625 768 1650 a
784 1615 1061 1650 Misericordia

111 1678 255 1714 pueros
274 1668 509 1704 sexennium
524 1680 707 1715 egressos
723 1667 941 1703 doctrinam
962 1668 1063 1702 chri-

110 1720 302 1764 stianam,
329 1722 534 1758 historiam
562 1733 739 1764 sacram,
767 1722 901 1757 italam
929 1721 1060 1757 dictio-

109 1786 217 1819 nem,
232 1775 539 1818 arithmeticam,
557 1776 842 1823 geographiam
859 1775 1058 1818 docerent,

110 1828 218 1864 libris
257 1830 438 1877 omnique
478 1830 740 1866 instrumento
783 1830 821 1864 in
864 1829 1060 1865 discentes

110 1881 262 1929 publice
289 1884 480 1930 erogatis.
508 1884 549 1918 In
582 1883 719 1919 eadem
754 1882 874 1918 Urbis
898 1884 1060 1929 regione

110 1936 251 1983 puellis
278 1936 431 1983 publice
462 1937 711 1973 instituendis
730 1937 961 1982 magisterio
987 1937 1061 1971 vir-

110 1989 244 2036 ginum
266 2018 274 2034 ,
302 1990 439 2037 quibus
465 2002 489 2027 a
517 1990 774 2026 Providentia
800 2002 944 2026 nomen
972 1994 1061 2034 est,

110 2044 262 2091 amplas
289 2043 408 2080 aedes
435 2055 521 2080 cum
540 2044 666 2080 hortis
685 2055 731 2080 eo
751 2044 912 2080 consilio
932 2051 1061 2080 extru—

109 2097 179 2140 xit,
207 2102 251 2134 ut
274 2097 411 2134 diebus
437 2098 548 2134 festis
576 2098 614 2133 in
640 2098 887 2145 disciplinam
922 2109 1060 2134 conve-

111 2151 244 2188 nirent
270 2152 505 2199 grandiores
530 2157 637 2196 natu,
666 2164 764 2199 quae
794 2153 976 2199 profestis
1005 2164 1063 2188 as-

111 2205 221 2241 siduo
239 2217 361 2253 opere
380 2206 640 2242 destinentur·
657 2206 929 2242 Suburbanum
950 2217 1064 2252 prae-

113 2258 217 2294 dium
237 2259 277 2294 in
295 2260 360 2295 via
379 2260 588 2296 Portuensi
607 2260 804 2296 sodalibus
823 2260 1062 2307 Iosephianis

114 2313 305 2356 attribuit,
322 2319 365 2348 ut
391 2313 671 2350 adolescentuli
691 2314 845 2349 rusticisv
867 2314 1062 2349 laboribus

116 2365 246 2402 durati
273 2366 322 2402 ad
348 2379 433 2403 rem
460 2368 659 2414 agrariam
687 2368 840 2415 publice
855 2369 1063 2414 fungeren-

117 2423 195 2455 tur.
212 2419 321 2456 Fidei
343 2422 617 2468 propagationi
635 2422 673 2456 in
701 2422 917 2468 longinquis
938 2422 1062 2468 regio-

116 2472 231 2509 nibus
256 2485 506 2521 summopere
529 2475 687 2516 studuit,
715 2481 829 2522 atque
849 2474 1062 2522 piissimum

117 2537 215 2573 opus
239 2532 401 2563 sanctae
429 2527 620 2563 Infantiae
642 2557 650 2569 ,
679 2528 778 2574 quod
805 2528 903 2563 bono
931 2529 1066 2563 Sinen—

116 2580 215 2615 sium
236 2592 446 2626 puerorum
465 2593 569 2616 nunc
588 2582 774 2628 primum,
788 2582 870 2627 ipso
889 2582 1064 2628 auspice,

114 2634 332 2670 institutum
351 2640 425 2677 est,
449 2635 551 2670 datis
569 2635 713 2671 litteris
732 2635 968 2682 Apostolicis
993 2636 1065 2671 xv⁰

115 2687 265 2724 calend.
302 2688 460 2734 augusti
487 2689 592 2731 1856,
623 2689 906 2735 Episcoporum
946 2700 1064 2725 curae

115 2741 229 2778 valde
257 2742 558 2787 commendavit,
578 2754 624 2778 ac
652 2743 904 2790 indulgentiis
931 2748 970 2779 et
989 2744 1064 2790 pri-

115 2796 272 2842 vilegiis
298 2797 419 2832 auxit.
439 2796 622 2832 Abolevit
649 2797 818 2833 tribunal
846 2797 902 2832 sic
919 2796 1064 2832 dictum

116 2849 374 2885 Monarchiae
407 2850 559 2885 Siculae
584 2851 611 2882 2.
640 2850 748 2885 luter
776 2850 967 2886 Doctores
1002 2850 1065 2885 ad-

115 2908 274 2955 scripsit
299 2920 331 2944 s.
352 2908 591 2956 Alphonsum
612 2908 658 2945 de
678 2909 838 2955 Ligerio
855 2911 889 2952 3,
909 2921 940 2944 s.
961 2910 1066 2945 Hila-

115 2961 218 2998 rium
245 2961 292 2998 de
320 2962 491 2999 Poitiers
507 2964 535 3007 ⁴,
555 2968 595 2999 et
620 2975 652 2998 s.
672 2963 928 2999 Franciscum
957 2964 1066 3000 Sale-

163 3100 170 3122 ¹
199 3101 279 3133 Lice.
309 3103 420 3143 Apost.
451 3100 494 3133 14
519 3100 591 3132 maii
620 3099 717 3133 2853.

158 3143 172 3165 ²
201 3147 269 3178 Vid.
297 3157 331 3188 p.
358 3147 399 3178 13
428 3148 460 3179 in
488 3153 564 3180 nota
591 3150 678 3188 etp.
704 3146 782 3178 25⁶2.

162 3188 176 3210 3
199 3192 238 3226 cf
260 3202 292 3234 p.
321 3191 401 3224 303.

161 3230 174 3252 ⁴
197 3239 258 3272 Per
283 3239 383 3270 Breve
407 3237 469 3271 diei
496 3237 537 3271 13
565 3237 637 3271 maii
666 3236 766 3268 185³.

1112 343 1170 374 set
1190 348 1260 385 pro
1275 338 1313 373 S.
1327 335 1489 382 Iosepho
1507 341 1546 372 et
1565 345 1633 382 pro
1652 333 1858 370 devotione
1873 332 1947 368 SS.
1964 333 2058 368 Cor-

1112 391 1168 427 dis
1198 392 1282 427 lesu
1311 390 1385 426 iam
1413 390 1578 426 diximus
1601 391 1629 421 2.
1659 389 1699 424 In
1727 387 1964 424 Sanctorum
1992 397 2059 421 nu-

1113 456 1264 481 merum
1279 444 1560 491 quinquaginta
1575 447 1615 479 et
1628 442 1871 488 duos,acque
1891 450 1937 476 ac
1955 439 2060 475 inter

1113 498 1258 534 Beatos
1273 497 1460 534 ducentos
1474 502 1513 533 et
1528 496 1665 543 viginti
1686 507 1804 531 unum
1824 496 1970 531 Servos
1987 492 2059 529 Dei

1113 552 1340 588 solemniter
1366 551 1574 595 adscripsit
1585 553 1614 593 ’ὃς
1641 549 1770 592 sicuti,
1787 560 1807 584 e
1832 548 1870 583 S.
1895 547 2056 583 Rituum

1112 606 1461 653 Congr-cousulto,
1477 605 1563 640 aliis
1583 608 1740 640 centum
1759 607 1799 640 et
1815 613 1958 638 novem
1978 600 2058 637 cul-

1113 665 1194 696 tum
1209 661 1423 696 Beatorum
1450 659 1513 695 vel
1542 659 1777 694 Sanctorum
1797 656 1843 692 ab
1863 655 2055 691 immemo-

1113 713 1234 749 rabili
1250 713 1448 756 tributum,
1465 713 1703 748 auctoritate
1718 709 1945 757 Apostolica
1963 718 2054 744 con-

1112 767 1297 803 firmavit.

1161 821 1241 857 109.
1268 820 1336 856 Pii
1355 820 1428 867 Pp.
1450 819 1518 855 IX
1535 819 1659 855 obitus
1677 839 1714 844 —-
1729 817 1798 853 Die
1816 816 1985 864 septima
2003 816 2059 850 fe-

1115 874 1258 910 bruarii
1287 885 1351 910 an.
1382 874 1486 916 1878,
1515 873 1607 909 Pius
1635 873 1687 908 [Χ
1715 882 1840 908 annos
1866 875 1982 906 natus
1998 869 2058 912 85,

1113 939 1267 964 menses
1285 928 1320 970 8,
1339 931 1379 964 et
1396 927 1479 963 dies
1496 927 1555 969 26,
1572 925 1764 972 pulmonis
1784 924 1956 972 paralysi
1975 933 2062 958 cor-

1114 986 1262 1027 reptus,
1292 981 1493 1016 Ecclesiae
1513 978 1781 1016 Sacramentis
1807 978 1970 1024 aliisque
1985 976 2062 1012 Re-

1113 1035 1267 1081 ligionis
1293 1033 1452 1070 auxiliis
1486 1033 1746 1069 communitus
1765 1060 1773 1075 ‚
1800 1042 1886 1067 cum
1913 1029 1992 1066 suis
2020 1029 2058 1063 in

1113 1099 1242 1135 gerua
1268 1087 1515 1123 adstantibus
1541 1086 1817 1127 benedixisset,
1835 1084 1933 1119 hora
1951 1081 2060 1130 quasi

1112 1147 1223 1178 sexta
1249 1152 1273 1177 a
1301 1141 1477 1184 meridie,
1505 1152 1551 1176 ex
1573 1140 1647 1175 hac
1665 1139 1746 1174 vita
1763 1136 1952 1174 discessit.
1976 1135 2060 1170 Pri-

1113 1206 1197 1230 mus
1217 1194 1298 1240 ipse
1318 1195 1389 1230 fuit
1408 1195 1511 1229 iuter
1531 1194 1730 1228 Romanos
1748 1190 1975 1234 Pontifices,
1996 1188 2059 1235 qui

1112 1249 1317 1284 Summum
1353 1247 1628 1283 Pontificatum
1655 1247 1815 1293 gereret
1841 1254 1964 1279 annos
1988 1242 2032 1278 31
2053 1269 2062 1285 ,

1114 1313 1268 1338 menses
1294 1302 1331 1345 7,
1358 1306 1398 1338 et
1424 1301 1506 1337 dies
1531 1300 1589 1336 23.
1618 1300 1733 1335 More
1755 1297 1988 1333 Pontificum
2008 1300 2064 1331 tu-

1113 1356 1282 1391 mulatus
1309 1360 1369 1391 est
1392 1355 1440 1390 ad
1467 1360 1620 1401 tempus
1646 1353 1683 1387 in
1715 1351 1887 1387 Basilica
1904 1349 2066 1385 Vatica-

1112 1420 1173 1452 na,
1192 1408 1294 1444 unde
1314 1419 1449 1444 mense
1469 1407 1564 1443 iulio
1582 1417 1646 1443 an.
1668 1406 1758 1442 1881
1773 1405 1856 1440 eius
1871 1402 2061 1450 reliquiae

1112 1462 1326 1498 translatae
1352 1467 1441 1497 sunt
1467 1461 1515 1496 ad
1546 1460 1756 1497 ecclesiam
1791 1459 1831 1494 S.
1860 1456 2063 1493 Laurentii

1110 1521 1223 1551 extra
1239 1515 1393 1551 moenia
1408 1515 1447 1550 iu
1461 1513 1597 1550 Fundo
1607 1514 1767 1549 Verane
1788 1512 1814 1546 4.
1829 1510 2061 1558 Sepulcrum

1156 1645 1166 1666 1
1194 1643 1261 1674 Vid.
1287 1652 1319 1683 p.
1347 1639 1413 1671 200
1438 1644 1469 1671 et
1493 1637 1572 1669 224.

1154 1687 1167 1708 ²
1192 1689 1249 1729 Pp.
1277 1688 1343 1720 135
1368 1689 1398 1718 et
1423 1683 1587 1716 ό292-993.

1154 1730 1168 1752 3
1195 1733 1246 1772 Cf,
1273 1741 1346 1774 prae
1373 1731 1460 1770 aliis,
1486 1739 1539 1770 pp.
1567 1727 1729 1760 373-376.

1156 1777 1170 1800 4
1194 1778 1270 1812 Cum
1297 1785 1476 1819 supremam
1501 1775 1548 1808 Pii
1576 1775 1632 1816 Pp.
1661 1773 1702 1805 IX
1738 1772 1938 1806 voluntatem
1962 1797 1970 1812 ,
2004 1772 2060 1815 qui

1111 1833 1228 1868 eorpus
1255 1833 1347 1857 suum
1374 1823 1404 1854 in
1431 1821 1571 1853 Basilica
1598 1819 1817 1851 Laurentiana
1845 1821 1937 1850 extra
1955 1824 2066 1860 pome-'

1113 1872 1196 1902 rium
1227 1870 1320 1903 condi
1347 1869 1499 1904 iusserat,
1519 1866 1628 1908 perfici
1657 1867 1834 1906 oporteret,
1862 1864 1993 1896 monitis
2020 1864 2060 1897 iis

1113 1918 1166 1957 qui
1193 1917 1400 1948 securitatem
1427 1912 1587 1954 publicam
1616 1911 1698 1943 tucri
1724 1909 1905 1948 debebant,
1937 1909 2062 1942 consti—

1116 1966 1218 1994 tutum
1246 1962 1366 1998 fuerat,
1387 1963 1422 1990 ut
1441 1967 1478 1990 ex
1507 1956 1647 1989 Basilica
1675 1956 1824 1988 Vaticana
1842 1963 1960 1996 corpus
1986 1963 2063 1987 eve-
2085 1989 2087 1991 ,

1114 2007 1245 2040 iteretur
1271 2004 1404 2038 silentio
1430 2004 1548 2041 noctis,
1576 2011 1678 2044 eoque
1707 2006 1850 2042 tempore
1877 2001 1961 2042 quod
1989 2010 2062 2033 esse

1113 2055 1196 2086 solet
1222 2053 1363 2085 maxime
1389 2050 1549 2092 quietum.
1569 2048 1647 2080 Item
1667 2048 1848 2080 ducendum
1868 2046 1968 2078 sunus
1987 2054 2062 2078 esse

1113 2100 1236 2140 placuit
1263 2108 1325 2130 non
1354 2105 1391 2128 eo
1419 2098 1588 2137 apparatu,
1607 2095 1660 2136 qui
1689 2093 1878 2125 Pontificiae
1905 2092 2057 2132 dignitati

1115 2145 1345 2186 Ecclesiaeque
1372 2141 1530 2173 institutis
1557 2140 1761 2177 conveniret,
1782 2138 1835 2171 sed
1853 2146 1945 2178 quem
1965 2145 2059 2178 prae-

1113 2200 1187 2223 sens
1211 2197 1362 2222 romanae
1395 2187 1482 2219 urbis
1509 2185 1650 2218 conditio
1680 2185 1815 2216 sineret.
1844 2183 1957 2215 Verum
1986 2183 2056 2215 eius

1117 2237 1159 2269 rei
1187 2236 1340 2276 vulgatur
1364 2237 1496 2274 repente
1526 2232 1607 2262 sama
1634 2229 1716 2262 L'rbe
1742 2234 1839 2268 tota;
1868 2237 1968 2270 quare
2003 2237 2060 2269 po-

1115 2282 1212 2322 pulus
1230 2289 1380 2313 romanus
1399 2277 1628 2310 beneficiorum
1650 2285 1685 2308 ac
1704 2276 1857 2307 virtutum
1877 2274 1956 2305 tanti
1976 2274 2061 2306 Pon-

1116 2327 1209 2359 tificis
1225 2335 1357 2363 memor,
1373 2329 1488 2366 sponte
1504 2321 1754 2360 demonstrabat,
1771 2320 1857 2352 velle
1883 2328 1916 2351 se
1932 2322 2057 2361 parenti

1116 2373 1242 2415 publico
1268 2371 1455 2412 obsequium
1482 2369 1700 2411 pietatemque
1729 2374 1909 2407 supremam
1940 2365 2060 2397 testiti-

1115 2419 1192 2451 cari.
1221 2417 1310 2456 Quod
1344 2415 1471 2458 quidem
1498 2413 1578 2454 grati
1607 2418 1638 2445 et
1672 2412 1806 2443 amantis
1842 2410 1938 2442 animi
1965 2410 2060 2442 testi-

1116 2465 1254 2496 monium
1281 2463 1375 2505 plane
1402 2462 1545 2493 futurum
1572 2462 1639 2490 crat
1665 2458 1774 2499 populi
1802 2457 1924 2489 romani
1951 2456 2057 2495 gravi-

1117 2515 1179 2542 tate
1207 2513 1237 2541 et
1261 2508 1417 2548 religione
1450 2507 1604 2545 dignum,
1632 2513 1701 2536 cum
1730 2503 1809 2534 nibil
1845 2501 1936 2533 aliud
1971 2506 2058 2534 esset

1117 2555 1329 2597 propositum,
1343 2562 1435 2594 quam
1452 2556 1505 2583 aut
1524 2551 1621 2581 sunus
1636 2549 1786 2580 decenter
1801 2545 1968 2589 prosequi,
1986 2550 2060 2587 aut,

1116 2611 1178 2643 quo
1205 2600 1380 2636 incederet,
1401 2598 1586 2639 frequentes
1613 2603 1648 2626 ac
1667 2592 1911 2626 venerabundos
1930 2592 2059 2626 adesse.

1160 2645 1202 2678 Ad
1239 2645 1447 2678 constitutam
1481 2643 1561 2673 diem
1597 2640 1637 2671 13
1673 2640 1744 2671 iulii
1780 2637 1894 2677 1881,
1930 2641 2028 2669 noctu
2050 2663 2058 2678 ‚

1117 2701 1228 2733 pompa
1255 2689 1400 2722 funebris
1426 2698 1442 2720 e
1470 2687 1586 2728 templo
1617 2685 1768 2717 Vaticano
1795 2683 1978 2725 processit,
2006 2683 2062 2714 iu·-

1117 2740 1203 2777 genti
1231 2735 1438 2768 multitudine
1465 2742 1502 2764 ex
1529 2732 1613 2764 omni
1632 2731 1749 2763 civium
1769 2729 1879 2779 ordine
1897 2737 1954 2770 per
1971 2736 2058 2760 com-

1117 2784 1182 2825 pita
1208 2789 1328 2823 perque
1356 2781 1421 2810 vias
1449 2777 1658 2811 circumfusa.
1688 2777 1818 2816 Magnus
1849 2783 1975 2816 piorum
2002 2774 2060 2805 ho..

1118 2830 1235 2860 minum
1261 2834 1414 2858 numerus
1440 2824 1523 2857 circa
1550 2824 1717 2859 feretrum,
1737 2821 1837 2852 maior
1855 2828 1941 2861 poue
1960 2820 2042 2851 comi

1120 2874 1272 2910 tabatur‚
1302 2872 1428 2902 incessu
1456 2874 1569 2910 pacato
1596 2872 1627 2899 et
1653 2867 1755 2906 gravi.
1783 2866 1828 2897 Ab
1854 2865 1903 2897 liis
1930 2865 2058 2906 quidem

1119 2925 1208 2961 aptas
1236 2916 1370 2957 tempori
1397 2922 1508 2956 preces
1535 2912 1744 2946 fundentibus
1770 2920 1828 2943 nec
1854 2920 1918 2942 vox
1939 2918 1997 2942 nec
2014 2912 2058 2943 si-

1117 2964 1280 3005 gnificatio
1309 2961 1374 2993 ulla
1399 2960 1538 2997 exstitit,
1559 2967 1640 3001 quae
1668 2958 1826 2989 lacessere
1851 2964 2058 2998 quemquam,

1118 3015 1173 3042 aut
1209 3007 1317 3040 turbas
1352 3014 1484 3047 quoquo
1518 3005 1607 3037 inodo
1643 3003 1726 3035 ciere
1753 3011 1846 3044 posse
1881 3002 2058 3034 videretur.

1117 3054 1176 3087 Sed
1203 3062 1276 3086 cccc
1302 3053 1351 3084 vel
1379 3060 1394 3081 a
1421 3051 1577 3092 principio
1604 3058 1666 3081 uon
1695 3049 1802 3088 ignota
1829 3047 2058 3088 flagitiosorum

1120 3109 1232 3133 manus
1268 3097 1491 3138 incompositis
1526 3094 1719 3128 clamoribus
1754 3093 1887 3133 lugubre
1922 3092 2058 3125 officium

1120 3144 1319 3188 perturbare.
1339 3144 1412 3174 Mox
1439 3146 1534 3174 aucto
1560 3149 1692 3172 numero
1712 3143 1743 3170 et
1761 3139 1905 3177 audacia,
1927 3139 2059 3178 ingemi-

1121 3199 1197 3223 nare
1224 3183 1363 3222 terrorcs
1390 3196 1425 3219 ac
1446 3187 1630 3224 tumultus;
1651 3185 1746 3218 rebus
1764 3184 1976 3216 sanctissimis
1995 3194 2061 3216 ma-

1120 3236 1260 3270 ledicere
1277 3259 1285 3274 ‚
1311 3234 1571 3278 spectatissimos
1593 3232 1679 3264 viros
1705 3230 1813 3264 sibilis
1840 3229 2062 3272 conviciisque
