2241 3473
749 168 874 200 VSQVE
903 169 956 196 AD
985 168 1126 195 ORTVM
1156 168 1361 196 ISl'aAMlSMI

75 237 122 274 R.
146 232 346 272 Pontificis
367 244 391 270 a
406 232 570 281 Virgilio
586 234 807 272 Arelatensi
827 244 1023 270 consecra-

74 290 138 325 tus
174 287 305 324 fuerat
337 285 555 333 Anglorum
597 287 796 335 episcopus
813 315 822 330 ,
856 285 1023 333 amplius

74 351 190 388 quam
216 338 356 383 10‚000
376 339 594 386 Auglorum
623 338 849 388 baptizavit.
872 338 1022 386 Grego-

75 393 155 430 rius
172 391 222 429 M.
245 392 292 428 de
314 391 415 428 felici
439 392 645 441 Evangelii
668 392 706 428 in
727 390 870 438 Anglia
891 402 1025 439 propa-

73 444 229 494 gatione
250 445 394 481 certior
415 443 553 487 fuctus,
575 457 695 482 novos
712 455 760 481 ex
774 443 916 480 Ordine
938 455 1022 479 ino-

74 497 222 535 nastico
264 508 478 545 praecones
518 497 612 534 illue
646 496 857 533 destinavit
874 525 883 541 ,
923 496 1024 532 inter

72 562 166 599 quos
189 550 388 598 praecipui
411 552 523 586 erant
543 549 731 594 Mcllitus,
753 549 896 593 Iustus,
920 549 1023 585 l’au-

73 603 173 640 linus
201 606 240 639 et
259 602 504 639 Rufinianus.
528 603 634 639 Idem
666 601 848 639 Pontifex
873 600 1024 638 litteras

72 656 352 705 gratulatorias
371 655 529 702 scripsit
545 655 591 691 ud
608 654 889 702 Augustinuni,
909 654 957 690 ad
976 655 1023 691 1«)-

73 708 311 746 thelbertum
333 718 464 755 regem
486 707 611 744 Cantii
633 710 672 743 et
692 707 739 743 ad
765 707 948 744 Bet-tham
972 718 1025 742 re-

71 761 226 810 ginam3
247 760 466 807 Augustino
489 760 648 807 pallium
676 759 782 796 dedit
810 771 897 796 cum
922 761 1023 807 pote-

71 816 172 852 state
192 812 453 850 constituendi
478 813 523 849 l?
545 812 744 861 episcopos
760 812 794 848 ei
815 811 1024 857 subiectos,

72 866 310 914 monuitque,
333 867 377 902 ut
397 865 620 913 episcopum
650 865 826 902 mitteret
855 865 902 901 ad
921 864 1021 901 civi-

72 922 192 957 tatem
219 919 450 961 Eboracum,
471 919 558 966 qui,
578 919 610 955 si
645 918 740 955 haec
765 918 906 956 civitas
936 930 1023 955 cuin

72 971 246 1010 finitimis
267 971 361 1008 locis
382 971 518 1008 Fidem
540 971 784 1020 suscepisset,
805 971 1023 1019 metropoli-

72 1025 152 1063 tani
173 1025 318 1062 honore
340 1024 542 1072 gauderet,
558 1027 598 1061 ct
619 1025 664 1061 12
685 1025 804 1061 etiam
825 1023 1024 1072 episcopos

71 1077 273 1116 ordinandi
295 1076 522 1114 facultatem
544 1077 715 1123 haberet,
737 1077 807 1114 hos
827 1079 958 1114 autem
980 1089 1025 1114 ac

72 1130 241 1179 reliquos
270 1141 402 1166 omues
424 1130 650 1167 Britanniae
669 1129 866 1178 episcopos
889 1130 1024 1167 Ponti-

74 1183 139 1221 fex
165 1182 286 1220 voluit
305 1182 501 1220 subiectos
521 1194 605 1220 esse
625 1183 670 1220 D.
698 1182 939 1231 Augustino,
959 1182 1023 1219 cui

72 1236 285 1286 primatum
307 1235 425 1272 etiam
441 1236 478 1272 in
497 1235 681 1284 antiquos
700 1235 911 1273 Britannos
927 1247 1022 1272 con-

72 1289 207 1334 cessit3
228 1291 432 1337 praeterea
451 1289 499 1326 ad
529 1288 747 1337 propositas
772 1300 796 1325 a
815 1289 860 1326 D.
882 1289 1022 1338 Augu-

72 1341 174 1380 stino
193 1341 441 1379 difficultates
461 1353 645 1390 responsa
665 1341 771 1378 dedit
793 1340 817 1379 ¹.

123 1395 163 1432 S.
187 1394 431 1443 Augustinus
447 1395 577 1432 sedem
595 1406 706 1432 suam
726 1394 931 1432 constituit
952 1395 1023 1431 Do-

73 1459 278 1493 rovernae,
299 1459 399 1495 quae
420 1450 552 1495 postea
582 1447 797 1485 Cantuaria
819 1448 923 1484 dicta
943 1450 1021 1493 est;

73 1500 288 1538 secundum
310 1500 510 1537 Pontificis
535 1500 702 1545 litteras,
727 1500 819 1537 fana
839 1501 999 1537 deorum
1014 1530 1023 1546 ,

73 1553 185 1591 idolis
213 1553 436 1598 destructis,
457 1553 542 1590 veri
573 1553 642 1591 Dei
673 1553 795 1590 cultui
816 1565 1022 1590 consecra-

73 1606 149 1651 vit,
180 1608 219 1643 et
254 1605 438 1643 ecclesias
472 1606 636 1644 ethnicis
675 1605 815 1643 ritibus
853 1606 1023 1654 pollutas

73 1659 295 1697 christianis
319 1659 440 1696 sacris
471 1659 654 1696 restituit.
674 1659 927 1696 Ethelbertus
954 1671 1024 1696 rex

76 1712 207 1760 plures
226 1711 409 1750 ecclesias
423 1712 660 1757 aedificavit,
673 1716 712 1748 et
729 1712 866 1760 amplis
888 1712 1022 1748 reddi-

77 1765 180 1802 tibus
199 1764 400 1802 instruxit.
413 1765 530 1802 Brevi
549 1767 633 1814 post
648 1776 677 1802 s.
690 1764 867 1802 Mellitus
883 1764 1024 1802 missus

75 1818 124 1855 ab
139 1817 361 1866 Augustino
378 1818 415 1854 in
429 1829 590 1866 regnum
603 1817 809 1855 Estsaxiae
825 1830 893 1855 seu
905 1818 1025 1854 Saxo-

75 1883 166 1908 num
179 1870 439 1916 orientalium,
449 1871 711 1908 Saberethum
725 1883 855 1920 regem
870 1870 1024 1908 multos-

74 1935 149 1971 que
171 1923 347 1961 subditos
376 1923 612 1972 baptizavit,
631 1926 671 1961 et
694 1923 896 1972 episcopus
918 1923 1023 1960 Lon-

75 1976 246 2014 dinensis
266 1976 470 2014 ordinatus
487 1976 573 2014 fuit.

128 2029 390 2078 Augustinus,
411 2041 460 2066 ex
483 2030 674 2078 potestate
695 2028 767 2066 sibi
788 2041 811 2066 a
831 2028 1024 2078 Gregorio

79 2083 147 2131 Pp.
179 2083 295 2128 facta,
324 2082 570 2120 adlaboravit
597 2095 748 2131 quoque
785 2082 1024 2131 corrigendis

75 2135 279 2181 abusibus,
299 2135 365 2183 qui
385 2136 489 2184 apud
519 2135 699 2184 antiquos
720 2135 931 2172 Britannos
962 2135 1023 2172 in-

77 2188 295 2225 valuerant.
319 2189 368 2225 Hi
389 2189 543 2237 quidem
565 2189 603 2225 in
624 2188 818 2225 catholica
837 2188 912 2225 fide
934 2200 1025 2236 per-

76 2243 319 2287 severarant,
349 2242 417 2278 sed
446 2241 484 2278 in
515 2241 776 2278 celebratione
807 2241 1026 2286 Paschatis,

75 2294 115 2330 in
131 2293 467 2331 administratione
484 2294 665 2342 baptismi
683 2297 722 2331 et
737 2294 775 2331 in
792 2294 1026 2342 quibusdam

76 2346 162 2383 aliis
177 2346 401 2394 disciplinae
416 2347 608 2396 capitibus
625 2359 648 2384 a
663 2348 840 2384 Romano
860 2350 899 2384 et
919 2359 1027 2384 com-

76 2399 181 2436 muni
202 2399 399 2437 Ecclesiae
427 2412 534 2437 more
556 2400 814 2437 desciverant.
836 2400 1026 2448 Augusti-

77 2463 148 2490 nus
175 2451 307 2489 habito
326 2464 412 2489 cum
433 2465 565 2490 eorum
589 2452 777 2501 episcopis
796 2454 835 2490 et
855 2453 1026 2490 doctori-

76 2504 146 2541 bus
167 2504 371 2552 colloquio,
392 2517 457 2543 eos
477 2506 655 2543 hortatus
676 2509 735 2543 est
751 2506 800 2543 ad
817 2505 1027 2554 suscipien-

76 2557 165 2594 dam
185 2568 427 2595 communem
453 2559 708 2596 ecclesiarum
725 2558 967 2606 disciplinam
987 2562 1026 2596 et

76 2610 122 2646 ad
151 2621 262 2658 opem
291 2610 567 2648 conferendam
597 2612 816 2660 Anglorum
836 2613 876 2648 et
895 2612 1025 2648 Saxo-

76 2674 167 2698 num
184 2662 439 2700 conversioni.
456 2664 518 2700 Illi
534 2676 628 2701 vero
645 2666 827 2701 neutrum
845 2667 1025 2712 praesta-

76 2726 117 2752 re
141 2714 358 2752 voluerunt.
381 2716 487 2753 Obiit
503 2717 546 2754 D.
566 2717 813 2765 Augustinus
842 2728 903 2754 an.
934 2717 1024 2763 604,

75 2767 187 2816 eique
207 2767 246 2804 in
268 2768 357 2805 sede
378 2768 647 2807 Cantuariensi
666 2770 854 2808 successit
869 2781 898 2807 s.
917 2771 1025 2807 Lau-

77 2820 237 2858 rentius.

127 2873 170 2910 In
193 2876 359 2920 utroque
382 2885 515 2922 regno,
528 2874 654 2911 Cantii
671 2877 710 2912 et
726 2876 1023 2923 Estsaxiae,sub

75 2925 301 2963 Ethelberto
322 2929 361 2962 et
382 2927 599 2964 Saberetho
615 2928 770 2975 regibus
786 2928 1023 2967 christianae

77 2977 274 3027 religionis
295 2978 480 3027 professio
503 2982 619 3016 aucta
648 2983 706 3017 est
726 2984 766 3017 et
785 2981 937 3028 floruit,
957 2983 1022 3019 sed

74 3034 159 3079 post
180 3034 342 3069 mortem
374 3044 509 3068 eorum
530 3033 718 3079 grandem
747 3035 1021 3082 tempestatem

74 3083 202 3121 subiit.
232 3083 336 3122 Obiit
356 3085 609 3122 Ethelbertus
639 3096 699 3122 an.
730 3085 821 3132 616,
850 3090 889 3124 et
917 3087 1022 3125 inter

115 3210 124 3231 ¹
143 3212 173 3242 L.
191 3213 238 3251 xi,
255 3211 353 3252 Epist.
370 3211 420 3251 ei,
438 3211 486 3249 65,
505 3211 552 3241 76.

1894 157 1969 196 163

1070 231 1235 270 Sanctos
1255 233 1410 270 colitur.
1431 232 1687 277 Eadebaldus,
1702 231 1785 269 cius
1807 231 1904 269 filius
1925 234 1964 269 ct
1986 233 2023 269 in

1071 296 1191 332 regno
1211 297 1425 330 successor,
1437 285 1625 333 religione
1648 284 1824 322 ethnicus
1844 288 1884 321 et
1904 286 2024 322 mori-

1074 338 1145 375 bus
1167 342 1386 387 corruptus,
1404 338 1536 376 multis
1553 337 1716 376 subditis
1732 337 1950 386 apostasiae
1967 350 2023 374 oc-

1073 391 1270 428 casionem
1293 391 1484 438 praebuit.
1508 392 1650 429 Postea
1671 402 1763 428 vcro
1792 402 1821 428 s.
1844 391 2024 428 Lauren-

1070 443 1112 480 tii
1138 443 1362 492 eloquentia
1391 443 1531 490 victus,
1563 444 1819 481 christianam
1839 443 1956 480 fidem
1984 446 2024 480 ot

1071 496 1306 544 baptismum
1350 496 1521 544 suscepit
1540 526 1549 542 ,
1586 498 1776 545 rebusque
1812 496 2022 542 Ecclesiae,

1070 551 1258 595 quantum
1281 549 1418 596 potuit,
1438 550 1646 587 consuluit.
1668 550 1780 586 Anno
1800 549 1878 586 619
1898 549 2024 586 deces-

1070 600 1164 638 sits.
1188 601 1446 646 Laurentius,
1475 613 1639 650 cumque
1661 602 1698 639 in
1728 602 1819 639 sede
1848 602 2022 639 Cantua-

1071 652 1188 689 rionsi
1225 653 1379 701 excepit
1398 666 1427 690 s.
1454 653 1625 692 Mellitus
1643 685 1651 700 ,
1681 657 1798 692 antea
1819 654 2022 703 episcopus

1070 706 1334 750 Londincnsis,
1358 706 1424 742 sed
1447 707 1495 742 ab
1517 708 1682 744 ecclesia
1703 719 1773 744 sua
1792 708 1896 745 exul.

1123 759 1267 795 Eodem
1294 758 1395 795 enim
1418 761 1592 806 tempore
1613 772 1689 808 quo
1710 772 1739 797 s.
1760 760 2025 804 Ethelbertus,

1069 814 1245 848 mortuus
1257 813 1317 848 ost
1329 811 1451 848 etiam
1469 812 1709 850 Saberetlius
1723 825 1792 850 rex
1806 814 2024 859 Estsaxiae,

1067 865 1127 901 cui
1157 866 1432 902 successerunt
1463 866 1541 902 tres
1572 865 1660 910 filii,
1679 866 1743 913 qui
1772 866 1875 903 idola
1895 867 2024 914 palam

1068 917 1255 962 colentes,
1269 917 1440 954 subditos
1461 929 1552 954 suos
1569 918 1616 954 ad
1637 917 1897 956 idololatriam
1915 922 1954 956 et
1972 919 2025 955 vi-

1068 970 1123 1007 tia
1141 972 1431 1015 revocarunt,et
1442 981 1470 1007 s.
1483 970 1677 1007 Mollitum
1691 971 1915 1019 episcopum
1927 971 2024 1009 eius-

1067 1035 1142 1071 que
1162 1023 1286 1060 socios
1308 1034 1430 1070 regno
1453 1023 1703 1071 expulerunt.
1719 1024 1837 1061 Brevi
1855 1026 1940 1072 post
1959 1024 2022 1062 isti

1068 1076 1262 1124 principes
1290 1075 1329 1111 in
1358 1075 1459 1112 bello
1490 1088 1577 1112 cum
1609 1076 1782 1113 Gevissis
1800 1077 2024 1125 perierunt3

1068 1131 1338 1166 verumtamen
1368 1128 1535 1177 populus
1566 1129 1614 1166 ad
1648 1129 1746 1166 vitia
1767 1130 1974 1175 excitatus,
1994 1142 2023 1167 s.

1068 1181 1265 1219 Mellitum
1286 1181 1461 1230 recipere
1474 1181 1610 1219 noluit.
1624 1182 1666 1218 In
1685 1182 1862 1230 sequenti
1881 1183 2025 1230 epocha

1069 1237 1153 1272 tum
1174 1234 1213 1271 hi
1233 1236 1318 1272 tum
1348 1234 1411 1271 alii
1430 1235 1605 1272 Saxones
1635 1237 1673 1271 et
1703 1235 1819 1284 Angli
1839 1234 1878 1272 in
1898 1235 2023 1273 veteri

1070 1287 1277 1325 Britannia
1294 1287 1545 1324 christianam
1563 1288 1680 1325 fidem
1693 1290 1965 1337 susceperunt,
1982 1290 2025 1325 ut

1070 1340 1151 1378 suis
1172 1340 1264 1377 locis
1287 1340 1531 1377 narrabimus
1555 1339 1578 1378 ¹.

1122 1393 1184 1430 55.
1207 1394 1481 1438 Sabinianus,
1500 1395 1747 1442 Bone‘face'us
1766 1394 1878 1431 IIIet
1894 1394 1920 1430 Ι
1928 1394 1968 1438 V,
1983 1394 2024 1430 S.

1070 1446 1302 1491 Deuscledit,
1322 1447 1543 1495 Pontifices
1565 1447 1650 1496 (an.
1669 1445 1943 1495 604-618).—
1956 1447 2023 1483 In-

1070 1502 1176 1536 terea
1196 1511 1225 1536 s.
1238 1499 1452 1546 Gregorius
1471 1499 1523 1536 M.
1546 1499 1608 1536 1v⁰
1621 1500 1708 1537 idus
1725 1500 1854 1537 martii
1873 1512 1934 1536 an.
1947 1500 2024 1536 604

1069 1553 1116 1589 ad
1140 1553 1263 1589 Deum
1286 1552 1486 1600 migravit.
1510 1553 1554 1589 Ei
1572 1553 1610 1589 in
1628 1565 1778 1590 summo
1795 1552 2024 1601 pontificatu

1068 1605 1196 1642 idibus
1217 1604 1450 1653 septembris
1472 1606 1662 1643 successit
1682 1605 1933 1651 Sabinianus,
1949 1605 2027 1642 Vo-

1069 1658 1146 1695 late
1153 1669 1304 1701 rranus,
1314 1658 1500 1695 diaconus
1516 1660 1555 1695 et
1567 1670 1595 1695 s.
1607 1659 1787 1706 Gregorii
1799 1659 1901 1707 apud
1914 1658 2024 1695 Mau-

1068 1711 1201 1748 ritium
1223 1710 1505 1759 imperatorem
1528 1711 1801 1760 apocrisiarius
1819 1741 1827 1758 ,
1856 1710 1920 1760 qui
1942 1711 2022 1748 Ec-

1069 1763 1228 1801 clesiam
1249 1764 1354 1800 rexit
1375 1775 1496 1812 usque
1519 1765 1566 1801 ad
1587 1771 1691 1801 vm¹u
1716 1764 1872 1801 kalend.
1890 1764 2023 1801 martii

1068 1828 1129 1853 an.
1151 1817 1228 1855 606
1249 1814 1275 1854 ².
1297 1817 1413 1854 Hunc
1440 1817 1671 1854 Pontificem
1692 1818 1829 1855 laudat
1848 1818 2023 1854 Anasta-

1069 1870 1147 1907 sius
1187 1869 1516 1907 Bibliothecarius
1554 1872 1710 1918 propter
1739 1872 1898 1907 auctum
1929 1869 2022 1906 cleri

1070 1934 1290 1968 numerum,
1311 1924 1473 1971 propter
1493 1922 1615 1959 divini
1638 1923 1768 1960 cultus
1794 1934 1942 1967 curam,
1970 1924 2022 1968 et,

1072 1978 1114 2011 ut
1137 1975 1297 2012 meliora
1313 1975 1456 2024 passim
1475 1975 1620 2012 habent
1636 1976 1807 2013 eiusdem
1825 1976 2022 2013 Anastasii

1071 2028 1314 2077 exemplaria
1331 2057 1340 2074 ,
1384 2030 1544 2077 propter
1584 2029 1801 2066 exercitam
1845 2028 2022 2066 liberali-

1070 2083 1207 2118 tatem.
1248 2082 1350 2118 Eum
1384 2082 1540 2130 propter
1569 2081 1780 2120 avaritiam
1811 2093 1834 2118 a
1861 2093 1890 2118 s.
1920 2081 2021 2118 Gre-

1072 2134 1170 2182 gorii
1200 2134 1337 2183 spiritu
1359 2134 1478 2172 fuisse
1499 2134 1537 2171 in
1559 2134 1688 2183 capite
1709 2146 1936 2183 percussum
1958 2134 2020 2171 fa-

1070 2186 1160 2224 bula
1175 2191 1235 2223 est
1251 2185 1278 2224 3.

1123 2239 1289 2277 Brevior
1305 2238 1381 2275 fuit
1398 2240 1649 2288 pontificatus
1666 2239 1855 2278 Bonit'acii
1872 2240 1941 2285 ΙΙΙ,
1953 2240 2020 2288 qui

1072 2292 1111 2329 in
1140 2292 1269 2330 locum
1300 2292 1505 2330 Sabiniani
1526 2293 1691 2339 electus,
1712 2295 1751 2330 et
1778 2292 1839 2330 X1⁰
1864 2293 2019 2330 kalend.

1072 2347 1187 2383 mart.
1210 2357 1271 2383 an.
1293 2345 1371 2382 607
1401 2346 1623 2392 ordinatus,
1644 2346 1739 2383 obiit
1760 2344 1821 2383 1v⁰
1841 2346 1928 2383 idus
1949 2358 2021 2382 no-

1072 2398 1244 2436 vembris
1270 2398 1443 2435 eiusdem
1464 2399 1567 2436 anni.
1590 2400 1639 2445 Is,
1660 2401 1703 2436 ut
1723 2410 1841 2448 supra
1861 2398 2020 2435 notavi-

1073 2463 1174 2498 mus,
1205 2451 1253 2488 ab
1281 2450 1517 2499 imperatore
1545 2452 1678 2490 Phoca
1708 2451 1946 2500 impetravit,
1977 2452 2021 2488 ut

1113 2557 1121 2578 ¹
1140 2557 1234 2595 Reda,
1251 2556 1333 2588 [list.
1347 2555 1460 2596 anabi.
1479 2556 1552 2594 l-ll;
1570 2556 1798 2587 BollandAcm
1812 2554 1864 2586 SS.
1880 2554 1919 2585 26
1939 2555 2021 2593 maii,

1070 2598 1088 2629 2
1110 2599 1186 2629 febr.
1205 2603 1234 2629 et
1249 2597 1290 2629 24
1306 2598 1382 2638 april
1397 2606 1404 2635 ;
1422 2597 1568 2637 Lingard,
1585 2596 1663 2628 [list.
1681 2596 1840 2636 d’Anylet.
1858 2599 1878 2626 t.
1895 2597 1915 2626 l.

1108 2639 1122 2660 ‘2
1137 2640 1335 2670 Sabinianum
1352 2646 1591 2678 campanarum
1612 2647 1701 2668 usum
1718 2638 1871 2668 invenisse
1888 2636 2018 2676 quidam

1069 2680 1235 2712 affirmant.
1260 2680 1322 2710 Vid.
1340 2680 1512 2719 Polydorus
1530 2679 1687 2719 Virgilius,
1704 2679 1753 2708 De
1776 2687 1886 2709 rerum
1902 2678 2020 2709 inven-

1071 2721 1203 2759 toribus,
1227 2722 1246 2753 l.
1270 2722 1316 2760 Vl,
1340 2731 1366 2752 e.
1391 2720 1689 2759 1⁹23Geneb1·ar‹1us‚
1712 2719 1895 2750 Chronicon
1911 2719 1950 2749 ad
1969 2729 2018 2750 an.

1069 2762 1108 2793 60
1116 2762 1138 2801 1;
1156 2763 1329 2800 panvinius,
1345 2762 1492 2803 Epitome
1507 2760 1727 2792 Romanorum
1743 2760 1944 2800 Pontificum.
1963 2761 2019 2792 Alii

1072 2813 1144 2834 vero
1162 2807 1274 2841 tenent,
1288 2812 1466 2843 campanas
1481 2811 1498 2831 a
1515 2812 1539 2832 s.
1557 2801 1691 2839 Paulino,
1708 2801 1825 2831 Nolano
1850 2801 2015 2840 Episcopo,

1069 2845 1119 2885 qui
1139 2845 1222 2875 initio
1240 2844 1364 2875 saeculi*
1381 2845 1401 2873 V
1427 2843 1527 2874 floruit
1544 2842 1648 2879 Nolae,
1664 2842 1795 2881 primurn
1819 2841 1960 2872 inventas
1983 2853 2020 2873 ac

1073 2889 1241 2924 usurpatas
1260 2886 1365 2916 fuisse.
1386 2885 1415 2914 ld
1435 2889 1534 2913 tamen
1549 2885 1671 2913 constat
1683 2892 1853 2922 campanas
1866 2886 1938 2914 ante
1955 2893 2021 2913 sae-

1071 2928 1170 2957 culum
1189 2928 1226 2957 VI
1244 2927 1272 2956 in
1291 2924 1427 2956 Ecclesia
1437 2924 1630 2955 Occidentali
1649 2924 1805 2954 adhibitas
1821 2924 1926 2955 fuisse.
1943 2925 2019 2955 Nam

1073 2977 1108 2998 cx
1134 2969 1199 2998 Vita
1223 2977 1245 2997 s.
1271 2966 1436 2996 Columbae
1460 2966 1578 3003 Anatis,
1596 2974 1675 3003 qnae
1692 2965 1816 2996 saeculo
1841 2965 1878 2995 VI
1891 2970 2018 2996 exarata

1071 3010 1134 3046 suit,
1153 3013 1181 3038 et
1208 3018 1225 3038 a
1250 3008 1426 3037 Mabillonio
1451 3008 1478 3036 in
1503 3005 1643 3036 Annalis
1666 3005 1879 3037 Benesliclinis
1909 3007 1939 3036 in
1971 3007 2017 3037 ln-

1069 3059 1134 3080 cem
1152 3049 1243 3086 edita,
1268 3047 1511 3086 deprehenditur
1535 3056 1704 3085 campanas
1731 3052 1800 3078 tunc
1824 3047 1970 3086 temporis
1987 3048 2018 3078 in

1069 3099 1155 3120 nsum
1171 3089 1275 3120 fuisse.
1287 3089 1525 3119 Csssenedictum
1536 3087 2017 3127 x1v121scicut.⁹20;Garumna,

1065 3130 1136 3162 Iler.
1155 3130 1263 3169 Ιίίιινῃ.
1282 3130 1300 3160 l.
1317 3130 1337 3167 l,
1349 3140 1373 3160 c,
1391 3129 1439 3159 ⁶3⁹2.

1105 3173 1119 3193 ³
1135 3171 1382 3230 Ct'31‘apebroch.
1402 3170 1544 3202 Conatus
1567 3170 1604 3201 ad
1623 3172 1697 3202 Acta
1713 3171 1762 3201 SS.
1789 3173 1807 3201 t.
1832 3170 1898 3201 VIII
1926 3170 2016 3208 maii,

1064 3220 1134 3252 pag.
1148 3212 1196 3242 9⁹..
