2241 3473
243 109 266 146 4
661 112 816 140 EPOCHA
837 111 907 137 VII.
929 111 955 137 A
985 107 1251 136 PONTIFICATV
1280 108 1310 135 S.
1332 107 1524 134 GREGORII
1553 107 1622 134 VII.

191 182 298 231 genii
318 177 570 230 praestantis,
591 175 820 214 eruditionis
848 184 976 217 rarae,
996 171 1145 210 sancti-

190 236 284 274 tatis
313 244 493 282 magnae,
521 233 561 267 et
587 226 952 267 studii,constantis
968 225 1009 262 in
1029 224 1145 262 disci-

191 290 336 338 plinam
353 282 670 326 ecclesiasticam,
684 280 828 329 optime
845 280 1038 316 versatus.
1060 279 1146 327 Ipse

190 342 344 390 quidem
367 337 470 375 omni
489 336 553 372 via
573 334 751 371 electioni
779 345 872 370 suae
901 331 1060 377 restitit,
1082 343 1146 368 re-

192 405 358 444 gemque
380 389 592 428 Henricum
612 387 667 424 IV
687 385 970 434 interpellavit,
992 397 1040 421 ne
1061 396 1147 421 eam

193 446 448 496 approbaret3
468 441 535 479 sed
557 444 596 478 et
614 452 684 477 rex
706 439 885 477 electioni
906 439 989 476 eius
1011 449 1148 475 assen-

194 501 263 545 sit,
284 501 402 546 atque
424 493 658 543 Gregorium
680 493 903 542 episcopum
923 491 1146 529 Vercellen-

194 565 273 591 sem
295 552 461 588 Romam
483 547 600 592 misit,
624 550 666 584 ut
687 546 772 583 vice
802 557 874 583 sua
893 544 1149 582 Hildebrandi

194 601 477 643 consecrationi
494 600 704 638 interesset
726 598 749 637 ¹.

249 655 552 698 Hildebrandus,
582 655 677 691 tunc
704 651 1000 701 sexagenarius,
1022 651 1059 688 in
1081 662 1154 688 sua

196 708 513 760 inauguratione,
529 706 593 744 111⁰
614 707 760 743 calend.
782 706 847 743 iul.
875 705 988 751 1073,
1006 716 1153 741 assum-

196 765 273 814 psit
303 775 440 800 nomen
473 760 651 809 Gregorii
681 760 769 803 VII,
801 759 981 807 rexitque
1012 757 1152 794 Eccle-

196 820 294 856 siam
317 827 437 864 usque
459 815 505 852 ad
527 826 589 851 an.
614 813 734 857 1085;
765 812 1071 849 ecclesiasticam
1101 810 1152 848 li-

195 872 392 909 bertatem
412 873 452 905 et
472 868 560 905 iura
575 866 769 915 intrepide
790 865 1019 910 vindicavit,
1039 864 1153 901 simo-

198 925 318 970 niam,
339 934 439 971 quae
459 921 498 958 in
520 921 655 958 multis
676 919 890 969 provinciis
919 929 1050 956 sacras
1071 918 1154 954 ele-

200 979 349 1016 ctiones
370 979 409 1013 et
428 974 692 1012 ordinationes
712 973 925 1018 inficiebat,
943 971 1154 1008 investitu-

199 1043 276 1076 ras,
293 1041 391 1079 quae
412 1028 592 1078 gravium
614 1027 820 1072 malorum,
837 1027 880 1063 ut
900 1037 990 1062 mox
1011 1024 1155 1061 videbi·

200 1096 302 1130 mus,
321 1094 462 1120 causae
479 1084 592 1119 erant
611 1080 786 1128 aliosque
807 1080 950 1117 abusus
971 1077 1158 1127 proscrip-

199 1139 250 1177 sit
265 1168 273 1184 ,
303 1135 548 1185 disciplinam
577 1133 903 1179 ecclesiasticam,
926 1131 1154 1181 praesertim

202 1191 437 1230 coelibatum
450 1188 699 1232 clericorum,
710 1187 749 1224 in
763 1187 959 1235 integrum
972 1185 1158 1230 restituit,

204 1248 243 1283 et
259 1245 306 1283 ad
328 1242 580 1280 vindicandos
611 1241 852 1279 Christianos
881 1239 1091 1277 orientales
1111 1238 1158 1274 ab

202 1297 419 1336 infidelium
447 1294 659 1345 tyrannide
676 1306 723 1331 ea
751 1293 838 1330 iniit
866 1292 1037 1337 consilia,
1058 1303 1159 1340 quae

204 1353 253 1390 ab
274 1350 433 1388 Urbano
454 1350 525 1397 Pp.
548 1348 583 1385 II
613 1347 769 1384 fuerunt
799 1345 1017 1384 executioni
1046 1357 1160 1382 man-

204 1405 307 1443 data.
321 1403 428 1441 Haec
444 1402 575 1439 omnia
592 1400 718 1449 magis
735 1413 755 1438 e
768 1400 940 1438 dicendis
957 1399 1157 1448 patebunt.

257 1459 294 1495 2.
308 1457 592 1495 Investitarae
605 1455 826 1503 —Magnus
846 1453 1033 1491 simoniae
1054 1457 1094 1489 et
1108 1464 1162 1490 re-

204 1512 362 1550 laxatae
382 1509 423 1546 in
445 1509 547 1546 clero
577 1507 802 1557 disciplinae
831 1506 952 1544 fomes
966 1536 975 1552 ,
995 1517 1161 1554 magnae

204 1561 612 1604 interRRPontifiees
625 1564 664 1598 et
677 1560 868 1610 principes
879 1560 1098 1597 saeculares
1110 1559 1161 1596 di-

203 1617 377 1656 scordiae
398 1627 541 1653 causae
554 1614 712 1652 fuerunt
726 1613 996 1651 investiturae.
1010 1613 1160 1650 Harum

207 1671 314 1720 origo
335 1670 545 1719 repetenda
567 1670 627 1705 est
647 1668 694 1705 ab
714 1679 759 1704 eo
779 1669 964 1716 tempore,
984 1678 1058 1714 quo
1078 1666 1161 1714 epi-

207 1724 310 1773 scopi
341 1726 381 1761 et
408 1723 571 1760 abbates
601 1733 676 1758 non
705 1723 861 1759 tantum
889 1720 1066 1769 praedia,
1095 1719 1160 1756 sed

207 1777 380 1822 castella,
401 1777 529 1821 urbes,
550 1774 783 1825 provincias,
812 1777 1014 1822 tamquam
1046 1773 1162 1810 feuda

207 1830 475 1882 possederunt.
496 1826 556 1866 Ex
577 1840 622 1865 eo
643 1832 819 1877 tempore
845 1828 892 1865 ad
914 1826 1100 1864 eiusmodi
1121 1838 1161 1863 e-

210 1885 435 1935 piscopatus
452 1885 491 1920 et
508 1882 683 1920 abbatias
701 1881 888 1918 nominati
909 1892 1079 1918 summos
1095 1879 1162 1917 im-

212 1939 399 1988 perantes
418 1937 588 1981 adibant,
619 1937 661 1972 ut
680 1935 728 1971 ab
757 1935 804 1971 iis
833 1934 1000 1971 dominio
1029 1934 1066 1970 in
1087 1933 1162 1971 ista

211 1992 329 2030 feuda
349 1989 640 2027 investirentur,
662 1988 809 2025 Verum
838 1988 940 2036 quod
961 1987 1071 2024 initio
1101 1998 1161 2023 ae-

212 2044 356 2094 quitati
394 2046 703 2081 consentaneum
746 2041 955 2078 videbatur
973 2070 982 2086 ,
1022 2041 1159 2077 deinde

214 2099 253 2136 in
274 2109 461 2145 magnum
483 2096 712 2144 disciplinae
742 2098 781 2132 et
810 2094 1005 2131 libertatis
1033 2093 1159 2131 eccle-

213 2151 395 2190 siasticae
412 2150 689 2187 detrimentum
706 2148 832 2185 cessit.
856 2147 1030 2184 Iuvaluit
1051 2147 1159 2196 quip-

215 2217 262 2255 pe
290 2204 548 2248 consuetudo,
570 2205 613 2239 ut
630 2202 820 2250 principes
840 2200 930 2238 laici
950 2203 1160 2249 praetextu

217 2258 542 2296 investiturarum
565 2255 790 2292 collationes
812 2255 1102 2303 episcopatuum
1125 2257 1163 2290 et

219 2312 465 2350 abbatiarum
486 2310 558 2347 sibi
580 2309 857 2353 adsciscerent,
886 2308 1162 2345 defunctorum

217 2365 483 2415 episcoporum
505 2366 544 2400 et
564 2363 749 2400 abbatum
776 2361 958 2398 baculum
979 2361 1160 2409 pastora-

221 2420 298 2457 lem
319 2424 358 2456 et
378 2416 568 2456 annulum
590 2416 638 2453 ad
659 2427 699 2452 sc
729 2415 873 2452 deferri
904 2414 1161 2458 mandarent3

219 2474 394 2520 haecque
415 2482 551 2508 sacrae
572 2469 776 2519 potcstatis
804 2467 974 2517 insignia
1003 2467 1161 2505 confer-

221 2528 310 2563 rent
330 2525 392 2571 iis,
413 2524 478 2573 qui
498 2523 571 2560 sibi
591 2523 783 2572 gratiores
805 2525 932 2567 erant,
949 2523 988 2557 et
1008 2521 1047 2557 hi
1069 2532 1162 2557 con-

221 2580 328 2617 tinuo
344 2577 513 2627 episcopi
530 2579 569 2614 et
584 2577 746 2614 abbatos
762 2575 881 2612 creati
899 2577 1163 2612 censerentur.

223 2633 306 2670 Hac
327 2632 477 2670 rationo
499 2630 682 2668 effectum
704 2631 776 2674 est,
798 2632 839 2665 ut
859 2628 990 2665 ablata
1006 2627 1110 2664 clero
1127 2630 1166 2664 et

223 2684 421 2723 monachis
442 2684 628 2722 electione
642 2713 651 2728 ,
672 2684 756 2720 tota
784 2681 1049 2730 eligendorum
1080 2680 1165 2729 epi-

223 2751 429 2789 scoporum
449 2741 568 2787 atque
588 2737 775 2775 abbatum
798 2737 967 2784 potestas
987 2734 1166 2771 deferre-

225 2795 289 2830 tur
317 2793 365 2830 ad
396 2803 567 2830 summos
596 2791 852 2840 imperantes,
888 2790 930 2825 ut
959 2787 1168 2836 dignitates

226 2845 516 2883 ‹Jcclcsiasticac
550 2843 778 2894 turpissimo
819 2843 984 2891 quaestu
1021 2841 1168 2878 vonde-

226 2901 377 2944 rcntur,
399 2901 437 2936 et
457 2912 531 2936 non
554 2897 773 2936 hominibus
794 2895 920 2944 dignis
941 2894 1168 2931 conferren-

226 2955 304 2998 tur,
320 2952 387 2990 scd
408 2952 454 2989 iis
474 2952 538 3001 qui
562 2952 623 2989 vel
645 2951 770 2988 maius
798 2949 886 2987 auri
908 2949 1055 2998 pondus
1077 2948 1170 2985 oss'c-

272 3058 279 3078 ¹
299 3058 383 3098 Apud
409 3059 536 3095 listron,
558 3057 596 3087 ad
621 3066 672 3088 an.
692 3056 784 3093 ¹073;
807 3055 907 3087 Labbc
921 3079 928 3090 .
955 3053 1074 3087 Coucil.
1092 3056 1112 3085 t.
1130 3055 1171 3095 X,

228 3110 257 3139 p.
279 3100 300 3130 1.
317 3118 354 3122 -
371 3101 444 3139 Pagi
468 3098 609 3139 (Criliccz
633 3100 737 3130 adan.
759 3097 850 3135 1072,
868 3107 894 3128 n.
913 3097 950 3134 u)
977 3095 1175 3127 animadvcr-

231 3142 273 3178 tit,
293 3142 492 3180 majoriam
516 3140 567 3172 Vll
583 3141 737 3171 ultimum
760 3139 868 3180 fuisse,
886 3140 977 3169 cuius
993 3138 1103 3169 electio
1119 3146 1176 3168 αη-

232 3186 260 3213 11,-
275 3183 554 3214 consecrationem
572 3183 761 3223 Imperatori
774 3181 957 3221 siqnilicala
973 3179 1083 3219 fucrit.

1188 174 1328 211 rebant
1347 174 1410 211 vel
1430 172 1512 222 regi
1531 173 1693 221 eiusque
1723 171 1912 210 ministris
1941 170 2133 220 gratiores

1189 231 1303 264 erant
1316 255 1324 271 ,
1345 228 1390 264 ut
1411 229 1454 265 ut
1473 228 1669 264 caeterum
1693 226 1917 273 ignorantes
1938 226 2009 262 aut
2027 223 2136 273 vitiis

1189 280 1404 328 inquinati3
1421 292 1441 318 e
1457 291 1534 328 qua
1550 278 1690 328 agendi
1711 278 1860 315 ratione
1879 278 2053 315 maxima
2068 290 2136 315 ec-

1190 334 1433 372 clesiasticae
1461 331 1637 370 libertati
1667 335 1707 369 et
1745 332 1972 380 disciplinae
2010 331 2137 369 detri-

1190 390 1325 425 menta
1345 387 1631 424 inferebantur.
1652 387 1901 434 Quapropter
1929 398 1958 424 s.
1980 385 2138 435 Grego-

1191 441 1269 479 rius
1286 442 1361 479 VII
1378 440 1522 488 aliique
1545 439 1766 485 Pontifices,
1783 439 1864 477 eius
1884 450 2139 485 successores,

1193 496 1239 533 ad
1262 495 1537 533 vindicandam
1559 492 1756 531 Ecclesiae
1776 493 1998 531 libertatem
2020 495 2061 530 et
2089 495 2138 532 ad

1191 549 1466 598 extirpandam
1487 547 1690 584 simoniam
1712 559 1887 596 quaeque
1908 547 1956 584 ab
1976 558 2022 584 ea
2043 559 2138 585 con-

1192 603 1459 651 sequebantur
1478 601 1595 646 mala,
1616 601 1700 637 iure
1729 602 1867 638 merito
1895 600 2139 639 investituris

1192 656 1423 694 restiterunt
1443 657 1481 692 et
1501 666 1565 692 eas
1588 654 1823 691 damnarunt
1845 651 1869 691 ¹.

1245 710 1282 747 3.
1307 709 1470 758 Synoclc·
1486 709 1704 745 Romanae
1723 705 1811 757 (cm.
1838 706 2141 755 1074-75)-1n

1194 763 1328 812 primis
1349 774 1376 800 s.
1396 762 1614 810 Gregorius
1635 762 1705 810 Pp.
1721 773 1782 798 an.
1802 761 1903 804 1074
1925 761 2075 799 Romae
2091 761 2142 799 50

1193 817 1460 865 episcoporum
1480 815 1775 863 multorumque
1797 815 1983 852 abbatum
1995 810 2042 852 'et
2057 813 2141 852 cle-

1194 870 1361 908 ricorum
1383 869 1575 918 synodum
1604 868 1754 913 habuit,
1783 868 1822 904 in
1844 879 1919 916 qua
1939 868 1989 905 ad
2013 868 2142 906 extir-

1196 923 1366 972 pandum
1388 921 1574 960 simoniae
1595 921 1742 958 crimen
1773 923 1812 958 et
1843 922 1891 958 ad
1913 922 2146 959 coercendos

1196 976 1482 1014 incontinentes
1503 974 1664 1012 clericos
1680 1005 1689 1021 ,
1711 974 1967 1012 constitutum
1988 974 2083 1020 fuit,
2103 977 2146 1013 ut

1196 1030 1263 1079 qui
1284 1029 1453 1078 aliquem
1472 1040 1668 1066 sacrorum
1688 1028 1865 1065 ordinum
1882 1028 2047 1077 gradum
2063 1040 2144 1078 pre-

1196 1085 1251 1122 tio
1267 1085 1397 1121 essent
1409 1082 1552 1131 adepti,
1562 1081 1784 1119 nullatenus
1796 1081 1835 1118 in
1846 1080 2021 1119 Ecclesia
2032 1081 2146 1119 mini-

1199 1139 1387 1183 strarent,
1405 1138 1447 1173 ut
1465 1147 1577 1173 nemo
1593 1135 1857 1172 ecclesiastica
1874 1135 1960 1172 iura
1968 1132 2042 1173 vaut
2056 1147 2147 1172 ven·

1199 1192 1290 1229 dere
1305 1192 1373 1228 aut
1382 1201 1510 1227 emere
1523 1190 1855 1238 praesumeretzut
1865 1188 1928 1236 qui
1943 1188 2147 1226 ecclesiam
2200 1216 2204 1220 -

1200 1245 1326 1294 pretio
1348 1240 1572 1292 accepisset,
1595 1242 1698 1279 omni
1719 1241 1758 1278 in
1779 1253 1825 1279 ea
1844 1240 2062 1279 ministerio
2077 1254 2146 1279 ca-

1200 1299 1319 1341 reret,
1336 1300 1378 1334 ut
1393 1296 1678 1333 incontinentes
1693 1296 1926 1340 sacerdotes,
1940 1294 2092 1332 diaconi
2108 1298 2147 1333 et

1201 1350 1425 1390 subdiaconi
1455 1349 1645 1387 Ordinum
1673 1360 1846 1386 suorum·
1864 1347 2061 1386 exercitiis
2082 1361 2147 1386 es-

1203 1407 1289 1442 sent
1308 1403 1518 1447 interdicti,
1531 1405 1569 1439 et
1589 1402 1753 1451 populus
1775 1413 1849 1439 non
1871 1401 2060 1450 reciperet
2079 1414 2148 1440 seu

1202 1458 1470 1507 frequentaret
1486 1456 1610 1494 officia
1625 1454 1847 1504 eorum,qui
1862 1454 1901 1492 in
1919 1455 1991 1492 hac
2008 1467 2049 1492 re
2065 1467 2150 1493 con-

1203 1511 1427 1550 stitutiones
1447 1509 1688 1558 apostolicas
1707 1508 2078 1557 transgrederentur
2096 1507 2122 1546 ².

1257 1566 1370 1602 Anno
1390 1565 1578 1612 sequente
1610 1561 1799 1600 Pontifex
1828 1561 1996 1599 alteram
2025 1561 2150 1610 pluri-

1205 1629 1356 1655 morum
1379 1617 1664 1666 episcoporum,
1683 1615 2002 1664 presbyterorum
2030 1617 2070 1652 et
2089 1615 2152 1652 ab·

1204 1672 1340 1709 batum
1361 1671 1553 1719 synodum
1573 1670 1730 1706 Romae>
1747 1668 1887 1717 coegit,
1907 1667 1945 1705 in
1966 1680 2044 1717 qua
2060 1680 2152 1706 con-

1203 1727 1267 1762 tra
1287 1723 1542 1761 investituras
1562 1723 1711 1760 editum
1733 1724 1791 1760 est
1813 1723 2028 1768 decretum,
2049 1721 2151 1771 quod

1203 1778 1400 1825 sequitur:
1438 1789 1460 1814 ‹<
1480 1776 1519 1813 Si
1550 1776 1637 1826 quis
1667 1776 1850 1824 deinceps
1882 1775 2151 1824 episcopatum

1204 1831 1267 1869 vel
1288 1830 1484 1868 abbatiam
1506 1830 1553 1868 de
1575 1841 1690 1867 manu
1711 1829 1876 1867 alicuius
1903 1828 2025 1866 laicae
2060 1840 2151 1877 per-

1203 1897 1319 1923 sonae
1340 1884 1566 1933 susceperit,
1590 1883 1812 1921 nullatenus
1832 1882 1935 1920 inter
1955 1882 2153 1932 episcopos

1244 2012 1252 2033 ¹
1282 2013 1498 2049 Thomassin.‚
1524 2012 1704 2052 Disciplina
1726 2012 1801 2043 eccl.
1825 2011 1914 2043 circa
1937 2011 2045 2050 Benef.
2076 2014 2096 2042 t.
2121 2012 2155 2048 ΙΙ,

1202 2056 1220 2086 l.
1236 2055 1270 2092 Ξς
1288 2056 1319 2086 C.
1339 2056 1449 2093 Lupus,
1465 2054 1596 2085 Scholia
1612 2056 1643 2085 et
1660 2053 1785 2084 dissert.
1806 2053 1839 2084 ιή
1858 2053 1976 2085 Concil.
1991 2057 2010 2084 t.
2030 2053 2154 2090 V1;Na—

1203 2098 1253 2128 tal.
1272 2096 1417 2126 Alexand<
1431 2121 1438 2132 ,
1455 2095 1535 2127 Htst.
1555 2095 1631 2126 eccl.
1649 2105 1730 2126 sace.
1744 2095 1790 2132 xi,
1809 2095 1883 2126 diss.
1900 2094 1934 2133 k
1954 2095 1973 2125 1.
1991 2096 2023 2126 Β.
2039 2093 2154 2133 Palma,

1204 2138 1357 2170 Praetece.
1379 2137 1457 2168 Hz'st.
1476 2137 1549 2168 eccl.
1567 2141 1585 2167 t.
1604 2137 1656 2174 111,
1675 2141 1753 2177 part.
1771 2137 1792 2171 1,
1811 2146 1834 2167 c.
1848 2135 1908 2167 2-3.

1244 2180 1257 2200 ὓ
1289 2179 1408 2213 Labbe,
1437 2178 1554 2211 Concil.
1583 2182 1601 2209 t.
1619 2179 1644 2209 X
1660 2204 1666 2215 ,
1695 2188 1722 2217 p.
1742 2177 1809 2208 313.
1839 2179 1953 2208 Iniuste
1976 2177 2156 2217 sigebertus

1204 2220 1435 2252 Gembtaccnsis
1453 2220 1463 2257 (
1479 2219 1595 2251 Chron.
1609 2220 1647 2249 ad
1663 2229 1710 2250 an.
1728 2218 1820 2254 Λ1074)
1836 2228 1870 2250 ex
1890 2219 1995 2249 ultimo
2009 2219 2096 2249 istius
2109 2228 2159 2259 sy-

1206 2263 1275 2293 nodi
1293 2262 1433 2301 capitulo
1450 2262 1554 2297 infert,
1573 2262 1755 2301 Gregorium
1779 2261 1828 2291 VH
1849 2261 2019 2298 censuisse,
2042 2261 2159 2291 Sacra-

1205 2307 1305 2334 menta
1323 2304 1362 2333 ab
1383 2303 1643 2333 incontinentibus
1668 2302 1886 2333 sacerdotibus
1909 2302 2066 2341 confecta,
2088 2311 2158 2333 esse

1204 2345 1346 2376 invalida.
1366 2345 1469 2375 Solum
1487 2345 1567 2374 enim
1587 2345 1701 2384 populo
1729 2344 1887 2382 prohibuit
1910 2344 2016 2375 andire
2043 2344 2158 2375 missas

1205 2386 1355 2417 eiusmodi
1370 2385 1566 2416 sacerdotum
1584 2389 1636 2416 aut
1653 2394 1758 2416 eorum
1775 2386 1876 2416 officia
1893 2385 2031 2423 recipere
2049 2388 2078 2416 et
2098 2385 2160 2416 fre-

1205 2431 1399 2468 quentareau
1412 2428 1441 2457 bi
1455 2430 1628 2466 contemptu
1644 2428 1766 2466 publico
1779 2427 1817 2457 ad
1832 2426 2054 2458 emendandam
2066 2428 2158 2457 vitam

1205 2470 1474 2508 compellerentur,
1490 2470 1569 2498 sicut
1586 2469 1613 2499 id
1630 2470 1754 2507 exponit
1770 2468 1850 2498 idem
1876 2468 2010 2499 Pontifex
2026 2469 2056 2499 in
2081 2469 2156 2507 Epi-

1206 2511 1284 2542 stola
1297 2511 1334 2541 ad
1344 2512 1486 2542 Ottoncm
1499 2511 1676 2549 episcopum
1686 2510 1963 2541 constantiensem.
1975 2508 2158 2541 Statuimus

1206 2554 1318 2590 eliam,
1334 2552 1433 2592 inquit
1451 2553 1634 2590 Gregorius,
1652 2554 1687 2582 ul
1709 2552 1738 2582 si
1763 2551 1824 2592 ipsi
1847 2552 2062 2582 contemtores
2084 2550 2158 2590 fue-

1209 2594 1275 2625 rint
1293 2596 1492 2630 nostr-muni,
1511 2594 1574 2623 imo
1591 2596 1785 2625 >sanctorum
1803 2593 1934 2624 I'alrum
1953 2592 2159 2624 constitutio-

1210 2645 1298 2670 num„
1316 2635 1453 2675 populus
1472 2634 1564 2664 nullo
1583 2634 1675 2666 modo
1691 2644 1805 2665 eorum
1829 2633 1938 2673 officia
1961 2634 2106 2674 recipiat.
2125 2635 2160 2665 ul

1208 2677 1265 2717 qui
1281 2686 1341 2717 pro
1369 2685 1481 2706 amore
1499 2675 1554 2707 liei
1571 2679 1600 2706 el
1618 2676 1716 2716 oflicii
1730 2676 1887 2715 diqnilate
1905 2684 1970 2707 non
1987 2676 2158 2716 commm-

1211 2722 1275 2755 tnr,
1292 2717 1492 2749 narrt-undio
1506 2718 1626 2749 saeculi
1642 2720 1672 2749 el
1688 2717 1914 2758 obiurgatione
1927 2716 2158 2758 populiresipi-

1209 2762 1308 2791 xcunt.
1326 2761 1363 2790 (lt'
1376 2760 1504 2790 eundem
1527 2760 1636 2795 Labbc,
1654 2760 1710 2791 loc.
1734 2760 1782 2790 cit.
1808 2760 1962 2789 Summam
1986 2758 2078 2789 etiam
2103 2767 2159 2790 an-

1211 2803 1359 2841 tiquitatis
1374 2801 1612 2831 ecclesiasticae
1628 2801 1839 2839 ignorantiam
1856 2803 1908 2831 aut
1934 2800 2052 2831 malam
2070 2800 2160 2831 fidem

1212 2843 1345 2884 produnt
1359 2843 1502 2873 Mosheim
1520 2842 1677 2875 (institut.
1692 2843 1762 2873 hist.
1781 2842 1856 2873 eccl.
1870 2851 1950 2872 saec.
1965 2842 2014 2878 xi,
2029 2845 2108 2881 part.
2124 2842 2161 2876 ΙῘ,

1213 2896 1239 2916 c.
1255 2886 1300 2921 2),
1319 2885 1424 2915 Ranke
1447 2884 1600 2925 (lli-stairo
1623 2884 1660 2915 (te
1677 2884 1708 2916 lu
1721 2882 1882 2925 papante.
1900 2887 1918 2914 t.
1938 2884 1981 2922 Ι),
1997 2883 2038 2914 De
2061 2884 2163 2914 Potter

1213 2930 1256 2961 ‹t‘
1270 2929 1372 2969 esprit
1394 2929 1430 2959 dc
1454 2929 1474 2959 l'
1488 2929 1603 2969 fialae,
1621 2932 1639 2959 t.
1661 2929 1693 2967 V,
1712 2931 1790 2967 part.
1808 2927 1850 2961 11,
1877 2927 1893 2957 Ι.
1911 2926 1952 2964 τὶ),
1973 2929 2162 2962 asserentes,

1214 2972 1346 3001 ciericos
1362 2971 1538 3002 saeculares
1554 2972 1681 3009 primum
1700 2980 1716 2999 a
1735 2969 1884 3008 Gregorio
1904 2968 2083 3008 t‘p.V111egi
2097 2976 2163 2998 coe-

1216 3013 1329 3043 libatus
1345 3013 1439 3043 fnisse
1453 3012 1634 3047 adstrictos;
1649 3022 1664 3043 e
1676 3010 1816 3050 plurimis
1830 3010 1943 3050 qnippe
1958 3009 2162 3040 monumentis

1217 3055 1411 3085 manifestum
1429 3059 1491 3091 est,
1504 3054 1631 3094 quosvis
1650 3053 1780 3084 clericos
1797 3053 1930 3082 maiores
1948 3060 1965 3081 a
1984 3051 2163 3081 vetustissi-

1219 3106 1266 3126 ma
1286 3096 1441 3126 Ecclesiae
1458 3100 1558 3127 aetate
1576 3094 1614 3124 ad
1633 3095 1724 3125 vitam
1743 3094 1950 3124 continentem
1967 3092 2067 3123 fuisse
2083 3091 2164 3123 obli-

1220 3141 1319 3177 gatos.
1338 3138 1374 3167 Ct'
1395 3141 1412 3168 t.
1431 3137 1454 3174 1,
1471 3147 1499 3177 p.
1518 3137 1566 3173 77;
1592 3137 1610 3167 1.
1627 3137 1657 3167 B.
1674 3135 1857 3173 1‘:itma,loc.
1875 3135 1944 3171 cit,
1961 3143 1986 3164 c.
2002 3133 2038 3170 4;
2054 3134 2162 3165 Franc.

1222 3182 1289 3210 Ant.
1315 3180 1470 3215 Zaccarin,
1488 3177 1597 3209 Sim-m
1613 3178 1769 3217 polenum
1784 3175 1984 3207 ‹teln'elae'tmto
2000 3175 2108 3207 Sacro.
