2241 3473
279 76 331 114 56

228 152 320 190 bore
350 154 390 189 et
419 150 677 199 eleemosynis
708 150 779 188 sibi
805 150 953 188 victum
981 162 1179 200 compara-

226 208 324 243 rent.
364 205 425 243 Ad
464 204 725 241 exercendam
763 203 1027 241 humilitatem
1065 204 1180 242 sociis

226 256 543 302 commendabat,
575 259 617 293 ut
645 255 870 305 frequenter
898 257 1002 294 inter
1029 257 1180 295 mendi-

225 323 310 357 cos,
341 310 513 347 infirmos
551 313 590 346 et
627 309 723 347 alias
762 322 951 359 personas
979 311 1180 359 despectas

227 366 498 408 versarentur,
525 374 737 411 omnesque
767 363 1061 412 appellarentur
1080 364 1180 401 Fra-

224 422 306 455 tres
322 416 505 461 Minores,
523 416 624 453 unde
640 416 945 455 lllz'nor‘z'tctrum
963 429 1103 455 nomen
1120 418 1181 454 de-

226 468 418 508 scendit¹.
437 469 507 506 >Ad
538 471 844 517 promovendam
875 471 1048 508 aliorum
1077 470 1177 508 salu-

224 527 301 561 tem
328 523 443 560 sociis
464 522 672 571 praecipue
692 523 934 573 iniungebat,
958 529 1002 562 ut
1021 524 1180 561 homini-

225 578 295 614 bus
311 575 590 625 poenitentiam
603 577 895 625 praedicarent,
912 578 936 615 ii
954 578 1086 624 etiam,
1103 578 1181 627 qui-

225 631 298 667 bus
329 630 570 667 necessariae
600 630 710 668 dotes
738 634 878 677 essent,
900 631 1076 669 infideles
1097 643 1181 668 con·

226 686 381 721 vertere
398 684 614 729 studerent,
631 696 744 732 quem
760 685 797 721 in
815 685 933 722 finem
948 685 1181 723 Franciscus

226 738 307 785 ipse
328 737 537 786 aliquando
566 737 605 774 in
625 738 850 787 AEgyptum
881 738 1081 788 profectus
1110 742 1179 777 est.

224 791 372 828 Eodem
403 802 503 828 anno
542 790 788 830 Innocentius
818 792 888 841 Pp.
916 793 975 830 III
1004 792 1180 842 regulam

223 856 253 882 S.
275 844 475 881 Francisci
506 844 623 882 vivae
654 846 762 883 vocis
792 846 953 883 oraculo
985 847 1179 895 approba-

221 898 292 943 vit,
322 898 433 947 eique
463 900 580 947 atque
610 898 807 947 discipulis
838 900 921 937 eius
951 900 1180 937 facultatem

223 951 473 1002 praedicandi
498 952 640 1000 ubique
670 953 952 1001 poenitentiam
984 955 1023 991 et
1052 954 1182 990 catho-

221 1005 340 1042 licam
367 1004 482 1042 fidem
514 1006 732 1052 concessit,
762 1018 906 1055 eosque
934 1006 1052 1044 simul
1078 1008 1181 1045 inter

223 1056 376 1096 clerum
413 1059 593 1108 suscepit.
629 1060 690 1097 Ab
730 1060 800 1097 hoc
838 1067 1012 1110 tempore
1049 1060 1180 1105 Ordo,

222 1113 334 1150 cuius
363 1112 489 1161 prima
502 1113 636 1150 domus
658 1112 732 1150 fuit
754 1114 853 1151 haud
877 1115 1011 1163 procul
1031 1115 1079 1152 ab
1102 1117 1178 1152 As-

223 1166 314 1204 sisio
345 1167 444 1215 apud
472 1166 684 1204 Ecclesiam
707 1168 942 1216 appellatam
974 1169 1178 1206 Portz'mz-

223 1220 361 1257 culam
381 1220 423 1257 B.
438 1219 587 1258 Mariae
604 1220 844 1269 Angelorum
863 1222 1042 1259 dedicata
1062 1234 1178 1270 quam

224 1285 253 1310 s.
271 1273 508 1310 Franciscus
538 1286 560 1311 a
586 1274 851 1313 Benedictinis
873 1279 1091 1324 acceperat,
1113 1287 1181 1324 per

226 1326 410 1372 Italiam,
433 1326 911 1378 Galliam,H2'spaniam,
929 1329 1101 1378 aliasque
1118 1341 1179 1366 re-

225 1380 360 1430 giones
373 1384 612 1429 propagatus
628 1388 686 1419 est
702 1383 797 1419 adeo
815 1385 858 1419 ut
874 1383 1052 1431 Capitulo
1069 1394 1180 1432 gene-

223 1433 297 1471 rali
315 1446 378 1471 an.
389 1434 487 1472 1219
500 1435 632 1472 habito
647 1435 751 1473 5000
762 1435 946 1473 Fratrum
960 1436 1142 1474 adessent
1153 1434 1178 1474 ².

223 1490 296 1526 An.
335 1487 434 1525 1223
452 1488 650 1526 Honorius
670 1489 726 1526 III
748 1488 934 1535 Ordinem
956 1490 1181 1527 authentico

223 1541 489 1580 instrumento
510 1541 768 1580 confirmavit.

275 1595 496 1633 Secundum
513 1595 697 1634 Ordinem
713 1596 884 1634 instituit
895 1596 1181 1642 s.Franciscus‚

224 1661 364 1698 nempe
394 1649 642 1696 monialium,
663 1663 764 1700 quae
785 1651 909 1700 primo
930 1651 1179 1689 Damianitae

226 1703 274 1741 ab
301 1702 466 1741 ecclesia
485 1716 514 1741 s.
537 1703 732 1750 Damiani,
752 1705 853 1753 apud
874 1716 990 1753 quam
1012 1704 1178 1754 primum

225 1768 358 1794 earum
390 1757 673 1796 monasterium
703 1758 904 1796 conditum
933 1762 1009 1805 est,
1042 1758 1180 1796 deinde

226 1810 418 1848 Clarissae
447 1823 470 1849 a
498 1824 527 1849 s.
554 1811 668 1849 Clara
690 1813 919 1850 earumdem
940 1812 1181 1859 fundatrice,
1202 1835 1203 1838 =

226 1864 448 1914 appellatae
478 1869 580 1903 sunt.
611 1865 649 1903 S.
680 1865 794 1904 Clara
824 1867 936 1915 virgo
954 1896 963 1912 ,
989 1866 1203 1903 nobilibus

226 1918 455 1967 parentibus
493 1919 632 1956 Assisii
672 1923 790 1966 nata,
825 1932 847 1957 a
882 1922 1018 1957 tenera
1051 1922 1181 1957 aetate

228 1971 345 2021 piam,
364 1975 642 2021 austeramque
669 1973 977 2018 vitamsssectata,
998 1986 1058 2011 an.
1083 1973 1184 2011 1212

227 2025 363 2063 relicta
391 2026 503 2063 domo
534 2030 706 2075 paterna,
729 2040 769 2064 se
795 2039 824 2065 s.
846 2027 1045 2065 Francisci
1077 2027 1181 2064 dire-
1203 2026 1204 2035 ¹

227 2079 346 2116 ctioni
376 2079 541 2117 subiecit
569 2080 779 2128 sedemque
809 2081 899 2119 fixit
921 2081 1022 2130 apud
1045 2080 1182 2119 Eccle-
1203 2079 1205 2113 ἒ

227 2132 325 2169 siam
346 2144 375 2170 s.
397 2133 580 2170 Damiani
602 2134 703 2171 haud
723 2135 855 2183 procul
875 2147 898 2172 a
913 2134 1183 2172 Portiuncula.

227 2186 324 2224 Cum
354 2197 401 2224 ea
429 2198 470 2224 se
496 2199 587 2224 mox
609 2188 886 2226 consociarunt
906 2189 1039 2237 plures
1061 2187 1183 2234 aliae,

226 2251 326 2288 quae
355 2252 491 2278 omnes
520 2241 591 2278 sub
621 2253 804 2290 suprema
833 2255 862 2280 s.
895 2242 1094 2280 Francisci
1123 2242 1182 2279 di-

226 2293 400 2330 rectione
423 2294 591 2342 pietatis,
612 2296 872 2344 paupertatis,
888 2295 1122 2333 humilitatis
1144 2298 1184 2332 et

225 2346 490 2395 poenitentiae
519 2348 720 2386 exercitiis
750 2350 956 2386 vacabant.
984 2350 1056 2387 An.
1083 2349 1183 2387 1224

226 2413 256 2438 s.
278 2400 511 2439 Franciscus
537 2402 591 2439 eis
613 2402 786 2451 regulam
811 2403 1047 2450 peculiarem
1070 2415 1184 2452 prae-

228 2454 397 2503 scripsit,
413 2466 528 2504 quam
552 2456 767 2505 Gregorius
790 2456 845 2494 IX
863 2456 1106 2505 approbavit.
1124 2456 1182 2493 Ex
1204 2453 1206 2461 ¹

230 2507 303 2544 hoc
323 2511 501 2557 tempore
521 2508 635 2558 plura
655 2509 693 2546 in
716 2510 802 2547 aliis
819 2511 914 2548 locis
930 2510 1102 2548 eiusdem
1119 2509 1186 2547 Or-

231 2561 332 2599 dinis
354 2563 593 2600 monasteria
612 2563 767 2601 condita
789 2563 909 2600 fuere.

283 2615 460 2653 Tertium
492 2616 680 2654 Ordinem
711 2629 811 2655 anno
836 2617 933 2655 1221
966 2616 1134 2654 instituit
1154 2628 1182 2653 s.

228 2668 463 2708 Franciscus
495 2683 563 2720 pro
595 2671 690 2709 viris
720 2675 759 2709 et
787 2670 940 2708 feminis
968 2671 1005 2707 in
1028 2669 1182 2708 saeculo

230 2722 478 2777 viventibus,
508 2724 575 2773 qui
605 2724 763 2763 tertiam
786 2724 963 2774 regulam
986 2724 1091 2761 vitae
1106 2753 1114 2768 ,
1134 2724 1182 2760 ab

229 2788 274 2813 eo
303 2778 570 2826 compositam,
599 2779 645 2823 in·
670 2779 847 2816 domibus
874 2777 1038 2826 privatis
1059 2777 1183 2814 obser·

229 2833 381 2869 varent.
420 2832 533 2870 Hanc
566 2831 743 2882 regulam
778 2833 826 2870 ab
856 2831 1028 2870 Honorio
1059 2831 1113 2868 III
1144 2834 1203 2867 ct*

278 2974 285 2995 ¹
304 2975 385 3011 Idem
417 2975 499 3007 Ordo
527 2975 626 3006 dictus
655 2979 702 3006 est
725 2975 951 3006 Franciscanus
965 2982 982 3003 a
998 2973 1120 3003 nominc
1137 2973 1182 3003 sui
1201 3005 1203 3012 ,

232 3017 380 3054 auctoris,
396 3018 465 3047 itrm
484 3018 684 3056 seraphicus,
702 3017 782 3057 qnod
800 3026 823 3048 s,
841 3017 1007 3047 francisco
1024 3014 1053 3045 in
1072 3014 1179 3044 solitu·
1201 3015 1202 3029 ³

233 3059 302 3088 dinc
321 3058 432 3089 moniis
458 3060 579 3089 niverni
604 3069 696 3090 sacra
714 3059 862 3098 stigmata
881 3058 1074 3098 impresserit
1087 3058 1182 3087 Sci-a-

233 3100 315 3138 phim
331 3101 465 3131 crucifixi
480 3101 645 3141 imaginem
660 3102 807 3133 referens.
822 3101 852 3131 S.
867 3101 1094 3138 nonaventura‚
1116 3097 1181 3131 Vita

232 3150 256 3171 s.
273 3140 447 3172 Franctsci.

273 3181 286 3203 ‘²
301 3184 330 3213 S.
349 3183 573 3222 Bonaventura,
588 3184 659 3215 ibid.

677 107 681 111 .
710 85 871 112 EPOCHA
901 84 986 111 vm.
1016 85 1042 111 A
1071 83 1335 111 PONTIFICATV
1364 85 1598 113 INNOCENTII
1628 86 1673 112 111

1199 150 1203 205 Ι
1222 151 1412 201 Gregorio
1428 152 1499 189 ·1X
1527 164 1594 190 ore
1623 153 1889 202 approbatam,
1909 153 2094 192 Nicolaus
2113 154 2166 193 IV

1221 206 1363 253 scripto
1395 205 1644 243 confirmavit
1675 217 1737 244 an.
1775 206 1876 245 1289
1894 220 1903 252 ;
1943 207 2167 256 nuperrime

1222 258 1300 295 Leo
1320 258 1440 304 XIII,
1458 261 1488 306 f.
1509 272 1558 305 r.,
1579 271 1640 296 an.
1663 259 1762 297 1881
1783 260 1946 298 mirifice
1967 262 2167 298 com‘meii-

1222 312 1340 349 davit.
1363 312 1518 350 Ordinis
1538 313 1652 349 huius
1671 312 1821 350 sodales
1842 314 1935 352 dicti
1955 318 2048 352 sunt
2066 314 2167 352 Ter-

1221 365 1348 412 tiarii3
1379 377 1514 403 eorum
1539 377 1727 403 numerus
1747 366 1858 403 brevi
1877 369 2053 416 tempore
2080 367 2169 416 plu-

1221 419 1362 456 rimum
1386 424 1524 457 auctus
1543 423 1612 457 est.
1634 419 1922 457 Tertiariorum
1946 421 2169 458 institutum

1221 473 1292 509 sub
1305 472 1450 521 duplici
1468 472 1594 510 forma
1609 472 1684 509 fuit
1700 477 1971 522 propagatum3
1988 473 2054 512 alii
2067 473 2170 511 enim

1220 525 1316 563 illud
1343 526 1465 563 secuti
1486 527 1631 563 suntet
1650 529 1877 574 sequuntur,
1899 527 1937 563 in
1957 529 2170 565 communi-

1221 582 1302 616 tate
1323 579 1515 625 viventes,
1528 579 1593 617 alii
1613 580 1650 616 in
1671 579 1833 617 aedibus
1854 580 2016 629 privatis
2037 579 2062 619 ¹.

1274 633 1420 670 Eodem
1441 636 1614 682 tempore
1635 633 1820 670 Ordinem
1841 634 2169 683 presbyterorum,

1220 687 1286 734 qui
1308 699 1380 723 non
1402 688 1557 724 tantum
1574 687 1752 735 propriae
1768 685 2014 735 perfectioni,
2029 687 2096 725 sed
2112 698 2168 724 re-

1218 740 1413 788 liquorum
1435 740 1552 777 etiam
1574 740 1775 777 hominum
1794 740 1913 777 saluti
1930 752 2091 790 operam
2108 740 2171 778 da-

1221 796 1323 840 rent,
1351 793 1530 831 fundavit
1558 806 1587 831 s.
1609 794 1846 831 Dominicus,
1869 794 1943 831 Hic
1962 806 2050 832 cum
2072 805 2168 831 con-

1221 848 1418 885 vertendis
1439 847 1646 884 haereticis
1666 847 1943 896 AlbIgensibus
1962 847 2170 885 adlabora-

1221 904 1295 947 ret,
1323 913 1385 938 an.
1419 901 1520 938 1215
1541 912 1628 938 cum
1651 900 1799 949 aliquot
1819 902 1945 948 sociis,
1965 901 2101 938 eodem
2125 912 2170 938 ac

1220 955 1300 1004 ipse
1330 955 1459 992 studio
1487 954 1682 999 animatis,
1705 966 1754 992 ex
1775 966 1934 993 assensu
1956 954 2172 992 Innocentii

1222 1009 1276 1046 llI
1298 1008 1462 1045 Tolosae
1493 1008 1664 1045 instituit
1684 1008 1883 1054 Ordinem,
1906 1009 2015 1046 cuius
2035 1019 2174 1058 supre-

1221 1074 1307 1099 mus
1336 1061 1424 1100 finis
1445 1066 1546 1099 esset
1567 1061 1690 1099 divini
1711 1061 1820 1099 verbi
1841 1061 2092 1111 praedicatio.
2113 1062 2170 1099 A-

1221 1115 1399 1164 doptavit
1432 1115 1656 1153 Dominicus
1691 1115 1870 1164 regulam
1901 1127 1929 1153 s.
1959 1115 2171 1165 Augustini

1221 1182 1307 1206 cum
1328 1169 1474 1217 aliquot
1493 1169 1850 1214 constitutionibus,
1867 1182 1888 1206 e
1905 1169 2045 1218 regula
2057 1169 2173 1206 Prae·

1222 1221 1568 1260 monstratensium
1599 1223 1874 1260 canonicorum
1905 1223 2109 1272 susceptis,
2132 1222 2172 1259 in

1222 1278 1371 1325 quibus,
1391 1285 1547 1326 praeter
1565 1277 1741 1326 propriae
1758 1276 2008 1325 perfectionis
2023 1287 2175 1323 curam,

1222 1331 1335 1368 sociis
1357 1330 1706 1368 commendabatur
1724 1341 1926 1368 sacrarum
1947 1329 2173 1379 disciplina-

1221 1396 1307 1421 rum
1337 1384 1509 1422 studium
1527 1414 1536 1430 ,
1569 1387 1610 1421 ut
1635 1384 1762 1421 idonei
1783 1384 1890 1422 verbi
1911 1384 2029 1421 divini
2053 1395 2172 1432 prae-

1221 1438 1424 1483 dicatores,
1455 1438 1677 1475 animarum
1706 1438 1931 1484 directores,
1958 1436 2173 1475 catholicae

1222 1492 1422 1529 doctrinae
1453 1491 1633 1540 magistri
1656 1495 1696 1528 et
1719 1490 1943 1529 defensores
1967 1491 2170 1529 efficeren-

1222 1549 1299 1583 tur.
1317 1546 1391 1583 An.
1417 1545 1516 1582 1216
1540 1544 1751 1582 solemnem
1775 1544 1932 1583 Ordinis
1952 1545 2011 1582 sui
2030 1556 2173 1594 appro-

1223 1599 1419 1636 bationem
1455 1599 1684 1648 impetravit
1712 1599 1760 1636 ab
1791 1598 1964 1636 Honorio
1992 1598 2062 1647 Pp.
2093 1597 2172 1644 III,

1223 1653 1287 1702 qui
1317 1664 1381 1690 eos
1406 1653 1580 1690 Fratres
1600 1653 1913 1690 Praedz‘calores
1933 1651 2174 1701 appellavit,

1201 1732 1203 1736 ,
1223 1707 1347 1756 iisque
1378 1710 1534 1754 praeter
1560 1706 1656 1744 alias
1677 1706 1886 1744 facultates
1907 1709 1947 1743 et
1968 1704 2174 1755 privilegia

1201 1788 1203 1808 Σ
1222 1761 1283 1798 ius
1314 1760 1453 1798 tribuit
1477 1760 1643 1798 habendi
1671 1759 1852 1797 ecclesias
1872 1759 2114 1809 parochiales
2135 1761 2175 1796 et

1225 1815 1472 1864 presbyteros
1509 1815 1558 1851 ab
1587 1814 1766 1862 episcopo
1796 1813 2030 1863 approbatos
2058 1812 2098 1850 in
2127 1811 2174 1850 iis

1224 1867 1498 1906 constituendi.
1520 1867 1743 1906 Dominicus
1773 1867 1939 1916 primum
1973 1869 2173 1904 monaste-

1202 1931 1204 1960 1
1225 1923 1327 1959 rium
1348 1920 1575 1959 aedificavit
1594 1921 1758 1959 Tolosae
1777 1921 1888 1958 iuxta
1907 1920 2113 1961 ecclesiam
2129 1919 2175 1957 si·

1203 1988 1204 2022 ξ
1223 1976 1261 2013 bi
1283 1977 1332 2013 ab
1348 1976 1525 2025 episcopo
1546 1987 1780 2013 concessam.
1798 1974 1891 2013 Mox
1906 1974 2068 2012 Fratres
2087 1984 2175 2012 suos

1225 2030 1263 2066 in
1295 2029 1545 2078 Hispaniam,
1576 2029 1762 2073 Galliam,
1794 2028 1950 2066 ltaliam
1972 2027 2088 2071 misit,
2110 2026 2174 2064 ubi

1225 2083 1342 2121 etiam
1373 2083 1548 2120 eiusdem
1570 2082 1723 2120 Ordinis
1744 2081 1984 2120 monasteria
2003 2081 2176 2119 excitata

1225 2142 1326 2175 sunt.
1358 2137 1401 2174 In
1433 2136 1557 2185 primo
1578 2135 1760 2184 Capitulo
1780 2134 1969 2185 generali,
1989 2146 2049 2172 an.
2075 2133 2175 2172 1220

1228 2190 1423 2228 Bononiae
1452 2189 1584 2226 habito
1602 2219 1610 2235 ,
1641 2191 1797 2238 praeter
1823 2189 1982 2226 diversa
2015 2187 2174 2226 institu-

1226 2249 1266 2282 ta
1285 2243 1495 2288 severiora,
1512 2243 1624 2280 sociis
1646 2243 1835 2291 persuasit
1856 2241 2113 2280 abiectionem
2133 2254 2176 2279 o-

1227 2297 1376 2335 mnium
1408 2296 1614 2334 fundorum
1645 2300 1684 2333 et
1714 2301 1972 2345 proventuum
1993 2295 2176 2343 fixorum,

1226 2362 1368 2399 cosque
1384 2362 1404 2386 e
1421 2350 1623 2387 Canonicis
1640 2350 1904 2399 Regularibus
1920 2362 1949 2388 s.
1966 2349 2176 2399 Augustini

1226 2404 1437 2443 monachos
1467 2404 1733 2441 mendicantes
1763 2403 1867 2442 fecit.
1897 2404 1940 2441 In
1966 2404 2090 2442 altero
2110 2403 2177 2441 Ca·

1227 2458 1350 2508 pitulo
1381 2458 1569 2507 generali,
1603 2458 1735 2495 habito
1756 2468 1858 2495 anno
1878 2460 2077 2506 sequente,
2098 2456 2176 2495 Or-

1228 2513 1370 2557 dinem,
1387 2511 1450 2560 qui
1469 2511 1544 2548 iam
1562 2511 1614 2550 60
1631 2511 1870 2549 monasteria
1891 2511 2072 2557 habebat,
2092 2511 2176 2549 dis-

1226 2567 1366 2603 tribuit
1386 2566 1423 2602 in
1447 2565 1470 2601 8
1494 2565 1727 2614 provincias,
1751 2564 1993 2614 Hispaniam,
2016 2564 2176 2602 Provin-

1204 2645 1205 2658 t
1227 2620 1324 2657 ciam
1339 2650 1347 2666 ,
1369 2619 1555 2665 Galliam,
1576 2619 1866 2665 Lombardiam‚
1886 2619 2066 2665 Romam,
2085 2617 2177 2656 Ger-

1227 2673 1412 2717 maniam,
1442 2673 1700 2722 Hungariam,
1729 2673 1929 2722 Angliam;
1950 2673 2088 2722 quibus
2107 2673 2176 2711 sub

1203 2752 1205 2771 0
1227 2740 1255 2765 s.
1278 2726 1482 2771 Dominici,
1503 2738 1605 2764 anno
1628 2727 1725 2764 1221
1749 2726 1939 2773 defuncti,
1953 2737 2175 2765 successore

1202 2804 1204 2827 3
1227 2781 1390 2818 Iordane
1425 2783 1675 2819 accesserunt
1708 2781 1732 2817 4
1767 2791 1889 2818 novae
1926 2779 2148 2830 provinciae
2165 2808 2176 2826 ,

1226 2834 1403 2880 Polouia,
1420 2834 1557 2880 Dania,
1587 2835 1751 2872 Graecia
1781 2837 1820 2872 et
1840 2833 2076 2871 Palaestina.
2097 2833 2175 2871 Or-

1225 2888 1325 2926 dinis
1348 2889 1574 2937 propagatio
1596 2892 1707 2926 tanta
1739 2887 1980 2925 incrementa
1999 2886 2113 2937 cepit,
2134 2889 2177 2924 ut

1225 2954 1285 2979 an.
1312 2942 1410 2979 1278
1431 2942 1506 2979 iam
1529 2941 1606 2979 470
1626 2941 1864 2979 monasteria
1885 2942 2122 2979 numeraret.

1272 2996 1362 3033 'Iam
1394 3008 1495 3033 anno
1520 2996 1618 3033 1200
1647 3008 1676 3033 s.
1705 2994 1946 3041 Dominicus,
1970 2996 2011 3032 ut
2039 3005 2175 3032 sexum

1201 3053 1203 3083 ι
1226 3049 1436 3087 femineum
1454 3049 1685 3099 praesertim
1697 3048 1866 3087 nobilem
1878 3050 2015 3087 contra
2031 3048 2172 3088 haere-

1269 3181 1276 3201 ¹
1297 3183 1327 3213 li.
1347 3181 1508 3222 Wadding,
1521 3180 1660 3214 Annales
1679 3180 1807 3214 Ordinis
1823 3179 1995 3214 Μίνωι-πω.
