2241 3473
239 161 319 201 422

184 244 377 288 firmavit,
407 247 446 280 et
471 245 639 281 electum
668 244 936 291 patriarcham
965 243 1130 290 Babylo-

186 311 346 335 nensem
381 299 667 335 Chaldaeorum
701 298 939 334 auctoritate
967 298 1130 344 Aposto-

184 352 259 388 liea
287 352 465 393 instituit,
486 352 565 387 imo
593 362 615 386 a
635 352 766 387 multis
785 352 919 387 statim
947 350 1131 386 adversa-

183 408 262 440 tum
279 411 438 441 strenue
459 405 645 441 defendit.
664 405 1001 452 praeconceptam
1021 416 1129 450 spem

181 459 465 494 confirmarunt
500 459 871 506 obsequentissimae
906 458 988 494 eius
1029 458 1130 494 litte-

180 523 263 554 rae,
292 512 429 559 quibus
454 513 637 559 egregios
678 524 815 548 sensus
841 523 935 548 suae
962 511 1129 548 devotae

180 565 394 601 voluntatis
420 571 459 601 et
485 566 606 601 animi
634 566 673 602 S.
703 566 794 602 Sedi
818 566 989 603 devincti
1009 566 1126 613 signi-

180 618 326 654 ficavit.

230 673 375 708 Verum
392 673 495 708 haud
507 674 626 709 multo
639 679 725 721 post
740 679 779 710 et
794 675 917 711 semel
932 678 971 711 et
986 675 1127 711 iterum

182 727 264 773 ipse
282 726 516 762 Pati-iarcha
532 728 689 774 scripsit
703 728 751 764 ad
766 729 1127 776 Congregationem

181 780 227 815 de
255 779 519 828 propaganda
546 781 655 825 Fide,
684 782 836 818 delatas
863 783 912 819 ad
940 795 981 819 se
1009 783 1127 819 fuisse

183 834 535 870 Malabariensium
567 836 720 871 litteras
746 839 773 879 1,
801 848 923 884 opera
942 841 981 873 et
1002 838 1127 872 studio

178 887 368 923 haeretici
402 888 602 924 cuiusdam
631 890 1012 937 Syro-lacebitarum
1039 891 1129 938 Epi-

177 942 285 989 scopi
306 942 444 978 ibidem
474 945 769 987 commorantis,
791 945 828 980 in
849 945 986 992 quibus
1010 945 1126 982 iidem

181 997 510 1041 Malabarienses,
531 998 664 1034 multis
683 999 936 1046 querimoniis
956 1004 996 1036 et
1015 1011 1128 1035 accu-

178 1051 395 1086 sationibus
414 1052 614 1098 congestis
635 1058 774 1089 contra
794 1055 955 1090 Latinos
976 1054 1129 1090 Missio-

176 1105 310 1141 narios
337 1110 376 1142 et
395 1106 624 1154 Episcopos,
646 1119 783 1144 eorum
804 1120 941 1144 curam
970 1109 1128 1145 nomine

176 1159 379 1195 Pontificis
399 1167 599 1207 gerentes,
623 1163 875 1208 postulabant
901 1163 975 1199 sibi
1002 1162 1085 1199 dari
1106 1176 1130 1201 a

177 1213 413 1251 Patriarcha
433 1215 668 1264 Episcopum
689 1217 747 1253 sui
765 1218 873 1254 ritus.
897 1218 981 1254 Etsi
998 1219 1127 1266 explo-

176 1273 306 1304 ratum
335 1274 454 1312 esset,
474 1270 599 1316 ipsum
621 1270 897 1307 patriarcham
917 1273 1024 1309 nulla
1049 1274 1128 1320 pol-

177 1321 260 1358 lere
289 1322 555 1359 iurisdictione
578 1324 615 1359 in
636 1325 966 1368 Malabarienses,
986 1327 1126 1363 horum

177 1380 308 1412 tamen
335 1377 605 1423 querimoniae
632 1379 914 1426 expendendae
941 1386 1057 1417 erant
1076 1381 1127 1417 di-

174 1429 360 1476 ligenter,
378 1433 419 1465 ut
438 1430 709 1477 spiritualibus
729 1434 858 1480 gentis
877 1434 980 1470 illius
994 1446 1126 1472 neees-

174 1483 352 1519 sitatibus
380 1495 426 1520 eo
454 1484 653 1521 efficacius
681 1492 721 1523 et
748 1487 918 1523 alacrius
946 1500 1128 1526 occurre-

174 1544 307 1581 retur,
336 1549 409 1585 quo
436 1539 627 1576 maiorem
656 1552 793 1576 eorum
821 1542 1124 1580 sollicitudinem

173 1591 400 1638 Apostoliea
427 1594 551 1630 Sedes
577 1594 725 1632 habere
760 1595 896 1639 debet,
926 1608 1021 1643 quos
1056 1609 1126 1644 per

173 1657 264 1682 suos
287 1646 466 1683 Vicarios
495 1649 599 1696 regit
625 1654 665 1685 et
691 1649 900 1696 gubernat.
923 1651 1127 1699 Quaprop-

174 1704 235 1736 ter
255 1703 556 1739 accuratissima
570 1704 655 1739 veri
675 1704 928 1751 investigatio
947 1707 1125 1743 instituta

173 1758 247 1798 est,
266 1755 417 1803 utquid
436 1756 593 1792 demum
614 1757 651 1792 in
673 1757 1025 1796 Malabariensium
1052 1762 1124 1796 uti-

171 1807 321 1845 litatem
349 1809 641 1846 deeernendum
663 1817 781 1853 esset,
804 1817 886 1849 tuto
914 1815 1125 1851 constitue-

170 1867 293 1898 retur.
322 1864 473 1900 Verum
502 1877 590 1901 cum
618 1866 862 1903 definitivum
892 1880 1121 1916 responsum

216 1975 225 1996 ¹
256 1976 309 2008 Est
336 1976 365 2007 in
400 1975 500 2008 Indiis
534 1977 749 2009 orientalibus
785 1979 872 2011 natio
910 1980 1118 2015 malaharica.

169 2020 252 2054 Haec
273 2021 324 2053 uhi
342 2023 475 2063 primurn
496 2022 655 2055 Chaldaea
671 2024 705 2055 au
723 2024 878 2058 haeresim
897 2029 1116 2059 nestorianam

167 2076 261 2099 versa
287 2073 349 2106 est,
370 2069 504 2101 saeculo
524 2070 856 2111 quinto,per‹litionis
886 2073 946 2104 iter
964 2073 1116 2114 arripuit,

170 2112 295 2145 nefarie
316 2114 346 2144 in
374 2114 403 2145 id
426 2115 688 2157 conspirantibus
716 2116 905 2157 quibusdam
927 2127 941 2148 a
963 2118 1119 2153 Praelalis

170 2159 460 2201 scliisinaticis,qui
478 2162 642 2204 antiquam
662 2162 829 2195 Seleuciae
845 2165 950 2196 seileni
970 2170 1116 2204 tenuere,

171 2205 253 2238 illuc
280 2207 398 2238 missis.
419 2207 506 2238 Haud
528 2207 615 2240 hrevi
635 2210 787 2249 teniporis
815 2210 919 2251 spatio
947 2211 1034 2248 regio
1056 2214 1121 2244 Ma—

174 2251 314 2284 labarica
342 2252 414 2284 [idei
441 2254 605 2295 piaculum
633 2254 722 2290 secu,
749 2263 844 2296 quani
875 2265 939 2288 rein
968 2257 1116 2292 infestam

172 2296 246 2328 inihi
275 2307 406 2340 quoque
424 2305 596 2337 gesserunt
615 2299 788 2332 Iacchitae.
810 2304 848 2332 At
868 2302 1030 2336 Clemente
1048 2304 1115 2337 v111

170 2343 388 2383 gubernacula
410 2346 576 2378 Ecclesiae
595 2350 742 2386 regente,
764 2347 936 2380 Malaharia
956 2349 1044 2382 fidem
1067 2360 1118 2383 ca-

175 2390 325 2422 tholicam
346 2401 409 2423 una
428 2401 496 2424 cuni
516 2390 684 2424 Chaldaeis
704 2392 818 2424 iterum
841 2395 975 2436 recepit,
993 2400 1025 2428 et
1044 2407 1120 2429 cou—

173 2436 247 2467 cilio
279 2437 439 2478 tirnmpori
467 2438 574 2470 habito
601 2447 685 2470 auno
707 2438 807 2477 1599,
835 2450 945 2473 omnes
971 2444 1118 2475 sacci-ilo—

171 2483 349 2520 tes‚clei·ici
366 2488 394 2515 et
408 2490 638 2527 procuratores
650 2485 761 2526 populi
776 2486 965 2519 Malaliariae
977 2497 1118 2530 spopon-

172 2528 288 2560 derunt
303 2535 334 2561 et
347 2531 553 2563 iureiurando
574 2531 741 2563 firmarunt
759 2532 974 2565 obedientiam
990 2535 1119 2569 lt.Pou-

172 2574 276 2613 tisici,
304 2576 398 2617 eique
425 2578 554 2609 omnino
582 2587 614 2609 se
641 2578 889 2618 commiserunt,
918 2583 1121 2621 proclaman—

172 2624 219 2652 ies
246 2630 278 2653 se
307 2623 435 2655 nullum
463 2623 559 2655 alium
579 2623 742 2656 Pastorem
772 2624 939 2658 habiturus
967 2628 1026 2659 uisi
1047 2638 1115 2659 euni

170 2675 264 2708 quem
294 2667 332 2699 R.
356 2669 503 2701 Pontifex
524 2670 568 2702 ris
588 2670 809 2711 praefecisset.
827 2671 994 2705 l'roniissis
1021 2680 1119 2705 slah·—

170 2717 261 2750 runl‚
280 2723 342 2745 non
370 2716 571 2749 obstantibus
592 2718 707 2758 quovis
727 2724 867 2758 tempore
887 2719 1023 2750 hostium
1045 2721 1116 2751 litlei

171 2760 488 2802 machinationihus3
517 2767 547 2794 et
577 2773 660 2795 anuo
691 2763 768 2793 1861
801 2762 1034 2797 Chalilaeoruui
1065 2777 1117 2808 pa-

171 2807 311 2839 triarcha
330 2808 419 2841 Autlu
439 2810 475 2842 ad
495 2819 548 2842 cos
569 2811 654 2842 misit
672 2811 786 2843 Thom.
806 2810 924 2843 Rokos.
946 2813 1032 2853 Apud
1055 2814 1118 2845 Ma-

172 2851 370 2886 labarienses
397 2860 524 2897 praeter
552 2858 748 2889 christianos
775 2858 838 2890 ritu
867 2858 1007 2900 latinos,
1042 2868 1117 2892 sunt

169 2905 297 2940 quoque
313 2899 378 2933 sere
395 2903 544 2942 20t)‚00()
561 2905 813 2936 christianorum
830 2904 1115 2948 chalanno-syriaci

169 2945 733 2990 et1uo,uuusyro—nestorianorum
752 2955 807 2982 aut
823 2950 1028 2985 iacnhilaruni
1045 2963 1113 2987 cuin

172 2990 321 3030 pluribus
338 2996 497 3038 episcopis
510 2997 721 3029 schismaticis
741 2996 899 3030 Catholici
915 3000 1116 3039 perVicarios

171 3038 368 3075 apostolicos
394 3041 585 3075 Carmelitas
611 3047 789 3081 rogantur,
816 3043 883 3085 qui,
910 3047 1052 3086 quamvis
1074 3047 1118 3078 la—

173 3082 250 3133 tiui,
277 3084 392 3117 lialwni
423 3093 524 3121 lamen
562 3090 732 3120 seminaria
761 3098 814 3130 pro
842 3092 1039 3134 preshyteris
1066 3103 1117 3134 sy-

172 3129 249 3159 riaci
279 3135 373 3164 ritus.
396 3133 494 3167 liliam
525 3136 580 3168 [Ῥ.
601 3145 616 3165 e
643 3135 805 3167 Socielate
832 3135 903 3167 lesu
936 3139 1010 3170 inihi
1032 3139 1117 3170 :ulla-

172 3171 297 3210 borani,
326 3186 458 3217 quorum
486 3191 545 3224 ope
572 3182 759 3222 praesertim
789 3181 906 3214 sactum
934 3189 1003 3224 est,
1025 3188 1058 3216 ut
1085 3185 1115 3216 in

173 3218 301 3268 synodo
323 3224 564 3267 lll'fltuperitana
577 3236 613 3260 ea
627 3237 709 3269 quae
724 3235 821 3268 supra
837 3234 1024 3271 narrantur,
1048 3230 1116 3263 sue-

173 3268 239 3296 rint
263 3270 452 3304 constituta.

527 174 693 202 EPOCHA
714 173 803 200 xm.
830 174 857 199 A
877 158 1025 200 Rssr'uim
1047 155 1229 199 pv'ssmcii
1250 173 1292 201 IN
1312 173 1481 202 GALLns
1497 156 1793 204 'SVBVERSIONE

1185 244 1425 289 differretur,
1454 246 1635 290 innotuit,
1663 246 1764 293 quod
1790 250 1930 293 postea
1957 258 2134 295 compro-

1187 297 1319 332 batum
1347 302 1407 334 est
1433 299 1688 346 autographis
1709 299 1966 337 patriarchae
1994 301 2137 338 litteris

1184 351 1285 386 datis
1303 351 1362 388 die
1382 352 1423 388 21
1441 352 1637 389 decembr.
1654 354 1745 390 1856
1765 353 1811 389 ad
1826 355 2032 400 quemdam
2051 356 2136 392 Ma-

1186 405 1451 442 labariensem
1469 407 1741 455 presbyterum
1753 409 2050 446 Emmanuelem
2067 421 2134 446 no-

1184 459 1303 501 mine,
1330 460 1378 495 ab
1404 460 1488 507 ipso
1517 460 1754 497 Patriarcha
1779 462 2134 499 Malabariensium

1183 511 1383 549 desideria
1423 514 1617 559 excitari,
1645 526 1756 562 spem
1790 515 1942 559 foveri,
1976 516 2133 552 modum

1183 577 1333 614 quoque
1350 568 1555 612 insinuari,
1571 580 1645 616 quo
1661 569 1815 606 demum
1834 571 1914 605 voti
1933 574 2134 617 compotes

1185 620 1501 658 Malabarienses
1526 622 1685 666 fierent,
1713 634 1857 670 eosque
1886 625 2066 668 moneri,
2094 629 2136 661 ut

1183 674 1435 720 querimoniis
1453 680 1592 712 contra
1611 676 1888 713 Missionarios
1906 677 2133 725 crebrisque

1183 738 1229 764 ac
1249 730 1427 776 repetitis
1447 730 1774 777 postulationibus
1789 731 2057 778 Apostolieam
2076 743 2135 768 se-

1181 780 1271 817 dem
1299 783 1523 831 fatigarent.
1554 785 1710 820 Interea
1738 784 1830 820 Pius
1858 785 1929 832 Pp.
1958 785 2012 821 IX
2043 797 2128 822 rem

1183 847 1422 884 componere
1442 838 1956 886 cupiens‚pro-Delegatum
1969 839 2128 875 Pontifi-

1184 889 1285 926 cium
1299 891 1335 926 in
1344 892 1675 939 Mesopotamiam
1690 892 1953 929 mandandum
1964 893 2134 937 curavit,

1182 951 1223 980 ut
1239 945 1515 982 patriarcham
1531 958 1554 982 a
1570 947 1720 994 coeptis
1736 947 2046 991 removeret‚hic
2064 958 2136 983 au-

1184 1002 1263 1034 tem
1280 1001 1453 1036 monitus
1472 1006 1532 1037 est
1550 1012 1598 1037 ne
1614 1002 1702 1048 quid
1719 1001 1757 1036 in
1775 1001 2041 1037 Malabariam
2068 1012 2133 1037 au-

1182 1051 1307 1088 deret.
1320 1054 1373 1089 At
1391 1054 1473 1101 ipse
1494 1054 1596 1090 dieto
1612 1054 1774 1091 audiens
1791 1067 1866 1090 non
1884 1055 1971 1099 fuit,
1992 1059 2032 1091 et
2049 1055 2136 1091 Ma-

1184 1107 1447 1145 labariensem
1463 1109 1666 1156 regionem
1682 1110 1804 1146 multo
1819 1110 1904 1146 iure
1924 1117 2035 1146 suam
2054 1109 2132 1145 iam

1182 1174 1269 1199 esse
1298 1164 1553 1207 contendens,
1582 1165 1732 1201 frustra
1757 1164 1958 1201 obnitente
1982 1169 2022 1200 et
2048 1175 2134 1212 pro-

1182 1215 1337 1254 hibente
1359 1219 1478 1255 etiam
1505 1220 1575 1255 sub
1601 1219 1923 1256 interminatione
1949 1229 2136 1255 censura-

1184 1283 1270 1307 rum
1290 1273 1488 1309 Amanton
1516 1274 1727 1322 Episcopo,
1747 1274 1837 1310 dum
1864 1274 2030 1318 viveret,
2059 1274 2131 1309 Ar-

1181 1326 1486 1374 cadiopolitano,
1518 1328 1804 1376 Pontificioque
1838 1329 1878 1363 in
1907 1328 2129 1374 Mesopota-

1181 1381 1259 1416 mia
1278 1381 1484 1429 Delegato,
1507 1383 1698 1418 Thomam
1718 1383 1854 1418 Rokos
1873 1394 1893 1419 e
1912 1382 1992 1418 suis
2019 1382 2132 1418 fami-

1183 1434 1342 1471 liaribus
1370 1437 1503 1483 elegit,
1524 1440 1563 1472 et
1581 1437 1795 1484 episcopali
1816 1436 2050 1472 charactere
2065 1447 2132 1472 au-

1180 1492 1286 1524 ctum
1321 1489 1360 1525 in
1388 1490 1652 1526 Malabariam
1679 1491 1798 1526 misit.
1826 1490 1902 1531 Qui
1928 1491 2020 1526 illuc
2047 1501 2136 1538 pro-

1181 1542 1305 1578 fectus
1332 1548 1372 1580 et
1398 1544 1496 1579 falso
1523 1555 1708 1580 asserens
1733 1556 1775 1581 se
1803 1546 1909 1580 iussu
1928 1544 2133 1581 Pontificis

1180 1597 1227 1632 ab
1247 1596 1384 1633 eodem
1405 1597 1643 1634 Patriarcha
1663 1598 1825 1634 missum
1852 1598 1989 1643 fuisse,
2007 1598 2133 1635 eccle·

1179 1651 1384 1687 siastieam
1413 1651 1726 1688 iurisdictionem
1745 1653 1965 1700 usurpavit,
1987 1652 2131 1688 multos

1179 1705 1271 1741 licet
1291 1705 1420 1741 miuus
1438 1705 1577 1752 dignos
1605 1705 1653 1741 ad
1673 1706 1842 1742 Ordines
1862 1705 2071 1754 promovit,
2090 1709 2131 1742 et

1180 1759 1513 1796 Malabariensem
1542 1760 1648 1795 illam
1676 1761 1895 1796 Ecclesiam
1919 1772 1985 1797 sus
2003 1759 2128 1808 deque

1179 1818 1337 1850 vertere
1365 1825 1441 1849 non
1463 1814 1675 1850 dubitavit.
1704 1815 1823 1852 Hisce
1851 1815 2008 1851 ausibus
2036 1814 2130 1851 Pius

1179 1866 1248 1913 pp.
1277 1867 1332 1903 IX
1361 1872 1585 1914 permotus,
1613 1873 1654 1904 et
1680 1869 1851 1915 querelis
1877 1868 2128 1905 sacerdotum

1178 1921 1530 1958 Malabariensium
1559 1923 1768 1968 excitatus,
1790 1923 2036 1959 Bernardino
2055 1923 2127 1958 Ar-

1176 1975 1424 2024 chiepiscopo
1452 1976 1742 2022 pharsaliensi‚
1772 1978 1835 2025 qui
1863 1982 1952 2014 tunc
1979 1981 2128 2024 tempo·

1176 2030 1228 2065 ris
1247 2030 1300 2066 illi
1320 2031 1524 2067 Ecclesiae
1547 2031 1699 2067 vicaria
1716 2035 1910 2079 potestate
1926 2034 2128 2078 praeerat,

1176 2085 1397 2124 mandavit.
1418 2085 1663 2133 praedictum
1684 2086 1920 2134 Episcopum
1939 2085 2127 2123 canonice

1175 2150 1360 2184 monere,
1387 2144 1430 2176 ut
1457 2140 1563 2175 illinc
1591 2141 1740 2184 abiret,
1770 2145 2005 2177 renuentem
2030 2150 2126 2176 vero

1173 2194 1404 2231 solemniter
1420 2195 1783 2239 exeommunicare;
1801 2194 1899 2242 quod
1920 2200 1960 2231 et
1979 2195 2124 2231 factum

1173 2251 1247 2283 est.
1276 2247 1369 2284 pius
1398 2248 1467 2295 pp.
1491 2248 1544 2284 IX
1572 2249 1729 2285 interim
1757 2249 1928 2285 accitum
1955 2249 2123 2285 Romam

1175 2300 1447 2337 patriarcham
1481 2313 1616 2338 coram
1652 2303 1832 2349 graviter
1872 2302 2127 2351 reprehendit

1172 2355 1217 2390 de
1246 2355 1417 2391 admisso
1446 2356 1646 2400 facinore,
1676 2357 1788 2404 eique
1825 2357 2056 2405 praecepit,
2083 2361 2128 2393 ut

1172 2420 1285 2456 quem
1316 2410 1351 2444 in
1373 2410 1638 2446 Malabariam
1669 2416 1819 2448 temere
1840 2413 2058 2448 intruserat
2076 2411 2126 2447 Ε-

1174 2464 1374 2511 piscopum
1403 2464 1552 2508 Rokos,
1572 2465 1739 2513 ipsemet
1767 2466 1869 2502 illico
1898 2469 2121 2503 revocaret.

1171 2518 1379 2554 Obedienti
1409 2519 1668 2557 Patriai·cliae
1689 2520 1904 2568 expetitam
1926 2520 1973 2556 ab
1992 2531 2039 2556 eo
2059 2531 2124 2556 ve-

1173 2572 1273 2607 niam
1303 2577 1343 2609 et
1377 2573 1665 2610 absolutionem
1694 2585 1717 2610 a
1744 2575 1925 2612 censuris
1953 2575 2123 2621 benigne

1171 2627 1378 2663 concessit.
1894 2644 1901 2651 ·

1218 2680 1317 2716 Tum
1346 2693 1441 2717 vero
1472 2682 1653 2720 Pontifex
1675 2695 1758 2721 rem
1786 2695 1944 2721 omnem
1973 2687 2013 2720 et
2030 2694 2121 2719 cun-
2162 2729 2165 2732 ,

1171 2739 1233 2769 cta
1260 2746 1357 2782 quae
1385 2742 1498 2782 gesta
1533 2738 1720 2782 fuerant,
1754 2738 1923 2786 expendi
1957 2738 2068 2774 iussit
2099 2747 2123 2773 a

1171 2789 1446 2826 Gai-‹liualibus
1473 2792 1806 2840 Congregationis
1824 2793 1871 2829 de
1892 2792 2122 2841 Propagan-

1171 2842 1219 2878 ‹la
1258 2843 1352 2879 Fide
1387 2856 1457 2891 pro
1493 2847 1660 2893 negotiis
1696 2848 1791 2884 ritus
1823 2847 2053 2892 Orientalis‚
2083 2848 2120 2883 in

1172 2905 1366 2934 conventu
1394 2899 1524 2936 habito
1552 2901 1614 2937 die
1640 2902 1662 2939 6
1689 2902 1819 2939 martii
1848 2903 1958 2948 1865;
1986 2903 2025 2938 in
2045 2914 2119 2951 quo

1169 2952 1347 2987 omuibus
1376 2953 1448 2989 rite
1477 2965 1522 2990 ae
1550 2961 1704 2993 mature
1721 2957 1941 3004 perpensis,
1960 2968 2122 2994 coneor-

1170 3005 1279 3041 ‹libus
1317 3007 1515 3054 suffragiis
1551 3009 1598 3045 ab
1634 3011 1717 3058 ipso
1751 3011 1820 3047 pio
1857 3012 2120 3060 probandibus

1171 3059 1371 3095 delinitum
1400 3069 1473 3104 est,
1491 3074 1565 3097 non
1593 3065 1779 3111 expedire
1799 3071 1841 3102 ut
1861 3066 2118 3102 Patriarchae

1175 3114 1456 3160 Babyloniensis
1499 3117 1789 3155 Chaldaeorum
1832 3120 2046 3156 iurisdictio
2081 3119 2119 3155 in

1175 3168 1434 3204 Malabariaui
1464 3171 1769 3217 extenderetur,
1789 3179 1828 3210 et
1854 3175 1978 3211 multa
2002 3174 2117 3209 simul

1172 3222 1388 3257 constituta
1422 3228 1538 3265 sunt,
1568 3236 1654 3261 euin
1691 3227 1737 3262 ad
1767 3227 2117 3264 Malabariensium

1173 3273 1481 3312 incolumitatem
1511 3280 1819 3325 procurandam,
1847 3284 1926 3317 tum
1954 3279 2001 3316 ad
2030 3292 2115 3327 per-

2224 3296 2238 3332 r?
2232 3247 2234 3249 v
