2241 3473
730 159 856 190 VSQVE
886 159 938 186 AD
967 157 1136 185 SCHISMA
1165 157 1397 185 OCCIDENTIS

103 223 252 264 cantari
295 224 483 273 psalmum
515 225 709 262 Laetam-s·
733 237 824 263 sum
853 236 939 262 cum
969 222 1043 261 ali-

104 280 196 328 quot
216 277 429 322 versiculis,
452 281 490 316 ct
509 279 674 316 collecta
687 289 754 327 pro
776 290 866 326 pace
889 276 912 315 ¹.

156 331 263 369 Idem
293 331 477 368 Pontifex
511 331 688 369 Carolum
711 331 867 368 Siciliae
898 331 1044 379 Regem

104 384 283 429 deduxit,
318 389 359 421 ut
393 384 636 422 Senatoriam
668 383 780 422 Urbis
813 384 1043 432 dignitatem

102 438 336 486 deponeret.
357 438 539 487 editaque
560 437 833 475 constitutione
855 438 976 479 cavit,
999 449 1044 474 ne

102 490 140 528 iu
159 494 354 539 posterum
377 491 467 528 talis
487 491 653 538 dignitas
668 490 838 539 Regibus
854 489 1043 528 autPrin-

102 543 247 592 cipibus
268 544 442 582 externis
463 544 715 589 conferretur,
733 543 865 580 volens
887 542 1043 591 insuper

101 608 188 634 eam
217 608 388 634 annuum
421 598 689 647 magistratum
719 608 802 634 esse
817 594 842 634 ἵ.
865 596 1042 644 Gregorii

102 649 159 687 IX
179 651 412 688 sententiam
438 651 486 688 de
504 650 753 699 stigmatibus
780 649 823 686 D.
845 648 1042 686 Francisci

100 702 540 741 confirmavit.Decessit
553 703 704 741 Soriani
718 702 1040 752 propeViterbum

101 757 161 794 κιο
184 757 330 794 calend.
352 757 554 806 septembr.
576 768 637 794 an.
657 756 769 794 1280.
791 757 937 803 Corpus
959 755 1042 792 Ro-

104 822 206 847 mam
226 809 394 847 delatum
416 810 454 846 in
475 810 568 847 aede
588 821 617 847 s.
632 810 739 847 Petri
760 808 950 857 sepultum
972 810 1041 845 est.

153 864 218 900 44.
259 862 402 901 Status
430 863 633 901 Ecclesiae
677 862 921 900 Graecae—
938 861 1043 899 Vidi-

102 927 189 954 mus
239 916 278 953 in
313 916 475 953 concilio
505 916 756 964 Lugdunensi
786 916 823 954 ΙΙ
863 915 1042 952 unionem

101 970 284 1007 ecclesiae
322 969 494 1006 Graecae
532 980 620 1006 cum
650 969 791 1006 Latina
821 968 1043 1006 conclama-

99 1026 193 1060 tam.
212 1021 396 1060 Absoluto
418 1022 579 1060 concilio
613 1022 656 1060 Β.
679 1023 891 1071 Gregorius
912 1022 982 1070 Pp.
1005 1021 1042 1058 X

100 1087 186 1112 cum
221 1076 457 1113 Graecorum
492 1076 631 1125 legatis
673 1075 1041 1124 Constantinopolim

98 1129 389 1178 apocrisiarium
418 1128 521 1166 misit
555 1129 736 1167 abbatem
769 1128 1015 1167 Casinensem
1033 1157 1042 1174 ,

99 1182 212 1231 eique
232 1182 383 1219 litteras
402 1182 507 1219 dedit
527 1183 573 1220 ad
592 1182 822 1220 Michaelem
838 1182 1044 1231 imperato-

99 1246 181 1272 rem
201 1236 360 1284 eiusque
381 1235 505 1273 filium
522 1236 785 1273 Andronicum
807 1239 846 1273 et
867 1237 912 1273 ad
936 1236 1042 1273 anti-

98 1289 210 1326 stites
230 1288 421 1334 Grae‘cos,
443 1291 485 1326 ut
511 1289 659 1326 abiecto
688 1289 895 1326 schismate
925 1290 961 1326 in
993 1303 1041 1327 u-

99 1341 210 1379 nione
229 1344 452 1379 constanter
478 1346 789 1391 perseverarent.
825 1343 1043 1391 Imperator

97 1406 296 1432 assensum
317 1407 428 1432 suum
451 1396 580 1433 unioni
598 1396 718 1434 init-ae
735 1398 904 1434 testatus
925 1399 984 1435 est
1004 1397 1041 1434 in

97 1447 260 1497 epistola
279 1448 326 1486 ad
346 1448 587 1495 Pontificem,
608 1461 843 1498 operamque
864 1450 983 1496 dedit,
1003 1454 1043 1488 ut

98 1513 144 1538 ea
164 1501 346 1538 effectum
368 1514 479 1539 suum
496 1506 818 1551 consequeretur3
839 1503 1042 1551 Iosephum

97 1555 358 1604 patriarcham
379 1556 444 1603 Cp.
465 1555 766 1593 infensissimum
798 1556 949 1594 unionis
969 1557 1040 1594 ho-

97 1611 210 1652 stem,
222 1608 501 1656 deponendum,
514 1612 553 1646 et
567 1610 750 1646 Ioannem
763 1609 948 1655 Veccum,
959 1622 1044 1647 eru-

98 1660 262 1706 ditione,
283 1661 370 1698 fidei
391 1662 616 1699 sinceritate
638 1665 678 1700 et
699 1674 848 1700 morum
877 1662 1042 1712 integri-

99 1716 179 1752 tate
196 1711 358 1760 clarum,
375 1715 413 1751 in
431 1715 515 1752 eius
531 1715 653 1752 locum
674 1717 961 1765 subrogandum
979 1729 1040 1754 cu-

98 1766 220 1813 ravit3
241 1770 430 1816 quotquot
459 1780 480 1805 e
510 1768 611 1806 clero
634 1769 699 1807 vel
719 1769 970 1818 optimatibus
993 1782 1042 1807 u-

99 1820 200 1857 nioni
217 1820 471 1867 obsistebant,
488 1821 605 1859 exilio
627 1823 763 1860 aliisve
785 1823 915 1871 poenis
945 1823 1042 1861 affe-

98 1873 160 1911 cit.
183 1874 349 1911 Ioannes
365 1873 517 1913 Veccus
538 1887 637 1912 anno
658 1876 757 1913 1277
775 1877 1044 1914 Constantino-

98 1926 176 1975 poli
199 1927 390 1975 synodum
412 1929 559 1977 coegit,
580 1929 617 1965 in
639 1941 717 1978 qua
740 1929 890 1967 unionis
919 1942 1042 1979 nego-

96 1980 193 2017 tium
210 1980 481 2018 confirmatum
499 1981 584 2028 fuit,
601 1982 784 2020 obstinati
805 1983 841 2019 in
864 1983 1043 2020 schisma-

96 2036 135 2070 te
151 2033 348 2071 Ecclesiae
365 2035 636 2072 communione
653 2035 812 2082 exclusi,
826 2039 865 2073 et
881 2037 1044 2086 epistola

96 2086 239 2135 scripta
259 2087 305 2124 ad
332 2087 515 2125 Ioannem
537 2089 606 2137 Pp.
624 2089 734 2135 XXI,
755 2089 792 2126 in
823 2101 897 2138 qua
927 2102 1042 2139 prae-

96 2139 198 2178 sules
219 2140 358 2177 Graeci
379 2141 546 2179 schisma
566 2143 759 2188 detestati,
776 2144 823 2180 R.
843 2143 1043 2182 Pontificis

96 2204 291 2230 summum
308 2194 600 2244 perfectumque
620 2196 658 2232 in
678 2196 899 2234 universam
916 2197 1043 2235 Eccle-

96 2245 190 2283 siam
207 2246 418 2294 primatum
435 2260 645 2297 veramque
658 2249 875 2287 doctrinam
896 2250 943 2288 de
960 2262 1043 2299 pro-

97 2298 268 2337 cessione
289 2300 458 2348 Spiritus
479 2301 532 2348 S„
552 2303 598 2339 de
619 2308 764 2352 septem
781 2303 1043 2342 Sacramentis

97 2351 259 2400 aliisque
282 2353 444 2401 professi
467 2358 568 2393 sunt.

149 2405 428 2444 Verumtamen
465 2407 620 2456 plurimi
655 2422 675 2446 e
709 2409 824 2456 clero,
843 2411 984 2459 populo
1004 2414 1043 2448 et

96 2458 293 2496 monachis
323 2459 502 2497 unionem
523 2463 822 2508 aversabantur,
842 2475 930 2501 cum
954 2465 1042 2501 uni-

95 2511 145 2548 tis
165 2513 452 2550 communicare
486 2514 690 2560 nolebant,
711 2516 960 2565 gravissimos
979 2521 1043 2555 tu-

96 2564 242 2603 multus
254 2569 293 2602 et
304 2565 586 2604 coniurationes
598 2568 635 2605 in
643 2569 871 2608 Michaelem
883 2570 1043 2620 impera-

95 2623 218 2656 torem
253 2619 494 2665 excitarunt3
529 2621 639 2659 multi
659 2623 776 2660 etiam
793 2653 803 2670 ,
823 2624 886 2672 qui
909 2624 1042 2661 unioni

96 2673 365 2717 assenserant,
394 2672 502 2709 brevi
532 2678 617 2722 post
645 2675 692 2712 ab
725 2688 772 2713 ea
804 2676 1040 2716 defecerunt.

97 2724 288 2762 Martinus
323 2725 392 2774 Pp.
423 2725 477 2762 IV
507 2727 754 2775 existimans,
783 2731 864 2767 tam
893 2731 1042 2769 subitae

95 2777 323 2815 defectionis
352 2781 553 2816 auctorem
573 2792 655 2818 esse
678 2782 907 2820 Michaelem
928 2784 1041 2833 impe-

97 2833 278 2877 ratorem,
315 2833 422 2869 tanto
457 2833 582 2881 magis
610 2835 708 2882 quod
729 2835 941 2884 imperator
960 2849 1043 2886 pro-

96 2884 212 2922 missa
228 2885 456 2923 Christianis
472 2889 607 2923 contra
621 2887 794 2926 infideles
807 2889 953 2927 auxilia
966 2903 1039 2928 non

95 2939 313 2986 praestaret
339 2938 559 2987 bellumque
588 2943 745 2988 pararet
766 2944 900 2979 contra
920 2943 1039 2981 Caro-

95 2990 173 3028 lum
195 3002 328 3041 regem
350 2991 524 3037 Siciliae,
546 2992 656 3030 illum
677 3005 736 3031 an.
762 2994 857 3032 1281
881 3007 1039 3033 excom-

96 3044 359 3083 municatione
389 3045 565 3094 perculit.
587 3046 700 3084 Multi
722 3048 850 3085 tamen
879 3051 1039 3097 putant,

137 3139 148 3161 ¹
166 3142 259 3180 Bona,
275 3143 352 3173 Ror.
370 3142 562 3182 Lituryicar.
580 3143 596 3173 Ι.
614 3143 648 3179 11,
666 3152 690 3174 c.
714 3144 756 3180 16,
773 3148 790 3178 ἓ
805 3144 835 3176 4.

134 3180 150 3202 ‘2
165 3184 344 3215 constitutio
361 3189 443 3215 extat
458 3186 486 3215 in
505 3185 522 3215 Ι.
542 3185 575 3215 Vl
596 3184 826 3224 Demaratum,
849 3187 892 3218 tii.
908 3187 952 3219 De
973 3188 1038 3219 ele-

95 3221 200 3254 ctione
215 3226 244 3256 ct
259 3225 349 3257 electi
363 3228 528 3266 potestate,
545 3236 570 3257 c.
588 3225 817 3258 Fundamenta.

1921 150 1972 188 77

1086 222 1314 260 Michaelem
1335 233 1454 271 usque
1476 223 1523 260 ad
1541 222 1687 261 obitum
1701 234 1815 262 suum
1831 222 1968 276 (1283)
1985 226 2023 264 in

1087 276 1228 313 unione
1250 287 1522 325 perseverasse
1547 279 1586 314 et
1606 277 1817 315 Martinum
1840 278 1895 316 IV
1925 279 2028 318 mala

1087 329 1190 367 fama
1212 329 1328 367 fuisse
1349 330 1562 378 deceptum.
1584 330 1826 369 Andronicus
1847 343 1938 370 vero
1960 333 2029 370 Mi-

1086 383 1230 420 chaelis
1260 382 1362 420 filius
1391 389 1430 420 et
1458 395 1674 429 successor,
1695 384 2028 423 schismaticorum

1085 435 1318 473 tumultibus
1339 435 1531 483 minisque
1547 437 1753 483 excitatus,
1769 449 1920 475 omnem
1938 451 2026 476 cum

1086 488 1260 526 Ecclesia
1280 488 1404 526 latina
1419 490 1662 527 concordiam
1684 491 1850 540 abrupit,
1865 493 1905 529 et
1925 492 2026 530 deie-

1085 545 1146 579 cto
1160 542 1301 579 Ioanne
1312 541 1453 587 Vecco,
1469 542 1507 579 in
1524 543 1650 580 sedem
1663 544 1728 592 Cp.
1741 544 1900 582 intrusit
1911 545 2030 583 Geor-

1085 595 1190 643 gium
1207 594 1406 643 Cyprium,
1428 595 1557 632 unioni
1580 596 1896 636 infensissimum.
1913 599 2027 636 Ioan-

1085 660 1151 685 nes
1164 648 1327 692 Veccus,
1343 647 1536 697 Georgius
1558 650 1772 687 Metochita
1791 653 1831 688 et
1845 651 2028 690 Constan-

1082 701 1189 739 tinus
1210 700 1474 744 Meliteniota,
1496 713 1618 750 neque
1639 703 1756 741 exilio
1786 716 1907 753 neque
1936 717 2025 742 car-

1085 766 1170 791 cere
1186 753 1313 800 fracti.
1327 753 1525 792 Ecclesiae
1546 754 1760 794 catholicae
1778 769 1934 795 causam
1954 758 2028 796 for-

1082 808 1176 845 titer
1197 806 1474 854 defenderunt,
1495 810 1534 845 et
1554 820 1576 846 a
1591 809 1921 848 schismaticorum
1943 823 2026 849 con-

1085 860 1196 897 viciis
1213 860 1472 898 vindicarunt.
1488 862 1672 899 Attamen
1687 864 1883 901 unitorum
1899 877 2026 902 nume·

1084 925 1150 952 rus
1171 915 1296 961 magis
1317 914 1518 963 magisque
1540 915 1754 954 diminutus
1775 920 1834 954 est
1856 918 1879 954 ¹.

1139 968 1204 1005 45.
1224 968 1443 1004 Martinus
1459 968 1731 1016 IVPontz'fex
1743 969 1827 1020 (αη.
1847 970 1960 1019 1281)
1976 994 2024 999 -

1087 1020 1182 1058 Post
1211 1020 1363 1058 Nicolai
1393 1020 1462 1068 Pp.
1485 1021 1541 1058 ΙΙΙ
1579 1025 1745 1060 mortem
1777 1023 1894 1062 Sedes
1921 1026 2027 1074 Apo-

1084 1074 1233 1119 stolica,
1254 1076 1410 1123 propter
1430 1074 1800 1114 Hannibaldensium
1818 1080 1857 1113 et
1871 1077 2027 1115 Ursino-

1084 1139 1172 1164 rum
1190 1127 1507 1173 aemulationem,
1522 1129 1711 1166 vacavit&
1724 1129 1932 1177 mensibus,
1945 1133 2029 1179 post

1083 1193 1177 1230 quos
1199 1185 1290 1218 vui⁰
1312 1181 1460 1219 calend.
1483 1184 1597 1219 mart.
1622 1182 1720 1220 1281
1743 1182 1939 1221 Ecclesiae
1964 1185 2027 1221 in-

1085 1235 1188 1272 vitus
1204 1234 1454 1283 praeponitur
1470 1234 1664 1273 Martinus
1680 1235 2029 1283 IV,Gallus,antea

1084 1288 1301 1337 appellatus
1329 1287 1461 1325 Simon
1484 1287 1676 1334 Briensis,
1697 1290 1817 1338 vulgo
1845 1290 1894 1327 de
1914 1291 2029 1336 Bria,

1086 1342 1290 1391 presbyter
1319 1341 1545 1387 cardinalis,
1575 1343 1749 1390 seditque
1769 1346 1792 1380 4
1814 1343 1925 1382 annis
1946 1346 1985 1381 et
2009 1344 2027 1381 1

1086 1407 1228 1432 mense.
1250 1394 1427 1432 Viterbio
1457 1395 1652 1443 profectus
1680 1396 2028 1434 Urbem-veterem

1084 1455 1129 1486 x0
1159 1448 1309 1486 calend.
1339 1448 1473 1497 aprilis
1503 1452 1762 1487 consecratur.
1797 1449 2030 1488 Michaelem

1085 1502 1362 1550 Palaeologum
1393 1501 1758 1548 anathematizavit,
1788 1504 1889 1551 quod
1919 1504 2028 1541 defe-

1086 1555 1200 1593 cisset
1221 1567 1243 1592 a
1261 1556 1459 1592 Romanae
1479 1554 1675 1592 Ecclesiae
1702 1556 2032 1606 societate,quam

1085 1612 1123 1646 et
1144 1620 1211 1657 per
1233 1609 1418 1646 Oratores
1448 1609 1486 1644 in
1508 1608 1674 1646 Concilio
1700 1609 1947 1658 Lugdunensi
1961 1640 1970 1657 ,
1991 1614 2030 1648 et

1086 1662 1165 1711 ipse
1186 1661 1322 1699 deinde
1343 1673 1412 1711 per
1432 1673 1473 1699 se
1493 1673 1624 1699 coram
1644 1662 1783 1711 legatis
1798 1664 2029 1711 Apostolicis

1086 1715 1290 1752 iuraverat
1310 1727 1434 1764 usque
1456 1717 1719 1753 servaturum.
1737 1716 1813 1765 Ipsi
1836 1717 2029 1764 Pontifici,

1086 1771 1286 1816 tamquam
1306 1769 1460 1817 privato
1480 1768 1631 1806 cuidam
1655 1770 1750 1814 viro,
1771 1770 1930 1818 populus
1951 1771 2028 1808 Ro-

1087 1834 1224 1859 manus
1245 1821 1460 1859 discordiae
1489 1821 1684 1860 tollendae
1711 1823 1839 1872 gratia
1866 1824 2032 1862 contulit

1086 1875 1329 1913 Senatoriam
1346 1874 1464 1912 Urbis
1481 1874 1727 1923 dignitatem,
1744 1888 1859 1924 quam
1875 1876 1956 1925 ipse
1974 1889 2029 1915 re-

1085 1929 1214 1966 stituit
1229 1928 1365 1965 Carolo
1378 1927 1654 1980 Sioiliaerege,
1670 1929 1731 1966 cui
1748 1941 1771 1966 a
1785 1929 1947 1968 Nicolao
1960 1930 2029 1979 Pp.

1087 1982 1140 2019 ΙΙΙ
1158 1981 1288 2018 fuerat
1307 1982 1507 2030 abrogata,
1523 1981 1634 2019 sicuti
1654 1982 1836 2020 diximus.
1854 1983 2030 2021 Mortuus

1086 2037 1145 2072 est
1174 2035 1362 2072 Perusiae
1391 2046 1452 2072 an.
1476 2034 1578 2073 1285
1608 2035 1668 2072 1v⁰
1689 2035 1759 2074 cal.
1786 2037 1898 2085 april.
1929 2048 2030 2074 anno

1086 2090 1236 2136 quarto,
1253 2100 1396 2131 mense,
1414 2100 1459 2125 ac
1475 2088 1534 2125 die
1551 2088 1727 2137 septimo,
1745 2101 1862 2138 quam
1882 2089 2029 2128 electus

1085 2142 1242 2188 fuerat,
1272 2142 1483 2190 eodemque
1513 2141 1595 2179 loco
1624 2142 1800 2191 sepultus
1831 2143 2028 2181 miraculis

1087 2195 1228 2232 claruit
1248 2193 1274 2232 ².

1137 2249 1198 2286 46.
1230 2248 1425 2298 Vesperae
1446 2248 1610 2286 Siculae
1630 2247 1644 2298 (
1662 2260 1729 2287 an.
1755 2248 1878 2300 1282)
1896 2272 1945 2277 -
1961 2249 2027 2288 ΑΙ-

1085 2304 1166 2340 tero
1194 2301 1444 2351 pontificatus
1473 2301 1632 2339 Martini
1659 2302 1713 2339 IV
1747 2314 1869 2348 anno,
1907 2303 2026 2340 Siculi

1085 2355 1403 2392 immanissimam
1421 2355 1727 2392 coniurationem
1747 2356 1921 2393 inierunt
1941 2368 2029 2393 con-

1085 2410 1148 2446 tra
1168 2408 1314 2454 Gallos,
1335 2420 1434 2456 quae
1456 2420 1595 2446 nomen
1612 2409 1883 2457 Vesperarum
1904 2409 2029 2447 Sicu-

1088 2463 1227 2499 larum
1247 2461 1407 2510 accepit.
1430 2462 1586 2499 Etenim
1608 2461 1751 2499 Petrus
1771 2462 1839 2506 ΙΙΙ,
1852 2473 1921 2499 rex
1937 2463 2031 2500 Ara-

1084 2516 1245 2565 goniae,
1277 2515 1403 2553 Caroli
1430 2514 1744 2564 Andegavensis,
1773 2515 1838 2563 qui
1866 2515 2029 2553 sublatis

1085 2568 1248 2606 aemulis
1279 2568 1479 2617 utriusque
1514 2568 1670 2605 Siciliae
1700 2579 1867 2617 regnum
1899 2568 2030 2606 fuerat

1084 2622 1260 2670 adeptus,
1274 2621 1455 2659 fortunae
1470 2621 1660 2667 invidens,
1673 2622 1712 2658 et
1728 2623 1885 2669 propter
1900 2621 2028 2659 coniu-

1084 2677 1190 2724 gium
1213 2687 1324 2713 suum
1342 2687 1428 2712 cum
1447 2675 1686 2717 Constantia,
1704 2673 1896 2712 Manfredi
1914 2686 2029 2723 quon-

1084 2730 1171 2766 dam
1188 2728 1426 2777 regniSiculi
1449 2726 1687 2775 usurpatoris
1699 2726 1875 2774 filia,sibi
1897 2727 1959 2766 ius
1979 2729 2027 2766 ad

1124 2858 1134 2879 ἱ
1153 2858 1263 2897 Georg.
1280 2857 1494 2896 Pachymeres,
1517 2855 1561 2887 De
1583 2855 1678 2894 uestis
1700 2855 1868 2887 Michaelis
1891 2856 2027 2888 Palaeo-

1084 2898 1163 2939 t09i3
1180 2900 1209 2929 L.
1236 2898 1325 2929 Allat.
1355 2898 1398 2929 De
1424 2897 1497 2929 eccl.
1525 2896 1641 2928 orient.
1667 2899 1698 2928 et
1725 2897 1881 2930 occident.
1903 2901 2026 2940 perpet.

1082 2940 1302 2972 consensione.

1122 2981 1136 3003 ἓ
1145 2983 1229 3012 Anno
1241 2984 1350 3020 quarto
1359 2980 1478 3011 Martini
1491 2979 1686 3011 pontificatus
1697 2980 1886 3012 celebratum
1897 2984 1944 3012 est
1955 2983 2030 3013 Con-

1082 3024 1184 3054 cilium
1200 3022 1383 3053 Melfitanum
1408 3030 1424 3051 a
1449 3021 1586 3051 Gerardo
1609 3021 1773 3052 sabinensi
1798 3023 1951 3062 Episcopo
1968 3023 2026 3054 Se-

1082 3065 1129 3095 dis
1147 3067 1249 3103 Apost.
1267 3064 1378 3103 legato,
1393 3066 1423 3092 et
1438 3071 1505 3100 cap.
1524 3062 1531 3092 1
1553 3066 1714 3101 statutum,
1740 3067 1771 3094 ut
1787 3073 1896 3095 omnes
1911 3063 2027 3097 Graeci

1084 3105 1200 3138 Clerici
1218 3105 1248 3134 in
1273 3113 1373 3143 regno
1397 3102 1531 3135 Siciliae
1552 3104 1724 3135 existentes
1745 3105 1888 3144 Symbolo
1912 3107 2027 3137 insere-

1081 3151 1147 3178 rent
1165 3155 1269 3176 vocem
1283 3145 1426 3185 Filioque
1438 3144 1591 3184 procedit,
1605 3155 1732 3185 eamque
1746 3147 1964 3185 profiterentur
1977 3147 2026 3177 fir-

1080 3189 1187 3225 miter,
1204 3190 1236 3217 ut
1260 3186 1409 3225 esivapud
1442 3187 1631 3218 Edmundum
1656 3188 1800 3227 Martene,
1816 3192 1834 3219 t.
1853 3189 1901 3219 VII
1926 3188 2023 3221 Vetcr.

1060 3259 1062 3263 ,
1080 3228 1196 3268 Script.
1213 3229 1243 3259 et
1260 3236 1405 3259 υιοηηηι.
