2241 3473
267 161 342 200 120

683 170 838 197 EPOCHA
865 169 921 196 111.
950 170 977 196 A
1007 167 1285 196 CONVERSIONE
1313 169 1578 197 CONSTANTINI
1604 170 1648 198 M.

213 236 282 275 diti
302 237 343 274 in
363 248 408 274 ea
436 238 527 274 sunt
549 246 713 274 canones
742 233 802 270 15.
825 233 956 270 Canon
986 230 1022 269 1⁸
1042 234 1162 278 vetat,
1214 232 1348 283 vigere
1382 234 1661 283 quodammodo
1694 234 1878 275 indicavit
1904 236 1943 274 in
1972 237 2150 287 Epistola

211 303 260 328 ne
288 301 452 339 persona
473 286 727 326 ecclesiastici
758 285 903 323 ordinis
924 287 1086 334 cogatur
1115 287 1161 323 ad

213 343 414 380 dicendum
431 340 694 379 testimonium
706 353 714 385 ;
728 337 769 376 2⁸
790 339 991 388 episcopis,
1005 340 1164 387 presby-

210 396 305 433 teris
336 398 375 431 et
406 394 574 431 diaconis
603 392 812 430 secundum
840 393 971 440 priora
1011 394 1162 429 statuta

211 447 485 486 continentiam
501 446 616 484 etiam
638 446 686 482 ab
705 445 890 482 uxoribus
904 475 913 489 ,
932 456 1028 493 quas
1044 447 1159 482 antea

211 499 412 545 duxerint,
442 500 512 536 sub
539 510 663 547 poena.
690 498 939 546 depositionis
967 498 1158 544 inculcat;

209 552 248 591 4⁸
268 553 460 602 prohibet,
482 563 529 588 ne
549 552 634 599 quis
662 562 745 588 rem
765 551 963 588 Ecclesiae
993 551 1158 588 vendat:

209 607 247 643 in
268 617 358 643 casu
380 616 473 642 vero
490 604 736 642 necessitatis
751 604 859 652 prius
877 604 1060 640 audiatur
1076 604 1158 653 pri-

209 659 322 696 matis
343 658 567 708 provinciae
589 657 797 703 iudicium,
817 655 856 694 6³
885 657 1094 706 praecipit,
1115 660 1159 695 ut

208 711 395 756 infantes,
415 712 462 748 de
483 722 648 759 quorum
674 710 865 759 baptismo
884 722 960 747 non
981 711 1161 748 constite-

207 765 271 811 rit,
291 765 536 813 baptizentur
553 763 578 802 ¹.

260 819 302 855 In
324 818 513 866 Hispania
533 829 593 854 an.
621 816 698 853 400
718 816 884 866 episcopi
907 817 955 854 19
972 829 1159 855 convene-

206 872 298 908 runt
317 871 519 915 Toletum,
539 873 579 908 et
608 870 657 907 ad
683 870 966 907 restituendam
993 869 1160 919 discipli-

206 936 293 961 nam
311 923 619 961 ecclesiasticam
634 923 840 960 ediderunt
856 935 1023 961 canones
1038 924 1090 961 20
1112 924 1157 961 de

205 977 431 1014 clericorum
459 977 698 1014 continentia
717 976 882 1024 aliisque
912 977 959 1013 ad
980 977 1156 1026 discipli-

208 1042 297 1068 nam
316 1031 594 1079 spectantibus.
618 1030 832 1067 Praeterea
853 1033 1156 1078 composuerunt

205 1083 294 1120 fidei
313 1084 489 1133 regulam
508 1086 645 1121 contra
665 1093 817 1119 errores
839 1083 1155 1121 Priscillianista-

205 1148 290 1174 rum
303 1166 312 1183 ,
333 1141 374 1175 et
391 1137 464 1174 duo
487 1135 653 1185 episcopi
675 1135 1000 1174 Priscillianistae
1014 1167 1023 1183 ,
1042 1137 1155 1185 Sym-

202 1190 359 1240 phosius
388 1193 427 1228 et
454 1190 660 1234 Dictinius,
680 1189 834 1227 haeresi
861 1189 1025 1236 eiurata,
1048 1195 1089 1227 ut
1116 1191 1155 1228 in

204 1244 358 1282 sedibus
378 1243 458 1282 suis
478 1245 770 1292 permanerent,
791 1244 1065 1289 obtinuerunt,
1085 1256 1154 1281 su-

205 1309 341 1347 spensa
359 1299 489 1334 tamen
511 1296 783 1334 communione
799 1308 1001 1345 quousque
1016 1298 1155 1335 Roma-

206 1351 246 1388 ni
266 1350 466 1389 Pontificis
486 1352 526 1387 et
540 1349 839 1388 Mediolanensis
859 1350 1025 1399 episcopi
1046 1362 1154 1388 com-

205 1404 482 1442 municatorias
502 1404 654 1441 litteras
675 1403 902 1441 exhiberent
916 1402 942 1441 2.

256 1457 317 1495 69.
339 1457 611 1494 Innocentius
627 1457 654 1494 I
669 1457 869 1506 Pontiseoe
890 1455 974 1507 (an.
992 1456 1086 1507 402)
1104 1480 1154 1485 ——

202 1511 415 1559 Postquam
444 1522 473 1548 s.
493 1510 724 1547 Anastasius
753 1510 865 1547 annis
893 1511 916 1547 4
936 1510 1152 1552 Ecclesiam

203 1564 534 1610 administrasset,
553 1564 636 1601 vita
664 1564 831 1601 excessit
847 1562 873 1602 ³.
894 1563 1089 1601 Successit
1116 1565 1150 1601 ei

204 1617 450 1655 Innocentius
466 1618 497 1663 Ι,
513 1617 699 1655 Albanus.
719 1617 791 1654 Hic
813 1616 998 1654 Pontifex
1020 1617 1151 1666 plures

203 1671 355 1720 scripsit
375 1671 572 1720 epistolas,
592 1682 691 1719 quae
715 1670 861 1708 veteris
881 1670 1084 1708 sanctioris
1100 1671 1152 1707 di-

205 1724 390 1773 sciplinae
420 1725 539 1762 veluti
566 1723 832 1774 promptuaria
864 1726 968 1761 sunt.
1000 1724 1043 1760 In
1066 1724 1151 1773 Epi-

203 1778 303 1815 stola
323 1778 370 1815 ad
391 1777 633 1821 Decentium,
650 1778 871 1827 episcopum
888 1777 1150 1825 Eugubinum,

203 1832 285 1880 agit
305 1832 350 1868 de
371 1831 644 1868 conservandis
664 1832 702 1868 in
725 1830 935 1868 Occidente
952 1831 999 1868 R.
1021 1831 1151 1868 Eccle-

203 1885 281 1922 siae
301 1884 460 1922 ritibus:
482 1888 598 1933 atque
628 1885 731 1922 inter
751 1884 827 1922 alia
855 1884 1081 1921 emendavit
1102 1896 1148 1922 a-

203 1938 340 1975 busum
355 1967 364 1983 ,
386 1937 450 1987 qui
465 1938 699 1989 irrepserat,
721 1940 764 1975 ut
791 1940 926 1974 contra
946 1938 1148 1975 Romanae

204 1991 401 2028 Ecclesiae
429 2002 576 2028 morem
597 2003 673 2040 pax
693 1991 832 2029 alicubi
861 1993 952 2028 ante
973 1991 1149 2028 confecta

203 2045 390 2093 mysteria
417 2045 656 2091 traderetur,
684 2057 772 2082 cum
802 2044 1017 2082 necessario
1047 2045 1147 2081 indi-

203 2098 325 2135 cenda
353 2097 404 2135 sit
431 2099 515 2146 post
543 2099 892 2144 consecrationem,
914 2100 957 2135 ut
987 2098 1091 2147 pacis
1111 2110 1150 2135 o·

203 2150 311 2188 sculo
346 2151 633 2189 demonstretur
650 2181 659 2196 ,
691 2151 877 2200 populum
911 2152 960 2188 ad
994 2151 1123 2189 omnia
1139 2181 1148 2197 ,

203 2215 302 2253 quae
322 2203 360 2240 in
382 2204 581 2253 mysteriis
607 2209 794 2254 aguntur,
815 2208 929 2252 atque
958 2205 997 2241 in
1020 2206 1147 2242 Eccle-

201 2258 258 2294 sia
273 2257 763 2305 celebrantur,praebuisse
783 2261 1148 2296 consensum—tum

204 2313 248 2348 ut
268 2311 429 2360 populus
456 2310 579 2348 fidelis
611 2311 831 2348 immediate
861 2316 950 2349 ante
980 2324 1147 2349 commu-

202 2365 369 2410 nionem,
390 2375 468 2411 qua
492 2363 646 2401 Christo
669 2364 812 2408 unitur,
832 2369 994 2402 mutuae
1015 2377 1058 2402 ac
1074 2365 1150 2402 fra-

201 2421 336 2454 ternae
353 2417 551 2454 charitatis
568 2417 718 2465 signum
737 2418 1150 2467 exhibeat—Insuper

201 2471 385 2508 ieiunium
417 2471 576 2507 Sabbati
607 2471 785 2519 probavit
813 2471 1040 2520 iampridem
1076 2473 1149 2509 Ro-

200 2536 288 2561 mae
314 2525 534 2572 receptum3
555 2523 828 2569 traditionem,
853 2536 899 2561 ex
926 2537 1001 2573 quo
1024 2525 1149 2562 Eccle-

201 2578 259 2614 sia
285 2577 346 2614 die
368 2577 608 2614 Parasceves
629 2579 667 2613 et
696 2576 865 2614 sabbato
887 2582 975 2615 ante
997 2579 1148 2616 Pascha

200 2632 369 2668 abstinet
380 2642 402 2667 a
414 2632 658 2668 sacrosancto
668 2630 808 2667 Missae
821 2631 1009 2667 sacrificio
1023 2634 1146 2668 ratam

200 2683 290 2721 fecit
305 2682 331 2721 ⁴.
349 2683 598 2733 Disciplinam
621 2683 749 2720 arcani
767 2683 838 2720 hoc
853 2684 1004 2721 saeculo
1023 2685 1148 2722 adhuc

243 2830 251 2851 ¹
272 2827 383 2865 Labbe,
399 2827 417 2858 1.
436 2838 459 2858 c.
478 2837 504 2867 p.
521 2826 609 2859 1215.

241 2867 255 2889 ²
272 2870 344 2899 thiu.
360 2879 387 2908 p.
410 2869 492 2899 1222.
513 2870 541 2899 ln
559 2870 616 2900 hac
642 2867 760 2908 synodo
784 2868 952 2908 episcopia
967 2868 1147 2907 Sympliosio

201 2914 230 2940 et
247 2910 376 2940 biclinio
395 2911 685 2941 communicatorias
704 2910 821 2941 litteras
835 2911 865 2940 tt.
882 2910 1033 2940 l'untitivis
1047 2914 1073 2939 ct
1089 2911 1147 2940 Μν-

201 2952 386 2982 motam-usis
410 2953 544 2990 episcopi
570 2956 683 2990 potunt,
707 2961 765 2981 nou
791 2951 870 2991 quoti
897 2961 951 2990 pur
968 2954 1048 2981 essct
1069 2952 1146 2981 l'on-

201 2993 286 3023 uncis
304 2997 332 3022 et
349 2993 483 3031 episcopi
503 2994 735 3022 ,iu-‹liotanvnsis
753 2997 905 3032 potestas,
921 2992 972 3022 scil
992 2993 1071 3032 quod
1098 2994 1144 3022 nic

199 3034 347 3064 (eiusmodi
373 3035 499 3070 litteras,
512 3034 681 3064 catholicae
699 3035 919 3064 communionis
938 3037 1040 3068 ostes.
1059 3034 1143 3063 ‹larvt

200 3076 404 3112 ‹lt-legatione,
421 3076 555 3105 vonum
574 3085 644 3105 vcro
662 3076 725 3106 iure
743 3076 908 3106 ordinario.
923 3076 959 3105 Ct'
971 3076 1091 3113 llaron.¹
1106 3076 1144 3105 :til

200 3126 247 3148 an.
265 3117 333 3147 4⁴³5.

240 3158 253 3178 ³⁵
271 3159 376 3188 namn.
395 3161 423 3187 ot
440 3157 523 3195 rugi,
541 3157 577 3186 :ol
597 3166 666 3187 nnn.
685 3156 748 3188 iti-2.

239 3199 251 3221 ⁴
268 3200 331 3236 ligo
347 3199 506 3229 liettardus
522 3199 562 3234 (iu
580 3201 656 3228 notis
673 3201 709 3227 :ul
725 3198 1031 3230 sacramentarium
1048 3207 1061 3227 s
1076 3199 1146 3228 Cri·-

199 3242 277 3281 gorii
295 3245 314 3271 t.
328 3241 387 3278 ill),
402 3241 513 3279 iuquit:
532 3239 570 3269 In
587 3240 911 3271 lucras-ceveu1atorae's
924 3239 1144 3270 Hebdomades

1208 287 1257 324 ad
1285 287 1497 325 Concilium
1518 287 1791 326 Milevitanum
1809 287 1831 327 ¹.
1862 290 2073 328 Praeterea
2101 291 2146 328 Ε-

1205 339 1343 388 pistola
1373 342 1419 378 ad
1439 340 1672 378 Victricium
1692 342 2045 392 Rothomagensem
2074 344 2143 381 do-

1204 396 1282 439 cet,
1309 406 1446 431 causas
1475 394 1640 431 minores
1657 395 1704 431 ab
1726 394 1911 444 episeopis
1927 395 2144 445 provinciae

1203 457 1287 483 esse
1313 448 1612 496 cognoscendas,
1632 447 1796 485 maiores
1820 460 1913 486 vero
1938 449 2145 487 secundum

1204 511 1351 537 morem
1379 502 1426 537 ad
1450 501 1714 549 Apostolicam
1743 500 1880 538 Sedem
1910 502 2145 548 deferendaS,

1203 552 1454 602 inculcatque
1470 554 1700 590 clericorum
1718 554 1992 592 continentiam
2010 559 2050 592 et
2068 566 2145 592 mo-

1202 616 1264 642 res
1287 613 1453 644 sanctos.
1472 603 1647 655 Epistola
1667 606 1716 643 ad
1736 606 1974 655 Exuperium
1995 608 2146 645 Tolosa-

1201 669 1293 695 num
1314 661 1485 696 continet
1500 660 1666 697 indicem
1682 660 1888 697 Librorum
1904 661 2146 706 Divinorum,

1200 713 1379 749 eumdem
1409 725 1499 750 cum
1533 725 1590 759 eo,
1624 725 1738 761 quem
1772 714 1975 750 ediderunt
2008 714 2146 751 Patres

1201 765 1430 804 Tridentini.
1443 767 1620 815 Epistola
1635 767 1683 803 ad
1699 766 1869 803 Felicem
1885 766 2146 804 Nucerianum

1201 818 1330 866 docet,
1351 820 1412 867 qui
1435 820 1473 856 in
1494 819 1641 857 clerum
1661 831 1736 856 non
1756 819 1833 856 sint
1854 819 2094 858 admittendi.

1253 871 1314 910 70.
1348 873 1387 910 S.
1412 873 1579 910 Ioannis
1611 873 1889 922 Chrysostomz'
1913 874 2084 910 exilium
2111 877 2150 910 et

1200 926 1617 963 mors—Innocentio
1646 926 1663 962 I
1692 926 1889 974 negotium
1923 937 2042 975 grave
2073 925 2150 963 fuit

1202 990 1291 1014 cum
1329 979 1544 1028 Theophilo
1583 978 1848 1016 Alexandrino
1886 982 1925 1016 et
1961 979 2147 1028 episcopis

1200 1031 1462 1069 Orientalibus
1490 1036 1530 1069 in
1551 1044 1671 1069 causa
1690 1044 1719 1069 s.
1741 1032 1895 1069 Ioannis
1916 1032 2148 1081 Chrysosto-

1200 1084 1264 1122 mi.
1287 1085 1359 1122 Hic
1388 1088 1544 1123 sanctus
1572 1085 1725 1134 praesul
1745 1086 1792 1122 ad
1814 1086 1879 1133 Cp.
1900 1085 2032 1122 sedem
2052 1096 2146 1122 eve-

1199 1141 1297 1185 ctus,
1317 1139 1373 1176 ita
1401 1150 1560 1176 munere
1581 1151 1649 1176 suo
1670 1138 1923 1187 fungebatur,
1944 1140 1988 1176 ut
2008 1138 2146 1175 Eccle-

1199 1191 1279 1228 siae
1308 1198 1535 1229 ornamento
1565 1193 1749 1240 bonisque
1779 1192 1954 1229 omnibus
1984 1191 2148 1229 utilitati

1199 1247 1239 1282 et
1269 1244 1444 1282 laetitiae
1472 1248 1584 1283 esset.
1607 1246 1701 1282 Eius
1721 1245 1940 1282 sollicitudo
1960 1257 2036 1282 non
2054 1246 2147 1282 tan-

1201 1302 1284 1335 tum
1314 1300 1351 1335 in
1375 1298 1538 1336 dioecesi
1558 1298 1776 1347 Byzantina
1795 1310 1836 1335 se
1856 1298 2060 1344 continuit,
2080 1297 2147 1336 sed

1199 1352 1293 1389 alias
1314 1353 1432 1389 etiam
1452 1352 1641 1400 regiones,
1662 1355 1776 1401 prout
1794 1352 2010 1401 Religionis
2029 1363 2148 1389 causa

1198 1405 1431 1453 requirebat,
1453 1405 1656 1454 complexa
1684 1408 1753 1442 est.
1775 1404 2004 1442 Sanctitatis
2022 1407 2062 1442 et
2080 1416 2146 1442 sa-
2196 1428 2199 1430 -

1198 1459 1367 1507 pientiae
1386 1458 1490 1496 fama
1519 1458 1659 1507 ubique
1689 1458 1853 1504 celeber,
1873 1466 1973 1495 anno
1993 1458 2067 1495 401
2099 1458 2148 1495 ab

1199 1512 1387 1561 episcopis
1408 1511 1631 1561 provinciae
1648 1511 1863 1560 Ephesinae
1877 1511 1917 1548 in
1933 1510 2067 1548 Asiam
2082 1522 2148 1548 ac-

1196 1567 1295 1603 citus
1324 1565 1421 1611 fuit,
1451 1567 1495 1602 ut
1524 1565 1772 1602 ecclesiarum
1794 1565 2089 1602 necessitatibus
2109 1564 2147 1601 in

1197 1631 1243 1655 ea
1271 1619 1428 1667 regione
1456 1619 1705 1667 prospiceret.
1735 1618 1819 1655 Illic
1847 1630 1917 1655 sex
1937 1617 2148 1667 episcopos,

1194 1672 1404 1709 simoniace
1440 1674 1582 1709 electos
1615 1672 1662 1708 ab
1701 1671 1899 1709 Antonino
1940 1670 2149 1720 Ephesino,

1195 1726 1258 1774 qui
1295 1737 1394 1762 anno
1430 1725 1687 1774 praecedente
1721 1725 1891 1770 obierat,
1925 1724 2146 1773 episcopatu

1194 1779 1378 1827 privavit.
1396 1779 1478 1815 Hoc
1498 1790 1521 1815 a
1537 1778 1814 1827 Chrysostomo
1833 1789 1910 1815 non
1926 1778 2149 1824 ambitione,

1194 1833 1261 1869 sed
1281 1833 1594 1869 extraordinario
1616 1832 1701 1868 iure
1719 1831 1866 1869 factum
1882 1831 2015 1877 fuisse,
2030 1842 2148 1880 prae-

1193 1888 1255 1923 ter
1283 1886 1379 1923 alios
1407 1885 1615 1934 scriptores
1636 1885 1691 1923 M.
1714 1886 1768 1923 Le
1788 1885 1914 1927 Quien
1934 1884 2100 1922 ostendit
2120 1882 2148 1922 ².

1194 2047 1258 2069 non
1281 2041 1496 2068 consecratur
1518 2045 1637 2077 corpus
1665 2035 1817 2073 Chrisci;
1846 2035 1905 2066 sed
1935 2033 2094 2066 sacerdos
2115 2034 2149 2066 in

1193 2080 1292 2112 Missa
1316 2080 1420 2110 utitur
1445 2077 1774 2118 SraesanctilicatiS,
1791 2077 1822 2108 id
1845 2082 1893 2108 est
1909 2077 2030 2107 hostiis
2045 2082 2150 2109 autea

1193 2121 1397 2153 consecratis
1416 2126 1484 2150 tum
1499 2128 1561 2160 pro
1575 2128 1617 2157 se,
1634 2125 1702 2150 tum
1719 2128 1777 2160 pro
1795 2119 1887 2149 omui
1897 2118 2033 2158 populo.
2058 2117 2150 2158 Quod

1189 2173 1252 2203 per
1267 2165 1371 2193 totam
1391 2161 1684 2201 Quudruqesimam
1701 2161 1880 2191 observant
1897 2160 2036 2196 Graeci,
2051 2168 2148 2192 exce-

1191 2205 1261 2246 ptis
1278 2203 1464 2240 Dominicis,
1479 2202 1639 2240 sabbatis,
1656 2209 1686 2233 et
1701 2202 1795 2234 Festo
1809 2201 2148 2238 Am121ntiaciom's,in

1192 2246 1314 2287 quibus
1328 2250 1497 2285 per-ayunt
1517 2244 1672 2284 Corporis
1695 2250 1725 2274 et
1749 2240 2069 2283 SanquinisDomiui
2094 2251 2149 2274 sa—

1192 2287 1357 2328 crificium
1370 2296 1409 2317 ea:
1425 2287 1557 2326 antiquo
1574 2294 1776 2326 wicrammum
1793 2284 1943 2325 reperire
1959 2289 2010 2315 est
2024 2284 2060 2314 in
2077 2292 2147 2316 can.

1193 2329 1232 2361 52
1255 2329 1369 2369 synodi
1394 2329 1590 2366 Quinisexvae
1614 2336 1667 2357 seu
1698 2327 1861 2357 Trullanae
1890 2325 1998 2365 (apud
2028 2325 2150 2365 Labbe,

1197 2371 1372 2403 concilior.
1395 2374 1414 2400 t.
1435 2370 1491 2404 VI).
1510 2370 1551 2399 De
1569 2368 1669 2399 Missa
1686 2367 2148 2406 Sraesauctilicatorum,bene

1193 2413 1327 2443 advertit
1350 2411 1437 2442 eard.
1455 2411 1538 2441 Boua
1562 2411 1652 2446 (Rer.
1670 2409 1866 2449 Lititryicar.
1897 2409 1914 2439 l.
1932 2409 1952 2445 1,
1968 2418 1993 2439 c.
2013 2407 2059 2446 15,
2077 2407 2092 2449 Ξ
2109 2408 2149 2448 5),

1193 2454 1274 2494 quod
1293 2453 1459 2493 aequivoce
1484 2452 1594 2483 dicitur
1617 2451 1721 2487 Missa,
1745 2459 1819 2482 cum
1843 2455 1951 2481 careat
1979 2458 2150 2481 consecra-

1195 2496 1280 2526 tione
1299 2494 1456 2534 Corporis
1472 2496 1500 2524 el
1525 2493 1698 2533 Sanquim's
1723 2492 1791 2523 lesu
1813 2491 1944 2524 Christi.
1959 2491 2042 2522 Adde
2065 2491 2147 2531 quod

1193 2538 1283 2568 Missa
1302 2536 1430 2568 Subbati
1446 2534 1478 2565 S.
1492 2535 1528 2565 ad
1547 2539 1664 2565 noctem
1694 2534 1902 2574 insequentem
1926 2533 2065 2572 pertinet.
2093 2533 2148 2563 Di-

1193 2582 1318 2618 sputunt
1334 2586 1405 2608 vero
1422 2576 1530 2607 eruditi
1549 2577 1577 2606 iu
1595 2585 1628 2606 as
1644 2576 1796 2615 signanda
1810 2583 1915 2612 causa,
1929 2574 1967 2605 ob
1985 2582 2076 2613 quam
2092 2582 2147 2605 so-

1191 2620 1290 2651 lemne
1313 2619 1497 2650 saci-ilicium
1522 2618 1551 2647 in
1576 2619 1745 2647 parasceve
1768 2620 1797 2647 et
1819 2615 2148 2654 Sabbatosubsequen-

1192 2662 1212 2692 ti
1235 2662 1274 2692 sit
1297 2660 1554 2700 praetermissum.
1572 2659 1791 2698 Quamplurimi
1822 2659 1932 2688 rituum
1955 2657 2147 2687 Ecclesiasti-

1192 2712 1295 2734 corum
1312 2703 1501 2741 expositores
1519 2701 1664 2731 moralem
1681 2709 1808 2730 causam
1825 2699 1934 2729 afferre
1950 2697 2147 2735 solontmem-

1194 2754 1229 2783 pe
1244 2745 1314 2783 quia
1328 2745 1355 2774 in
1370 2745 1427 2774 hac
1441 2743 1489 2773 die
1501 2743 1644 2772 Dominus
1658 2742 1793 2779 seipsum
1807 2739 1960 2777 obtulit‚et
1974 2739 2042 2777 ipsa
2057 2739 2145 2769 obla-

1194 2787 1233 2816 tio
1250 2786 1361 2816 sufficit
1385 2785 1423 2815 :nl
1448 2784 1576 2814 salutem
1595 2783 1793 2814 credentium.
1814 2781 2008 2813 Innocentius
2023 2780 2036 2811 1
2053 2780 2145 2811 aliam

1192 2828 1346 2857 rationem
1371 2826 1496 2861 indicat,
1519 2825 1635 2856 scilicet
1653 2825 1734 2864 quod
1759 2825 1815 2855 isto
1839 2823 1932 2853 biduo
1955 2821 2092 2860 Apostoli
2116 2822 2144 2852 in

1191 2878 1331 2899 moerore
1347 2867 1616 2904 constituti‚iciunii
1631 2863 1951 2905 permanserint,a‹lco
1964 2867 1997 2892 ut
2009 2862 2048 2892 ob
2066 2864 2144 2894 hanc

1191 2919 1319 2939 causam
1336 2910 1457 2940 traditio
1471 2908 1622 2938 Ecclesiae
1637 2908 1772 2943 sit,l1isce
1786 2905 1904 2935 duobus
1915 2904 2020 2934 diebus
2033 2904 2145 2934 Sacra-

1191 2957 1291 2981 menta
1310 2952 1431 2990 penitus
1450 2959 1507 2980 nou
1527 2949 1685 2979 celebrari.
1701 2949 1774 2979 llinc
1791 2947 1902 2977 suctum
1921 2951 1987 2980 est,
2005 2949 2035 2975 ut
2053 2946 2141 2985 primi

1191 2993 1352 3022 Christiani
1373 2992 1544 3031 Apostolos,
1569 2989 1703 3020 imitandi
1722 2988 1832 3024 studio,
1849 2988 1886 3017 :ili
1903 2987 1982 3016 omni
1997 2987 2066 3016 cilio
2083 2987 2142 3017 hoc

1190 3033 1281 3063 lutino
1300 3034 1522 3069 ubstimwrint,
1539 3037 1631 3071 :itque
1649 3031 1687 3060 :ib
1705 3031 1771 3069 ipsu
1789 3028 1941 3059 Sucriticii
1966 3028 2140 3066 obtattone;

1190 3078 1217 3104 vt
1247 3075 1377 3105 fortusse
1405 3075 1495 3104 ctiam
1513 3073 1753 3104 communionem
1781 3079 1816 3101 cx
1842 3069 2140 3107 nrm-sanctificatis,

1192 3116 1259 3145 ilios
1280 3117 1433 3146 omisisse.
1452 3115 1569 3145 videsis
1595 3111 1800 3144 Muliiiiouium
1826 3111 2008 3141 Continent.
2031 3110 2061 3141 iu
2081 3110 2142 3142 Or·-

1190 3157 1297 3186 uiuam
1319 3158 1513 3191 Hovuunum,
1530 3160 1550 3185 t.
1567 3155 1591 3185 ΙΙ
1609 3153 1728 3185 ,llusuei
1747 3152 1873 3189 Italici,
1892 3154 2028 3183 Pro-iem.
2047 3161 2071 3182 c.
2091 3151 2137 3184 11.

1233 3198 1238 3217 ¹
1259 3200 1310 3236 Ap.
1329 3201 1473 3228 onustant
1494 3197 1588 3237 Epist.
1607 3195 1695 3225 [torn.
1711 3195 1798 3226 I'onl.
1816 3199 1834 3225 t.
1854 3195 1873 3233 l,
1890 3204 1916 3234 p.
1934 3193 2004 3232 896,
2021 3202 2050 3225 n.
2065 3191 2097 3225 2.

1230 3239 1243 3259 ‘²
1263 3240 1374 3270 Oriens
1391 3240 1598 3273 christianus,
1617 3241 1635 3268 t.
1655 3237 1675 3272 l,
1691 3235 1754 3266 cst.
