2241 3473
317 167 396 208 206

267 245 430 290 verium,
446 246 484 282 et
499 244 689 281 Isidorum
704 242 928 292 Agricolam
944 254 1022 280 una
1041 242 1202 280 eadem-

265 311 340 347 que
368 298 592 335 celebritate
613 297 746 334 Ssrum
780 297 958 345 catalogo
989 297 1199 333 accensuit.

267 352 370 389 Obiit
390 351 482 388 1‘1110
503 351 590 387 idus
611 350 692 387 iulii
716 350 828 387 1623.
863 350 964 386 Huic
992 350 1137 386 biennii
1159 361 1204 386 ac

265 404 454 443 mensium
474 403 642 452 quinque
664 403 924 441 pontificatus
944 402 1029 440 fuit.

315 458 377 495 85.
397 459 588 495 Urbanus
600 457 705 494 VIII
716 457 914 505 Pontifex
929 455 1015 507 (an.
1032 454 1205 506 1623)—

265 513 360 548 Post
381 511 558 559 Gregorii
581 510 658 547 XV
679 510 841 555 obitum,
862 514 952 547 vln0
974 510 1059 547 idus
1079 522 1208 559 augu—

260 565 309 601 sti
333 564 433 601 1623
453 564 600 600 electus
621 565 680 600 est
699 564 887 601 Urbanus
907 564 1015 609 VIII,
1037 563 1206 601 Floren-

260 617 385 662 tinus,
406 619 519 654 antea
540 617 759 666 appellatus
779 617 997 665 Maphaeus
1017 616 1205 654 Barbari-

261 683 353 716 nus,
375 683 462 708 ann.
484 671 535 708 56
559 673 685 717 natus,
706 671 851 708 litteris
868 672 1044 720 apprime
1067 670 1208 708 excul-

260 727 336 769 tus,
351 736 421 761 nec
436 724 558 762 infimi
576 725 679 762 inter
695 725 828 774 poetas
846 724 1028 770 nominis,
1048 724 1206 772 pietate,

261 777 491 821 eruditione,
507 779 624 815 rebus
640 779 760 827 gestis
781 779 1122 816 commendandus.
1136 779 1208 815 Hic

259 831 655 869 an.16·251ubilaeum
684 833 956 870 duodecimum
981 832 1207 870 celebravit.

260 884 610 934 Congregationem
633 886 679 922 de
699 886 961 935 Propaganda
986 886 1083 923 Fide
1104 885 1210 922 redi-

259 938 361 975 tibus
383 940 493 976 auxit
513 941 552 976 et
576 940 725 988 magnis
753 939 967 989 privilegiis
999 939 1210 984 instruxit,

259 992 371 1040 eique
392 993 574 1032 adiunxit
591 1006 613 1031 a
627 993 891 1031 fundamentis
908 996 1082 1031 erectum
1099 993 1207 1031 colle-

259 1045 368 1094 gium
399 1047 444 1083 de
466 1048 746 1097 Propaganda,
773 1047 988 1085 Urbanum
1018 1047 1107 1084 inde
1137 1059 1209 1096 ap-

259 1098 459 1148 pellatum,
477 1101 513 1138 in
532 1114 608 1150 quo
626 1101 868 1139 diversarum
887 1101 1088 1139 nationum
1105 1101 1211 1138 Asia-

258 1153 425 1190 ticarum
456 1157 495 1192 et
515 1155 790 1193 Africanarum
806 1185 816 1201 ,
836 1155 946 1192 velut
966 1155 1210 1204 Georgiano-

258 1218 359 1254 rum,
375 1208 712 1255 Nestorianorum,
724 1209 1212 1258 Armenianorum,C0pto-

258 1272 357 1307 rum,
370 1262 601 1312 AEthiopnm
619 1263 780 1300 iuvenes
792 1263 830 1300 in
846 1263 990 1312 linguis
1005 1262 1210 1300 orientali-

224 1363 238 1367 „
258 1315 329 1352 bus
349 1318 427 1353 ets.
437 1317 649 1366 Theologia
666 1316 1052 1366 instituerentur,qui
1070 1317 1206 1354 studio-

258 1370 344 1406 rum
361 1370 537 1408 confecto
552 1370 759 1417 curriculo,
774 1371 812 1408 in
829 1370 997 1419 patriam
1012 1382 1121 1407 suam
1144 1375 1211 1408 aut

259 1422 376 1460 aliam
406 1424 445 1460 in
474 1426 622 1462 terram
637 1454 646 1470 ,
666 1436 689 1462 a
709 1424 1019 1473 Congregatione
1040 1425 1086 1462 de
1106 1425 1207 1462 Pro-

257 1477 436 1525 paganda
464 1478 560 1516 Fide
589 1478 888 1527 assignandam,
912 1480 1209 1516 reverterentur

257 1530 305 1566 ad
322 1533 612 1581 propagandam
629 1532 860 1570 catholicam
877 1529 1207 1581 religionem.Pri-

259 1595 345 1622 mus
366 1586 454 1623 RR.
477 1586 557 1623 PP.
588 1598 610 1623 a
639 1587 798 1635 regibus
823 1586 942 1634 Congi
977 1598 1046 1634 per
1075 1590 1206 1624 orato-

257 1649 339 1675 rem
369 1639 474 1677 Ioan.
504 1639 736 1688 Baptistam.
758 1640 880 1677 Vives
900 1639 1070 1677 solemne
1092 1640 1206 1678 Chri-

257 1692 407 1730 stianae
451 1693 691 1731 obedientiae
729 1693 998 1731 iuramentum
1044 1695 1205 1743 accepit,

257 1746 415 1792 Audito,
435 1747 582 1784 Ducem
613 1747 846 1785 Urbinatem
874 1747 1014 1785 Franc.
1048 1747 1101 1785 M.
1119 1749 1204 1785 Ro-

258 1799 409 1837 bertum
440 1801 674 1847 decrevisse,
695 1804 781 1851 post
801 1804 967 1839 mortem
990 1801 1090 1838 unici
1122 1801 1205 1849 filii,

258 1853 517 1902 principatum
556 1855 764 1893 restituere
796 1855 1047 1904 Apostolicae
1084 1855 1175 1893 Sedi
1194 1886 1203 1902 ,

261 1908 361 1945 imde
381 1908 627 1946 fiduciariam
658 1909 721 1946 diu
741 1910 986 1955 obtinuerat,
1007 1910 1090 1946 eius
1111 1921 1204 1958 pos—

257 1961 465 1999 sessionem
483 1963 618 2008 adivit,
636 1966 675 2000 et
691 1963 777 2000 loca
793 1963 996 2012 praesidiis
1015 1963 1201 2002 firmavit.

258 2016 398 2053 Arcem
434 2017 470 2052 in
501 2017 802 2054 Bononiensinm
832 2017 974 2054 finibus
1005 2017 1201 2063 condidit,

257 2079 373 2115 quam
401 2070 612 2107 Urbanam
632 2082 655 2108 a
673 2083 744 2108 suo
761 2071 916 2108 nomine
938 2070 1050 2107 dixit.
1068 2071 1202 2108 Archi-

257 2123 503 2171 gymnasium
537 2125 758 2161 Romanum
781 2154 790 2169 ,
823 2125 923 2172 quod
958 2124 1200 2172 Sapientiam

257 2176 474 2225 appellant,
495 2177 697 2226 ampliavit
713 2179 957 2226 ornavitque.
971 2178 1202 2216 Vaticanam

256 2229 532 2268 bibliothecam
549 2244 638 2269 mss.
653 2232 850 2269 codicibus
866 2231 1017 2280 graecis
1034 2231 1202 2280 locuple-

257 2284 384 2331 tavit3
407 2285 630 2333 Aedemque
652 2285 689 2322 in
711 2285 939 2334 amplissimi
958 2285 1093 2334 templi
1118 2286 1202 2323 for-

258 2349 359 2374 mam
379 2350 401 2375 a
415 2338 674 2376 Pontificibus
690 2339 885 2388 prioribus
903 2339 1101 2376 redactam
1119 2351 1202 2376 con-

256 2392 438 2429 secravit.
457 2392 686 2441 Sepulcrum
705 2392 969 2441 Apostolicum
991 2404 1106 2429 aerea
1128 2406 1203 2429 mo-

257 2444 292 2481 le
314 2446 527 2483 decoravit.
553 2446 802 2490 Pontisseale,
832 2446 1097 2490 Breviarium,
1128 2447 1200 2483 Ri-

256 2499 360 2536 tuale
381 2503 419 2537 et.
439 2500 768 2549 h'Iartyroloqum
798 2512 868 2537 sua
897 2500 1104 2537 actoritate
1137 2511 1200 2537 rc-

254 2554 409 2599 cognita
430 2556 469 2590 et.
488 2555 695 2591 emendata
718 2553 859 2601 publici
882 2552 976 2590 iuris
993 2553 1096 2590 fecit.
1111 2554 1199 2592 Car-

256 2606 402 2644 ‹linalcs
423 2607 667 2645 Eminentiac
689 2607 801 2644 titulo
817 2607 940 2644 auxit.
960 2607 1101 2644 Varios
1123 2608 1203 2645 dies

256 2660 372 2698 festos
389 2661 607 2711 abrogavit,
628 2664 710 2698 tum
735 2663 777 2698 ut
798 2672 1015 2709 pauperum
1038 2661 1202 2710 inopiae,

254 2717 335 2751 tum
360 2718 402 2751 ut
422 2715 670 2764 populorum,
693 2727 760 2763 per
788 2726 853 2751 eos
883 2714 964 2750 dies
995 2714 1101 2751 vitiis
1132 2728 1201 2763 po-

254 2768 332 2805 tius
360 2781 473 2817 qnam
497 2769 567 2818 piis
588 2768 788 2806 exercitiis
811 2767 1056 2811 vacantium,
1079 2767 1201 2805 licen-

254 2821 332 2859 tiae
363 2825 597 2859 occurreret.
621 2821 838 2860 Ecclesiam
869 2821 973 2858 rexit
1004 2833 1124 2869 nsque
1154 2822 1200 2858 ad

253 2887 395 2911 annum
414 2876 509 2913 1041
528 2875 550 2922 ¹,
580 2888 701 2925 quum
731 2888 835 2913 mors
862 2887 949 2911 enm
979 2875 1203 2912 abstulisset

254 2927 311 2965 1v⁰
327 2929 478 2966 calend.
495 2933 647 2979 angust.
666 2930 794 2979 ipsius,
816 2928 903 2966 anni
926 2931 1010 2978 post
1031 2929 1204 2977 expletos

253 3069 338 3098 risus·
354 3072 399 3099 ex!
413 3068 510 3108 fuisso
527 3068 683 3102 solicilnx,
699 3077 774 3099 cum
788 3068 815 3099 Ιι.
831 3076 870 3098 m.
886 3067 1054 3099 Caesarem
1073 3066 1203 3106 Pir-aby-

254 3114 356 3140 !vrum
387 3111 593 3141 (laralismlmn
621 3111 800 3141 Itur-omma
829 3109 934 3140 arthm-
960 3112 993 3139 in
1017 3110 1205 3139 munoribus·

252 3153 474 3187 cons-lituram,
493 3152 532 3181 ml
549 3162 628 3192 opus
643 3152 819 3182 Antmltum
837 3161 894 3190 μοι·
913 3153 957 3181 Ιωί
970 3160 1072 3181 annox
1088 3159 1204 3189 umere

253 3203 315 3223 unu
333 3193 465 3229 destitit,
481 3196 511 3224 el
527 3194 661 3233 ips-emet
677 3196 787 3232 pos-lna
806 3192 993 3224 Gurdimtlix
1008 3192 1203 3232 scripsnril,

254 3246 314 3264 mm
333 3245 364 3263 w
382 3236 559 3266 slunnliitm
571 3260 578 3273 ,
594 3235 847 3275 ςιίΙΙἸιιΙίῙιμιιηι
861 3239 1027 3267 auclorr’m
1045 3235 1203 3266 antam-se.

296 3277 303 3299 ¹
321 3278 477 3317 Spundan.
495 3278 533 3308 wl
551 3288 598 3308 au.
622 3276 767 3308 162ῖὲ41.

897 178 1050 205 EPOCHA
1079 178 1132 204 XI.
1162 177 1214 203 AB
1243 178 1380 204 INITIIS
1408 178 1585 206 LVTHERI

1246 242 1285 279 in
1299 242 1537 281 Pontificatu
1553 255 1673 281 annos
1687 244 1736 282 21
1748 257 1886 283 novem
1901 246 2030 284 minus
2046 245 2193 286 diebus.

1234 294 1264 331 *L
1297 295 1360 333 87.
1383 296 2072 337 Edmundus-Rz'clzerz'us—Interea
2083 300 2197 338 Pari-

1246 349 1312 386 siis
1333 360 1476 395 graves
1496 350 1797 399 disceptationes
1817 353 2008 391 excit-avit
2029 354 2197 391 Edmun-

1247 403 1319 439 dus
1332 403 1551 449 Richerius,
1564 404 1834 453 Lingonensis,
1845 406 2063 444 Facultatis
2075 408 2193 445 theo-

1247 456 1397 504 logicae
1435 457 1667 495 Parisiensis
1704 459 1900 507 syndicus.
1948 460 1984 498 Is
2019 460 2161 498 thesim
2185 490 2195 507 ‚

1248 521 1363 557 quam
1386 522 1446 547 an.
1471 510 1568 548 1611
1591 511 1750 559 quidam
1773 513 2053 552 Dominicanus
2072 514 2118 551 de
2142 515 2192 552 R.

1248 563 1450 601 Pontificis
1479 563 1757 602 infallibilitate
1777 568 1817 603 et
1838 577 1958 615 supra
1988 567 2197 605 concilium

1249 617 1432 666 generale
1452 618 1685 656 auctoritate
1702 618 1945 665 defenderat,
1961 621 2095 658 eodem
2118 633 2196 658 an-

1251 683 1298 707 no
1327 670 1606 708 confutandam
1636 672 1805 720 suscepit
1833 673 1873 710 in
1905 673 2059 719 libello,
2079 686 2197 723 quem

1251 724 1469 773 inscripsit:
1493 725 1550 762 De
1569 727 1842 764 ecclesiastica
1870 731 1911 764 et
1928 728 2104 776 politica
2116 740 2198 776 po-

1253 783 1406 815 testate.
1429 779 1472 815 In
1494 791 1539 816 eo
1562 777 1636 816 no'n
1657 782 1813 817 tantum
1833 780 1881 817 R.
1905 780 2111 818 Pontificis
2131 781 2198 817 in-

1251 831 1530 869 fallibilitatem
1570 835 1608 869 et
1646 833 1946 879 auctoritatem,
1974 834 2040 871 sed
2070 833 2198 882 ipsum

1255 884 1464 933 primatum
1486 888 1525 922 et
1540 885 1714 923 divinam
1730 887 1928 924 Ecclesiae
1946 887 2200 925 constitutio-

1255 950 1343 975 nem
1381 939 1626 988 inpugnavit.
1659 940 1742 977 Hoc
1771 940 1900 989 posuit
1936 940 2168 990 principium
2189 955 2198 979 ε

1252 992 1376 1029 Deum
1397 998 1437 1029 et
1459 995 1642 1030 naturam
1663 994 1770 1042 prius
1799 997 1917 1043 utque
1947 994 2121 1032 cominus
2150 995 2199 1032 ad

1254 1048 1379 1083 totum
1399 1047 1641 1095 suppositum
1658 1044 1772 1096 quam
1789 1049 1836 1085 ad
1858 1048 2031 1097 aliquam
2047 1050 2200 1097 partem

1253 1100 1451 1148 suppositi,
1471 1101 1651 1149 quamvis
1672 1101 1964 1148 nobilissimam,
1983 1102 2200 1148 intendere3

1253 1154 1413 1203 proinde
1433 1166 1586 1191 omnem
1606 1155 1927 1192 communitatem
1944 1168 2010 1193 seu
2025 1154 2197 1193 societa-

1253 1211 1333 1244 tem
1354 1207 1568 1256 perfectam
1582 1237 1590 1253 ,
1611 1208 1729 1245 etiam
1751 1209 1904 1246 civilem
1919 1238 1929 1255 ,
1948 1209 2008 1247 ius
2027 1209 2172 1246 habere
2188 1238 2198 1255 ,

1256 1264 1298 1298 ut
1313 1261 1386 1299 sibi
1403 1261 1509 1310 leges
1525 1262 1712 1311 imponat,
1723 1262 1890 1311 seipsam
1906 1263 2114 1312 gubernet3
2125 1263 2199 1300 hoc

1254 1314 1312 1352 ius
1333 1314 1368 1352 in
1392 1316 1518 1364 prima
1538 1327 1608 1353 sua
1628 1316 1778 1365 origine
1795 1317 1843 1354 ad
1859 1317 2068 1365 ipsammet
2084 1316 2200 1353 socie·

1252 1371 1375 1406 tatem
1391 1370 1603 1418 pertinere,
1618 1370 1829 1418 etquidem
1848 1371 1961 1408 modo
1978 1369 2100 1419 magiS
2117 1381 2199 1419 pro-

1254 1422 1348 1469 prio,
1369 1423 1557 1471 singulari
1587 1426 1627 1460 et
1657 1423 1910 1470 immediato,
1929 1435 2046 1473 quam
2076 1424 2124 1461 ad
2154 1435 2198 1460 a·

1251 1476 1347 1513 lium
1367 1476 1581 1525 quemlibet
1601 1477 1800 1525 privatum
1813 1507 1822 1523 ,
1842 1489 1930 1514 cum
1951 1477 1990 1514 in
2011 1477 2094 1525 ipso
2114 1475 2198 1514 iure

1251 1529 1382 1566 divino
1412 1541 1457 1566 ac
1487 1530 1655 1567 naturali
1685 1530 1983 1569 fundamentum
2012 1531 2199 1577 haberet,

1249 1584 1435 1620 adversus
1456 1584 1556 1632 quod
1579 1596 1651 1621 nec
1671 1596 1864 1622 annorum
1885 1587 2028 1630 tractu,
2043 1596 2114 1622 nec
2134 1584 2197 1622 lo-

1250 1649 1385 1675 corum
1403 1636 1632 1687 privilegiis,
1650 1649 1720 1675 nec
1735 1650 1989 1687 personarum
2004 1638 2199 1686 dignitate

1249 1690 1458 1740 praescribi
1480 1703 1651 1740 unquam
1671 1692 1801 1739 possit.
1821 1692 1880 1729 Ex
1901 1704 1976 1741 quo
1995 1692 2197 1729 conclude-

1249 1746 1337 1787 bat,
1362 1744 1574 1790 Christum,
1598 1744 1796 1783 fundando
1818 1745 2048 1790 Ecclesiam,
2067 1745 2200 1783 claves

1247 1811 1315 1836 seu
1331 1797 1637 1836 iurisdictionem
1653 1798 1773 1848 prius,
1784 1800 2068 1838 z'mmedz'atz‘us
2084 1802 2124 1836 et
2138 1810 2199 1836 es·

1247 1853 1469 1890 sentialius
1490 1852 1642 1890 dedisse
1662 1853 1734 1890 toti
1758 1853 1969 1900 Ecclesiae,
1983 1864 2102 1902 quam
2123 1853 2198 1890 Pe-

1248 1909 1307 1943 tro
1328 1908 1368 1943 et
1388 1906 1473 1944 aliis
1493 1905 1711 1955 Apostolis3
1731 1907 2038 1950 iurisdictionem
2068 1906 2198 1944 eccle-

1246 1960 1446 1997 siasticam
1469 1960 1637 2009 proprie,
1657 1960 1843 2009 primario
1862 1964 1902 1998 et
1920 1960 2198 1998 essentialiter

1248 2013 1457 2050 convenire
1473 2014 1546 2051 toti
1564 2014 1776 2060 Ecclesiae,
1794 2015 1925 2064 Papae
1943 2026 2037 2052 vero
2053 2017 2092 2051 et
2112 2013 2199 2062 epi-

1246 2067 1372 2116 scopis
1391 2070 1506 2116 prout
1521 2068 1806 2113 instrumentis,
1822 2080 1889 2106 seu
1907 2067 2095 2106 ministris
2110 2079 2198 2104 eam

1245 2121 1546 2168 exercentibus3
1582 2121 1731 2170 Papam
1761 2133 1845 2159 esse
1875 2121 2028 2159 visibile
2059 2120 2197 2158 Eccle-

1244 2175 1324 2212 siae
1346 2176 1466 2223 caput
1485 2175 1743 2223 symbolicum
1758 2205 1767 2219 ,
1787 2174 2063 2218 ministeriale,
2091 2174 2197 2212 acci-

1244 2228 1412 2273 dentale,
1430 2240 1503 2265 non
1520 2228 1742 2275 essentiale,
1758 2239 1923 2277 quocum
1941 2228 2118 2266 Ecclesia
2138 2227 2194 2265 fa-

1244 2295 1332 2320 cere
1360 2282 1480 2331 possit
1501 2282 1722 2319 divortium.
1746 2283 1857 2319 Anno
1890 2282 1992 2319 1612
2020 2280 2197 2319 Richerii

1245 2337 1341 2373 liber
1375 2348 1397 2372 a
1430 2335 1587 2383 synodis
1621 2335 1945 2384 provincialibus,
1979 2335 2196 2373 Senonensi

1244 2392 1283 2426 et
1304 2389 1475 2437 Aquensi
1492 2418 1501 2429 ,
1521 2389 1729 2427 damnatus
1749 2392 1808 2427 est
1827 2392 2016 2437 tanquam
2046 2388 2193 2426 multas

1244 2443 1479 2480 assertiones
1495 2442 1628 2487 salsas,
1644 2443 1906 2487 scandalosas,
1921 2442 2194 2481 schismaticas

1243 2500 1282 2534 et
1310 2496 1531 2534 haereticas
1561 2496 1777 2535 continens.
1805 2497 1891 2546 Ipse
1920 2500 2052 2534 autem
2082 2495 2194 2544 regia

1245 2550 1482 2587 auctoritate
1503 2552 1543 2586 et
1558 2550 1774 2588 Facultatis
1793 2550 2040 2598 theologicae
2061 2549 2194 2587 decre·

1243 2607 1282 2642 to
1303 2603 1454 2652 syndici
1475 2603 1605 2640 officio
1628 2604 1805 2652 privatus
1822 2603 1906 2641 fuit.
1923 2605 1997 2641 An.
2012 2603 2114 2641 1629
2129 2603 2193 2640 de-

1245 2657 1514 2700 clarationem,
1529 2669 1599 2694 suo
1621 2658 1775 2695 nomine
1794 2658 2012 2707 signatam,
2029 2656 2193 2694 tradidit

1245 2711 1434 2749 cardinali
1465 2711 1691 2755 Riclielieu,
1711 2724 1787 2761 qua
1816 2711 1960 2748 librum
1998 2721 2112 2748 suum
2143 2710 2192 2747 R.

1249 2764 1445 2803 Ecclesiae
1467 2764 1611 2801 iudicio
1632 2765 1822 2809 subiecit,
1841 2776 2050 2813 omnesque
2069 2763 2109 2800 in
2129 2763 2194 2800 illo

1247 2822 1432 2856 exaratas
1463 2818 1766 2867 propositiones,
1787 2818 1963 2856 ciusdem
1991 2816 2194 2856 Ecclesiae

1246 2873 1447 2910 doctrinae
1485 2872 1700 2910 contrarias
1713 2902 1722 2918 ,
1752 2871 1990 2921 improbavit
2025 2871 2194 2908 damna-

1248 2928 1394 2974 vitque.
1426 2925 1536 2963 Hanc
1565 2925 1868 2963 declarationem
1899 2937 1972 2961 non
2008 2923 2126 2962 fuisse
2154 2923 2194 2961 vi

1247 2983 1441 3017 extortam
1463 2983 1501 3017 et
1523 2981 1654 3027 postea
1673 2991 1695 3017 a
1724 2978 1912 3017 Richerio
1942 2980 2169 3015 revocatam
2183 3006 2192 3022 ,

1250 3039 1292 3070 at.
1311 3033 1428 3082 aliqui
1450 3033 1710 3077 contendunt,
1730 3033 1797 3070 sed
1819 3032 1941 3069 libere
1970 3032 2017 3068 ab
2045 3042 2090 3068 co
2111 3031 2190 3068 edi-

1248 3091 1326 3124 tam
1349 3117 1358 3126 ,
1397 3089 1550 3125 constat
1569 3099 1589 3124 e
1610 3086 1774 3136 publicis
1802 3085 1945 3123 tabulis
1973 3087 2014 3122 et
2040 3084 2191 3122 instru-

1251 3141 1386 3177 mentis
1409 3138 1433 3177 ¹.

1288 3233 1295 3253 ¹
1316 3234 1436 3268 Morcri,
1458 3232 1593 3263 Diclinn.
1619 3235 1673 3262 art.
1697 3231 1878 3268 melam-eum
1894 3229 2056 3270 Tourncly,
2076 3229 2118 3260 De
2134 3228 2193 3261 Ec-

1247 3275 1353 3312 clesia,
1372 3279 1390 3305 t.
1410 3276 1428 3312 Ι,
1447 3285 1473 3315 q.
1501 3274 1522 3312 i,
1540 3284 1568 3307 a.
1586 3274 1620 3312 ἐς
1638 3273 1730 3307 illem.
1748 3273 1786 3305 de
1805 3272 2062 3313 T1·evoux.janv.
2080 3270 2170 3305 1703.
