2241 3473
240 157 320 194 414

525 166 690 194 EPOCHA
710 166 796 192 xm.
824 169 849 191 A
870 165 1050 191 PVBLICA
1070 164 1218 191 RERVM
1239 165 1283 191 IN
1304 164 1474 191 GALLIIS
1495 164 1786 193 SVBVERSIONE

187 249 322 274 mense
351 237 440 272 iulio
469 236 573 278 1861,
601 236 639 269 in
672 245 793 269 unum
820 234 1050 280 congregati
1086 234 1133 269 ad
1187 234 1449 281 mulgationes
1491 234 1652 271 minime
1691 238 1822 271 essent
1862 236 2038 271 intentae
2081 235 2130 270 ad

187 293 264 328 alia
294 290 465 328 eiusdem
486 289 769 324 Universitatis
787 287 996 323 tractanda
1015 299 1134 334 nego-

187 346 268 388 tia,
304 354 419 380 curas
453 353 604 389 quoque
638 341 916 387 impenderunt
942 340 978 375 in
1006 341 1133 387 aliquo

186 398 360 447 parando
395 395 594 439 remedio,
629 406 703 441 quo
736 394 955 430 huiusmodi
982 401 1133 430 contro-

185 452 338 488 versiae
365 451 479 497 plane
499 453 784 484 amoverentur
803 452 842 483 et
860 448 1134 494 extingueren-

186 511 263 542 tur.
298 504 500 551 Epistola,
528 513 642 550 quam
671 501 730 537 die
758 502 800 537 31
829 502 1001 537 eiusdem
1029 513 1135 537 men-

184 560 236 595 sis
263 557 344 593 iulii
372 555 569 592 communi
592 566 787 591 consensu
815 554 863 590 ad
882 555 1132 601 magnificum

185 611 361 649 eiusdem
388 608 670 646 Universitatis
690 609 905 644 Rectorem
925 608 1132 652 dederunt,

185 666 392 702 manifeste
420 662 591 699 ostendit
617 673 733 709 quam
762 668 953 709 paternae
978 662 1052 698 hae
1071 674 1134 698 cu-

184 731 252 755 rae
289 718 450 755 fuerint.
485 718 626 752 Elucet
651 716 756 751 enim
784 716 821 751 in
850 727 898 752 ea
924 716 1017 751 illud
1043 727 1134 752 con-

185 773 342 809 cordiae
379 770 687 818 prudentiaeque
721 770 908 812 studium,
934 770 1034 817 quod
1053 774 1135 805 tan-

184 831 322 874 topere
364 824 635 861 necessarium
668 829 727 859 est
761 823 809 859 ad
851 835 990 871 pacem
1027 829 1133 859 tuen-

184 881 272 916 dam
301 887 415 926 atque
443 878 491 913 ad
519 876 800 913 removendum
827 877 1008 924 quidquid
1036 877 1134 912 chri-

186 936 337 971 stianae
373 931 646 979 tranquillitati
674 936 712 967 et
752 932 926 978 publicae
961 931 1131 967 fidelium

192 986 454 1025 aedificationi
481 986 619 1021 obesse
646 985 781 1032 possit.
810 985 884 1032 Ipsi
916 985 1131 1021 Lovanien-

190 1039 1125 1086 sesProfessoresobsequenterexcipientesmo-

192 1097 275 1132 nita
301 1100 340 1131 et
367 1094 529 1130 consilia
555 1094 603 1129 ab
633 1093 835 1140 Episcopis
869 1105 937 1140 per
964 1094 1129 1130 eandem

189 1150 393 1197 epistolam
421 1148 529 1191 data,
546 1147 786 1183 unanimiter
805 1147 1071 1192 declararunt,
1089 1160 1129 1184 se

185 1206 340 1240 illorum
368 1203 540 1239 consiliis
567 1206 608 1237 et
634 1201 782 1248 regulis
801 1201 914 1248 plene
942 1202 1131 1238 adhaere-

188 1271 317 1301 scere,
345 1258 452 1294 nulla
478 1258 581 1292 facta
599 1255 845 1302 exceptione.
869 1256 1021 1292 Verum
1042 1257 1130 1291 dum

184 1325 322 1360 omnes
337 1314 591 1348 autumarent
606 1310 918 1346 controversiam
933 1312 1050 1345 finem
1070 1311 1132 1346 lia-

184 1369 327 1411 buisse,
355 1366 535 1402 omnibus
560 1364 731 1399 innotuit
757 1375 828 1410 per
854 1364 1045 1399 articulos
1066 1377 1132 1411 pu-

183 1423 291 1459 blicis
318 1418 634 1469 ephemeridibus
659 1417 842 1460 insertos,
864 1418 1018 1465 aliaque
1038 1419 1132 1454 scri·

186 1482 251 1525 pta
270 1485 407 1523 postea
425 1474 604 1520 vulgata,
624 1482 787 1517 operam
806 1471 938 1507 datam
968 1483 1069 1515 esse,
1091 1480 1134 1508 ut

184 1529 460 1567 controversia
488 1528 573 1574 ipsa
599 1525 870 1561 revivisceret.
894 1526 935 1561 In
963 1526 1064 1561 hune
1091 1526 1133 1561 fi-

184 1597 272 1621 nem
301 1583 520 1619 decisiones
547 1592 571 1616 a
597 1579 722 1615 sacris
747 1580 1132 1626 Congregationibus

191 1639 316 1675 editas
342 1642 382 1674 et
407 1648 430 1672 a
457 1637 636 1672 Romano
673 1633 862 1669 pontifice
895 1634 1132 1680 adprobatas

185 1694 251 1729 alii
279 1690 566 1733 memorabant,
593 1698 688 1735 quas
716 1699 924 1735 numquam
954 1689 1130 1724 extitisse

186 1748 253 1783 alii
267 1744 610 1787 demonstrabant,
630 1754 718 1778 cum
736 1743 895 1778 unicum
911 1743 1003 1778 illud
1017 1744 1132 1779 docu-

185 1806 376 1843 mentum,
405 1798 505 1847 quod
523 1798 705 1845 superius
724 1796 900 1833 indicare
921 1798 1129 1844 potuimus,

181 1855 286 1892 omni
313 1856 348 1890 vi
377 1857 556 1896 careret,
578 1863 649 1887 nec
675 1851 790 1886 ullum
821 1851 1002 1886 indicium
1032 1851 1129 1886 Pon-

182 1910 326 1946 tificiae
343 1906 639 1954 approbationis
656 1906 930 1941 exhiberet-Ut
946 1906 1054 1941 litem
1074 1917 1130 1941 se-

1188 291 1521 324 commemoratas
1536 288 1773 336 praesertim
1792 287 2056 325 discutiendas
2071 287 2134 324 do-

1188 341 1352 383 ctrinas,
1384 345 1515 377 tamen
1545 345 1730 389 poterant
1759 342 1906 378 aditum
1936 343 1983 378 ad
2012 353 2135 378 novas

1188 394 1419 430 excitandas
1435 395 1728 431 controversias
1743 395 1982 442 patefacere.
1999 396 2134 436 Quare

1187 447 1329 483 iterum
1350 448 1442 484 Pius
1457 449 1527 497 Pp.
1550 449 1605 484 IX
1620 448 1779 485 Litteris
1813 449 1853 484 in
1887 449 2015 484 forma
2039 449 2136 485 Bre-

1185 501 1237 544 vi,
1253 502 1296 538 16
1311 502 1405 538 iunii
1418 502 1839 550 1862‚Arehiepiscopo
1856 502 2131 539 Mechliniensi

1187 554 1233 590 de
1259 555 1333 591 hac
1359 567 1403 592 re
1431 556 1602 592 maxime
1630 561 1816 603 quaestus
1851 559 1910 591 est
1936 559 1976 592 et
2001 555 2133 591 admo-

1188 608 1355 645 nitiones
1381 610 1542 657 repetiit
1569 610 1607 645 in
1628 610 1748 645 citata
1766 608 1980 656 Encyclica
2006 608 2132 645 datas.

1233 663 1382 699 Verum
1401 693 1409 707 ‚
1437 676 1555 711 quum
1583 675 1659 699 non
1687 664 1783 700 levis
1812 664 1862 699 sit
1888 662 2076 700 momenti
2095 674 2135 699 a·

1187 716 1312 763 gitata
1339 718 1531 764 quaestio,
1561 717 1745 753 Pontifex
1772 717 1878 752 illam
1905 717 2131 753 examinan-

1187 770 1277 806 dam
1297 771 1492 807 commisit
1511 771 1660 806 dnobus
1678 772 1718 806 S.
1739 771 1786 806 R.
1803 771 1848 806 E.
1866 770 2131 806 Cardinalium

1187 825 1388 868 Conciliis,
1417 830 1497 861 tum
1526 826 1566 861 S.
1587 825 1729 867 Officii,
1759 832 1837 860 tum
1866 824 2019 860 Indicis.
2048 824 2133 859 Iam

1186 879 1339 920 vero‚in
1356 878 1770 915 huiusmodiexamine
1783 877 2020 914 instituendo
2037 888 2133 925 prae

1186 933 1309 968 oculis
1337 933 1580 969 Consultoris
1607 933 1830 968 habuerunt
1857 931 2132 974 resolutiones,

1186 997 1280 1033 quas
1308 999 1465 1023 sacrum
1484 987 1586 1024 idem
1606 987 1819 1024 Consilium
1842 987 1981 1022 indicis
2000 985 2134 1029 edidit,

1188 1041 1264 1076 iam
1287 1041 1375 1077 inde
1395 1042 1441 1077 ab
1461 1042 1575 1077 annis
1591 1042 1683 1079 1843
1702 1049 1742 1077 et
1758 1041 1861 1084 1844,
1877 1044 2132 1088 posteaquam

1185 1095 1233 1130 ad
1252 1095 1353 1131 illius
1370 1095 1553 1131 iudicium
1569 1095 1699 1132 delata
1714 1099 1806 1131 sunt
1819 1105 1946 1142 opera·
1959 1092 2128 1129 Gerardi

1185 1150 1404 1196 Ubaglis,in
1423 1151 1634 1198 primisque
1651 1151 1734 1187 eius
1750 1153 1945 1186 tractatus
1959 1146 2130 1194 Logsc'cae

1185 1215 1230 1239 ac
1244 1203 1503 1240 Themide-eae.
1527 1206 1681 1240 Etenim
1697 1216 1813 1240 sacer
1828 1204 1893 1240 ille
1910 1212 2133 1245 consessus,

1187 1266 1342 1294 matura
1370 1259 1542 1294 adhibita
1580 1259 1862 1295 deliberatione
1881 1287 1889 1298 ,
1917 1257 2066 1293 duobus
2092 1255 2131 1290 in

1186 1313 1442 1348 conventibus
1460 1313 1601 1348 habitis
1620 1313 1664 1349 23
1688 1313 1777 1348 iunii
1798 1312 1887 1349 1843
1906 1317 1946 1347 et
1962 1311 1984 1348 8
2009 1320 2131 1356 augu-

1184 1367 1232 1402 sti
1250 1366 1626 1408 1844,emendandas
1639 1367 1825 1403 iudicavit
1841 1365 2040 1414 expositas
2053 1369 2132 1399 tam

1186 1421 1221 1455 in
1244 1421 1393 1467 Losjicct.
1413 1432 1528 1468 quam
1550 1421 1586 1456 in
1609 1421 1835 1457 Theca-licea
1863 1420 2066 1456 doctrinas
2084 1417 2132 1454 de

1184 1475 1447 1510 humanarum
1477 1475 1743 1521 cognitionum
1770 1474 1937 1522 origine,
1966 1472 2048 1509 sive
2075 1483 2136 1507 01·-

1185 1530 1317 1565 dinem
1346 1529 1661 1576 metapl‘iysicum
1680 1532 1875 1575 spectent,
1897 1528 1980 1564 sive
2007 1536 2133 1561 mora-

1185 1584 1277 1625 lem,
1304 1594 1350 1618 ac
1380 1583 1616 1629 praesertim
1651 1582 1697 1618 de
1726 1582 1800 1625 his,
1828 1592 1928 1630 quae
1955 1579 2029 1616 Dei
2056 1579 2134 1616 exi-

1184 1637 1352 1673 stentiae
1394 1637 1572 1672 notitiam
1610 1636 1840 1684 respiciunt.
1875 1637 1975 1672 Cum
2014 1633 2134 1679 igitur

1184 1691 1346 1738 Ubaghs
1374 1691 1534 1726 minime
1572 1690 1861 1737 praestitisset,
1888 1688 1988 1736 quod
2023 1687 2132 1722 illum

1183 1746 1314 1781 facere
1342 1751 1433 1780 tunc
1462 1744 1573 1781 iussit
1606 1746 1645 1780 S.
1674 1743 1944 1791 Congregatio
1979 1740 2132 1784 Indicis,

1185 1799 1417 1836 Cardinales
1445 1799 1700 1836 Consultores
1739 1798 1962 1834 iudicarunt
2000 1805 2133 1831 emen-

1187 1853 1354 1889 dandam
1384 1853 1436 1888 illi
1465 1865 1552 1889 esse
1587 1853 1807 1899 expositam
1842 1849 2065 1887 doctrinam
2094 1848 2132 1883 in

1183 1909 1334 1944 cunctis
1361 1908 1408 1944 iis
1437 1908 1531 1943 locis
1558 1919 1627 1943 sen
1655 1907 1860 1954 capitibus,
1889 1916 1988 1953 quae
2014 1914 2131 1940 sacer

182 1964 294 1999 daret
313 1962 405 1997 Pius
427 1961 496 2008 Pp.
517 1960 587 2003 IX,
608 1960 733 1995 missis·
755 1960 896 1995 litteris
913 1959 1131 2007 Encyclicis
1182 1963 1426 2010 Congressus
1445 1962 1703 1997 notandorum
1724 1961 1913 1997 librorum
1930 1960 2045 1994 iudex
2065 1957 2133 1993 mi-

183 2018 229 2054 ad
252 2018 466 2064 Episcopos
494 2014 633 2061 Belgii,
651 2014 710 2049 die
733 2014 774 2049 19
793 2013 992 2049 decembr.
1014 2013 1130 2057 1861,

186 2073 333 2108 nullam
370 2080 530 2116 prorsus
567 2070 775 2114 proferens
805 2069 1041 2104 sententiam
1084 2067 1131 2102 de

185 2126 458 2162 doctrinarum
488 2124 644 2163 merite,
674 2133 772 2169 qnae
802 2123 1026 2158 excitarunt
1045 2133 1133 2157 con—

185 2180 438 2220 troversiain,
461 2183 499 2212 et
514 2187 676 2222 quarum
698 2176 942 2211 definitivum
962 2187 1128 2211 examen

185 2241 227 2271 et
255 2233 438 2269 iudicium
468 2230 516 2266 ad
543 2230 685 2265 Seden'i
714 2231 982 2277 Apostolicam
1018 2231 1131 2266 unice

184 2293 350 2336 Spectat,
380 2284 592 2326 mandavit,
614 2289 654 2318 ut
681 2284 908 2320 earumdem
936 2284 1130 2320 doctrina-

185 2354 269 2379 rum
300 2348 380 2376 tum
409 2341 599 2381 fautores,
620 2344 698 2372 tum
727 2345 1045 2384 oppugnatores,
1068 2339 1131 2373 do—

185 2409 258 2434 nee
285 2395 527 2430 definitivum
553 2391 600 2427 dc
629 2391 723 2436 ipsis
738 2391 927 2427 doctrinis
945 2391 1129 2427 iudicium

185 2453 224 2489 S.
255 2450 378 2486 Sedes
409 2448 589 2495 proferre
625 2446 901 2489 existimaret,
936 2457 976 2481 se
1011 2447 1132 2482 omni—

185 2518 234 2542 no
260 2504 504 2540 abstinerent
529 2502 612 2536 sive
648 2499 821 2535 docendo
846 2529 854 2543 ,
881 2500 963 2535 sive
1009 2501 1131 2537 cuius—

189 2572 262 2608 que
290 2557 449 2606 generis
476 2555 633 2602 scriptis
660 2555 721 2590 vel
751 2554 787 2589 in
816 2554 942 2590 lucem
968 2556 1067 2601 typis
1094 2567 1130 2591 e-

188 2614 333 2656 dendis,
355 2612 415 2647 vel
435 2611 510 2646 alia
529 2610 668 2656 quavis
704 2609 856 2644 ratione
885 2609 1128 2653 evulgandis,

186 2667 463 2705 distribuendis
484 2695 491 2709 ,
520 2671 598 2700 tum
628 2675 715 2699 cum
752 2664 924 2698 auctoris
960 2664 1131 2707 nomine,

185 2735 300 2771 quarn
327 2723 409 2757 sine
438 2721 594 2756 nomine
613 2720 805 2761 auctoris,
827 2729 872 2753 ac
900 2717 982 2753 sive
1004 2719 1130 2761 saetis,

185 2779 267 2814 sive
295 2775 466 2813 consiliis
493 2775 666 2821 aliquam
695 2784 743 2809 ex
772 2772 983 2819 praedictis
1012 2772 1128 2818 pbilo—

189 2831 357 2879 sophicis
383 2828 570 2865 doctrinis
597 2827 782 2863 exhibere
811 2837 855 2861 ac
886 2826 984 2861 tueri
1013 2827 1131 2862 veluti

186 2887 356 2928 unicam,
383 2896 519 2920 veram
549 2887 588 2919 et
615 2882 737 2917 solam
766 2879 1065 2923 admittendam,
1086 2891 1130 2915 ac

188 2941 305 2976 veluti
342 2939 558 2975 catholicae
597 2935 879 2973 Univcrsitatis
916 2935 1130 2981 propriam.

187 2995 349 3041 Insuper
363 2994 625 3041 praecepit‚ut
643 2991 800 3026 omnino
815 2989 1052 3024 desisterent
1071 3000 1132 3023 no-

188 3058 256 3084 vas
282 3049 327 3084 de
349 3050 419 3083 liae
449 3061 488 3084 re
511 3049 652 3084 iteruin
675 3045 849 3081 excitare
870 3043 1132 3090 quaestiones,

188 3114 286 3148 quac
315 3103 554 3138 christianae
582 3100 738 3136 caritati
767 3105 806 3134 et
827 3099 1048 3133 animarum
1076 3107 1135 3132 sa-

191 3156 256 3190 luti
280 3158 339 3192 vel
362 3157 532 3193 niaxinic
553 3155 827 3192 adversantur-
848 3151 922 3187 Sed
945 3152 1042 3187 liaec
1058 3161 1134 3185 rno—

191 3208 271 3243 nita
298 3222 368 3245 nei:
400 3212 511 3257 plane
539 3210 752 3245 observata
774 3208 883 3242 suere
904 3217 975 3240 ncc
996 3215 1135 3240 execu-

191 3261 282 3298 tioni
311 3263 507 3299 mandata.
539 3263 620 3299 Etsi
647 3261 752 3297 enim
782 3259 1022 3307 posteriores
1050 3270 1134 3306 pro-

1182 2029 1252 2052 nus
1281 2017 1473 2064 probavit.
1503 2017 1602 2051 Emo
1629 2015 1830 2052 Cardinali
1859 2013 2131 2060 Archiepisco-

1183 2083 1230 2117 po
1264 2070 1538 2107 Mechliniensi
1579 2073 1714 2115 partes
1744 2067 2005 2104 demandatae
2043 2069 2134 2102 sunt

1182 2124 1415 2160 admonendi
1457 2129 1720 2159 memoratum
1760 2122 1959 2158 doctorem
1981 2149 1989 2164 ‚
2017 2120 2130 2166 eique

1184 2179 1457 2215 vehementius
1479 2177 1712 2219 inculcandi,
1728 2181 1770 2212 ut
1785 2174 2004 2211 doctrinam
2021 2184 2131 2209 suam

1183 2233 1230 2268 ad
1246 2233 1440 2269 exhibitas
1458 2231 1680 2266 notationes
1699 2232 1970 2275 componeret..
1992 2226 2130 2263 Eidem

1184 2286 1493 2333 Arclnepiscopo
1533 2284 1695 2331 aliisque
1735 2284 1820 2319 eius
1858 2279 2132 2328 Suffraganeis

1184 2352 1325 2377 munus
1343 2339 1599 2376 commissum
1618 2343 1677 2374 est
1695 2343 1856 2373 strenue
1876 2334 2128 2382 advigilandi,

1183 2400 1224 2430 ut
1255 2393 1473 2430 huiusmodi
1508 2394 1696 2428 Emorum
1736 2391 1897 2427 Patrum
1931 2389 2131 2426 sententia

1183 2448 1404 2485 executioni
1422 2447 1691 2487 mandaretur,
1705 2456 1829 2492 neque
1843 2445 1878 2479 in
1896 2442 2133 2480 Lovaniensi

1184 2503 1470 2544 Universitate,
1490 2513 1615 2548 neque
1637 2501 1673 2535 in
1689 2499 2003 2536 Seminariorum
2018 2498 2126 2534 scho-

1185 2558 1228 2593 lis
1263 2558 1424 2604 aliisque
1452 2556 1593 2604 Lyceis
1620 2555 1709 2591 illae
1754 2554 1923 2600 amplius
1961 2553 2132 2600 explica·

1185 2618 1321 2648 rentur
1348 2611 1565 2652 doctrinae,
1593 2620 1694 2656 quae
1722 2609 1776 2643 uti
1806 2608 1972 2655 primum
2001 2606 2049 2643 ad
2078 2608 2132 2642 A·

1188 2666 1398 2713 postolirae
1427 2664 1540 2701 Sedis
1571 2663 1753 2699 iudicium
1773 2662 1929 2698 delatae
1956 2661 2129 2704 fuerunt,

1184 2721 1291 2755 visae
1311 2724 1402 2755 sunt
1420 2731 1441 2753 a
1457 2717 1607 2753 Scliolis
1623 2716 1828 2752 catholicis
1843 2714 2131 2752 amandandae·

1186 2774 1294 2809 Haec
1322 2772 1455 2807 omnia
1489 2770 1537 2806 ad
1567 2771 1782 2818 Episcopos
1820 2769 1944 2816 Belgii
1974 2767 2135 2815 scripsit

1186 2827 1306 2861 limus
1340 2825 1562 2862 Cardinalis
1603 2825 1746 2860 l'atrizi
1765 2853 1773 2867 ,
1799 2821 2132 2869 Congregat'ionis

1185 2884 1222 2915 S.
1245 2881 1372 2917 officii
1403 2891 1426 2916 a
1452 2880 1639 2922 Secretis,
1661 2881 1697 2915 in
1719 2879 1894 2927 Epistola
1911 2878 1985 2914 diei
2007 2878 2048 2913 11
2069 2887 2131 2912 oc·

1187 2937 1307 2971 tobris
1336 2935 1438 2971 1864.

1234 2991 1481 3025 Reverentcr
1500 3000 1546 3024 ac
1563 2989 1737 3025 absolute
1752 3001 1793 3025 se
1810 2988 1994 3035 excipere
2012 2987 2133 3026 iussa,

1188 3044 1349 3079 consilia
1375 3048 1415 3079 ct
1441 3043 1638 3079 desideria
1657 3044 1827 3080 Sanctae
1848 3042 1960 3079 Sedis
1981 3040 2128 3088 profes-

1187 3110 1251 3132 sus
1271 3103 1331 3132 cst
1351 3097 1526 3143 Ubaglis‚
1547 3096 1613 3132 scd
1636 3108 1779 3133 revera
1799 3095 2050 3132 committens
2067 3093 2135 3128 de-

1189 3164 1263 3187 nuo
1293 3151 1394 3199 typis
1421 3161 1543 3197 opera
1569 3162 1640 3186 sua
1667 3162 1768 3186 anno
1798 3151 1902 3193 1865,
1930 3159 1977 3185 ea
2003 3146 2135 3182 omnia

1190 3217 1262 3240 non
1285 3204 1509 3241 emendavit
1529 3215 1626 3250 quac
1639 3205 1865 3251 Apostoliea
1883 3202 2005 3239 Sedes
2023 3199 2133 3235 haud

1187 3261 1268 3294 tuto
1296 3257 1406 3293 tradi
1435 3268 1546 3304 posse
1565 3257 1857 3301 declaraverat,
1876 3262 1915 3293 et
1932 3255 2032 3292 alias
2053 3254 2131 3301 opi-
