2241 3473
684 155 809 185 stm
840 154 892 180 Ab
923 149 1200 177 isxot‘ENTufM
1230 150 1286 176 111.

19 228 88 266 sed
109 223 336 265 Fridericus
356 223 371 260 I
394 222 607 271 imperator
634 221 668 258 ci
698 221 747 258 ab
767 217 878 256 initio
899 228 970 254 ne-

21 279 127 330 gotia
153 275 363 316 facessivit.
391 275 465 313 Hic
494 274 596 312 enim
618 273 828 311 Henricum
847 270 970 308 filium

21 343 136 371 suum
171 328 382 368 Mediolani
417 338 550 376 regem
584 325 878 373 Longobardiae
907 334 971 359 co-

22 383 241 423 ronandum
264 382 419 419 curavit.
446 392 520 418 non
543 392 564 417 a
594 377 785 416 Pontifice
804 406 812 421 ,
839 376 904 425 qui
925 376 971 412 de

22 447 94 476 sua
121 435 262 485 agendi
294 435 444 471 ratione
480 433 717 480 conquestus
753 432 838 466 crat
858 459 869 472 ‚
906 429 971 465 sed

21 501 47 528 a
74 488 300 539 patriarcha
333 485 600 534 Aquileiensi;
624 482 763 521 deinde
791 481 971 518 cumdem

21 542 180 592 propria
191 540 429 578 auctoritate
440 548 636 576 caesarem
650 538 688 572 ct.
699 535 972 583 imperatorem

23 594 137 633 dixit.
159 594 374 632 Praeterea
395 595 537 635 terras,
557 602 580 627 a
600 587 789 626 Mathilde
810 585 975 623 comitis-

24 659 68 685 sa
88 647 137 684 R.
158 645 357 684 Ecclesiae
380 645 531 694 legatas
545 671 554 688 ‚
576 641 786 679 restituere
813 650 973 676 recusa-

26 700 83 738 vit
98 729 108 745 ,
131 699 401 737 defunctorum
433 697 703 745 episcoporum
744 694 842 729 bona
863 691 901 728 in
924 691 971 727 fi-

26 764 135 790 scum
158 752 322 800 redegit,
345 750 532 787 moniales
553 748 759 796 praetextu
782 745 975 782 reforma-

25 805 143 843 tionis
162 816 183 841 e
204 802 400 841 nonnullis
423 801 616 839 coenobiis
635 798 797 846 expulit,
818 808 973 834 eorum-

28 869 102 906 que
131 857 281 894 reditus
310 855 527 903 usurpavit.
551 854 607 891 De
638 851 777 900 quibus
798 850 976 887 omnibus

29 910 209 948 Urbanus
224 909 280 946 111
301 908 478 956 graviter
498 917 586 943 cum
607 906 846 953 imperatore
864 914 977 950 expo-

27 963 257 1006 stulaverat,
267 961 392 1009 eique,
403 960 474 996 nisi
487 959 687 996 Ecclesiae
707 956 854 993 faceret
869 955 976 1000 satis,

28 1027 133 1052 nunc
147 1013 589 1052 excommunicationem
611 1010 784 1047 minatus
801 1007 977 1046 est¹.Ast

30 1067 215 1105 Pontifex
244 1066 431 1103 Venetias
461 1064 698 1113 migraturus
737 1063 784 1099 ad
814 1062 975 1098 classem

28 1123 167 1158 contra
182 1120 333 1156 Turcas
349 1117 667 1166 comparandam,
682 1114 901 1158 Ferrariae,
920 1125 977 1149 ac-

28 1176 141 1221 cepto
162 1172 266 1209 tristi
287 1171 427 1208 nuncio
442 1170 490 1207 de
507 1168 741 1218 expugnatis
757 1179 779 1204 a
795 1167 977 1204 Saladino

29 1224 324 1273 Hierosolymis,
341 1225 605 1271 conceptoque
623 1233 643 1258 e
660 1232 837 1258 moerore
858 1219 976 1256 animi

28 1278 164 1316 morbo
184 1276 350 1314 decessit
365 1276 456 1314 xlv⁰
472 1275 622 1312 calend.
642 1274 841 1311 novembr.
866 1272 978 1310 1187.

81 1331 145 1369 57.
166 1331 397 1378 Religionis
425 1329 677 1365 christianae
696 1332 831 1363 status
861 1328 903 1363 in
928 1326 978 1361 O—

30 1384 164 1420 riente
179 1403 228 1411 —
241 1383 337 1420 Post
355 1381 570 1419 infaustum
591 1392 686 1418 vero
707 1379 904 1416 cruciatae
919 1389 980 1414 ex-

30 1435 238 1485 peditionis
257 1435 327 1472 sub
349 1435 526 1473 Conrado
547 1434 602 1470 111
629 1437 667 1470 et
688 1433 885 1470 Ludovico
907 1431 980 1467 VII

30 1489 181 1527 exitum
200 1487 228 1534 ²,
245 1500 306 1526 res
321 1488 630 1525 Christianorum
652 1486 691 1523 in
712 1486 804 1523 Asia
823 1484 980 1532 deperi-

31 1541 126 1579 bant
151 1544 234 1579 tum
260 1544 420 1590 propter
440 1540 740 1587 Crucigerorum
763 1537 980 1586 principum

34 1594 139 1632 inter
177 1606 218 1632 se
245 1594 415 1631 invicem
445 1591 679 1636 discordias,
708 1595 794 1628 tum
825 1592 985 1638 propter

32 1647 398 1684 mahometanorum
421 1644 723 1694 progressiones.
747 1646 858 1681 Anno
883 1643 983 1679 1162

35 1699 227 1738 Balduino
247 1700 303 1737 III
324 1699 362 1736 in
384 1710 505 1746 regno
526 1697 882 1745 Hierosolymitano
903 1706 984 1731 suc-

39 1755 211 1790 cesserat
242 1751 464 1790 Amalricus
491 1762 620 1787 comes
647 1750 778 1793 Iaffae,
806 1748 984 1797 princeps

39 1805 170 1853 magni
193 1805 310 1842 animi
329 1804 458 1852 reique
474 1802 654 1840 militaris
671 1801 908 1851 peritus,qui
926 1812 983 1837 re-

37 1858 103 1908 gui
120 1857 314 1896 excidium
333 1856 588 1906 praepedivit,
604 1856 670 1892 sed
689 1856 881 1892 internam
895 1866 984 1890 con·

37 1910 210 1948 cordiam
229 1910 436 1948 restituere
454 1921 528 1946 non
547 1908 681 1956 potnit.
696 1908 796 1944 Eum
810 1919 870 1944 an.
887 1906 987 1943 1173

36 1964 193 2011 excepit
211 1961 430 2000 Balduinus
451 1962 520 2007 lv,
540 1961 644 1998 filius
665 1962 748 1997 eius
771 1961 882 1997 annis
902 1964 986 1996 tre-

35 2015 158 2053 decim
177 2019 304 2061 natus,
321 2015 432 2064 regni
450 2026 542 2051 vero
565 2014 788 2062 procuratio
804 2012 986 2049 commis-

35 2080 79 2107 sa
114 2071 175 2105 est
206 2067 442 2117 Raymnndo
474 2067 605 2104 comiti
631 2066 894 2115 Tripolitano,
923 2064 988 2113 qui

35 2124 166 2158 tamen
208 2121 318 2158 brevi
348 2123 434 2169 post
472 2124 631 2169 propter
665 2119 861 2156 occultum
901 2129 988 2154 cum

37 2173 220 2211 Saladino
261 2173 535 2211 commercium
567 2173 702 2210 eadem
732 2175 876 2209 exutus
906 2170 988 2208 fuit.

38 2227 114 2265 An.
135 2226 236 2264 1177
259 2226 467 2264 Christiani
497 2225 688 2273 insignem
712 2224 916 2262 victoriam
936 2235 990 2260 re-

37 2278 216 2317 tulerunt
234 2280 280 2317 de
301 2279 506 2325 Saladin03
527 2280 594 2316 sed
614 2290 716 2316 anno
745 2281 928 2325 sequente
944 2277 992 2313 ab

41 2332 174 2369 eodem
192 2332 378 2381 superati,
394 2332 443 2369 ad
458 2331 723 2369 redimendam
739 2342 873 2379 pacem
895 2341 994 2367 com-

40 2382 143 2434 pulsi
163 2388 267 2422 sunt.

95 2436 138 2474 In
151 2437 268 2486 Syria
287 2448 349 2474 res
361 2437 671 2475 Christianorum
693 2436 732 2473 in
754 2436 901 2485 grande
922 2436 996 2473 dis-

43 2489 190 2527 crimen
223 2490 379 2526 vocavit
407 2489 659 2527 Boamundus
688 2489 763 2535 III,
793 2501 857 2526 an.
886 2489 992 2527 1163

41 2542 220 2592 princeps
234 2542 448 2579 Antiochen
456 2553 512 2588 us,
528 2554 658 2590 quem,
669 2543 771 2590 quod
789 2542 994 2591 repudiata

44 2606 186 2639 uxore,
207 2594 334 2632 aleret
356 2594 527 2642 pellicem
547 2624 556 2639 ,
577 2596 798 2632 Aimericus
820 2595 991 2643 patriar-

42 2647 115 2685 cha
159 2647 568 2685 excommunicaverat
587 2661 596 2694 ς
629 2647 693 2684 ille
727 2659 821 2684 vero
862 2647 992 2685 furore

42 2700 226 2749 percitus,
248 2700 532 2749 patriarcham,
553 2700 751 2749 episcopos
773 2702 812 2737 et
832 2701 992 2738 clericos

42 2755 278 2802 persecutus
299 2757 368 2798 es13
385 2757 522 2801 postea
537 2755 682 2798 tamen,
699 2764 817 2802 opera
833 2754 994 2802 patriar-

1858 134 1908 172 -15

1015 213 1130 250 resim
1152 212 1482 251 monotheliticam
1503 210 1600 260 lapsi
1631 210 1810 256 fuerant,
1830 211 1879 248 ad
1898 221 1961 248 ca-

1015 265 1199 303 tholicam
1234 266 1347 303 fidem
1383 263 1553 302 reduxit.
1580 263 1799 301 Maronitae
1826 262 1866 300 in
1893 274 1962 300 ca-

1014 318 1161 356 tholica
1190 319 1366 355 doctrina
1396 316 1710 354 constantissime
1730 327 1962 365 persevera-

1017 374 1156 408 verant
1177 382 1298 419 nsque
1317 371 1363 407 ad
1386 370 1543 407 initium
1564 369 1679 406 huius
1701 368 1869 414 saeculi,
1891 379 1964 416 quo

1016 424 1185 460 Thomas
1207 423 1421 468 Haranita,
1443 422 1648 470 episcopus
1675 421 1965 466 Kfartabensis,

1017 475 1359 513 monothelitarum
1383 475 1577 512 haeresim
1597 474 1635 511 in
1660 478 1830 512 montem
1850 473 1965 511 Liba-

1018 540 1110 565 num
1140 528 1295 573 intulit,
1315 527 1523 575 multisque
1557 530 1596 564 et
1628 527 1698 575 ipsi
1734 538 1869 564 eorum
1891 538 1965 575 pa-

1017 580 1211 617 triarchae
1232 580 1445 628 persuasit;
1467 580 1532 617 sed
1555 580 1727 616 maxima
1746 579 1966 617 Maronita-

1018 644 1105 670 rum
1127 644 1230 680 pars,
1252 632 1483 681 praesertim
1506 632 1774 670 honoratiores
1802 634 1840 669 in
1862 632 1966 669 clero

1018 689 1057 722 et
1091 685 1228 733 populo
1263 685 1300 722 in
1335 684 1527 722 catholica
1551 684 1627 721 fide
1648 687 1966 732 perseverarunt,

1020 738 1267 786 patriarchae
1288 737 1600 774 communionem
1622 738 1814 782 vitarunt,
1830 737 1969 775 alium-

1018 802 1093 838 que
1114 790 1150 826 in
1173 790 1257 827 eius
1276 790 1405 827 locum
1427 790 1644 838 elegerunt.
1659 790 1818 827 Erravit
1837 789 1967 839 profe-

1019 846 1080 880 cto
1102 843 1339 880 Guilielmus
1360 843 1504 891 Tyrius
1534 842 1740 890 pluresque
1759 843 1968 891 scriptores

1020 896 1260 933 recentiores
1279 896 1317 932 in
1339 907 1510 932 errorem
1533 894 1656 940 duxit,
1672 896 1761 932 dum
1784 896 1855 933 toti
1878 896 1968 933 Ma-

1020 948 1235 985 ronitarum
1258 947 1404 985 nationi
1421 948 1614 985 haeresim
1635 948 1969 986 monotheliticam

1020 1001 1211 1038 attribuit.

1073 1054 1210 1090 Graeci
1242 1065 1350 1100 sane,
1370 1053 1601 1101 praesertim
1622 1052 1718 1101 Cpui
1738 1053 1863 1102 magis
1882 1064 1970 1091 ma-

1021 1106 1156 1154 gisque
1177 1107 1225 1143 ab
1246 1106 1406 1143 unitatis
1426 1105 1644 1143 catholicae
1664 1109 1810 1151 centro,
1828 1107 1972 1143 Roma-

1022 1172 1072 1196 na
1101 1159 1291 1204 ecclesia,
1311 1159 1570 1196 declinabant.
1601 1158 1728 1199 Quum
1759 1159 1972 1206 imperator

1022 1211 1182 1249 Manuel
1202 1212 1419 1249 Comnenus
1440 1216 1522 1248 tum
1544 1211 1687 1249 litteris
1708 1213 1791 1248 tum
1813 1211 1973 1260 legatio-

1022 1265 1136 1302 nibus
1167 1276 1254 1301 cum
1276 1264 1501 1301 Alexandro
1528 1264 1596 1312 Pp.
1618 1264 1677 1301 III
1708 1264 1972 1301 communica-

1024 1321 1096 1363 ret,
1116 1318 1300 1355 Ioannem
1324 1318 1372 1354 R.
1394 1317 1437 1354 E.
1461 1316 1699 1354 cardinalem
1729 1318 1775 1354 ad
1804 1319 1976 1354 tractan-

1024 1371 1112 1408 dam
1126 1370 1379 1407 ecclesiarum
1399 1370 1645 1407 concordiam
1657 1370 1884 1418 susciperet,
1899 1370 1974 1407 La-

1000 1437 1002 1447 ¹
1024 1424 1115 1460 tinis
1135 1423 1174 1460 in
1197 1424 1290 1460 urbe
1307 1422 1640 1470 Constantinopoli
1660 1422 1824 1467 faveret,
1842 1425 1882 1459 et
1900 1434 1975 1470 pu-

1025 1476 1126 1514 blica
1144 1477 1275 1514 munia
1291 1476 1556 1521 demandaret,
1572 1478 1724 1513 tantam
1736 1477 1976 1512 Graecorum

1024 1529 1063 1566 in
1084 1530 1244 1566 Latinos
1273 1529 1460 1566 invidiam
1490 1529 1700 1574 excitavit,
1732 1531 1776 1565 ut
1811 1530 1978 1573 mortuo,

1027 1594 1089 1619 an.
1115 1582 1228 1627 1180,
1247 1581 1429 1619 Manuele
1449 1582 1696 1630 imperatore,
1713 1581 1851 1619 Graeci
1874 1581 1979 1619 Cou-

1027 1634 1275 1683 stantinopoli
1306 1635 1540 1672 horrendam
1571 1635 1730 1671 caedem
1760 1634 1799 1671 in
1820 1634 1980 1672 Latinos

1028 1687 1247 1732 ediderint,
1269 1688 1307 1724 in
1344 1699 1421 1735 qua
1449 1688 1529 1735 ipse
1563 1687 1772 1724 cardinalis
1802 1687 1981 1732 Ioannes,

1027 1740 1274 1788 Apostolicae
1294 1741 1404 1777 Sedis
1420 1740 1588 1789 legatus,
1603 1740 1824 1777 trucidatus
1839 1742 1908 1777 est.
1928 1742 1982 1777 At

1029 1805 1102 1841 quo
1124 1793 1247 1840 magis
1268 1793 1408 1830 Graeci
1428 1793 1476 1829 ab
1498 1794 1649 1830 unitate
1679 1792 1873 1830 catholica
1901 1792 1982 1829 dis-

1030 1847 1239 1890 cedebant,
1268 1857 1313 1882 eo
1341 1845 1468 1893 magis
1496 1857 1629 1882 eorum
1660 1845 1866 1893 imperinm
1896 1847 1981 1882 tum

1030 1900 1283 1935 barbarorum
1300 1898 1586 1936 incursionibus
1603 1902 1685 1935 tum
1703 1899 1980 1947 imperatorum

1030 1951 1172 1988 inertia
1194 1953 1264 1988 aut
1283 1951 1492 2000 tyrannide
1519 1954 1558 1988 et
1580 1953 1805 1999 magnatum
1827 1951 1981 1988 dissen-

1030 2004 1202 2042 sionibus
1222 2007 1338 2052 atque
1361 2004 1640 2041 rebellionibus
1660 2004 1862 2052 deperibat
1883 2002 1909 2041 ¹.

1085 2057 1146 2094 58.
1169 2057 1400 2094 Ierusalem
1429 2069 1456 2094 a
1486 2057 1688 2094 Saladz‘no
1709 2059 1874 2105 capitur
1895 2056 1980 2106 (cm.

1036 2110 1152 2159 1187)
1171 2112 1308 2147 —An.
1333 2110 1431 2147 1187
1463 2121 1540 2146 vox
1569 2121 1619 2148 ex
1649 2109 1809 2147 Oriente
1848 2109 1984 2146 audita

1034 2168 1093 2200 est
1112 2162 1328 2210 lugentium
1365 2162 1612 2200 interfectum
1636 2162 1823 2211 populum
1845 2163 1916 2199 Dei
1945 2164 1983 2198 et

1035 2220 1190 2264 captam
1219 2216 1268 2253 ab
1297 2216 1473 2253 hostibus
1494 2217 1671 2252 sanctam
1694 2215 1908 2253 civitatem.
1931 2215 1983 2252 E-

1033 2269 1156 2306 tenim
1177 2274 1263 2317 post
1277 2268 1517 2306 Balduinum
1533 2268 1587 2305 IV
1605 2280 1664 2305 an.
1689 2268 1790 2306 1185
1810 2279 1879 2305 rex
1898 2267 1987 2304 Hie-

1036 2321 1319 2370 rosolymorum
1349 2321 1477 2359 factus
1506 2329 1563 2358 est
1582 2321 1797 2358 Balduinus
1816 2321 1865 2366 V,
1887 2331 1984 2367 pue-

1036 2375 1144 2412 rulus
1164 2374 1235 2411 sub
1256 2375 1380 2412 tutela
1402 2374 1628 2425 Raymundi
1649 2374 1800 2411 comitis
1822 2371 1983 2420 Tripoli-

1036 2427 1137 2472 tani3
1157 2427 1220 2464 sed
1252 2439 1354 2464 anno
1375 2430 1562 2475 sequente
1592 2426 1773 2463 defuncto
1794 2425 1986 2463 Balduino

1037 2481 1085 2526 V,
1106 2492 1270 2528 regnum
1301 2481 1450 2529 accepit
1469 2480 1596 2517 Guido
1625 2490 1754 2516 comes
1774 2477 1986 2526 Ioppensis,

1037 2534 1138 2582 quod
1167 2532 1334 2582 grandia
1363 2533 1521 2570 dissidia
1549 2533 1652 2569 inter
1681 2543 1860 2580 proceres
1889 2531 1991 2567 chri-

1036 2586 1183 2624 stianos
1214 2586 1415 2623 excitavit.
1437 2586 1563 2627 Quum
1598 2585 1653 2622 sic
1683 2583 1890 2621 Christiani
1916 2583 1986 2632 ipsi

1038 2639 1238 2676 discordiis
1259 2641 1377 2687 atque
1398 2638 1559 2687 flagitiis
1587 2637 1666 2675 suis
1687 2637 1859 2674 divinam
1880 2635 1989 2673 iusti-

1037 2693 1131 2730 tiam
1154 2695 1425 2741 provocarent,
1446 2690 1621 2740 permisit
1641 2690 1762 2734 Deus,
1787 2693 1831 2726 ut
1851 2692 1988 2726 sancta

1037 2745 1176 2783 civitas
1205 2745 1243 2782 in
1275 2744 1444 2790 hostium
1475 2754 1612 2780 manus
1644 2742 1806 2779 veniret.
1839 2741 1987 2790 Reipsa

45 2805 143 2843 chae
180 2810 220 2843 et
253 2806 356 2855 regis
385 2805 746 2855 Hierosolymorum
763 2835 772 2852 ,
803 2806 995 2844 discordia
1035 2798 1242 2836 SaladinUS
1259 2828 1267 2843 9
1290 2797 1354 2845 qui
1375 2796 1539 2833 deViCffiS
1560 2795 1780 2832 Tul'cafflm
1801 2795 1840 2831 51¹
1860 2794 1989 2843 AEgy·

45 2859 258 2907 composita
275 2858 360 2896 fuit.

1038 2854 1103 2900 pto
1124 2854 1163 2888 et
1178 2851 1296 2900 Syria
1313 2849 1470 2898 regulis,
1482 2847 1763 2896 amplissimum
1782 2847 1989 2895 imperium

98 2911 329 2949 Praedictus
340 2911 563 2960 patriar-ella
575 2911 840 2950 Antiochenus
855 2912 991 2950 iisdem
1037 2908 1270 2941 consecutus
1286 2902 1426 2946 fuerat,
1440 2913 1502 2938 an.
1519 2900 1618 2937 1187
1635 2900 1874 2938 Christianos
1886 2901 1989 2949 apud

46 2963 283 3013 temporibus
304 2976 381 3012 eos,
397 2965 463 3013 qui
484 2965 586 3002 inter
602 2964 820 3002 Maronitas
840 2965 880 3002 in
900 2965 993 3003 hae-

88 3115 99 3137 ¹
117 3116 242 3148 Arnold.
267 3117 466 3161 Lubet-ensis..
493 3115 614 3147 Chron.
632 3114 716 3146 Slar.
735 3115 752 3146 Ι.
776 3116 821 3153 111,
839 3126 863 3147 c.
884 3116 999 3161 16-18;

48 3157 338 3238 h1u2r=³tpdribaggale
354 3157 490 3195 d’Ilalza,
508 3166 556 3188 an.
573 3156 659 3187 1¹87.

1015 2934 1019 3034 Ε
1039 2957 1290 2994 Tiberiadem
1310 2955 1396 3003 post
1412 2953 1646 2991 acerrimum
1663 2955 1862 2991 certamen
1883 2964 1991 3001 supe-

1080 3116 1090 3137 ¹
1110 3115 1185 3146 Guil.
1210 3115 1335 3153 'syn-ius,
1359 3114 1376 3144 1.
1400 3113 1518 3151 21-22;
1534 3113 1655 3144 Yicetas
1679 3111 1818 3144 Choniat.
1836 3110 1990 3142 Annales:

1018 3159 1021 3198 ζ
1040 3157 1171 3196 Lequien
1186 3180 1193 3194 ,
1212 3156 1324 3187 (ΙΙ-10115·
1339 3154 1506 3185 christian.
1526 3158 1542 3184 t.
1560 3154 1614 3191 1113
1632 3154 1768 3190 Allatius,
1782 3151 1827 3183 ve
1845 3161 1988 3183 consens.

1020 3201 1021 3216 ³
1042 3198 1199 3231 Ecclesiae
1216 3196 1333 3227 orient.
1349 3198 1378 3227 ec
1396 3195 1564 3233 occident„
1583 3205 1607 3226 c.
1627 3194 1652 3225 3.
