2241 3473
689 187 816 218 VSQVE
844 187 896 214 AD
925 186 1092 214 scmSMA
1122 184 1355 214 OCCIDENTIS

57 255 100 292 at
115 250 225 291 brevi
244 252 330 299 post
352 250 401 288 ab
421 250 636 301 Europaeis
661 253 699 288 et
721 251 993 290 Rhodensibus

57 307 248 348 desertus,
266 303 305 340 in
324 304 718 353 Cyprum-regressus
736 306 796 342 est
817 303 842 342 ¹.

109 358 215 396 Idem
231 356 414 394 Pontifex
436 358 484 395 ab
503 357 611 395 initio
632 359 679 395 de
699 357 902 394 referenda
913 356 991 394 Cu-

57 411 118 450 ria
134 411 174 448 in
197 410 330 447 urbem
351 411 517 448 Romam
537 410 783 455 deliberavit,
798 409 993 447 excitatus

57 466 261 514 praeterea
279 463 422 501 litteris
443 463 680 501 Petrarchae
701 475 762 501 an.
787 462 885 500 1367
905 475 992 500 cum

57 516 323 556 cardinalium
339 517 502 566 collegio
513 517 714 555 Avenione
730 515 994 561 discessit-,Ve-

57 573 236 609 netorum
254 572 294 608 et
308 570 569 608 Genuensium
587 569 813 607 triremibus
828 568 993 605 Romam

58 623 274 673 navigavit,
290 635 517 672 summaque
533 623 719 660 Italorum
735 621 904 659 maxime
920 621 994 658 Ro-

58 688 261 716 manorum
287 676 435 714 laetitia
463 678 502 713 et
530 676 668 725 plausu
696 677 880 722 exceptus
905 673 992 712 fuit.

57 730 206 768 Verum
231 733 308 766 vn⁰
336 729 514 767 calendas
542 728 710 766 octobris
741 726 842 765 1370
870 727 994 764 conci-

58 783 212 822 liandae
230 781 334 820 inter
353 794 465 832 reges
484 781 635 819 Galliae
655 784 694 820 et
712 780 880 829 Angliae
899 792 993 817 con-

58 836 211 874 cordiae
231 847 350 873 causa
364 835 606 873 Avenionem
616 834 786 884 repetiit,
797 833 874 879 ubi,
894 833 994 871 sicut

59 901 91 928 s.
110 889 300 939 Birgitta,
330 889 367 926 ei
392 888 561 926 reditum
589 889 628 925 in
649 887 817 926 Galliam
845 886 994 924 dissua-

59 943 166 989 dens,
186 942 446 991 praedixerat,
459 941 574 990 paulo
594 944 691 990 post,
712 941 895 978 nimirum
906 939 994 977 X1v⁰

59 995 239 1034 calendas
266 995 464 1032 ianuarias
492 996 576 1032 vita
595 995 764 1032 excessit
781 994 807 1032 ².
828 1016 877 1024 —
897 993 993 1031 Om-

59 1049 168 1086 nium
187 1049 334 1098 primus
352 1049 496 1087 tiaram
523 1048 693 1097 gestavit
712 1047 993 1087 circumdatam

58 1101 198 1150 triplici
220 1113 362 1139 corona
381 1099 407 1138 ³.

110 1154 173 1192 80.
188 1155 416 1203 Relzyz'onz’s
435 1159 568 1192 status
587 1155 633 1192 in
651 1155 753 1192 Asia
762 1154 995 1193 —Vidimus

56 1219 175 1257 supra
207 1212 291 1256 post
324 1207 525 1245 dimidium
554 1208 696 1245 saeculi
725 1206 995 1257 praecedentis

57 1260 308 1298 christianam
344 1260 463 1298 fidem
491 1261 757 1309 praedicatam
785 1265 994 1309 coetusque

57 1314 354 1352 christianorum
391 1313 615 1352 efformatos
643 1314 682 1351 in
710 1314 813 1353 Sinis
841 1318 881 1352 et
908 1313 995 1351 aliis

57 1367 175 1405 Asiae
193 1367 428 1416 regionibus,
445 1367 690 1416 Mogolorum
719 1380 786 1405 seu
816 1368 997 1406 Tartaro-

57 1430 144 1458 rum
169 1420 327 1469 imperio
353 1420 552 1467 subiectis,
573 1433 596 1458 a
623 1421 694 1469 piis
721 1421 996 1466 missionariis,

57 1483 153 1521 quos
180 1485 202 1510 e
229 1485 278 1512 ss.
307 1473 564 1512 Francisciet
582 1474 771 1511 Dominici
791 1474 998 1512 Ordinibus

56 1525 148 1564 illuc
167 1526 412 1564 destinarunt
431 1527 517 1564 RR.
542 1526 754 1565 Pontifices
773 1527 800 1565 ⁴.
818 1528 997 1569 Quinimo

58 1590 122 1616 an.
139 1579 239 1617 1338
248 1591 410 1629 magnus
419 1580 676 1617 Tartarorum
685 1580 792 1618 Chan
804 1593 872 1618 seu
883 1580 998 1628 impe-

57 1635 166 1669 rator
185 1633 233 1670 ad
254 1633 509 1670 Benedictum
529 1633 599 1682 Pp.
616 1633 694 1671 XII
714 1638 888 1671 oratores
907 1644 997 1670 cum

57 1683 200 1722 litteris
218 1686 386 1735 legavit,
407 1687 543 1735 quibus
569 1697 608 1723 se
637 1687 815 1735 precibus
835 1685 997 1724 Pontifi-

59 1738 114 1775 cis
142 1739 439 1777 commendabat
466 1751 655 1788 suamque
684 1740 722 1776 in
757 1739 997 1777 Christianos

57 1790 369 1830 benevolentiam
399 1793 628 1831 testabatur.
656 1793 893 1830 Benedictus
925 1792 995 1841 Pp.

58 1844 266 1882 redeuntes
281 1850 456 1883 oratores
474 1846 698 1884 muneribus
713 1846 932 1894 litterisque
948 1845 996 1882 ad

57 1896 331 1946 imperatorem
353 1899 530 1944 donavit,
549 1911 638 1935 cum
657 1899 836 1936 hortatus
863 1901 935 1944 est,
955 1899 998 1935 ut

58 1949 287 1989 Christianis
319 1951 359 1989 in
386 1952 501 1989 terris
529 1952 610 1990 suis
638 1951 771 1990 favere
799 1953 994 2001 pergeret,

57 2015 256 2053 novosque
276 2016 324 2042 ex
344 2004 487 2042 Ordine
507 2004 584 2042 FF.
602 2006 802 2043 Minorum
822 2005 998 2053 Evange-

58 2056 100 2094 lii
127 2068 333 2106 praecones
361 2059 398 2096 in
436 2059 531 2096 istas
566 2058 746 2106 regiones
775 2058 996 2096 destinavit.

57 2109 206 2148 Verum
240 2122 302 2150 an.
333 2111 435 2149 1369
463 2111 775 2158 Sinenses‚facta
795 2111 999 2156 seditione,

58 2162 234 2212 Mogolos
248 2176 317 2202 seu
326 2165 514 2202 Tartaros
529 2176 549 2202 e
565 2165 691 2213 patria
702 2177 774 2203 sua
789 2164 998 2209 eiecerunt,

58 2227 200 2254 novum
216 2217 492 2266 imperatorem
511 2230 532 2255 e
550 2217 699 2256 familia
719 2217 874 2256 Sinensi
890 2217 999 2265 Ming

60 2269 135 2307 sibi
165 2270 390 2319 elegerunt,
417 2271 644 2320 nullumque
674 2271 932 2318 alienigenam
960 2270 999 2306 in

60 2322 178 2360 terris
209 2324 290 2361 suis
322 2324 531 2362 tolerantes
543 2353 553 2370 ,
589 2324 852 2362 missionarios
885 2335 1001 2371 expu-

60 2373 204 2413 lerunt.
223 2376 284 2414 Ex
303 2388 378 2425 quo
403 2380 576 2426 tempore
604 2377 759 2427 Religio
789 2377 1000 2414 christiana

60 2427 102 2465 in
121 2428 223 2466 Sinis
242 2431 396 2478 penitus
416 2430 581 2478 deperiit
599 2430 625 2468 ⁵.

111 2481 257 2519 Eodem
267 2484 441 2534 tempore
456 2483 495 2520 in
510 2483 669 2532 reliquis
683 2483 800 2521 terris
815 2482 998 2529 asiaticis,

61 2533 307 2584 Mogolorum
321 2535 489 2573 dominio
508 2536 884 2586 subditis,Religioni
903 2537 999 2574 chri-

104 2626 116 2648 ¹
132 2627 280 2667 Raynald.
293 2626 332 2657 ad
345 2635 393 2657 an.
412 2626 557 2658 1362-65.

103 2668 119 2691 ²
134 2668 284 2707 Raynald.
297 2668 336 2699 ad
352 2677 399 2698 an.
417 2667 562 2700 1367-70.

103 2709 120 2733 ³
133 2708 277 2740 Nicolaus
298 2710 492 2746 Alemannus,
507 2709 552 2741 De
573 2711 838 2743 Lateranas-ibus
855 2711 998 2744 Parieti-

64 2751 125 2790 nis,
139 2760 166 2782 c.
187 2750 238 2790 13,
254 2750 304 2781 ubi
322 2751 398 2781 haec
415 2752 525 2782 refert:
548 2753 694 2783 «Tiaram
716 2754 847 2792 triplicis
865 2762 999 2785 corona-

64 2793 158 2823 menti
185 2801 220 2823 ex
249 2791 448 2823 Pontificibus
484 2793 602 2832 primus
625 2795 757 2834 gestavit
788 2795 932 2826 Urbanus
949 2793 977 2825 V
992 2818 999 2832 ‚

63 2832 194 2874 duplicis
211 2842 284 2864 vero
301 2833 481 2864 Bonisacius
498 2834 571 2865 viil,
590 2835 665 2865 Nam
682 2836 876 2875 superiorum
894 2836 998 2866 Ponti-

64 2874 153 2906 ficum
180 2875 275 2905 tiaras
301 2875 331 2905 in
358 2875 488 2905 vetustis
515 2875 701 2915 imaginibus
729 2886 764 2907 ac
793 2877 997 2907 monumentis

63 2917 154 2947 unius
169 2917 379 2947 coronamenti
395 2919 425 2946 et
440 2917 554 2947 Romae
567 2918 730 2954 cernimuS,
747 2921 776 2948 et
787 2917 936 2958 Sugerius
949 2919 1000 2949 de-

64 2957 213 2988 scribit».
243 2958 367 2996 ·Gapiti
390 2958 467 2994 eius,
489 2958 585 2996 inquil.
608 2958 736 2997 loquens
760 2959 798 2989 de
814 2959 996 2991 Innocentio

63 2998 111 3035 lv,
129 2999 292 3039 phrygium
308 3002 519 3029 ornamentum
534 2998 695 3038 imperiale
710 2999 808 3030 instar
820 3001 929 3040 galeae
942 3002 997 3031 cir-

65 3039 134 3070 culo
151 3049 245 3071 aureo
268 3040 486 3071 concinnatum
509 3041 668 3079 imponunt
680 3051 708 3071 n.
725 3041 800 3071 Vide
816 3041 900 3081 quod
916 3042 996 3072 dixi-

63 3088 132 3112 mus
147 3081 178 3111 in
199 3086 217 3112 t.
235 3081 257 3120 Ι,
271 3091 300 3120 p.
312 3080 362 3119 84,
380 3085 440 3112 not.
458 3081 486 3119 1,
502 3082 559 3112 col.
576 3081 605 3112 2.

105 3121 119 3144 4
136 3121 199 3152 Vid.
217 3132 245 3161 p.
261 3122 310 3153 67.

104 3162 120 3186 5
132 3163 280 3203 Raynald.
294 3163 333 3195 ad
349 3173 399 3195 an.
413 3163 500 3199 1338,
516 3167 546 3194 et
562 3162 651 3201 1369;
669 3164 829 3194 Assemani
847 3163 994 3197 Bibliolh.

65 3203 179 3277 zzietntl.
195 3207 216 3237 t.
232 3206 284 3244 1113
301 3207 321 3238 Ι.
335 3206 368 3238 Β.
391 3204 431 3237 du
455 3204 563 3243 flalde,
586 3204 789 3246 Description
803 3204 841 3237 de
857 3205 889 3237 la
917 3205 995 3239 Chi-

1857 175 1932 213 103

1032 252 1183 288 stianae
1204 252 1413 289 maximam
1429 251 1580 289 cladem
1595 249 1726 288 intulit
1739 249 1975 288 Timur-Bec

1032 315 1098 341 seu
1118 304 1389 350 Tamerlanus‚
1409 305 1596 342 Bucariae
1617 303 1814 352 princeps,
1835 304 1899 352 qui
1923 304 1973 340 ab

1033 369 1093 394 an.
1114 357 1213 394 1370
1232 357 1419 406 potiorem
1441 357 1555 395 Asiae
1578 359 1725 405 partem
1746 356 1817 394 sibi
1838 356 1971 393 subie-

1031 410 1096 455 cit,
1118 413 1155 446 et
1179 410 1458 448 mahometicae
1479 411 1656 459 religioni
1680 409 1971 447 addictissimus

1033 463 1270 500 Christianos
1287 463 1335 500 ad
1350 463 1599 501 deserendam
1617 475 1729 500 suam
1746 462 1974 511 religionem

1033 519 1071 553 et
1100 516 1385 565 suscipiendam
1418 516 1716 554 mahometicam
1736 516 1895 565 adigere
1916 527 1976 552 co-

1034 571 1146 606 natus
1167 573 1238 613 est,
1251 569 1347 606 adeo
1359 571 1400 606 ut
1415 570 1481 617 qui
1500 570 1538 606 in
1552 569 1648 607 Fide
1664 572 1777 607 erant
1790 572 1976 606 constan-

1033 624 1103 667 tes,
1119 633 1261 671 magno
1278 633 1438 659 numero
1454 621 1666 668 interfecti,
1682 633 1817 659 eorum
1837 622 1975 660 domus

1034 675 1213 712 incensae
1228 678 1268 712 et
1286 675 1473 713 ecclesiae
1493 677 1711 713 destructae
1731 675 1976 713 fuerint.Ve-

1033 730 1252 765 rumtamen
1273 730 1358 776 post
1376 729 1579 766 interitum
1594 727 1850 766 crudelissimi
1872 729 1976 777 priu-

1033 781 1127 829 cipis
1146 781 1290 830 plures,
1301 781 1384 819 sive
1395 780 1721 819 Nestorianorum
1736 781 1819 818 sive
1835 781 1973 818 Catho-

1033 833 1214 884 licorum‘,
1234 834 1419 872 ecclesiae
1432 834 1470 872 in
1488 834 1708 872 borealibus
1728 838 1767 872 et
1786 834 1975 872 australi-

1032 887 1104 925 bus
1135 888 1251 925 Asiae
1284 887 1508 937 regionibus
1541 887 1770 936 superstites
1814 899 1975 926 manse-

1034 944 1127 978 runt
1148 939 1173 978 ¹.

1086 993 1281 1035 Quantum
1297 994 1346 1031 ad
1366 993 1588 1043 religiosum
1604 994 1866 1031 Armenorum
1899 996 1977 1032 sta-

1034 1049 1116 1084 tum
1136 1049 1299 1096 spectat,
1319 1047 1347 1084 ii
1376 1047 1532 1085 saeculo
1560 1047 1637 1085 XII
1667 1047 1825 1085 abiectis
1845 1047 1976 1095 Euty-

1034 1100 1264 1137 chianorum
1274 1101 1486 1146 erroribus,
1497 1101 1806 1138 communionem
1816 1112 1904 1137 cum
1917 1104 1975 1137 A-

1034 1153 1220 1202 postolica
1235 1153 1332 1191 Sede
1348 1154 1614 1199 coluerunt,in
1632 1153 1824 1191 nonnullis
1840 1155 1975 1190 tamen

1035 1207 1232 1244 doctrinae
1243 1209 1282 1244 et
1294 1207 1518 1256 disciplinae
1527 1207 1702 1245 articulis
1714 1207 1762 1244 ab
1774 1218 1820 1244 ea
1831 1206 1974 1243 dissen-

1034 1261 1194 1298 tiebant.
1224 1261 1298 1297 An.
1332 1261 1433 1298 1317
1466 1260 1592 1298 Ossini
1605 1289 1614 1304 ,
1643 1271 1778 1297 eorum
1807 1271 1876 1296 rex
1889 1288 1898 1304 ‚
1929 1259 1977 1297 ad

1036 1313 1216 1351 Ioannem
1246 1313 1316 1362 Pp.
1342 1313 1636 1366 XXII-legavit
1665 1313 1885 1362 episcopum
1901 1342 1910 1357 ‚
1931 1313 1978 1350 de

1037 1367 1302 1415 recuperanda
1322 1367 1439 1414 Syria
1458 1368 1734 1412 tractaturum,
1754 1366 1820 1414 qui
1840 1368 1978 1403 conte-

1035 1422 1160 1457 status
1176 1423 1247 1466 est,
1258 1420 1447 1456 Armenos
1462 1420 1637 1457 eamdem
1662 1431 1750 1457 cum
1772 1420 1820 1456 R.
1840 1419 1976 1456 Eccle-

1036 1474 1094 1510 sia
1121 1472 1254 1510 Fidem
1267 1472 1451 1522 profiteri.
1466 1472 1651 1510 Pontifex
1671 1473 1720 1510 ad
1748 1471 1983 1510 firmandam

1035 1526 1152 1564 istam
1172 1525 1465 1564 consensionem
1485 1527 1532 1564 ad
1551 1527 1637 1563 illos
1657 1525 1765 1563 misit
1783 1525 1875 1562 fidei
1895 1525 1978 1563 sor-

1037 1579 1198 1626 mulam,
1214 1592 1314 1628 quae
1331 1579 1385 1617 eis
1405 1583 1509 1617 esset
1529 1579 1810 1616 credendorum
1831 1590 1978 1625 norma,

1037 1644 1248 1682 regemque
1279 1634 1318 1670 et
1355 1631 1586 1671 catholicon
1623 1643 1691 1670 seu
1719 1632 1981 1680 patriarcham

1038 1686 1217 1723 hortatus
1236 1689 1306 1732 est,
1324 1691 1368 1723 ut
1381 1686 1500 1723 etiam
1515 1686 1706 1723 tollendae
1721 1685 1979 1734 quorumdam

1039 1739 1185 1776 rituum
1214 1738 1432 1777 diversitati
1452 1751 1610 1787 operam
1640 1739 1780 1775 darent
1801 1737 1827 1767 ²·
1847 1739 1980 1775 Bene-

1038 1792 1164 1830 dictus
1185 1792 1277 1838 XII,
1296 1792 1450 1830 Ioannis
1470 1803 1670 1830 successor
1685 1821 1695 1837 ‚
1717 1792 1764 1829 ad
1786 1792 1978 1829 reducen-

1038 1845 1105 1882 dos
1125 1848 1317 1883 Armenos
1349 1846 1400 1883 ab
1421 1846 1639 1892 erroribus,
1660 1856 1753 1893 quos
1773 1845 1812 1881 in
1841 1856 1980 1882 eorum

1026 1898 1157 1944 libris,
1177 1899 1214 1935 in
1235 1898 1402 1936 latinum
1422 1898 1554 1945 versis,
1576 1901 1798 1943 notaverat,
1821 1898 1868 1935 ad
1889 1910 1978 1935 eos-

1037 1951 1125 1988 dem
1146 1952 1297 2000 legavit
1315 1952 1499 1989 Ioannem
1518 1951 1737 2000 episcopum
1760 1951 1978 1998 Sutrinum,

1040 2006 1084 2041 ut
1099 2008 1232 2042 coacta
1247 2005 1394 2053 synodo
1410 2016 1560 2042 errores
1577 2005 1683 2051 istos,
1701 2015 1865 2053 quorum
1881 2015 1982 2041 sum-

1038 2069 1141 2095 mam
1162 2058 1315 2107 legatus
1341 2057 1513 2104 ferebat,
1534 2059 1779 2096 damnarent.
1803 2058 1981 2095 Patriar-

1039 2111 1110 2148 cha
1138 2110 1244 2149 iussu
1276 2111 1379 2160 regis
1407 2111 1604 2160 episcopos
1632 2123 1721 2149 suos
1750 2111 1982 2149 convocavit

1039 2176 1102 2202 an.
1121 2164 1234 2211 1342,
1250 2168 1290 2202 et
1308 2165 1357 2202 ad
1377 2165 1553 2213 singulas
1569 2164 1770 2202 Pontificis
1790 2165 1986 2213 querelas,

1040 2228 1136 2266 quas
1156 2217 1388 2263 calumnias,
1410 2218 1492 2255 eius
1519 2218 1678 2255 auribus
1697 2230 1720 2255 a
1738 2217 1888 2255 Latinis
1917 2217 1982 2254 in-

1040 2273 1275 2317 susurratas,
1295 2271 1556 2320 appellabant,
1572 2271 1746 2320 singulas
1768 2270 1983 2319 responsio-

1043 2335 1109 2361 nes
1128 2324 1176 2361 ad
1196 2324 1437 2362 Clementem
1458 2324 1513 2361 VI
1528 2353 1538 2370 ,
1559 2324 1761 2362 Benedicti
1781 2335 1980 2361 successo-

1041 2388 1146 2423 rem,
1166 2377 1380 2425 dederunt3
1407 2389 1504 2426 quas
1528 2389 1618 2414 cum
1645 2377 1823 2414 Clemens
1848 2377 1887 2413 in
1915 2376 1961 2413 iis
1979 2405 1989 2422 ,

1040 2441 1140 2478 quae
1177 2431 1224 2468 R.
1255 2430 1458 2468 Pontificis
1487 2431 1698 2480 primatum
1726 2430 1984 2478 spectabant,

1039 2483 1264 2531 reperiisset
1291 2485 1494 2530 obscuras,
1529 2495 1599 2532 per
1636 2495 1781 2520 novum
1809 2482 1984 2530 legatum

1041 2539 1167 2574 certos
1187 2537 1370 2575 articulos
1389 2537 1437 2575 de
1451 2538 1499 2575 R.
1518 2536 1718 2575 Pontificis
1737 2536 1907 2585 primatu
1930 2535 1980 2573 ad

1042 2592 1232 2628 Armenos
1252 2591 1359 2627 misit
1375 2620 1384 2635 ,
1405 2594 1448 2628 ut
1467 2590 1759 2639 explicatiorem
1780 2587 1983 2636 professio-

1044 2655 1131 2680 nem
1158 2643 1318 2681 ederent
1337 2641 1363 2680 3.
1384 2643 1549 2681 Saeculo
1569 2644 1756 2690 sequente
1777 2642 1979 2690 Eugenius

1041 2697 1110 2745 Pp.
1141 2696 1196 2734 IV
1225 2708 1362 2734 rursus
1390 2697 1580 2733 Armenos
1613 2696 1662 2732 ad
1700 2694 1979 2743 perficiendam

1040 2761 1174 2787 eorum
1194 2762 1281 2787 cum
1302 2751 1348 2787 R.
1371 2749 1543 2786 Ecclesia
1572 2748 1755 2785 unionem
1786 2759 1977 2796 provoca-

1041 2804 1110 2848 vit,
1134 2806 1176 2840 ut
1196 2803 1424 2840 videbimus.

1092 2857 1154 2894 81.
1171 2856 1278 2893 Novi
1289 2856 1457 2892 Ordines
1474 2855 1719 2901 relz’yz'osz'-
1730 2854 1893 2891 Interim
1909 2854 1982 2890 hoc

1039 2910 1186 2958 pariter
1214 2909 1367 2946 saeculo
1389 2920 1433 2944 ac
1463 2907 1780 2956 praecedentibus
1802 2907 1981 2956 quamvis

1080 3000 1091 3020 ¹
1109 3000 1266 3031 Assemani
1285 3000 1340 3029 loc.
1359 2999 1423 3033 cit.;
1441 2998 1470 3028 F.
1491 2999 1572 3028 Petis
1598 2998 1635 3028 ‹le
1662 2999 1693 3028 la
1721 2999 1820 3037 Croix,
1843 2997 1986 3030 Histoire

1039 3040 1296 3091 [ἰενΤίηιιιν-Βεε,
1323 3043 1341 3070 t.
1372 3039 1469 3077 11-111;
1505 3038 1661 3078 lierbelol,
1688 3039 1840 3072 Bibliollz.
1865 3041 1988 3072 orient.

1039 3082 1255 3162 9⁰?{7aynalsl
1273 3122 1313 3153 ad
1329 3130 1378 3152 an.
1396 3120 1492 3160 1318;
1509 3121 1653 3163 Wadiug.
1675 3121 1790 3154 Annal.
1809 3122 1925 3154 Minor.
1943 3122 1984 3153 ad

1039 3173 1094 3228 an.3
1108 3163 1258 3244 ffllssald‘
1274 3202 1316 3234 ad
1330 3213 1378 3235 an.
1394 3203 1469 3234 13t1
1492 3208 1522 3235 et
1543 3203 1637 3242 134&
1662 3205 1806 3245 Martene,
1826 3204 1984 3246 Ampliss.

1038 3248 1275 3278 monumentor.
1291 3245 1449 3285 collectio,
1459 3249 1479 3279 t.
1491 3245 1553 3285 VlI,
1565 3255 1595 3287 p.
1610 3245 1685 3280 320.
