2241 3473
450 155 577 186 VSQvss
607 155 660 183 AD
688 154 893 183 PVBLlCAM
920 154 1064 182 RERVM
1090 154 1134 182 IN
1161 155 1319 183 GALLns
1346 154 1651 183 SVBVERSIONEM

87 222 252 262 vocavit.
276 222 382 260 Inter
404 222 638 272 rigidissima
655 223 850 269 instituta,
866 223 913 260 ad
929 233 1028 272 quae

87 277 294 316 monachos
314 287 405 313 suos
426 278 631 325 permovit,
658 281 744 315 erat
764 276 960 325 separatio
982 276 1030 313 ab

85 330 188 368 omni
209 334 453 367 caeterorum
491 330 692 367 hominum
713 330 918 375 consortie,
937 341 1031 379 per-

85 384 243 433 petuum
264 383 472 428 silentium,
495 384 620 421 victus
637 384 858 427 vilissimus,
879 383 917 419 in
938 382 1030 420 solis

84 436 255 474 oleribus
275 440 313 474 et
333 435 524 474 fructibus
554 437 764 474 consistens
781 466 790 483 ,
810 447 943 484 preces
965 435 1028 474 diu

82 491 276 538 noctuque
312 484 350 526 iii
385 490 502 527 choro
535 490 770 535 recitandae,
805 490 925 526 durus
945 501 1026 526 ma-

83 554 202 580 nuum
223 542 333 580 labor
350 572 359 589 ,
380 543 506 580 cubile
541 543 790 581 durissimum
812 571 821 588 ,
843 546 1032 590 perpetua

84 596 344 646 poenitentiae
364 607 410 634 ac
430 596 565 634 mortis
587 596 790 633 memoria.
821 595 876 632 De
896 595 1030 632 Ranee

83 650 123 687 in
141 649 336 687 continuis
352 649 613 698 poenitentiae
631 648 827 687 exercitiis
844 647 1031 696 reliquam

85 701 207 740 vitam
228 704 310 751 egit
331 714 450 752 usque
470 703 519 740 ad
539 714 601 740 an.
625 702 738 748 1700,
761 713 838 751 quo
860 701 1032 751 placidis-

85 754 181 793 sime
202 756 308 794 obiit.
343 755 520 805 Reliquit
553 756 669 805 plura
702 756 846 804 scripta
867 755 914 792 ad
937 766 1033 792 con-

86 807 292 847 fovendam
312 808 499 858 pietatem
515 811 555 846 et
574 808 817 858 disciplinam
839 807 1032 857 perutilia.

85 861 337 900 Concertavit
356 863 475 900 etiam
492 874 579 901 cum
595 862 624 900 1.
642 861 868 900 Mabillonio
889 861 935 899 de
955 863 1034 899 stu-

85 913 162 954 diis
181 915 406 954 monasticis
428 915 452 954 ¹.

142 969 201 1007 15.
225 969 264 1008 S.
294 969 535 1007 Vincentius
554 969 603 1007 de
623 969 758 1007 Paulo
774 991 825 997 --
841 968 897 1006 De
917 967 1032 1005 insti-

86 1023 173 1060 tuta
192 1035 216 1060 a
236 1035 265 1060 s.
281 1022 489 1060 Vincentio
510 1023 556 1060 de
579 1022 703 1060 Paulo
721 1022 1032 1071 Congregatione

85 1075 283 1114 Missionis
317 1088 437 1125 supra
470 1076 640 1114 diximus
656 1075 682 1114 ².
706 1076 811 1113 Idem
833 1077 1034 1124 praeterea

87 1129 260 1168 instituit
279 1129 632 1179 congregationem
654 1129 870 1179 puellarum
891 1128 1034 1166 Chari—

85 1183 191 1230 tatis,
205 1195 303 1233 quae
319 1183 587 1220 ministrarent
600 1183 836 1232 pauperibus
853 1181 1030 1219 infirmis.

89 1236 178 1274 Alia
197 1237 346 1274 creavit
365 1236 546 1274 sodalitia
575 1237 622 1274 ad
643 1236 833 1285 sequioris
854 1247 970 1273 sexus
988 1247 1031 1271 e-

90 1290 352 1335 ducationem,
373 1290 422 1327 ad
444 1290 680 1340 colligendos
696 1289 866 1327 infantes
886 1288 1034 1337 exposi-

89 1344 164 1389 tos,
184 1343 358 1392 aliasque
377 1343 577 1381 hominum
598 1343 748 1393 inopias
768 1345 807 1380 et
827 1342 1030 1380 calamita-

88 1398 148 1434 tes
159 1393 428 1435 sublevandas.
442 1396 710 1435 Postmortem
727 1396 914 1434 Ludovici
933 1395 1031 1432 XIII

88 1450 136 1488 ab
151 1450 266 1488 Anna
284 1451 501 1496 Austriaca,
519 1450 709 1488 Ludovici
724 1450 820 1488 XIV
837 1451 975 1495 matre,
991 1449 1031 1485 in

87 1503 258 1542 sanctius
279 1504 483 1542 concilium
505 1504 652 1542 accitus
669 1534 677 1550 ,
698 1515 767 1553 pro
789 1503 937 1540 viribus
959 1502 1032 1540 ad·-

86 1556 297 1604 laboravit,
318 1561 361 1595 ut
380 1557 485 1607 leges
522 1557 812 1595 ecclesiasticae
834 1559 874 1594 et
894 1555 1027 1593 civiles

87 1610 406 1658 observarentur,
426 1611 674 1660 Apostolicae
695 1610 806 1648 Sedis
826 1609 1031 1647 sententiis

86 1663 220 1701 debita
240 1664 461 1703 obedientia
481 1665 528 1702 ab
549 1665 727 1702 omnibus
747 1667 1031 1713 praestaretur,

88 1716 263 1756 ecclesiis
282 1720 322 1755 et
339 1718 586 1756 monasteriis
619 1717 812 1767 digniores
841 1716 1032 1766 praefice-

87 1772 236 1809 rentur.
257 1772 426 1809 Demum
454 1771 651 1809 laboribus
672 1773 711 1808 et
732 1770 838 1808 senio
859 1770 1032 1816 attritus,

89 1836 151 1863 an.
176 1824 276 1862 1660
313 1829 511 1863 aeternam
550 1825 770 1862 mercedem
800 1827 1032 1861 consecutus

89 1879 162 1925 est,
183 1881 317 1926 postea
337 1891 360 1916 a
381 1878 594 1916 Benedicto
613 1878 711 1916 XIII
740 1878 844 1915 inter
867 1877 1023 1922 Beatos,

81 1934 129 1983 gt
144 1943 167 1969 a
182 1931 381 1970 Clemente
403 1932 482 1970 ΧΠ
511 1932 612 1970 inter
641 1932 804 1969 Sanctos
834 1931 981 1969 relatus
1001 1928 1028 1967 ³.

145 1984 202 2022 16.
227 1985 461 2034 Relzyz'onz's
494 1991 628 2023 status
662 1986 706 2022 z'n
727 1985 905 2023 Sz'nz's—
920 1983 1035 2021 Vidi-

90 2049 191 2084 mus,
209 2050 315 2088 quan
324 2042 364 2078 to
385 2051 473 2077 eum
494 2051 672 2077 successu
688 2038 824 2087 religio
853 2037 1035 2075 christia-

90 2103 140 2129 na
161 2093 287 2141 primo
309 2105 332 2130 a
357 2093 514 2131 Iesuitis
531 2122 540 2139 ,
569 2092 707 2130 deinde
727 2092 845 2129 etiam
861 2103 883 2128 a
904 2090 1035 2128 Domi-

91 2145 240 2183 nicanis
259 2145 426 2196 aliisque
455 2146 707 2184 missionariis
740 2145 779 2182 in
814 2144 1035 2182 vastissimo

91 2197 273 2236 Sinai-um
306 2199 470 2249 imperio
507 2199 626 2237 fuerit
659 2200 873 2248 propagata
893 2196 921 2235 ⁴.
955 2198 1034 2235 Res

92 2251 190 2289 bene
210 2253 398 2301 processit
418 2265 538 2302 usque
560 2253 608 2290 ad
630 2265 690 2290 an.
714 2252 828 2298 1661,
846 2263 919 2311 quo
940 2262 1038 2288 mor-

93 2306 186 2342 tuus
201 2308 261 2342 est
275 2305 486 2355 imperator
501 2307 603 2344 Cun·
607 2306 716 2344 tschi.
729 2305 860 2343 Huic
852 2317 890 2342 ln
908 2304 1033 2364 impe-

94 2357 154 2395 rio
167 2359 353 2397 successit
373 2360 546 2409 Cang-hi
562 2359 666 2397 filius
682 2359 765 2397 eius
785 2357 1037 2404 minorennis,

95 2411 207 2448 cuius
226 2414 377 2450 tutores
397 2425 559 2462 gravem
573 2412 886 2463 persecutionem
902 2414 1037 2449 contra

95 2463 337 2503 Christianos
356 2467 748 2504 excitarunt.Etenim
765 2466 941 2503 eruditus
957 2465 1040 2512 qui-

95 2518 186 2555 dam
205 2517 374 2556 Sinensis
393 2519 469 2556 illis
503 2523 748 2569 persuaserat
764 2548 774 2565 ,
794 2518 1036 2556 Christianos

95 2582 178 2609 esse
199 2571 417 2620 proditores
437 2575 475 2610 et
493 2573 531 2610 in
552 2573 780 2610 seditionem
802 2583 954 2620 pronos.
976 2570 1037 2608 Illi

95 2624 221 2674 primo
241 2625 389 2674 aliquot
409 2626 658 2663 mandarinos
679 2625 908 2663 christianos
933 2626 973 2661 et
992 2636 1038 2661 o-

97 2689 206 2715 mnes
225 2678 490 2716 missionarios
510 2679 712 2728 ipsumque
732 2684 881 2727 patrem
893 2677 1039 2724 Schall,

94 2742 247 2769 summo
268 2732 412 2770 honore
433 2733 480 2769 ab
499 2732 735 2781 imperatore
751 2730 955 2769 Cun-tschi
976 2731 1041 2768 ha-

98 2784 235 2831 bitum,
258 2785 427 2823 vinculis
461 2786 639 2831 onerari,
673 2785 810 2822 deinde
831 2785 870 2822 in
890 2784 1039 2822 Canton

99 2837 266 2887 relegari
300 2838 510 2877 iusserunt.
531 2840 601 2876 An.
626 2838 727 2876 1665
759 2838 1039 2884 decreverunt,

97 2890 328 2940 religionem
357 2892 608 2929 christianam
642 2903 724 2929 esse
759 2902 964 2928 erroneam
1001 2895 1040 2928 et

99 2945 255 2982 noxiam
276 2946 435 2994 eiusque
456 2945 632 2983 doctores
662 2946 786 2982 morte
808 2943 1038 2982 afficiendos.

142 3025 150 3046 ¹
168 3026 352 3065 Marsollier,
375 3025 428 3058 lie
449 3025 487 3057 <Ie
510 3025 584 3057 dom
607 3025 722 3064 Rance]
745 3024 821 3056 abbe
843 3027 874 3057 el
890 3024 1042 3065 re'sorma-

102 3065 237 3140 Ιὲιζννεξὲ
240 3067 279 3149 lg
290 3067 432 3140 332pr
451 3067 567 3108 liely,ot
579 3066 658 3099 msc.
675 3066 728 3099 des
747 3066 838 3100 Ordr.
855 3066 947 3108 reliq.

104 3188 149 3231 ΟΡ
140 3147 154 3170 ³
169 3150 266 3223 coll-lett
280 3151 438 3224 &labella
459 3150 510 3184 Vde
522 3150 560 3183 de
573 3161 597 3182 s
618 3150 750 3184 Vincent
766 3149 804 3182 de
818 3150 908 3189 Paul,
923 3151 1042 3191 Helyot,

128 3199 234 3264 Ηῗίιᾱ.
246 3242 274 3272 p
292 3233 365 3266 209.

1880 144 1959 183 229

1075 223 1186 260 Anno
1205 223 1306 261 1600
1326 234 1456 261 rerum
1476 225 1601 262 status
1618 223 1793 261 mutatus
1809 223 1881 269 est,
1894 234 2011 272 quum

1073 277 1227 315 iuvenis
1246 276 1418 326 Cang-hi
1448 277 1528 326 ipse
1561 277 1735 327 regimen
1768 278 2013 326 suscepisset.

1076 331 1176 368 Huic
1209 331 1378 368 Iesuitae
1414 330 1587 367 libellum
1622 329 1834 380 supplicem
1855 329 2014 367 obtule-

1075 387 1178 430 runt,
1198 395 1272 432 quo
1303 383 1614 422 Christianorum
1651 384 1875 433 religionem
1898 385 1938 421 et
1958 382 2015 421 di-

1074 437 1274 486 sciplinam
1296 436 1344 474 ab
1365 437 1675 474 adversariorum
1697 436 1902 475 calumniis
1921 436 2012 473 vin-

1075 491 1282 536 dicarunt,
1316 490 1638 538 postularuntque
1656 520 1664 536 ,
1685 494 1727 528 ut
1747 489 2014 528 missionariis.

1075 544 1112 581 in
1144 544 1292 582 Canton
1332 543 1512 592 relegatis
1530 572 1538 588 ,
1577 543 1736 581 libertas
1769 544 2014 590 redderetur,

1076 597 1292 645 Imperator
1313 607 1450 634 eorum
1470 595 1645 633 libellum
1678 609 1746 646 pro
1780 609 1889 635 more
1911 596 2017 634 misit

1077 650 1126 687 ad
1146 661 1370 699 supremum
1392 649 1538 687 rituum
1560 649 1757 696 tribunal,
1780 651 1888 688 cuius
1907 650 2014 687 iudi-

1077 715 1139 741 ces
1159 703 1198 740 in
1221 703 1417 752 proposito
1449 714 1517 741 suo
1536 705 1781 751 perstantes,
1803 703 2017 753 responde-

1077 759 1190 803 runt,
1226 756 1451 804 religionem
1482 756 1730 794 christianam
1752 769 1834 795 esse
1855 768 2018 807 pravam

1077 812 1116 847 et
1135 810 1174 847 in
1192 810 1352 859 imperio
1373 809 1531 847 tolerari
1554 821 1628 847 non
1658 822 1780 859 posse.
1802 810 2017 849 Verumta-

1076 875 1164 901 men
1195 863 1234 900 in
1264 863 1430 900 comitiis
1450 863 1604 912 imperii
1627 863 1826 902 decretum
1855 865 1926 910 est,
1955 876 2018 901 re-

1076 917 1231 966 ligionis
1278 916 1514 954 christianae
1562 916 1839 965 professionem
1893 929 2018 966 neque

1076 982 1240 1020 pravam
1261 982 1357 1016 esse,
1378 982 1501 1018 neque
1522 969 1571 1008 ad
1591 970 1825 1008 defectiones
1851 973 1919 1008 aut
1938 982 2020 1020 per-

1077 1024 1319 1062 turbationes
1339 1023 1515 1072 publicas
1536 1023 1724 1074 vergeress
1745 1024 1804 1070 iis,
1825 1024 1891 1073 qui
1911 1023 2020 1062 illam

1076 1079 1357 1126 sequebantur,
1377 1077 1590 1114 secundum
1610 1077 1778 1126 priscum
1800 1089 1943 1114 morem
1966 1090 2021 1115 es-

1077 1144 1117 1169 se
1137 1132 1305 1169 liberum
1329 1142 1414 1168 eam
1436 1130 1622 1179 profiteri,
1647 1131 1703 1169 sic
1723 1133 1867 1178 tamen,
1888 1132 1933 1168 ut
1953 1143 2022 1168 nec

1077 1188 1210 1223 coetus
1227 1197 1346 1222 novos
1363 1184 1629 1230 instituerent,
1644 1196 1714 1222 nec
1730 1184 1893 1222 ulterius
1910 1196 2020 1222 suam

1076 1239 1301 1288 religionem
1337 1241 1597 1287 propagarent
1615 1251 1623 1285 ;
1657 1238 1921 1276 missionarios
1935 1267 1946 1285 ,
1977 1238 2016 1275 in

1077 1292 1224 1330 Canton
1245 1292 1443 1341 relegatos
1460 1321 1469 1337 ,
1489 1292 1538 1328 ad
1558 1291 1740 1329 ecclesias
1773 1303 1863 1329 suas
1893 1291 2021 1329 redire

1076 1358 1198 1394 posse3
1220 1344 1455 1384 mandarinis
1475 1345 1699 1383 christianis
1729 1346 1910 1394 adempta
1930 1357 2021 1382 mu-

1077 1410 1169 1437 nera
1188 1412 1270 1438 esse
1291 1398 1545 1436 restituenda.
1567 1398 1736 1448 Cang-hi
1752 1399 1800 1436 ad
1818 1398 1940 1447 patris
1960 1398 2022 1436 sui

1075 1453 1295 1502 exemplum
1316 1451 1483 1489 Iesuitas
1513 1453 1644 1501 magni
1673 1451 1777 1490 fecit.
1798 1451 2021 1490 Ferdinan-

1076 1507 1166 1544 dum
1187 1506 1378 1553 Verbiest‚
1399 1505 1556 1555 Belgam
1572 1535 1580 1551 ,
1599 1505 1638 1542 in
1660 1505 1799 1544 locum.
1822 1506 1868 1543 A.
1890 1505 2022 1543 Schall

1075 1561 1153 1598 iam
1173 1561 1335 1607 mortui,
1356 1560 1571 1608 preasidem
1592 1559 1796 1597 tribunalis
1812 1559 2024 1597 mathema-

1076 1614 1143 1651 tici
1159 1614 1373 1660 constituit,
1393 1615 1433 1650 et
1453 1613 1629 1661 quamvis
1649 1624 1765 1662 supra
1785 1624 2023 1650 commemo-

1076 1671 1161 1705 rata
1181 1667 1266 1717 lege
1291 1669 1394 1705 esset
1422 1666 1671 1715 prohibitum,
1692 1679 1740 1703 ne
1760 1666 1940 1704 Sinenses
1974 1666 2023 1704 ad

1076 1720 1332 1759 christianam
1352 1719 1584 1769 religionem
1603 1720 1840 1766 transirent,
1859 1719 1936 1757 ista
1969 1722 2023 1758 ta·

1076 1787 1164 1812 men
1179 1775 1245 1812 lex
1260 1777 1340 1812 tam
1361 1785 1498 1823 parum
1519 1774 1814 1819 observabatur,
1832 1777 1876 1813 ut
1891 1774 2024 1811 eodem

1076 1841 1137 1867 an.
1154 1829 1267 1874 1671,
1282 1841 1357 1878 quo
1379 1828 1470 1865 data
1490 1827 1576 1873 fuit,
1597 1828 1701 1865 ultra
1717 1827 1861 1875 20,000
1878 1827 2024 1864 Sinen-

1076 1886 1193 1930 ses,et
1209 1894 1310 1920 anno
1327 1881 1503 1931 sequenti
1519 1881 1637 1919 etiam
1654 1881 1830 1931 princeps
1846 1880 2021 1931 quidam,

1076 1936 1322 1986 imperatoris
1339 1935 1662 1984 consanguineus,
1678 1938 1717 1972 et
1739 1947 1837 1973 unus
1851 1947 1872 1973 e
1893 1945 2023 1983 supre-

1076 1990 1149 2027 mis
1169 1989 1423 2027 belliducibus
1440 1988 1592 2026 Christo
1613 2001 1752 2026 nomen
1774 1987 1967 2026 dederint.

1130 2043 1224 2081 Post
1243 2055 1384 2092 paucos
1403 2054 1523 2080 annos
1539 2071 1549 2088 ,
1569 2042 1633 2091 qui
1653 2042 1755 2092 regis
1783 2043 1888 2079 vices
1909 2044 2022 2079 tene-

1076 2097 1144 2134 bat
1158 2096 1196 2134 in
1213 2097 1414 2146 provincia
1425 2096 1654 2145 Che-kiang
1671 2107 1814 2134 novam
1832 2107 2023 2144 persecu-

1075 2152 1221 2189 tionem
1254 2150 1455 2196 excitavit,
1485 2150 1726 2198 Prosperum
1761 2150 2022 2187 Intorcettam

1076 2205 1246 2254 aliosque
1259 2204 1426 2242 Iesuitas
1441 2216 1461 2240 e
1473 2215 1544 2240 sua
1558 2203 1734 2249 ecclesia,
1753 2204 1866 2240 domo
1883 2204 1922 2240 et
1937 2203 2022 2251 ipsa

1076 2258 1279 2308 provincia
1292 2258 1494 2295 exturbari
1512 2256 1639 2302 iussit,
1655 2260 1774 2305 atque
1792 2256 2021 2305 religionem

1077 2311 1423 2358 christianam,ceu
1444 2311 1600 2359 plenam
1616 2311 1814 2347 erroribus
1833 2309 2023 2355 ,vetitam

1077 2378 1159 2404 esse
1175 2366 1405 2403 declaravit.
1423 2365 1573 2402 Verum
1589 2363 1739 2401 Thoma
1761 2362 1936 2407 Pereira,
1955 2361 2021 2410 qui

1077 2419 1309 2458 F.Verbiest
1328 2419 1367 2456 in
1387 2417 1581 2467 praesidio
1592 2416 1796 2454 tribunalis
1812 2416 2023 2453 mathema-

1077 2473 1144 2511 tici
1164 2475 1417 2518 successerat,
1439 2471 1600 2519 aliisque
1624 2470 1790 2514 Iesuitis,
1812 2469 1874 2517 qui
1900 2467 2024 2505 Peki-

1079 2527 1118 2564 ni
1137 2527 1318 2576 agebant,
1337 2524 1668 2575 supplicantibus,
1689 2534 1749 2560 an.
1775 2499 1902 2560 1'692
1892 2533 2023 2571 impe-

1081 2583 1186 2618 rator
1218 2582 1259 2617 et
1283 2590 1509 2628 supremum
1544 2577 1687 2614 rituum
1722 2575 1933 2624 collegium
1952 2587 2020 2612 seu

1079 2633 1265 2679 tribunal,
1286 2633 1629 2670 commemoratam
1650 2629 1949 2689 prohibitionem
1967 2640 2026 2666 re-

1080 2689 1298 2734 vocarunt,
1336 2685 1663 2731 mandaruntque,
1693 2685 1736 2720 ut
1771 2682 1810 2720 in
1848 2681 2025 2720 omnibus

1080 2740 1291 2790 provinciis
1310 2739 1457 2788 templa
1477 2736 1788 2776 Christianorum
1804 2766 1813 2782 ,
1835 2747 1954 2784 quum
1984 2734 2025 2772 hi

1081 2794 1177 2831 nihil
1198 2793 1353 2832 omnino
1375 2793 1465 2830 mali
1498 2791 1759 2838 operarentur
1778 2818 1788 2836 ,
1811 2800 2024 2826 conserva-

1082 2850 1221 2885 rentur
1241 2849 1281 2884 et
1300 2846 1449 2884 cunctis
1471 2842 1761 2893 permitteretur
1798 2842 2026 2891 religionem

1083 2902 1334 2939 christianam
1355 2897 1527 2948 profiteri
1547 2898 1587 2932 et
1605 2895 1753 2944 templa
1768 2895 1886 2933 adire.
1910 2896 2026 2932 Prae-

1083 2957 1191 2992 terea
1199 2953 1377 2992 omnibus
1386 2949 1677 2999 provinciarum
1690 2949 1898 2998 praefectis
1919 2959 2026 2986 man-

1083 3009 1217 3046 datum
1237 3008 1307 3052 est,
1329 3009 1370 3042 ut
1389 3004 1453 3042 isti
1474 3003 1626 3041 decreto
1662 3014 1809 3040 morem
1843 3002 2029 3051 gererent

1082 3062 1176 3099 illud
1196 3059 1358 3097 caeteris
1378 3056 1638 3095 mandarz‘m’s
1658 3055 1940 3106 patefacerent,
1963 3065 2026 3091 cu-

1083 3117 1307 3162 rarentque,
1328 3114 1372 3149 ut
1391 3111 1439 3148 ab
1455 3109 1633 3147 omnibus
1667 3109 1870 3147 confestim
1897 3113 2020 3146 aceu-

1083 3171 1168 3207 rate
1188 3167 1426 3211 servaretur,
1442 3163 1527 3201 etsi
1547 3162 1638 3212 quid
1655 3175 1677 3200 a
1692 3173 1887 3212 quoquam
1908 3172 2022 3199 secus

1084 3222 1205 3267 fieret,
1222 3220 1270 3258 ad
1290 3219 1420 3257 aulam
1439 3217 1642 3255 referrent.
1663 3217 1723 3255 Ex
1745 3229 1821 3266 quo
1842 3218 2017 3263 tempore
