2241 3473
633 178 758 208 VSQVE
784 178 838 205 AD
866 174 1172 204 CONVERSIONRM
1201 176 1465 212 coNS'rANTINl
1493 175 1535 203 M.

114 244 278 286 materia
296 243 489 287 constans,
505 243 605 290 quod
626 246 790 280 vocatur
806 241 898 290 hyle
913 241 975 278 vel
989 253 1048 278 sa-

112 303 236 342 tanas,
256 294 364 344 regni
385 295 635 333 tenebrarum
655 295 831 333 dominus
846 324 854 339 ‚
874 294 1048 341 aliosque

113 350 344 400 depravandi
375 348 551 397 cupidus.
579 349 796 397 Utrumque
816 346 1047 396 principium

113 408 271 443 naturas
287 401 356 439 sibi
372 401 518 438 similes
535 402 728 450 produxit,
741 404 781 438 et
797 412 865 449 per
881 411 1045 448 regnum

111 467 225 495 suum
244 454 451 492 distribuit.
470 455 620 492 Incolae
638 455 841 502 utriusque
857 453 981 502 regni,
996 453 1050 488 in-

111 508 216 548 vidia
237 508 412 553 excitati,
432 508 502 545 sibi
525 507 666 545 bellum
687 506 916 550 intulerunt,
937 506 1047 542 cuius

110 560 309 601 occasione
339 561 544 598 daemones
570 561 714 597 multas
733 559 831 597 lucis
851 559 1047 596 animatae

111 614 336 664 particulas,
346 625 415 651 seu
436 614 586 651 animas
607 614 726 650 bonas
737 615 777 650 et
788 612 1014 656 rationales,
1028 623 1048 648 e

110 679 232 716 regno
254 667 350 704 lucis
370 668 604 716 rapuerunt3
624 667 694 703 has
715 668 844 703 autem
874 665 1051 714 princeps

111 721 346 759 daemonum
380 721 419 757 in
453 731 571 757 unum
602 719 804 763 collectas,
826 718 938 755 uxori
959 729 1050 755 suae

109 773 415 812 communicavit
435 784 503 821 per
519 772 779 817 concubitum,
800 783 820 809 e
837 783 912 819 quo
935 772 1051 808 natus

111 829 171 865 est
190 827 377 872 Adamus,
396 826 568 862 omnium
598 826 799 862 hominum
830 824 1051 861 futurorum

111 880 260 917 animas
280 880 319 916 in
339 892 378 917 se
394 880 609 916 continens.
628 878 700 919 Qui
718 890 806 916 cum
822 890 890 926 per
902 877 1053 925 copiam

109 933 207 971 lucis
226 933 265 969 in
287 945 327 970 se
342 934 561 976 contentae,
587 931 748 969 rationis
771 930 972 968 dictamini
993 930 1053 967 ob-

111 988 354 1035 sequeretur,
381 989 540 1023 satanas
555 985 590 1022 ei
610 984 731 1022 filiam
753 995 862 1021 suam
881 984 1019 1029 Evam,
1035 994 1056 1020 e

111 1039 212 1077 lucis
232 1038 432 1088 particulis
447 1038 530 1076 fere
547 1038 641 1075 nihil
657 1037 734 1075 iam
751 1038 973 1082 habentem,
989 1037 1055 1073 ad—

112 1092 210 1131 didit
228 1105 272 1130 eo
292 1092 452 1130 consilio
465 1122 474 1138 ,
496 1094 539 1128 ut
559 1103 649 1128 eum
670 1091 718 1128 ad
739 1090 985 1127 concubitum
1005 1090 1057 1126 al-

112 1145 263 1190 liceret,
279 1158 355 1195 quo
373 1145 489 1190 facto,
500 1145 547 1181 ob
565 1156 709 1193 pravae
721 1143 907 1181 materiae
918 1154 1056 1192 propa-

112 1200 309 1248 gationem
338 1199 436 1236 lucis
464 1198 618 1236 ablatae
639 1197 834 1235 restitutio
855 1196 1055 1234 retardata

112 1254 182 1291 est.
211 1253 329 1298 Dens,
359 1254 401 1289 ut
419 1251 496 1289 luci
518 1263 540 1288 a
557 1251 722 1288 materia
742 1262 864 1299 prava
883 1250 1056 1287 liberan-

112 1305 185 1343 dae
205 1306 375 1343 medium
395 1305 612 1353 praeberet,
626 1315 697 1352 per
713 1304 890 1353 spiritum
907 1302 1054 1350 vivum,

114 1359 254 1397 ducem
283 1358 495 1404 exercitus,
525 1369 638 1406 quem
660 1357 913 1394 daemonibus
933 1368 1054 1404 oppo-

115 1414 262 1459 suerat,
275 1412 460 1450 mundum
472 1411 641 1448 construi
657 1410 822 1455 curavit,
836 1411 890 1447 ita
902 1409 1053 1457 quidem

116 1468 160 1503 ut
173 1465 285 1503 solet
304 1466 397 1502 luna
416 1477 436 1501 e
457 1465 622 1501 materia
642 1465 756 1509 bona,
778 1463 929 1511 reliqua
950 1465 1058 1517 astra

115 1520 155 1556 et
173 1523 240 1556 aer
259 1531 280 1555 e
300 1518 465 1555 materia
485 1518 613 1554 minus
632 1517 796 1562 infecta,
817 1516 953 1565 globus
972 1520 1056 1553 ter-

114 1583 281 1620 raqueus
300 1583 320 1608 e
342 1571 507 1608 materia
527 1571 699 1608 maxime
714 1569 859 1607 infecta
874 1581 1057 1618 pararen-

114 1627 199 1672 tur;
228 1625 265 1662 in
286 1625 359 1662 hoc
378 1624 663 1662 collocarentur
682 1624 856 1660 homines
869 1653 878 1669 ,
899 1623 963 1672 qui
983 1623 1055 1660 tri-

115 1678 186 1715 bus
215 1681 395 1715 constant
424 1677 612 1726 partibus,
641 1677 826 1714 nimirum
856 1687 1016 1725 corpore
1037 1688 1058 1713 e

116 1731 284 1768 materia
313 1742 436 1780 prava
465 1729 654 1776 confecto,
683 1730 814 1767 anima
842 1730 1058 1775 sentiente,

115 1784 248 1833 pravis
268 1784 545 1833 cupiditatibus
561 1783 674 1831 plena
693 1786 732 1820 et
747 1795 769 1820 a
785 1783 936 1820 diabolo
952 1785 1057 1828 nata,

117 1841 159 1875 et
186 1838 318 1874 anima
346 1836 529 1874 rationali
557 1849 578 1874 e
598 1837 685 1873 luce
707 1836 841 1873 divina
867 1836 1031 1873 oriunda
1048 1865 1057 1881 ,

116 1901 216 1938 quae
235 1901 388 1939 semper
407 1891 550 1927 bonum
571 1889 670 1935 vult,
690 1893 729 1926 et
748 1901 821 1927 non
839 1889 911 1926 nisi
926 1889 1057 1937 pravis

119 1943 274 1981 animae
295 1943 496 1981 sentientis
516 1942 792 1991 cupiditatibus
812 1943 1058 1980 assentiendo

117 1999 265 2046 peccat.
294 1997 374 2034 Per
392 1996 483 2034 solis
503 1996 670 2033 calorem
690 1995 904 2044 particulae
924 1995 1022 2034 lucis
1039 2007 1059 2032 e

116 2061 241 2099 prava
256 2050 421 2087 materia
436 2049 655 2095 eliciuntur,
671 2060 823 2086 sursum
839 2049 1057 2094 elevantur,

117 2106 157 2141 et
171 2103 211 2140 in
225 2103 321 2141 luna
336 2106 376 2140 et
391 2102 470 2155 sple
487 2105 689 2151 purgatae,
705 2102 742 2139 in
759 2102 936 2151 patriam,
948 2113 1058 2139 suam

117 2157 370 2194 reducuntur.
382 2156 599 2193 Daemones
615 2167 637 2193 a
653 2155 789 2204 spiritu
805 2156 896 2192 vivo
913 2155 1057 2192 devicti

119 2211 160 2247 et
178 2210 294 2247 astris
315 2209 435 2256 affixi,
454 2211 708 2258 tempestates
728 2211 769 2246 et
788 2208 885 2246 alias
905 2209 1059 2246 calami-

118 2265 218 2301 tates
238 2263 423 2301 excitant.
444 2262 600 2311 Reliqui
620 2262 824 2299 daemones
840 2262 1059 2300 hominibus

119 2319 189 2354 aut
208 2315 324 2354 falsas
344 2316 564 2365 religiones,
587 2315 698 2352 velut
718 2315 915 2352 Iudaicam
932 2346 941 2362 ,
961 2327 1058 2364 sug-

120 2372 275 2418 gerunt,
294 2372 362 2407 aut
381 2381 451 2418 per
470 2369 639 2406 animam
656 2369 887 2406 sentientem
905 2381 927 2406 a
942 2368 1060 2417 pieta-

120 2426 160 2460 te
188 2422 431 2460 abstrahunt.
460 2423 576 2467 Deus,
598 2424 642 2459 ut
660 2422 878 2460 hominibus
897 2425 1058 2459 succur-

104 2478 249 2522 -reret,
278 2476 326 2513 ad
355 2488 420 2513 eos
440 2475 543 2512 misit
563 2475 760 2513 Christum
780 2475 903 2512 filium
924 2488 1036 2513 suum
1049 2506 1058 2521 ,

122 2541 234 2578 quem
256 2540 333 2565 una
351 2541 439 2566 cum
453 2528 600 2577 Spiritu
618 2528 656 2565 S.
673 2531 758 2577 post
772 2529 960 2566 mundum
976 2542 1060 2566 con-

123 2581 249 2619 ditum
277 2583 562 2631 procreaverat.
593 2581 768 2620 Christus
789 2584 847 2619 est
867 2583 1058 2630 quaedam

124 2634 283 2672 luminis
303 2635 457 2672 coelesti
478 2634 694 2672 substantia
713 2635 751 2672 in
772 2636 850 2673 sole
871 2636 1057 2673 residens.

123 2687 290 2737 Spiritus
305 2687 342 2725 S.
359 2688 478 2724 etiam
494 2687 670 2740 coelestis
685 2689 988 2736 substantia,sed
1001 2689 1060 2726 Fi-

123 2739 176 2778 lio
196 2741 335 2786 minor,
354 2741 392 2777 in
411 2741 508 2778 bono
529 2745 618 2778 aere
637 2742 799 2788 habitat,
820 2746 860 2779 et
878 2742 916 2778 in
933 2745 1060 2779 terre-

124 2794 222 2832 stria
251 2804 412 2842 corpora
440 2794 648 2831 salubriter
667 2795 807 2832 influit.
829 2795 1004 2833 Christus
1021 2796 1060 2832 in

125 2849 270 2884 terram
291 2847 502 2892 descendit,
524 2847 699 2884 umbram
718 2848 888 2897 corporis
908 2860 1061 2886 assum-

126 2900 214 2948 psit,
233 2900 281 2937 ad
302 2900 467 2949 speciem
482 2903 636 2937 tantum
653 2901 758 2937 cruci
773 2901 912 2939 affixus
932 2906 1002 2948 est,
1022 2905 1063 2939 ut

127 2953 300 2990 homines
320 2954 371 2991 ad
401 2964 535 2990 verum
555 2952 679 2989 Deum
699 2954 927 3000 adduceret,
947 2956 1062 2992 doce-

127 3007 277 3054 retque,
298 3018 373 3055 qua
393 3006 545 3043 ratione
567 3006 614 3042 ad
630 3017 792 3054 regnum
809 3007 906 3045 lucis
923 3020 1063 3056 perve-

130 3058 213 3096 nire
234 3062 400 3107 possent.
422 3060 558 3097 Manes
576 3062 634 3096 est
652 3059 883 3107 paracletus,
903 3073 926 3098 a
948 3062 1062 3099 Chri-

128 3114 188 3148 sto
208 3112 418 3161 promissus
436 3120 475 3150 et
493 3112 716 3149 immediate
735 3113 784 3149 ab
799 3125 844 3150 eo
859 3115 998 3152 missus
1014 3116 1062 3152 ad

130 3163 367 3212 homines,ut
383 3166 436 3203 eis
451 3177 603 3203 omnem
616 3165 812 3202 doctrinae
822 3167 1062 3213 thesaurum,

131 3228 253 3266 neque
281 3230 304 3256 a
329 3219 480 3257 Christo
502 3230 625 3267 neque
655 3218 702 3255 ab
727 3219 920 3267 Apostolis
939 3223 1064 3259 totum

1930 164 1980 202 71

1089 241 1288 289 traditum,
1309 241 1627 279 communicaret.
1642 239 1738 277 Post
1754 239 1920 277 mortem
1941 238 2033 277 ani-

1089 306 1175 332 mae
1191 296 1423 341 electorum,
1435 306 1502 332 seu
1519 293 1795 343 perfectorum,
1808 303 1878 341 per
1900 291 2036 330 lunam

1090 350 1130 385 et
1149 347 1269 385 solem
1281 350 1547 393 transeunt,et
1563 346 1715 396 penitus
1727 348 1916 394 purgatae
1929 346 1967 383 in
1982 357 2040 383 re-

1090 412 1208 449 gnum
1225 400 1322 438 lucis
1336 402 1592 450 recipiuntur3
1609 401 1760 438 animae
1771 399 2038 446 auditorum,

1090 465 1156 490 seu
1173 454 1553 500 catechumenorum,
1569 454 1607 490 in
1625 453 1714 499 alia,
1730 453 1814 490 sive
1830 453 1881 489 ho
1891 451 2039 490 minum

1090 506 1172 543 sive
1193 506 1422 544 animalium
1440 537 1448 552 ,
1479 518 1640 555 corpora
1658 505 1809 544 tamdiu
1841 505 2015 555 migrant
2031 534 2040 552 ‚

1091 560 1212 596 doncc
1232 560 1445 596 reddantur
1461 559 1677 608 perfectae3
1702 559 1941 608 reliquorum
1964 558 2043 597 ani-

1094 623 1179 649 mae
1199 612 1238 648 in
1259 612 1349 661 igne
1369 612 1484 657 malo,
1505 615 1678 650 attamen
1702 612 1911 662 purgativo
1930 641 1940 659 ‚
1962 612 2039 650 ali-

1093 666 1265 713 quandiu
1295 665 1538 711 cruciantur,
1558 665 1693 703 deinde
1713 666 1751 702 in
1773 665 1852 703 alia
1875 676 2042 715 corpora

1094 718 1378 763 detruduntur,
1409 721 1449 755 et
1471 718 1504 755 si
1534 730 1581 755 ne
1602 722 1694 755 tunc
1715 719 1869 767 quidem
1892 718 2043 757 doctri-

1094 783 1165 809 nae
1187 770 1355 809 Manetis
1376 770 1627 808 conformiter
1644 771 1830 817 vixerint,
1846 773 1886 809 in
1904 773 2042 810 eodem

1093 824 1181 872 igne
1221 826 1475 862 asservantur
1510 836 1628 872 usque
1662 825 1709 861 ad
1745 825 1877 862 mundi
1910 825 2041 863 finem.

1096 878 1265 915 Mundus
1285 878 1374 926 igno
1393 877 1545 925 peribit,
1562 878 1718 925 quando
1738 878 1867 916 omnia
1883 878 2046 917 elemen-

1094 933 1135 968 ta
1150 943 1170 968 e
1186 942 1307 980 regno
1325 931 1423 968 lucis
1436 930 1708 976 ablata,eidem
1726 930 1873 969 fuerint
1887 932 2044 970 restitu-

1094 986 1146 1022 ta.
1165 984 1287 1022 Nulla
1304 984 1437 1021 futura
1451 987 1511 1021 est
1529 984 1658 1021 carnis
1677 984 1926 1023 resurrectio.
1945 986 2048 1023 Dae-

1095 1049 1228 1074 mones
1248 1038 1289 1074 in
1310 1037 1515 1086 pristinum
1537 1038 1687 1074 statum
1707 1049 1821 1074 suum
1842 1040 2048 1076 reverten-

1095 1094 1174 1137 tur,
1195 1093 1234 1128 et
1257 1103 1304 1128 ne
1327 1102 1469 1127 novam
1489 1090 1528 1126 in
1549 1101 1716 1139 regnum
1745 1090 1841 1128 lucis
1861 1091 2049 1140 irruptio-

1096 1156 1184 1181 nem
1214 1143 1342 1181 facere
1370 1144 1529 1193 possint,
1559 1143 1727 1190 animae,
1763 1156 1859 1193 quas
1880 1156 1926 1181 ne
1948 1144 2049 1193 ignis

1096 1197 1252 1246 quidem
1273 1197 1517 1240 emendavit,
1537 1197 1575 1233 iu
1600 1197 1705 1234 illius
1727 1197 1840 1246 regni
1860 1197 2049 1235 limitibus

1098 1251 1276 1288 custodes
1296 1251 1598 1288 constituentur.

1152 1304 1349 1346 Quantum
1360 1304 1408 1341 ad
1422 1303 1632 1353 practicam
1645 1303 1964 1341 Manichaeorum
1982 1304 2044 1341 do-

1097 1357 1262 1395 ctrinam
1289 1360 1459 1406 spectat,
1481 1369 1527 1394 ea
1556 1357 1756 1406 speciatim
1776 1369 1933 1406 corpus,
1952 1359 2046 1394 tan-

1097 1423 1215 1459 quam
1236 1423 1257 1448 e
1279 1411 1444 1448 materia
1464 1421 1586 1459 prava
1606 1410 1829 1455 formatum,
1846 1411 1942 1448 dure
1956 1413 2047 1449 tra-

1097 1465 1282 1502 ctandum
1315 1464 1539 1501 mandabat.
1574 1463 1875 1502 Praescribebat
1909 1464 2047 1502 crebro

1098 1517 1367 1565 ieiunandum3
1397 1517 1667 1555 abstinendum
1687 1518 1735 1554 ab
1755 1517 1934 1555 omnibus
1955 1517 2046 1555 bla-

1099 1572 1295 1620 sphemiis,
1318 1572 1419 1608 inter
1439 1582 1537 1619 quas
1553 1570 1773 1608 referebant
1790 1574 1954 1609 cunctos
1973 1583 2050 1608 ser-

1098 1637 1245 1671 mones,
1261 1625 1462 1662 doctrinae
1478 1636 1573 1662 suae
1589 1624 1826 1671 contrarios3
1846 1624 2050 1662 vitandam

1100 1678 1217 1726 prolis
1247 1678 1579 1727 procreationem3
1610 1676 1721 1715 nulla
1749 1677 1935 1715 animalia
1964 1690 2050 1716 esse

1100 1732 1322 1769 occidenda.
1341 1731 1449 1769 Haec
1465 1730 1654 1776 omnibus,
1668 1731 1787 1768 etiam
1806 1730 2050 1768 auditoribus

1100 1797 1168 1822 seu
1189 1784 1492 1830 catechumenis,
1513 1786 1627 1821 erant
1645 1783 1864 1822 interdicta.
1889 1784 2051 1831 Electis,

1102 1850 1168 1875 seu
1189 1838 1385 1887 perfectis,
1405 1839 1608 1886 praeterea
1627 1838 1903 1874 abstinendum
1924 1840 2011 1875 erat
2027 1849 2051 1874 a

1102 1892 1193 1928 vino
1215 1894 1254 1928 et
1279 1893 1327 1929 ab
1354 1890 1459 1928 omni
1485 1891 1571 1928 cibo
1592 1902 1612 1927 e
1641 1902 1762 1939 regno
1794 1890 1976 1937 animali,
2001 1891 2050 1928 ab

1103 1945 1206 1981 omni
1235 1944 1439 1982 concubitu
1468 1946 1508 1981 et
1535 1943 1796 1990 matrimonio,
1818 1956 1840 1981 a
1860 1955 2049 1981 manuum

1103 1998 1234 2035 labore
1252 2027 1261 2044 ,
1291 1997 1547 2047 magistratus
1577 1997 1828 2043 muneribus,
1857 1998 2050 2035 bonorum

1103 2051 1341 2100 possessione
1354 2081 1362 2096 ,
1383 2050 1479 2088 aliis.
1503 2052 1556 2087 At
1576 2051 1770 2098 quomodo
1790 2061 1837 2088 ea
1860 2052 2050 2088 observa-

1102 2104 1193 2149 rint,
1216 2104 1415 2153 colligitur
1435 2116 1456 2141 e
1475 2103 1602 2149 vitiis,
1624 2115 1792 2152 quorum
1818 2106 2050 2153 arguuntur.

1157 2158 1294 2195 Manes
1312 2158 1359 2195 ad
1375 2156 1599 2206 exemplum
1616 2157 1761 2195 Christi
1774 2157 1824 2195 12
1842 2157 2051 2206 magistros

1102 2210 1175 2248 sibi
1195 2210 1409 2248 familiares
1434 2210 1618 2260 elegerat.
1641 2210 1737 2248 Eius
1757 2214 1861 2249 secta
1883 2211 2052 2249 habebat

1103 2276 1223 2302 unum
1253 2276 1478 2313 supremum
1500 2264 1654 2311 ducem,
1675 2264 1740 2312 qui
1763 2264 1963 2302 Christum
1982 2276 2051 2301 re-

1102 2320 1388 2366 praesentaret,
1413 2318 1459 2355 12
1480 2317 1688 2366 magistros
1708 2317 1818 2355 velut
1841 2318 2050 2366 apostolos,

1103 2373 1154 2417 et,
1175 2372 1222 2409 ad
1243 2371 1541 2409 similitudinem
1561 2371 1612 2408 72
1633 2370 1914 2419 discipulorum
1936 2371 2050 2408 Chri-

1103 2424 1162 2469 sii,
1182 2424 1347 2462 totidem
1372 2424 1583 2473 episcopos,
1603 2424 1745 2472 quibus
1767 2424 1986 2473 presbyteri
2010 2426 2050 2461 et

1102 2478 1252 2515 diaconi
1272 2479 1469 2515 suberant.
1492 2478 1567 2515 Eos
1588 2489 1722 2514 omnes
1742 2489 1762 2514 e
1782 2489 1946 2514 numero
1969 2476 2052 2514 ele-

1101 2534 1253 2568 ctorum
1273 2543 1357 2569 esse
1377 2532 1591 2580 oportebat.
1618 2531 1806 2568 Publicus
1822 2531 1895 2567 Dei
1921 2530 2052 2567 cultus

1102 2585 1204 2622 inter
1224 2596 1289 2622 eos
1309 2585 1476 2632 simplex
1496 2587 1594 2629 erat,
1615 2584 1831 2621 consistens
1857 2583 2053 2632 precibus,

1102 2637 1264 2675 canticis
1279 2641 1319 2675 et
1334 2637 1658 2686 praelectionibus
1674 2636 1794 2674 sacris
1808 2666 1814 2674 .
1828 2635 2051 2683 Sacrificiis,

1103 2691 1303 2736 altaribus,
1316 2690 1564 2739 imaginibus,
1581 2690 1735 2738 templis
1752 2689 2050 2737 carebant,con-

1103 2748 1242 2782 ventus
1261 2755 1391 2781 sacros
1412 2745 1449 2780 in
1471 2744 1633 2781 aedibus
1655 2742 1925 2780 communibus
1945 2743 2052 2780 cele-

1103 2798 1274 2835 brantes.
1304 2798 1414 2834 Diem
1439 2797 1548 2843 solis,
1569 2807 1808 2844 parasceven
1827 2796 1867 2833 in
1900 2808 2053 2834 memo-

1105 2852 1206 2888 riam
1226 2851 1367 2888 Christi
1386 2880 1394 2896 ,
1416 2850 1463 2887 ad
1483 2849 1648 2898 speciem
1670 2849 1813 2886 mortui
1833 2878 1842 2895 ,
1871 2849 2052 2898 diemque

1106 2904 1414 2941 anniversariam
1435 2902 1571 2939 mortis
1590 2900 1758 2939 Manetis
1781 2902 2051 2941 celebrabant.

1106 2957 1162 2994 Ss.
1199 2956 1486 2994 Eucharistiam
1525 2966 1593 2992 seu
1616 2966 1777 2992 coenam
1810 2955 1881 2993 soli
1914 2956 2053 3002 electi,

1090 3011 1171 3047 ‘sed
1199 3010 1281 3046 sine
1310 3021 1379 3046 usu
1400 3008 1500 3053 vini,
1529 3008 1746 3046 sumebant.
1768 3009 1849 3046 Alii
1870 3013 1985 3047 erant
2003 3021 2050 3046 e-

1106 3063 1298 3100 lectorum
1314 3062 1411 3099 ritus
1427 3062 1583 3109 secreti,
1600 3061 1799 3099 variorum
1821 3062 1962 3100 iudicio
1981 3062 2046 3100 in-

1107 3116 1244 3154 fames.
1404 3151 1407 3155 ,

1159 3168 1479 3207 Manichaeorum
1495 3169 1601 3206 secta
1620 3180 1696 3206 non
1715 3170 1871 3206 tantum
1886 3168 1925 3206 in
1946 3169 2049 3206 Per-

1107 3222 1202 3270 side,
1222 3223 1286 3260 sed
1299 3222 1418 3260 etiam
1439 3233 1506 3270 per
1521 3221 1744 3260 Romanum
1763 3222 1971 3272 imperium
1991 3222 2054 3261 la-
